  <div class='ocr_page' id='page_1' title='image "/cluster/home/n/w/nwhite01/storage/ocr_20150623/71/hvd.32044073502007/176.png"; bbox 0 0 3898 6212; ppageno 0'>
   <div class='ocr_carea' id='block_1_1' title="bbox 252 369 347 426">
    <p class='ocr_par' dir='ltr' id='par_1_1' title="bbox 252 369 347 426">
     <span class='ocr_line' id='line_1_1' title="bbox 252 369 347 426; baseline 0 0"><span class='ocrx_word' id='word_1_1' title='bbox 252 369 347 426; x_wconf 71' lang='grc'><strong>341</strong></span> 
     </span>
    </p>
   </div>
   <div class='ocr_carea' id='block_1_2' title="bbox 1134 353 2573 420">
    <p class='ocr_par' dir='ltr' id='par_1_2' title="bbox 1134 353 2573 420">
     <span class='ocr_line' id='line_1_2' title="bbox 1134 353 2573 420; baseline -0.007 -2"><span class='ocrx_word' id='word_1_2' title='bbox 1134 359 1686 420; x_wconf 70' lang='lat' dir='ltr'><strong>COMMENTARIUS</strong></span> <span class='ocrx_word' id='word_1_3' title='bbox 1721 358 1787 413; x_wconf 83' lang='lat' dir='ltr'><strong>IN</strong></span> <span class='ocrx_word' id='word_1_4' title='bbox 1822 358 2089 415; x_wconf 76' lang='lat' dir='ltr'><strong>JOELEM</strong></span> <span class='ocrx_word' id='word_1_5' title='bbox 2128 353 2573 416; x_wconf 75' lang='lat' dir='ltr'><strong>PROPHETAM.</strong></span> 
     </span>
    </p>
   </div>
   <div class='ocr_carea' id='block_1_3' title="bbox 3403 345 3507 403">
    <p class='ocr_par' dir='ltr' id='par_1_3' title="bbox 3403 345 3507 403">
     <span class='ocr_line' id='line_1_3' title="bbox 3403 345 3507 403; baseline -0.029 0"><span class='ocrx_word' id='word_1_6' title='bbox 3403 345 3507 403; x_wconf 66' lang='grc' dir='ltr'><strong>διε</strong></span> 
     </span>
    </p>
   </div>
   <div class='ocr_carea' id='block_1_4' title="bbox 256 466 1846 560">
    <p class='ocr_par' dir='ltr' id='par_1_4' title="bbox 256 485 1827 560">
     <span class='ocr_line' id='line_1_4' title="bbox 256 485 1827 560; baseline -0.005 -15"><span class='ocrx_word' id='word_1_7' title='bbox 256 489 463 546; x_wconf 85' lang='grc' dir='ltr'><strong>νεικοῦν</strong></span> <span class='ocrx_word' id='word_1_8' title='bbox 498 489 596 543; x_wconf 73' lang='grc' dir='ltr'><strong>καὶ</strong></span> <span class='ocrx_word' id='word_1_9' title='bbox 644 488 969 560; x_wconf 72' lang='grc' dir='ltr'><strong>ἁμιλλᾶσθαι</strong></span> <span class='ocrx_word' id='word_1_10' title='bbox 1002 485 1323 551; x_wconf 79' lang='grc' dir='ltr'><strong>σπουδάζον,</strong></span> <span class='ocrx_word' id='word_1_11' title='bbox 1361 486 1435 545; x_wconf 87' lang='grc' dir='ltr'><strong>ὼς</strong></span> <span class='ocrx_word' id='word_1_12' title='bbox 1471 485 1827 556; x_wconf 84' lang='grc' dir='ltr'><strong>ίσοστάθμους</strong></span> 
     </span>
    </p>
   </div>
   <div class='ocr_carea' id='block_1_5' title="bbox 1953 466 3508 560">
    <p class='ocr_par' dir='ltr' id='par_1_5' title="bbox 1953 466 3508 560">
     <span class='ocr_line' id='line_1_5' title="bbox 1953 466 3508 560; baseline -0.01 -25"><span class='ocrx_word' id='word_1_13' title='bbox 1953 485 2235 551; x_wconf 78' lang='lat' dir='ltr'><strong>:ontendnt,</strong></span> <span class='ocrx_word' id='word_1_14' title='bbox 2271 493 2325 539; x_wconf 90' lang='lat' dir='ltr'><strong>ct</strong></span> <span class='ocrx_word' id='word_1_15' title='bbox 2375 491 2590 539; x_wconf 88' lang='lat' dir='ltr'><strong>certare</strong></span> <span class='ocrx_word' id='word_1_16' title='bbox 2623 479 2836 536; x_wconf 98' lang='lat' dir='ltr'><strong>studeat</strong></span> <span class='ocrx_word' id='word_1_17' title='bbox 2867 513 2880 538; x_wconf 91' lang='lat'><strong>,</strong></span> <span class='ocrx_word' id='word_1_18' title='bbox 2925 483 2986 530; x_wconf 91' lang='lat' dir='ltr'><strong>ut</strong></span> <span class='ocrx_word' id='word_1_19' title='bbox 3016 471 3228 560; x_wconf 78' lang='lat' dir='ltr'><strong>dolores</strong></span> <span class='ocrx_word' id='word_1_20' title='bbox 3273 466 3508 539; x_wconf 86' lang='lat' dir='ltr'><strong>peccatis</strong></span> 
     </span>
    </p>
   </div>
   <div class='ocr_carea' id='block_1_6' title="bbox 253 576 1825 653">
    <p class='ocr_par' dir='ltr' id='par_1_6' title="bbox 253 576 1825 653">
     <span class='ocr_line' id='line_1_6' title="bbox 253 576 1825 653; baseline -0.004 -18"><span class='ocrx_word' id='word_1_21' title='bbox 253 585 360 646; x_wconf 71' lang='grc' dir='ltr'><strong>τοῖς</strong></span> <span class='ocrx_word' id='word_1_22' title='bbox 403 581 823 653; x_wconf 75' lang='grc' dir='ltr'><strong>ἡμαρτημένοις</strong></span> <span class='ocrx_word' id='word_1_23' title='bbox 875 578 1148 632; x_wconf 86' lang='grc' dir='ltr'><strong>ποιεῖσθαι</strong></span> <span class='ocrx_word' id='word_1_24' title='bbox 1195 579 1323 640; x_wconf 79' lang='grc' dir='ltr'><strong>τοὺς</strong></span> <span class='ocrx_word' id='word_1_25' title='bbox 1363 577 1577 640; x_wconf 86' lang='grc' dir='ltr'><strong>πόνους.</strong></span> <span class='ocrx_word' id='word_1_26' title='bbox 1600 577 1746 630; x_wconf 81' lang='grc' dir='ltr'><strong>Φιλεῖ</strong></span> <span class='ocrx_word' id='word_1_27' title='bbox 1768 576 1825 630; x_wconf 83' lang='grc' dir='ltr'><strong>δέ</strong></span> 
     </span>
    </p>
   </div>
   <div class='ocr_carea' id='block_1_7' title="bbox 256 668 1827 743">
    <p class='ocr_par' dir='ltr' id='par_1_7' title="bbox 256 668 1827 743">
     <span class='ocr_line' id='line_1_7' title="bbox 256 668 1827 743; baseline -0.001 -19"><span class='ocrx_word' id='word_1_28' title='bbox 256 690 367 735; x_wconf 78' lang='grc' dir='ltr'><strong>πως</strong></span> <span class='ocrx_word' id='word_1_29' title='bbox 404 672 712 743; x_wconf 82' lang='grc' dir='ltr'><strong>ἀρτίγαμος</strong></span> <span class='ocrx_word' id='word_1_30' title='bbox 741 672 875 743; x_wconf 85' lang='grc' dir='ltr'><strong>κόρη</strong></span> <span class='ocrx_word' id='word_1_31' title='bbox 905 668 1266 740; x_wconf 76' lang='grc' dir='ltr'><strong>κατοιμώζειν</strong></span> <span class='ocrx_word' id='word_1_32' title='bbox 1291 669 1429 738; x_wconf 80' lang='grc' dir='ltr'><strong>ἄγαν</strong></span> <span class='ocrx_word' id='word_1_33' title='bbox 1449 672 1527 732; x_wconf 80' lang='grc' dir='ltr'><strong>είς</strong></span> <span class='ocrx_word' id='word_1_34' title='bbox 1556 669 1827 722; x_wconf 90' lang='grc' dir='ltr'><strong>τεθνεῶτα</strong></span> 
     </span>
    </p>
   </div>
   <div class='ocr_carea' id='block_1_8' title="bbox 257 758 1826 834">
    <p class='ocr_par' dir='ltr' id='par_1_8' title="bbox 257 758 1826 834">
     <span class='ocr_line' id='line_1_8' title="bbox 257 758 1826 834; baseline -0.002 -19"><span class='ocrx_word' id='word_1_35' title='bbox 257 763 522 834; x_wconf 76' lang='grc' dir='ltr'><strong>νυμφίον,</strong></span> <span class='ocrx_word' id='word_1_36' title='bbox 567 763 665 817; x_wconf 68' lang='grc' dir='ltr'><strong>καὶ</strong></span> <span class='ocrx_word' id='word_1_37' title='bbox 705 760 957 833; x_wconf 78' lang='grc' dir='ltr'><strong>δριμείας</strong></span> <span class='ocrx_word' id='word_1_38' title='bbox 1018 759 1358 830; x_wconf 75' lang='grc' dir='ltr'><strong>εἰσδέχεσθαι</strong></span> <span class='ocrx_word' id='word_1_39' title='bbox 1424 760 1525 823; x_wconf 87' lang='grc' dir='ltr'><strong>τὰς</strong></span> <span class='ocrx_word' id='word_1_40' title='bbox 1568 761 1660 812; x_wconf 80' lang='grc' dir='ltr'><strong>ἐπὶ</strong></span> <span class='ocrx_word' id='word_1_41' title='bbox 1691 758 1826 829; x_wconf 83' lang='grc' dir='ltr'><strong>τῷδε</strong></span> 
     </span>
    </p>
   </div>
   <div class='ocr_carea' id='block_1_9' title="bbox 257 847 1826 918">
    <p class='ocr_par' dir='ltr' id='par_1_9' title="bbox 257 847 1826 918">
     <span class='ocr_line' id='line_1_9' title="bbox 257 847 1826 918; baseline -0.004 -12"><span class='ocrx_word' id='word_1_42' title='bbox 257 854 448 917; x_wconf 71' lang='grc' dir='ltr'><strong>λύπας,</strong></span> <span class='ocrx_word' id='word_1_43' title='bbox 483 853 563 916; x_wconf 83' lang='grc' dir='ltr'><strong>ὡς</strong></span> <span class='ocrx_word' id='word_1_44' title='bbox 590 851 875 914; x_wconf 79' lang='grc' dir='ltr'><strong>νουθεσίας</strong></span> <span class='ocrx_word' id='word_1_45' title='bbox 921 849 1181 902; x_wconf 78' lang='grc' dir='ltr'><strong>ἐπέκεινα</strong></span> <span class='ocrx_word' id='word_1_46' title='bbox 1219 847 1461 902; x_wconf 90' lang='grc' dir='ltr'><strong>τίθεσθαι</strong></span> <span class='ocrx_word' id='word_1_47' title='bbox 1497 847 1596 918; x_wconf 83' lang='grc' dir='ltr'><strong>τὴν</strong></span> <span class='ocrx_word' id='word_1_48' title='bbox 1634 847 1826 918; x_wconf 80' lang='grc' dir='ltr'><strong>φρένα,</strong></span> 
     </span>
    </p>
   </div>
   <div class='ocr_carea' id='block_1_10' title="bbox 258 939 1830 1016">
    <p class='ocr_par' dir='ltr' id='par_1_10' title="bbox 258 939 1830 1016">
     <span class='ocr_line' id='line_1_10' title="bbox 258 939 1830 1016; baseline -0.005 -17"><span class='ocrx_word' id='word_1_49' title='bbox 258 948 348 999; x_wconf 80' lang='grc' dir='ltr'><strong>καὶ</strong></span> <span class='ocrx_word' id='word_1_50' title='bbox 383 944 589 1016; x_wconf 78' lang='grc' dir='ltr'><strong>μηδένα</strong></span> <span class='ocrx_word' id='word_1_51' title='bbox 610 943 812 1014; x_wconf 83' lang='grc' dir='ltr'><strong>τρόπον</strong></span> <span class='ocrx_word' id='word_1_52' title='bbox 835 942 974 1013; x_wconf 80' lang='grc' dir='ltr'><strong>αὐτῇ</strong></span> <span class='ocrx_word' id='word_1_53' title='bbox 1000 942 1095 995; x_wconf 89' lang='grc' dir='ltr'><strong>τοῦ</strong></span> <span class='ocrx_word' id='word_1_54' title='bbox 1120 943 1316 1013; x_wconf 83' lang='grc' dir='ltr'><strong>χρῆναι</strong></span> <span class='ocrx_word' id='word_1_55' title='bbox 1350 940 1569 995; x_wconf 80' lang='grc' dir='ltr'><strong>πενθεῖν</strong></span> <span class='ocrx_word' id='word_1_56' title='bbox 1594 939 1830 1004; x_wconf 77' lang='grc' dir='ltr'><strong>ἐπαξίως</strong></span> 
     </span>
    </p>
   </div>
   <div class='ocr_carea' id='block_1_11' title="bbox 177 1031 1828 1108">
    <p class='ocr_par' dir='ltr' id='par_1_11' title="bbox 177 1031 1828 1108">
     <span class='ocr_line' id='line_1_11' title="bbox 177 1031 1828 1108; baseline -0.005 -16"><span class='ocrx_word' id='word_1_57' title='bbox 177 1068 193 1082; x_wconf 82' lang='grc' dir='ltr'><strong>ο</strong></span> <span class='ocrx_word' id='word_1_58' title='bbox 259 1036 584 1108; x_wconf 75' lang='grc' dir='ltr'><strong>ἀποχρῶντα</strong></span> <span class='ocrx_word' id='word_1_59' title='bbox 616 1031 758 1089; x_wconf 76' lang='grc' dir='ltr'><strong>εἶναι</strong></span> <span class='ocrx_word' id='word_1_60' title='bbox 791 1035 970 1088; x_wconf 82' lang='grc' dir='ltr'><strong>δοκεῖν</strong></span> <span class='ocrx_word' id='word_1_61' title='bbox 993 1052 1006 1066; x_wconf 85' lang='grc'>·</span> <span class='ocrx_word' id='word_1_62' title='bbox 1039 1035 1227 1105; x_wconf 83' lang='grc' dir='ltr'><strong>χρῆμα</strong></span> <span class='ocrx_word' id='word_1_63' title='bbox 1253 1033 1363 1104; x_wconf 82' lang='grc' dir='ltr'><strong>γὰρ</strong></span> <span class='ocrx_word' id='word_1_64' title='bbox 1396 1033 1456 1086; x_wconf 78' lang='grc' dir='ltr'><strong>τὸ</strong></span> <span class='ocrx_word' id='word_1_65' title='bbox 1481 1031 1709 1102; x_wconf 85' lang='grc' dir='ltr'><strong>θηλειῶν</strong></span> <span class='ocrx_word' id='word_1_66' title='bbox 1739 1049 1828 1100; x_wconf 87' lang='grc' dir='ltr'><strong>φι-</strong></span> 
     </span>
    </p>
   </div>
   <div class='ocr_carea' id='block_1_12' title="bbox 257 1123 1834 1199">
    <p class='ocr_par' dir='ltr' id='par_1_12' title="bbox 257 1123 1834 1199">
     <span class='ocr_line' id='line_1_12' title="bbox 257 1123 1834 1199; baseline -0.002 -20"><span class='ocrx_word' id='word_1_67' title='bbox 257 1128 488 1199; x_wconf 68' lang='grc' dir='ltr'><strong>λὸδακρυ</strong></span> <span class='ocrx_word' id='word_1_68' title='bbox 519 1127 614 1180; x_wconf 69' lang='grc' dir='ltr'><strong>καὶ</strong></span> <span class='ocrx_word' id='word_1_69' title='bbox 644 1125 968 1195; x_wconf 79' lang='grc' dir='ltr'><strong>φιλοπενθὲς</strong></span> <span class='ocrx_word' id='word_1_70' title='bbox 1010 1125 1472 1196; x_wconf 84' lang='grc' dir='ltr'><strong>ὁμολογουμένως,</strong></span> <span class='ocrx_word' id='word_1_71' title='bbox 1513 1123 1744 1194; x_wconf 82' lang='grc' dir='ltr'><strong>μάλιστα</strong></span> <span class='ocrx_word' id='word_1_72' title='bbox 1775 1123 1834 1176; x_wconf 77' lang='grc' dir='ltr'><strong>δὲ</strong></span> 
     </span>
    </p>
   </div>
   <div class='ocr_carea' id='block_1_13' title="bbox 258 1215 1832 1289">
    <p class='ocr_par' dir='ltr' id='par_1_13' title="bbox 258 1215 1832 1289">
     <span class='ocr_line' id='line_1_13' title="bbox 258 1215 1832 1289; baseline -0.003 -17"><span class='ocrx_word' id='word_1_73' title='bbox 258 1220 361 1272; x_wconf 83' lang='grc' dir='ltr'><strong>τῶν</strong></span> <span class='ocrx_word' id='word_1_74' title='bbox 396 1219 576 1273; x_wconf 77' lang='grc' dir='ltr'><strong>ἄλλων</strong></span> <span class='ocrx_word' id='word_1_75' title='bbox 603 1219 636 1289; x_wconf 81' lang='grc' dir='ltr'><strong>ἡ</strong></span> <span class='ocrx_word' id='word_1_76' title='bbox 672 1217 999 1289; x_wconf 83' lang='grc' dir='ltr'><strong>παρθενικόν</strong></span> <span class='ocrx_word' id='word_1_77' title='bbox 1025 1235 1084 1270; x_wconf 88' lang='grc' dir='ltr'><strong>τε</strong></span> <span class='ocrx_word' id='word_1_78' title='bbox 1116 1217 1210 1271; x_wconf 73' lang='grc' dir='ltr'><strong>καὶ</strong></span> <span class='ocrx_word' id='word_1_79' title='bbox 1251 1215 1454 1286; x_wconf 75' lang='grc' dir='ltr'><strong>ἔφηϐον</strong></span> <span class='ocrx_word' id='word_1_80' title='bbox 1483 1216 1667 1287; x_wconf 82' lang='grc' dir='ltr'><strong>ὁρῶσα</strong></span> <span class='ocrx_word' id='word_1_81' title='bbox 1695 1233 1832 1286; x_wconf 88' lang='grc' dir='ltr'><strong>νυμ-</strong></span> 
     </span>
    </p>
   </div>
   <div class='ocr_carea' id='block_1_14' title="bbox 263 1306 1834 1381">
    <p class='ocr_par' dir='ltr' id='par_1_14' title="bbox 263 1306 1834 1381">
     <span class='ocr_line' id='line_1_14' title="bbox 263 1306 1834 1381; baseline -0.002 -19"><span class='ocrx_word' id='word_1_82' title='bbox 263 1312 376 1380; x_wconf 72' lang='grc' dir='ltr'><strong>φίον</strong></span> <span class='ocrx_word' id='word_1_83' title='bbox 402 1309 638 1381; x_wconf 75' lang='grc' dir='ltr'><strong>οἰκτρῶς</strong></span> <span class='ocrx_word' id='word_1_84' title='bbox 663 1310 720 1361; x_wconf 86' lang='grc' dir='ltr'><strong>ὲν</strong></span> <span class='ocrx_word' id='word_1_85' title='bbox 754 1310 936 1372; x_wconf 79' lang='grc' dir='ltr'><strong>εὐναῖς</strong></span> <span class='ocrx_word' id='word_1_86' title='bbox 967 1309 1160 1378; x_wconf 87' lang='grc' dir='ltr'><strong>νεκρόν</strong></span> <span class='ocrx_word' id='word_1_87' title='bbox 1193 1325 1251 1360; x_wconf 89' lang='grc' dir='ltr'><strong>τε</strong></span> <span class='ocrx_word' id='word_1_88' title='bbox 1291 1308 1384 1360; x_wconf 76' lang='grc' dir='ltr'><strong>καὶ</strong></span> <span class='ocrx_word' id='word_1_89' title='bbox 1414 1307 1617 1362; x_wconf 77' lang='grc' dir='ltr'><strong>ἄπνουν</strong></span> <span class='ocrx_word' id='word_1_90' title='bbox 1645 1306 1834 1378; x_wconf 88' lang='grc' dir='ltr'><strong>κείμε-</strong></span> 
     </span>
    </p>
   </div>
   <div class='ocr_carea' id='block_1_15' title="bbox 260 1394 1834 1471">
    <p class='ocr_par' dir='ltr' id='par_1_15' title="bbox 260 1394 1834 1471">
     <span class='ocr_line' id='line_1_15' title="bbox 260 1394 1834 1471; baseline -0.004 -17"><span class='ocrx_word' id='word_1_91' title='bbox 260 1419 363 1454; x_wconf 79' lang='grc' dir='ltr'><strong>νον.</strong></span> <span class='ocrx_word' id='word_1_92' title='bbox 406 1394 485 1471; x_wconf 73' lang='grc' dir='ltr'><strong>’ᾘ</strong></span> <span class='ocrx_word' id='word_1_93' title='bbox 532 1400 597 1469; x_wconf 79' lang='grc' dir='ltr'><strong>δὴ</strong></span> <span class='ocrx_word' id='word_1_94' title='bbox 650 1396 1079 1469; x_wconf 85' lang='grc' dir='ltr'><strong>παρεικάζεσθαι</strong></span> <span class='ocrx_word' id='word_1_95' title='bbox 1125 1396 1232 1448; x_wconf 88' lang='grc' dir='ltr'><strong>δεῖν</strong></span> <span class='ocrx_word' id='word_1_96' title='bbox 1264 1396 1364 1466; x_wconf 83' lang='grc' dir='ltr'><strong>τὴν</strong></span> <span class='ocrx_word' id='word_1_97' title='bbox 1411 1396 1520 1448; x_wconf 90' lang='grc' dir='ltr'><strong>τῶν</strong></span> <span class='ocrx_word' id='word_1_98' title='bbox 1565 1396 1834 1450; x_wconf 83' lang='grc' dir='ltr'><strong>Ἰουδαίων</strong></span> 
     </span>
    </p>
   </div>
   <div class='ocr_carea' id='block_1_16' title="bbox 262 1487 1832 1564">
    <p class='ocr_par' dir='ltr' id='par_1_16' title="bbox 262 1487 1832 1564">
     <span class='ocr_line' id='line_1_16' title="bbox 262 1487 1832 1564; baseline -0.003 -19"><span class='ocrx_word' id='word_1_99' title='bbox 262 1493 464 1564; x_wconf 72' lang='grc' dir='ltr'><strong>πληθὺν</strong></span> <span class='ocrx_word' id='word_1_100' title='bbox 487 1489 547 1545; x_wconf 84' lang='grc' dir='ltr'><strong>εὖ</strong></span> <span class='ocrx_word' id='word_1_101' title='bbox 577 1491 721 1559; x_wconf 83' lang='grc' dir='ltr'><strong>μάλα</strong></span> <span class='ocrx_word' id='word_1_102' title='bbox 747 1489 929 1559; x_wconf 65' lang='grc' dir='ltr'><strong>φησιν,</strong></span> <span class='ocrx_word' id='word_1_103' title='bbox 955 1487 1356 1560; x_wconf 65' lang='grc' dir='ltr'><strong>ἀποκροίεσθαί</strong></span> <span class='ocrx_word' id='word_1_104' title='bbox 1374 1506 1432 1540; x_wconf 88' lang='grc' dir='ltr'><strong>τε</strong></span> <span class='ocrx_word' id='word_1_105' title='bbox 1461 1489 1531 1543; x_wconf 80' lang='grc' dir='ltr'><strong>τὰ</strong></span> <span class='ocrx_word' id='word_1_106' title='bbox 1559 1488 1616 1555; x_wconf 77' lang='grc' dir='ltr'><strong>ἐξ</strong></span> <span class='ocrx_word' id='word_1_107' title='bbox 1643 1488 1832 1559; x_wconf 78' lang='grc' dir='ltr'><strong>ὀργῆς,</strong></span> 
     </span>
    </p>
   </div>
   <div class='ocr_carea' id='block_1_17' title="bbox 263 1578 1836 1652">
    <p class='ocr_par' dir='ltr' id='par_1_17' title="bbox 263 1578 1836 1652">
     <span class='ocr_line' id='line_1_17' title="bbox 263 1578 1836 1652; baseline -0.003 -15"><span class='ocrx_word' id='word_1_108' title='bbox 263 1586 350 1637; x_wconf 71' lang='grc' dir='ltr'><strong>καὶ</strong></span> <span class='ocrx_word' id='word_1_109' title='bbox 371 1578 485 1636; x_wconf 77' lang='grc' dir='ltr'><strong>οἷον</strong></span> <span class='ocrx_word' id='word_1_110' title='bbox 513 1582 742 1652; x_wconf 74' lang='grc' dir='ltr'><strong>ἄσχετον</strong></span> <span class='ocrx_word' id='word_1_111' title='bbox 772 1582 857 1633; x_wconf 78' lang='grc' dir='ltr'><strong>ἐπ’</strong></span> <span class='ocrx_word' id='word_1_112' title='bbox 885 1582 1084 1643; x_wconf 81' lang='grc' dir='ltr'><strong>αὐτοὺς</strong></span> <span class='ocrx_word' id='word_1_113' title='bbox 1115 1579 1299 1633; x_wconf 86' lang='grc' dir='ltr'><strong>ίοῦσαν</strong></span> <span class='ocrx_word' id='word_1_114' title='bbox 1338 1583 1452 1644; x_wconf 85' lang='grc' dir='ltr'><strong>τοῖς</strong></span> <span class='ocrx_word' id='word_1_115' title='bbox 1495 1580 1710 1652; x_wconf 84' lang='grc' dir='ltr'><strong>θρήνοις</strong></span> <span class='ocrx_word' id='word_1_116' title='bbox 1737 1581 1836 1648; x_wconf 85' lang='grc' dir='ltr'><strong>τὴν</strong></span> 
     </span>
    </p>
   </div>
   <div class='ocr_carea' id='block_1_18' title="bbox 264 1669 1838 1743">
    <p class='ocr_par' dir='ltr' id='par_1_18' title="bbox 264 1669 1838 1743">
     <span class='ocr_line' id='line_1_18' title="bbox 264 1669 1838 1743; baseline -0.005 -14"><span class='ocrx_word' id='word_1_117' title='bbox 264 1676 408 1729; x_wconf 89' lang='grc' dir='ltr'><strong>θείαν</strong></span> <span class='ocrx_word' id='word_1_118' title='bbox 437 1674 655 1743; x_wconf 88' lang='grc' dir='ltr'><strong>κίνησιν</strong></span> <span class='ocrx_word' id='word_1_119' title='bbox 683 1672 1030 1737; x_wconf 81' lang='grc' dir='ltr'><strong>ἀνακόπτειν,</strong></span> <span class='ocrx_word' id='word_1_120' title='bbox 1059 1671 1467 1742; x_wconf 67' lang='grc' dir='ltr'><strong>τεθαρρηκότας</strong></span> <span class='ocrx_word' id='word_1_121' title='bbox 1491 1673 1571 1724; x_wconf 80' lang='grc' dir='ltr'><strong>ὅτι</strong></span> <span class='ocrx_word' id='word_1_122' title='bbox 1607 1669 1838 1741; x_wconf 74' lang='grc' dir='ltr'><strong>χρηστὸς</strong></span> 
     </span>
    </p>
   </div>
   <div class='ocr_carea' id='block_1_19' title="bbox 265 1762 1840 1836">
    <p class='ocr_par' dir='ltr' id='par_1_19' title="bbox 265 1762 1840 1836">
     <span class='ocr_line' id='line_1_19' title="bbox 265 1762 1840 1836; baseline -0.004 -15"><span class='ocrx_word' id='word_1_123' title='bbox 265 1770 351 1822; x_wconf 74' lang='grc' dir='ltr'><strong>καὶ</strong></span> <span class='ocrx_word' id='word_1_124' title='bbox 391 1767 645 1836; x_wconf 76' lang='grc' dir='ltr'><strong>ἐπιεικὴς</strong></span> <span class='ocrx_word' id='word_1_125' title='bbox 676 1768 705 1819; x_wconf 99' lang='lat'><strong>6</strong></span> <span class='ocrx_word' id='word_1_126' title='bbox 753 1765 860 1819; x_wconf 91' lang='grc' dir='ltr'><strong>τῶν</strong></span> <span class='ocrx_word' id='word_1_127' title='bbox 900 1765 1036 1816; x_wconf 71' lang='grc' dir='ltr'><strong>ὅλων</strong></span> <span class='ocrx_word' id='word_1_128' title='bbox 1086 1765 1204 1816; x_wconf 75' lang='grc' dir='ltr'><strong>ἐστὶ</strong></span> <span class='ocrx_word' id='word_1_129' title='bbox 1256 1764 1556 1834; x_wconf 83' lang='grc' dir='ltr'><strong>Δεσπότης.</strong></span> <span class='ocrx_word' id='word_1_130' title='bbox 1602 1782 1619 1815; x_wconf 83' lang='grc' dir='ltr'><strong>ι</strong></span> <span class='ocrx_word' id='word_1_131' title='bbox 1653 1762 1840 1831; x_wconf 69' lang='grc' dir='ltr'><strong>φιλάνσ</strong></span> 
     </span>
    </p>
   </div>
   <div class='ocr_carea' id='block_1_20' title="bbox 266 1856 1839 1931">
    <p class='ocr_par' dir='ltr' id='par_1_20' title="bbox 266 1856 1839 1931">
     <span class='ocr_line' id='line_1_20' title="bbox 266 1856 1839 1931; baseline -0.005 -17"><span class='ocrx_word' id='word_1_132' title='bbox 266 1863 498 1931; x_wconf 80' lang='grc' dir='ltr'><strong>θρωπος,</strong></span> <span class='ocrx_word' id='word_1_133' title='bbox 533 1861 630 1912; x_wconf 69' lang='grc' dir='ltr'><strong>καὶ</strong></span> <span class='ocrx_word' id='word_1_134' title='bbox 662 1857 969 1921; x_wconf 88' lang='grc' dir='ltr'><strong>πολυέλεος,</strong></span> <span class='ocrx_word' id='word_1_135' title='bbox 1005 1857 1099 1911; x_wconf 76' lang='grc' dir='ltr'><strong>καὶ</strong></span> <span class='ocrx_word' id='word_1_136' title='bbox 1145 1856 1420 1926; x_wconf 82' lang='grc' dir='ltr'><strong>μετανοῶν</strong></span> <span class='ocrx_word' id='word_1_137' title='bbox 1466 1857 1557 1908; x_wconf 74' lang='grc' dir='ltr'><strong>ἐπὶ</strong></span> <span class='ocrx_word' id='word_1_138' title='bbox 1596 1858 1714 1918; x_wconf 86' lang='grc' dir='ltr'><strong>ταῖς</strong></span> <span class='ocrx_word' id='word_1_139' title='bbox 1751 1872 1839 1906; x_wconf 84' lang='grc' dir='ltr'><strong>κα-</strong></span> 
     </span>
    </p>
   </div>
   <div class='ocr_carea' id='block_1_21' title="bbox 263 1947 973 2016">
    <p class='ocr_par' dir='ltr' id='par_1_21' title="bbox 263 1947 973 2016">
     <span class='ocr_line' id='line_1_21' title="bbox 263 1947 973 2016; baseline -0.003 -14"><span class='ocrx_word' id='word_1_140' title='bbox 263 1952 425 2015; x_wconf 77' lang='grc' dir='ltr'><strong>κίαις,</strong></span> <span class='ocrx_word' id='word_1_141' title='bbox 492 1947 638 2002; x_wconf 82' lang='grc' dir='ltr'><strong>κατὰ</strong></span> <span class='ocrx_word' id='word_1_142' title='bbox 671 1949 731 2000; x_wconf 84' lang='grc' dir='ltr'><strong>τὺ</strong></span> <span class='ocrx_word' id='word_1_143' title='bbox 763 1947 973 2016; x_wconf 75' lang='grc' dir='ltr'><strong>γένος..</strong></span> 
     </span>
    </p>
   </div>
   <div class='ocr_carea' id='block_1_22' title="bbox 329 2123 1840 2196">
    <p class='ocr_par' dir='ltr' id='par_1_22' title="bbox 329 2123 1840 2196">
     <span class='ocr_line' id='line_1_22' title="bbox 329 2123 1840 2196; baseline -0.001 -18"><span class='ocrx_word' id='word_1_144' title='bbox 329 2124 479 2194; x_wconf 83' lang='grc' dir='ltr'><strong>Πλὴν</strong></span> <span class='ocrx_word' id='word_1_145' title='bbox 521 2123 584 2176; x_wconf 83' lang='grc' dir='ltr'><strong>οὐ</strong></span> <span class='ocrx_word' id='word_1_146' title='bbox 634 2123 974 2194; x_wconf 86' lang='grc' dir='ltr'><strong>τεθρήνηκεν</strong></span> <span class='ocrx_word' id='word_1_147' title='bbox 1021 2126 1053 2192; x_wconf 86' lang='grc' dir='ltr'>ἠ</span> <span class='ocrx_word' id='word_1_148' title='bbox 1091 2123 1200 2176; x_wconf 88' lang='grc' dir='ltr'><strong>τῶν</strong></span> <span class='ocrx_word' id='word_1_149' title='bbox 1235 2123 1505 2176; x_wconf 83' lang='grc' dir='ltr'><strong>Ἰουδαίων</strong></span> <span class='ocrx_word' id='word_1_150' title='bbox 1542 2124 1840 2196; x_wconf 72' lang='grc' dir='ltr'><strong>Συναγωγή</strong></span> 
     </span>
    </p>
   </div>
   <div class='ocr_carea' id='block_1_23' title="bbox 262 2209 1840 2284">
    <p class='ocr_par' dir='ltr' id='par_1_23' title="bbox 262 2209 1840 2284">
     <span class='ocr_line' id='line_1_23' title="bbox 262 2209 1840 2284; baseline 0.003 -21"><span class='ocrx_word' id='word_1_151' title='bbox 262 2212 350 2264; x_wconf 79' lang='grc' dir='ltr'><strong>τὸν</strong></span> <span class='ocrx_word' id='word_1_152' title='bbox 379 2209 443 2274; x_wconf 67' lang='grc' dir='ltr'><strong>ἐξ</strong></span> <span class='ocrx_word' id='word_1_153' title='bbox 485 2209 716 2281; x_wconf 81' lang='grc' dir='ltr'><strong>οὐρανοῦ</strong></span> <span class='ocrx_word' id='word_1_154' title='bbox 759 2210 1012 2280; x_wconf 87' lang='grc' dir='ltr'><strong>νυμφίον,</strong></span> <span class='ocrx_word' id='word_1_155' title='bbox 1049 2211 1192 2264; x_wconf 79' lang='grc' dir='ltr'><strong>τοῦτ’</strong></span> <span class='ocrx_word' id='word_1_156' title='bbox 1225 2211 1344 2264; x_wconf 76' lang='grc' dir='ltr'><strong>ἔστι</strong></span> <span class='ocrx_word' id='word_1_157' title='bbox 1387 2213 1642 2282; x_wconf 86' lang='grc' dir='ltr'><strong>Χριστόν.</strong></span> <span class='ocrx_word' id='word_1_158' title='bbox 1691 2214 1840 2284; x_wconf 77' lang='grc' dir='ltr'><strong>Αὕτη</strong></span> 
     </span>
    </p>
   </div>
   <div class='ocr_carea' id='block_1_24' title="bbox 261 2302 1841 2377">
    <p class='ocr_par' dir='ltr' id='par_1_24' title="bbox 261 2302 1841 2377">
     <span class='ocr_line' id='line_1_24' title="bbox 261 2302 1841 2377; baseline 0.002 -22"><span class='ocrx_word' id='word_1_159' title='bbox 261 2302 368 2372; x_wconf 71' lang='grc' dir='ltr'><strong>γὰρ</strong></span> <span class='ocrx_word' id='word_1_160' title='bbox 388 2302 700 2366; x_wconf 78' lang='grc' dir='ltr'><strong>ἀπέκτεινε,</strong></span> <span class='ocrx_word' id='word_1_161' title='bbox 727 2305 820 2355; x_wconf 77' lang='grc' dir='ltr'><strong>καὶ</strong></span> <span class='ocrx_word' id='word_1_162' title='bbox 843 2303 1238 2375; x_wconf 80' lang='grc' dir='ltr'><strong>πεπαρῴνηκεν</strong></span> <span class='ocrx_word' id='word_1_163' title='bbox 1258 2307 1336 2367; x_wconf 82' lang='grc' dir='ltr'><strong>είς</strong></span> <span class='ocrx_word' id='word_1_164' title='bbox 1358 2305 1540 2360; x_wconf 84' lang='grc' dir='ltr'><strong>αὐτόν.</strong></span> <span class='ocrx_word' id='word_1_165' title='bbox 1554 2307 1841 2377; x_wconf 83' lang='grc' dir='ltr'><strong>Τοιγάρτοι</strong></span> 
     </span>
    </p>
   </div>
   <div class='ocr_carea' id='block_1_25' title="bbox 264 2393 1842 2468">
    <p class='ocr_par' dir='ltr' id='par_1_25' title="bbox 264 2393 1842 2468">
     <span class='ocr_line' id='line_1_25' title="bbox 264 2393 1842 2468; baseline 0.003 -21"><span class='ocrx_word' id='word_1_166' title='bbox 264 2395 368 2447; x_wconf 90' lang='grc' dir='ltr'><strong>τῶν</strong></span> <span class='ocrx_word' id='word_1_167' title='bbox 398 2394 565 2449; x_wconf 84' lang='grc' dir='ltr'><strong>θείων</strong></span> <span class='ocrx_word' id='word_1_168' title='bbox 602 2395 848 2468; x_wconf 83' lang='grc' dir='ltr'><strong>εἴργεται</strong></span> <span class='ocrx_word' id='word_1_169' title='bbox 892 2395 1133 2458; x_wconf 86' lang='grc' dir='ltr'><strong>παστῶν,</strong></span> <span class='ocrx_word' id='word_1_170' title='bbox 1160 2393 1265 2460; x_wconf 73' lang='grc' dir='ltr'><strong>ἔξω</strong></span> <span class='ocrx_word' id='word_1_171' title='bbox 1295 2413 1354 2448; x_wconf 90' lang='grc' dir='ltr'><strong>τε</strong></span> <span class='ocrx_word' id='word_1_172' title='bbox 1383 2397 1492 2449; x_wconf 91' lang='grc' dir='ltr'><strong>τῶν</strong></span> <span class='ocrx_word' id='word_1_173' title='bbox 1537 2397 1696 2468; x_wconf 89' lang='grc' dir='ltr'><strong>ίερῶν</strong></span> <span class='ocrx_word' id='word_1_174' title='bbox 1728 2400 1842 2452; x_wconf 78' lang='grc' dir='ltr'><strong>ἐστι</strong></span> 
     </span>
    </p>
   </div>
   <div class='ocr_carea' id='block_1_26' title="bbox 266 2486 1843 2561">
    <p class='ocr_par' dir='ltr' id='par_1_26' title="bbox 266 2486 1843 2561">
     <span class='ocr_line' id='line_1_26' title="bbox 266 2486 1843 2561; baseline 0.001 -20"><span class='ocrx_word' id='word_1_175' title='bbox 266 2488 474 2557; x_wconf 73' lang='grc' dir='ltr'><strong>γάμων,</strong></span> <span class='ocrx_word' id='word_1_176' title='bbox 493 2487 591 2540; x_wconf 79' lang='grc' dir='ltr'><strong>καὶ</strong></span> <span class='ocrx_word' id='word_1_177' title='bbox 621 2486 722 2556; x_wconf 81' lang='grc' dir='ltr'><strong>τῆς</strong></span> <span class='ocrx_word' id='word_1_178' title='bbox 748 2486 944 2557; x_wconf 79' lang='grc' dir='ltr'><strong>ἑορτῆς</strong></span> <span class='ocrx_word' id='word_1_179' title='bbox 978 2488 1245 2558; x_wconf 81' lang='grc' dir='ltr'><strong>ἀμέτοχος</strong></span> <span class='ocrx_word' id='word_1_180' title='bbox 1275 2488 1576 2554; x_wconf 82' lang='grc' dir='ltr'><strong>παντελῶς,</strong></span> <span class='ocrx_word' id='word_1_181' title='bbox 1603 2489 1843 2561; x_wconf 86' lang='grc' dir='ltr'><strong>άπόκλη-</strong></span> 
     </span>
    </p>
   </div>
   <div class='ocr_carea' id='block_1_27' title="bbox 271 2579 1843 2652">
    <p class='ocr_par' dir='ltr' id='par_1_27' title="bbox 271 2579 1843 2652">
     <span class='ocr_line' id='line_1_27' title="bbox 271 2579 1843 2652; baseline 0.001 -22"><span class='ocrx_word' id='word_1_182' title='bbox 271 2580 355 2649; x_wconf 62' lang='lat' dir='ltr'><strong>pri;</strong></span> <span class='ocrx_word' id='word_1_183' title='bbox 376 2595 436 2631; x_wconf 89' lang='grc' dir='ltr'><strong>τε</strong></span> <span class='ocrx_word' id='word_1_184' title='bbox 471 2581 568 2632; x_wconf 70' lang='grc' dir='ltr'><strong>καὶ</strong></span> <span class='ocrx_word' id='word_1_185' title='bbox 592 2579 978 2650; x_wconf 79' lang='grc' dir='ltr'><strong>ἀπερριμμένη</strong></span> <span class='ocrx_word' id='word_1_186' title='bbox 1015 2579 1231 2646; x_wconf 82' lang='grc' dir='ltr'><strong>λοιπὸν,</strong></span> <span class='ocrx_word' id='word_1_187' title='bbox 1266 2582 1360 2636; x_wconf 55' lang='grc' dir='ltr'><strong>καὶ¹</strong></span> <span class='ocrx_word' id='word_1_188' title='bbox 1392 2581 1492 2650; x_wconf 80' lang='grc' dir='ltr'><strong>τῆς</strong></span> <span class='ocrx_word' id='word_1_189' title='bbox 1537 2582 1645 2636; x_wconf 90' lang='grc' dir='ltr'><strong>τῶν</strong></span> <span class='ocrx_word' id='word_1_190' title='bbox 1673 2584 1843 2652; x_wconf 81' lang='grc' dir='ltr'><strong>ἁγίων</strong></span> 
     </span>
    </p>
   </div>
   <div class='ocr_carea' id='block_1_28' title="bbox 270 2671 1840 2748">
    <p class='ocr_par' dir='ltr' id='par_1_28' title="bbox 270 2671 1840 2748">
     <span class='ocr_line' id='line_1_28' title="bbox 270 2671 1840 2748; baseline 0.004 -26"><span class='ocrx_word' id='word_1_191' title='bbox 270 2671 478 2732; x_wconf 70' lang='grc' dir='ltr'><strong>ἐλπίδος</strong></span> <span class='ocrx_word' id='word_1_192' title='bbox 501 2671 579 2733; x_wconf 84' lang='grc' dir='ltr'><strong>ὠς</strong></span> <span class='ocrx_word' id='word_1_193' title='bbox 614 2671 894 2726; x_wconf 85' lang='grc' dir='ltr'><strong>άποτάτω.</strong></span> <span class='ocrx_word' id='word_1_194' title='bbox 926 2672 1288 2744; x_wconf 83' lang='grc' dir='ltr'><strong>Είσκέκληται</strong></span> <span class='ocrx_word' id='word_1_195' title='bbox 1327 2674 1383 2728; x_wconf 77' lang='grc' dir='ltr'><strong>δὲ</strong></span> <span class='ocrx_word' id='word_1_196' title='bbox 1413 2676 1526 2728; x_wconf 84' lang='grc' dir='ltr'><strong>ἀντ’</strong></span> <span class='ocrx_word' id='word_1_197' title='bbox 1565 2675 1780 2747; x_wconf 76' lang='grc' dir='ltr'><strong>ἐκείνης</strong></span> <span class='ocrx_word' id='word_1_198' title='bbox 1807 2680 1840 2748; x_wconf 88' lang='grc' dir='ltr'>ή</span> 
     </span>
    </p>
   </div>
   <div class='ocr_carea' id='block_1_29' title="bbox 271 2763 1844 2838">
    <p class='ocr_par' dir='ltr' id='par_1_29' title="bbox 271 2763 1844 2838">
     <span class='ocr_line' id='line_1_29' title="bbox 271 2763 1844 2838; baseline 0.003 -22"><span class='ocrx_word' id='word_1_199' title='bbox 271 2766 360 2818; x_wconf 82' lang='grc' dir='ltr'><strong>νέα</strong></span> <span class='ocrx_word' id='word_1_200' title='bbox 395 2766 492 2817; x_wconf 72' lang='grc' dir='ltr'><strong>καὶ</strong></span> <span class='ocrx_word' id='word_1_201' title='bbox 521 2765 886 2836; x_wconf 72' lang='grc' dir='ltr'><strong>’ἀρυτίδωτος,</strong></span> <span class='ocrx_word' id='word_1_202' title='bbox 917 2766 951 2834; x_wconf 79' lang='grc' dir='ltr'><strong>η</strong></span> <span class='ocrx_word' id='word_1_203' title='bbox 1001 2763 1294 2833; x_wconf 85' lang='grc' dir='ltr'><strong>πάναγνος,</strong></span> <span class='ocrx_word' id='word_1_204' title='bbox 1331 2767 1425 2818; x_wconf 69' lang='grc' dir='ltr'><strong>καὶ</strong></span> <span class='ocrx_word' id='word_1_205' title='bbox 1460 2767 1618 2838; x_wconf 82' lang='grc' dir='ltr'><strong>σοφὴ.</strong></span> <span class='ocrx_word' id='word_1_206' title='bbox 1658 2768 1753 2820; x_wconf 74' lang='grc' dir='ltr'><strong>καὶ</strong></span> <span class='ocrx_word' id='word_1_207' title='bbox 1782 2769 1844 2820; x_wconf 80' lang='grc' dir='ltr'><strong>ὲκ</strong></span> 
     </span>
    </p>
   </div>
   <div class='ocr_carea' id='block_1_30' title="bbox 269 2857 1845 2930">
    <p class='ocr_par' dir='ltr' id='par_1_30' title="bbox 269 2857 1845 2930">
     <span class='ocr_line' id='line_1_30' title="bbox 269 2857 1845 2930; baseline 0 -18"><span class='ocrx_word' id='word_1_208' title='bbox 269 2858 498 2912; x_wconf 75' lang='grc' dir='ltr'><strong>Λιϐάνου</strong></span> <span class='ocrx_word' id='word_1_209' title='bbox 530 2858 738 2928; x_wconf 76' lang='grc' dir='ltr'><strong>νύμφη,</strong></span> <span class='ocrx_word' id='word_1_210' title='bbox 772 2857 912 2928; x_wconf 87' lang='grc' dir='ltr'><strong>καλή</strong></span> <span class='ocrx_word' id='word_1_211' title='bbox 946 2875 1004 2910; x_wconf 89' lang='grc' dir='ltr'><strong>τε</strong></span> <span class='ocrx_word' id='word_1_212' title='bbox 1039 2858 1353 2929; x_wconf 77' lang='grc' dir='ltr'><strong>περιστερά,</strong></span> <span class='ocrx_word' id='word_1_213' title='bbox 1388 2859 1686 2923; x_wconf 84' lang='grc' dir='ltr'><strong>τουτέστιν,</strong></span> <span class='ocrx_word' id='word_1_214' title='bbox 1721 2862 1754 2930; x_wconf 82' lang='grc' dir='ltr'>ὴ</span> <span class='ocrx_word' id='word_1_215' title='bbox 1787 2860 1845 2927; x_wconf 81' lang='grc' dir='ltr'>ἐξ</span> 
     </span>
    </p>
   </div>
   <div class='ocr_carea' id='block_1_31' title="bbox 271 2949 1846 3021">
    <p class='ocr_par' dir='ltr' id='par_1_31' title="bbox 271 2949 1846 3021">
     <span class='ocr_line' id='line_1_31' title="bbox 271 2949 1846 3021; baseline 0.001 -19"><span class='ocrx_word' id='word_1_216' title='bbox 271 2950 434 3006; x_wconf 75' lang='grc' dir='ltr'><strong>ἐθνῶν</strong></span> <span class='ocrx_word' id='word_1_217' title='bbox 470 2950 792 3019; x_wconf 80' lang='grc' dir='ltr'><strong>Ἐκκλησία,</strong></span> <span class='ocrx_word' id='word_1_218' title='bbox 831 2951 864 3018; x_wconf 84' lang='grc' dir='ltr'>ὴ</span> <span class='ocrx_word' id='word_1_219' title='bbox 907 2951 1000 3003; x_wconf 75' lang='grc' dir='ltr'><strong>καὶ</strong></span> <span class='ocrx_word' id='word_1_220' title='bbox 1033 2949 1269 3018; x_wconf 38' lang='grc' dir='ltr'><strong>αὐτὸδτὸ</strong></span> <span class='ocrx_word' id='word_1_221' title='bbox 1313 2949 1483 3013; x_wconf 86' lang='grc' dir='ltr'><strong>πάθος</strong></span> <span class='ocrx_word' id='word_1_222' title='bbox 1511 2950 1846 3021; x_wconf 76' lang='grc' dir='ltr'><strong>ὁμολογοῦσα</strong></span> 
     </span>
    </p>
   </div>
   <div class='ocr_carea' id='block_1_32' title="bbox 271 3041 1849 3114">
    <p class='ocr_par' dir='ltr' id='par_1_32' title="bbox 271 3041 1849 3114">
     <span class='ocr_line' id='line_1_32' title="bbox 271 3041 1849 3114; baseline 0.001 -19"><span class='ocrx_word' id='word_1_223' title='bbox 271 3042 526 3113; x_wconf 78' lang='grc' dir='ltr'><strong>Χριστοῦ,</strong></span> <span class='ocrx_word' id='word_1_224' title='bbox 561 3044 840 3114; x_wconf 77' lang='grc' dir='ltr'><strong>μονονουχὶ</strong></span> <span class='ocrx_word' id='word_1_225' title='bbox 866 3043 922 3096; x_wconf 83' lang='grc' dir='ltr'><strong>δὲ</strong></span> <span class='ocrx_word' id='word_1_226' title='bbox 959 3043 1052 3096; x_wconf 74' lang='grc' dir='ltr'><strong>καὶ</strong></span> <span class='ocrx_word' id='word_1_227' title='bbox 1081 3045 1167 3096; x_wconf 79' lang='grc' dir='ltr'><strong>ἐπ’</strong></span> <span class='ocrx_word' id='word_1_228' title='bbox 1197 3041 1348 3112; x_wconf 80' lang='grc' dir='ltr'><strong>αὐτῷ</strong></span> <span class='ocrx_word' id='word_1_229' title='bbox 1380 3043 1640 3096; x_wconf 84' lang='grc' dir='ltr'><strong>κλαίουσα</strong></span> <span class='ocrx_word' id='word_1_230' title='bbox 1674 3043 1760 3097; x_wconf 85' lang='grc' dir='ltr'><strong>διά</strong></span> <span class='ocrx_word' id='word_1_231' title='bbox 1789 3044 1849 3096; x_wconf 82' lang='grc' dir='ltr'><strong>τὸ</strong></span> 
     </span>
    </p>
   </div>
   <div class='ocr_carea' id='block_1_33' title="bbox 273 3134 1845 3208">
    <p class='ocr_par' dir='ltr' id='par_1_33' title="bbox 273 3134 1845 3208">
     <span class='ocr_line' id='line_1_33' title="bbox 273 3134 1845 3208; baseline 0.003 -22"><span class='ocrx_word' id='word_1_232' title='bbox 273 3135 611 3206; x_wconf 73' lang='grc' dir='ltr'><strong>συμπάσχειν</strong></span> <span class='ocrx_word' id='word_1_233' title='bbox 643 3135 734 3189; x_wconf 75' lang='grc' dir='ltr'><strong>καὶ</strong></span> <span class='ocrx_word' id='word_1_234' title='bbox 765 3135 1002 3200; x_wconf 85' lang='grc' dir='ltr'><strong>πενθεῖν,</strong></span> <span class='ocrx_word' id='word_1_235' title='bbox 1027 3135 1206 3206; x_wconf 71' lang='grc' dir='ltr'><strong>αἴρειν</strong></span> <span class='ocrx_word' id='word_1_236' title='bbox 1233 3153 1292 3191; x_wconf 88' lang='grc' dir='ltr'><strong>τε</strong></span> <span class='ocrx_word' id='word_1_237' title='bbox 1317 3134 1409 3188; x_wconf 80' lang='grc' dir='ltr'><strong>τὸν</strong></span> <span class='ocrx_word' id='word_1_238' title='bbox 1438 3135 1568 3189; x_wconf 76' lang='grc' dir='ltr'><strong>ἴδιον</strong></span> <span class='ocrx_word' id='word_1_239' title='bbox 1609 3136 1845 3208; x_wconf 80' lang='grc' dir='ltr'><strong>σταυρὸν</strong></span> 
     </span>
    </p>
   </div>
   <div class='ocr_carea' id='block_1_34' title="bbox 271 3230 1846 3302">
    <p class='ocr_par' dir='ltr' id='par_1_34' title="bbox 271 3230 1846 3302">
     <span class='ocr_line' id='line_1_34' title="bbox 271 3230 1846 3302; baseline 0.001 -20"><span class='ocrx_word' id='word_1_240' title='bbox 271 3231 361 3283; x_wconf 78' lang='grc' dir='ltr'><strong>καὶ</strong></span> <span class='ocrx_word' id='word_1_241' title='bbox 379 3230 700 3284; x_wconf 77' lang='grc' dir='ltr'><strong>ἀκολουθεῖν</strong></span> <span class='ocrx_word' id='word_1_242' title='bbox 729 3231 899 3302; x_wconf 80' lang='grc' dir='ltr'><strong>αὐτῷ,</strong></span> <span class='ocrx_word' id='word_1_243' title='bbox 933 3231 1026 3284; x_wconf 68' lang='grc' dir='ltr'><strong>καὶ</strong></span> <span class='ocrx_word' id='word_1_244' title='bbox 1069 3230 1156 3284; x_wconf 82' lang='grc' dir='ltr'><strong>διὰ</strong></span> <span class='ocrx_word' id='word_1_245' title='bbox 1194 3230 1303 3284; x_wconf 90' lang='grc' dir='ltr'><strong>τῶν</strong></span> <span class='ocrx_word' id='word_1_246' title='bbox 1333 3230 1464 3284; x_wconf 83' lang='grc' dir='ltr'><strong>ῐσων</strong></span> <span class='ocrx_word' id='word_1_247' title='bbox 1506 3231 1641 3285; x_wconf 82' lang='grc' dir='ltr'><strong>ἰέναι</strong></span> <span class='ocrx_word' id='word_1_248' title='bbox 1673 3231 1846 3300; x_wconf 80' lang='grc' dir='ltr'><strong>φιλεῖν</strong></span> 
     </span>
    </p>
   </div>
   <div class='ocr_carea' id='block_1_35' title="bbox 270 3322 1848 3400">
    <p class='ocr_par' dir='ltr' id='par_1_35' title="bbox 270 3322 1848 3400">
     <span class='ocr_line' id='line_1_35' title="bbox 270 3322 1848 3400; baseline 0.002 -25"><span class='ocrx_word' id='word_1_249' title='bbox 270 3322 354 3375; x_wconf 76' lang='grc' dir='ltr'><strong>διά</strong></span> <span class='ocrx_word' id='word_1_250' title='bbox 373 3341 458 3376; x_wconf 86' lang='grc' dir='ltr'><strong>τοι</strong></span> <span class='ocrx_word' id='word_1_251' title='bbox 488 3323 704 3400; x_wconf 19' lang='grc' dir='ltr'><strong>τὴνκείς</strong></span> <span class='ocrx_word' id='word_1_252' title='bbox 731 3324 894 3378; x_wconf 81' lang='grc' dir='ltr'><strong>αὑτὸν</strong></span> <span class='ocrx_word' id='word_1_253' title='bbox 925 3325 1168 3394; x_wconf 84' lang='grc' dir='ltr'><strong>ἀγάπην.</strong></span> <span class='ocrx_word' id='word_1_254' title='bbox 1197 3324 1534 3396; x_wconf 80' lang='grc' dir='ltr'><strong>Παρθενικὸς</strong></span> <span class='ocrx_word' id='word_1_255' title='bbox 1566 3324 1623 3378; x_wconf 84' lang='grc' dir='ltr'><strong>δὲ</strong></span> <span class='ocrx_word' id='word_1_256' title='bbox 1651 3327 1678 3378; x_wconf 91' lang='lat'><strong>6</strong></span> <span class='ocrx_word' id='word_1_257' title='bbox 1711 3343 1848 3396; x_wconf 77' lang='grc' dir='ltr'><strong>νυμο</strong></span> 
     </span>
    </p>
   </div>
   <div class='ocr_carea' id='block_1_36' title="bbox 271 3413 1850 3489">
    <p class='ocr_par' dir='ltr' id='par_1_36' title="bbox 271 3413 1850 3489">
     <span class='ocr_line' id='line_1_36' title="bbox 271 3413 1850 3489; baseline 0.003 -23"><span class='ocrx_word' id='word_1_258' title='bbox 271 3414 387 3482; x_wconf 74' lang='grc' dir='ltr'><strong>φίος</strong></span> <span class='ocrx_word' id='word_1_259' title='bbox 418 3414 579 3467; x_wconf 75' lang='grc' dir='ltr'><strong>νοοῖτ’</strong></span> <span class='ocrx_word' id='word_1_260' title='bbox 610 3413 676 3468; x_wconf 79' lang='grc' dir='ltr'><strong>ἂν</strong></span> <span class='ocrx_word' id='word_1_261' title='bbox 705 3416 873 3485; x_wconf 78' lang='grc' dir='ltr'><strong>αὐτῆς</strong></span> <span class='ocrx_word' id='word_1_262' title='bbox 905 3416 933 3467; x_wconf 92' lang='lat'><strong>6</strong></span> <span class='ocrx_word' id='word_1_263' title='bbox 969 3417 1313 3487; x_wconf 84' lang='grc' dir='ltr'><strong>Ἐμμανουὴλ</strong></span> <span class='ocrx_word' id='word_1_264' title='bbox 1342 3418 1558 3485; x_wconf 78' lang='grc' dir='ltr'><strong>(καίτοι</strong></span> <span class='ocrx_word' id='word_1_265' title='bbox 1588 3417 1850 3489; x_wconf 82' lang='grc' dir='ltr'><strong>δοκούσης</strong></span> 
     </span>
    </p>
   </div>
   <div class='ocr_carea' id='block_1_37' title="bbox 274 3505 1850 3580">
    <p class='ocr_par' dir='ltr' id='par_1_37' title="bbox 274 3505 1850 3580">
     <span class='ocr_line' id='line_1_37' title="bbox 274 3505 1850 3580; baseline 0.004 -24"><span class='ocrx_word' id='word_1_266' title='bbox 274 3505 686 3574; x_wconf 79' lang='grc' dir='ltr'><strong>μεμοιχεῦσθαι,</strong></span> <span class='ocrx_word' id='word_1_267' title='bbox 710 3508 805 3560; x_wconf 73' lang='grc' dir='ltr'><strong>καὶ</strong></span> <span class='ocrx_word' id='word_1_268' title='bbox 825 3507 902 3577; x_wconf 78' lang='grc' dir='ltr'><strong>τῷ</strong></span> <span class='ocrx_word' id='word_1_269' title='bbox 923 3507 1137 3575; x_wconf 78' lang='grc' dir='ltr'><strong>Σατανᾷ</strong></span> <span class='ocrx_word' id='word_1_270' title='bbox 1155 3525 1425 3579; x_wconf 88' lang='grc' dir='ltr'><strong>πεπορνευ</strong></span> <span class='ocrx_word' id='word_1_271' title='bbox 1435 3509 1601 3580; x_wconf 85' lang='grc' dir='ltr'><strong>μένης</strong></span> <span class='ocrx_word' id='word_1_272' title='bbox 1629 3511 1768 3565; x_wconf 84' lang='grc' dir='ltr'><strong>κατά</strong></span> <span class='ocrx_word' id='word_1_273' title='bbox 1785 3528 1850 3578; x_wconf 87' lang='grc' dir='ltr'><strong>γε</strong></span> 
     </span>
    </p>
   </div>
   <div class='ocr_carea' id='block_1_38' title="bbox 270 3595 1849 3672">
    <p class='ocr_par' dir='ltr' id='par_1_38' title="bbox 270 3595 1849 3672">
     <span class='ocr_line' id='line_1_38' title="bbox 270 3595 1849 3672; baseline 0.007 -27"><span class='ocrx_word' id='word_1_274' title='bbox 270 3595 360 3646; x_wconf 76' lang='grc' dir='ltr'><strong>τὸν</strong></span> <span class='ocrx_word' id='word_1_275' title='bbox 388 3596 482 3650; x_wconf 84' lang='grc' dir='ltr'><strong>τοῦ</strong></span> <span class='ocrx_word' id='word_1_276' title='bbox 523 3597 831 3652; x_wconf 80' lang='grc' dir='ltr'><strong>πλανᾶσθαι</strong></span> <span class='ocrx_word' id='word_1_277' title='bbox 855 3599 1098 3670; x_wconf 86' lang='grc' dir='ltr'><strong>τρόπον),</strong></span> <span class='ocrx_word' id='word_1_278' title='bbox 1130 3600 1220 3654; x_wconf 86' lang='grc' dir='ltr'><strong>διὰ</strong></span> <span class='ocrx_word' id='word_1_279' title='bbox 1250 3600 1346 3672; x_wconf 79' lang='grc' dir='ltr'><strong>τὴν</strong></span> <span class='ocrx_word' id='word_1_280' title='bbox 1374 3602 1581 3656; x_wconf 79' lang='grc' dir='ltr'><strong>ἄνωθεν</strong></span> <span class='ocrx_word' id='word_1_281' title='bbox 1617 3602 1849 3669; x_wconf 70' lang='grc' dir='ltr'><strong>ἀναγεν-</strong></span> 
     </span>
    </p>
   </div>
   <div class='ocr_carea' id='block_1_39' title="bbox 273 3688 1854 3763">
    <p class='ocr_par' dir='ltr' id='par_1_39' title="bbox 273 3688 1854 3763">
     <span class='ocr_line' id='line_1_39' title="bbox 273 3688 1854 3763; baseline 0.005 -25"><span class='ocrx_word' id='word_1_282' title='bbox 273 3704 450 3754; x_wconf 84' lang='grc' dir='ltr'><strong>νησιν,</strong></span> <span class='ocrx_word' id='word_1_283' title='bbox 486 3689 554 3759; x_wconf 78' lang='grc' dir='ltr'><strong>ἦν</strong></span> <span class='ocrx_word' id='word_1_284' title='bbox 586 3688 676 3741; x_wconf 77' lang='grc' dir='ltr'><strong>διὰ</strong></span> <span class='ocrx_word' id='word_1_285' title='bbox 704 3688 797 3742; x_wconf 85' lang='grc' dir='ltr'><strong>τοῦ</strong></span> <span class='ocrx_word' id='word_1_286' title='bbox 844 3690 1163 3761; x_wconf 76' lang='grc' dir='ltr'><strong>Πνεΰματος</strong></span> <span class='ocrx_word' id='word_1_287' title='bbox 1210 3691 1705 3762; x_wconf 83' lang='grc' dir='ltr'><strong>πεπλουτήκαμεν,</strong></span> <span class='ocrx_word' id='word_1_288' title='bbox 1753 3693 1854 3763; x_wconf 74' lang='grc' dir='ltr'><strong>τὴν</strong></span> 
     </span>
    </p>
   </div>
   <div class='ocr_carea' id='block_1_40' title="bbox 275 3776 1850 3852">
    <p class='ocr_par' dir='ltr' id='par_1_40' title="bbox 275 3776 1850 3852">
     <span class='ocr_line' id='line_1_40' title="bbox 275 3776 1850 3852; baseline 0.005 -26"><span class='ocrx_word' id='word_1_289' title='bbox 275 3776 543 3848; x_wconf 81' lang='grc' dir='ltr'><strong>σαρκικὴν</strong></span> <span class='ocrx_word' id='word_1_290' title='bbox 569 3777 914 3848; x_wconf 77' lang='grc' dir='ltr'><strong>ἀρνούμενοι.</strong></span> <span class='ocrx_word' id='word_1_291' title='bbox 939 3779 1254 3848; x_wconf 78' lang='grc' dir='ltr'><strong>Γέγραπται</strong></span> <span class='ocrx_word' id='word_1_292' title='bbox 1274 3782 1382 3851; x_wconf 85' lang='grc' dir='ltr'><strong>γὰρ</strong></span> <span class='ocrx_word' id='word_1_293' title='bbox 1419 3781 1547 3850; x_wconf 76' lang='grc' dir='ltr'><strong>περὶ</strong></span> <span class='ocrx_word' id='word_1_294' title='bbox 1572 3780 1808 3852; x_wconf 80' lang='grc' dir='ltr'><strong>Χριστοῦ</strong></span> <span class='ocrx_word' id='word_1_295' title='bbox 1835 3799 1850 3812; x_wconf 89' lang='grc'><strong>·</strong></span> 
     </span>
    </p>
   </div>
   <div class='ocr_carea' id='block_1_41' title="bbox 278 3865 1851 3944">
    <p class='ocr_par' dir='ltr' id='par_1_41' title="bbox 278 3865 1851 3944">
     <span class='ocr_line' id='line_1_41' title="bbox 278 3865 1851 3944; baseline 0.006 -28"><span class='ocrx_word' id='word_1_296' title='bbox 278 3886 295 3915; x_wconf 79' lang='grc' dir='ltr'><strong>ι</strong></span> <span class='ocrx_word' id='word_1_297' title='bbox 321 3867 412 3931; x_wconf 78' lang='grc' dir='ltr'><strong>Εἰς</strong></span> <span class='ocrx_word' id='word_1_298' title='bbox 448 3868 513 3920; x_wconf 77' lang='grc' dir='ltr'><strong>τά</strong></span> <span class='ocrx_word' id='word_1_299' title='bbox 547 3869 653 3921; x_wconf 79' lang='grc' dir='ltr'><strong>ἴδια</strong></span> <span class='ocrx_word' id='word_1_300' title='bbox 674 3865 827 3940; x_wconf 76' lang='grc' dir='ltr'><strong>ἦλθε,</strong></span> <span class='ocrx_word' id='word_1_301' title='bbox 863 3871 958 3924; x_wconf 75' lang='grc' dir='ltr'><strong>καὶ</strong></span> <span class='ocrx_word' id='word_1_302' title='bbox 987 3873 1035 3924; x_wconf 84' lang='lat' dir='ltr'><strong>oi</strong></span> <span class='ocrx_word' id='word_1_303' title='bbox 1067 3873 1188 3926; x_wconf 82' lang='grc' dir='ltr'><strong>ίδιοι</strong></span> <span class='ocrx_word' id='word_1_304' title='bbox 1224 3873 1387 3926; x_wconf 72' lang='grc' dir='ltr'><strong>αὐτὸν</strong></span> <span class='ocrx_word' id='word_1_305' title='bbox 1416 3871 1478 3926; x_wconf 79' lang='grc' dir='ltr'>ὀύ</span> <span class='ocrx_word' id='word_1_306' title='bbox 1524 3873 1851 3944; x_wconf 79' lang='grc' dir='ltr'><strong>παρέλαϐον.</strong></span> 
     </span>
    </p>
   </div>
   <div class='ocr_carea' id='block_1_42' title="bbox 275 3956 1401 4034">
    <p class='ocr_par' dir='ltr' id='par_1_42' title="bbox 275 3956 1401 4034">
     <span class='ocr_line' id='line_1_42' title="bbox 275 3956 1401 4034; baseline 0.007 -25"><span class='ocrx_word' id='word_1_307' title='bbox 275 3956 428 4011; x_wconf 67' lang='grc' dir='ltr'><strong>Ὅσοι</strong></span> <span class='ocrx_word' id='word_1_308' title='bbox 459 3960 516 4012; x_wconf 80' lang='grc' dir='ltr'><strong>δὲ</strong></span> <span class='ocrx_word' id='word_1_309' title='bbox 548 3960 738 4014; x_wconf 77' lang='grc' dir='ltr'><strong>ἔλαϐον</strong></span> <span class='ocrx_word' id='word_1_310' title='bbox 771 3961 952 4027; x_wconf 84' lang='grc' dir='ltr'><strong>αὑτὸν,</strong></span> <span class='ocrx_word' id='word_1_311' title='bbox 984 3980 1001 4012; x_wconf 74' lang='grc' dir='ltr'><strong>ι</strong></span> <span class='ocrx_word' id='word_1_312' title='bbox 1034 3965 1126 4017; x_wconf 73' lang='grc' dir='ltr'><strong>καὶ</strong></span> <span class='ocrx_word' id='word_1_313' title='bbox 1160 3964 1224 4016; x_wconf 76' lang='grc' dir='ltr'><strong>τὰ</strong></span> <span class='ocrx_word' id='word_1_314' title='bbox 1253 3963 1401 4034; x_wconf 77' lang='grc' dir='ltr'><strong>ἑξῆς.</strong></span> 
     </span>
    </p>
   </div>
   <div class='ocr_carea' id='block_1_43' title="bbox 353 4138 1853 4209">
    <p class='ocr_par' dir='ltr' id='par_1_43' title="bbox 353 4138 1853 4209">
     <span class='ocr_line' id='line_1_43' title="bbox 353 4138 1853 4209; baseline 0.002 -17"><span class='ocrx_word' id='word_1_315' title='bbox 353 4138 645 4207; x_wconf 76' lang='grc' dir='ltr'><strong>Ἐεῇρται</strong></span> <span class='ocrx_word' id='word_1_316' title='bbox 681 4140 862 4194; x_wconf 76' lang='grc' dir='ltr'><strong>θυσία</strong></span> <span class='ocrx_word' id='word_1_317' title='bbox 893 4141 992 4194; x_wconf 78' lang='grc' dir='ltr'><strong>καὶ</strong></span> <span class='ocrx_word' id='word_1_318' title='bbox 1027 4141 1267 4209; x_wconf 78' lang='grc' dir='ltr'><strong>σπονδὴ</strong></span> <span class='ocrx_word' id='word_1_319' title='bbox 1299 4141 1368 4205; x_wconf 79' lang='grc' dir='ltr'><strong>ἐξ</strong></span> <span class='ocrx_word' id='word_1_320' title='bbox 1403 4141 1572 4194; x_wconf 73' lang='grc' dir='ltr'><strong>οἴκου</strong></span> <span class='ocrx_word' id='word_1_321' title='bbox 1613 4142 1853 4208; x_wconf 82' lang='grc' dir='ltr'><strong>Κυρίου.</strong></span> 
     </span>
    </p>
   </div>
   <div class='ocr_carea' id='block_1_44' title="bbox 275 4231 1854 4303">
    <p class='ocr_par' dir='ltr' id='par_1_44' title="bbox 275 4231 1854 4303">
     <span class='ocr_line' id='line_1_44' title="bbox 275 4231 1854 4303; baseline 0.003 -19"><span class='ocrx_word' id='word_1_322' title='bbox 275 4231 572 4296; x_wconf 74' lang='grc' dir='ltr'><strong>Πενθεῖτε,</strong></span> <span class='ocrx_word' id='word_1_323' title='bbox 603 4235 656 4285; x_wconf 83' lang='lat' dir='ltr'><strong>ol</strong></span> <span class='ocrx_word' id='word_1_324' title='bbox 680 4232 1170 4303; x_wconf 69' lang='grc' dir='ltr'><strong>λειτουργοῦντες</strong></span> <span class='ocrx_word' id='word_1_325' title='bbox 1189 4234 1593 4301; x_wconf 82' lang='grc' dir='ltr'><strong>θυσιαστηρίῳ</strong></span> <span class='ocrx_word' id='word_1_326' title='bbox 1616 4237 1854 4301; x_wconf 70' lang='lat' dir='ltr'><strong>Kuplov,</strong></span> 
     </span>
    </p>
   </div>
   <div class='ocr_carea' id='block_1_45' title="bbox 279 4321 1859 4395">
    <p class='ocr_par' dir='ltr' id='par_1_45' title="bbox 279 4321 1859 4395">
     <span class='ocr_line' id='line_1_45' title="bbox 279 4321 1859 4395; baseline 0.001 -22"><span class='ocrx_word' id='word_1_327' title='bbox 279 4321 364 4374; x_wconf 75' lang='grc' dir='ltr'><strong>ὅτι</strong></span> <span class='ocrx_word' id='word_1_328' title='bbox 401 4322 885 4390; x_wconf 71' lang='grc' dir='ltr'><strong>τεταλαιπὼρηκε</strong></span> <span class='ocrx_word' id='word_1_329' title='bbox 909 4324 982 4378; x_wconf 78' lang='grc' dir='ltr'><strong>τὰ</strong></span> <span class='ocrx_word' id='word_1_330' title='bbox 1025 4324 1219 4377; x_wconf 79' lang='grc' dir='ltr'><strong>πεδία.</strong></span> <span class='ocrx_word' id='word_1_331' title='bbox 1249 4326 1541 4377; x_wconf 82' lang='grc' dir='ltr'><strong>Πενθειτω</strong></span> <span class='ocrx_word' id='word_1_332' title='bbox 1565 4326 1604 4392; x_wconf 70' lang='grc' dir='ltr'>ἡ</span> <span class='ocrx_word' id='word_1_333' title='bbox 1636 4324 1739 4395; x_wconf 78' lang='grc' dir='ltr'><strong>γῆ,</strong></span> <span class='ocrx_word' id='word_1_334' title='bbox 1772 4325 1859 4377; x_wconf 77' lang='grc' dir='ltr'><strong>ὅτι</strong></span> 
     </span>
    </p>
   </div>
   <div class='ocr_carea' id='block_1_46' title="bbox 280 4412 1860 4485">
    <p class='ocr_par' dir='ltr' id='par_1_46' title="bbox 280 4412 1860 4485">
     <span class='ocr_line' id='line_1_46' title="bbox 280 4412 1860 4485; baseline 0.005 -21"><span class='ocrx_word' id='word_1_335' title='bbox 280 4413 768 4481; x_wconf 76' lang='grc' dir='ltr'><strong>τεταλαιπώρηκε</strong></span> <span class='ocrx_word' id='word_1_336' title='bbox 805 4415 994 4481; x_wconf 84' lang='grc' dir='ltr'><strong>σῖτος,</strong></span> <span class='ocrx_word' id='word_1_337' title='bbox 1031 4414 1332 4484; x_wconf 80' lang='grc' dir='ltr'><strong>ἐξηράνθη</strong></span> <span class='ocrx_word' id='word_1_338' title='bbox 1377 4412 1563 4479; x_wconf 79' lang='grc' dir='ltr'><strong>οἶνος,</strong></span> <span class='ocrx_word' id='word_1_339' title='bbox 1595 4416 1860 4485; x_wconf 42' lang='lat' dir='ltr'><strong>Meteon</strong></span> 
     </span>
    </p>
   </div>
   <div class='ocr_carea' id='block_1_47' title="bbox 281 4506 1027 4576">
    <p class='ocr_par' dir='ltr' id='par_1_47' title="bbox 281 4506 1027 4576">
     <span class='ocr_line' id='line_1_47' title="bbox 281 4506 1027 4576; baseline 0.007 -19"><span class='ocrx_word' id='word_1_340' title='bbox 281 4506 322 4558; x_wconf 60' lang='grc' dir='ltr'><strong>ἓ,</strong></span> <span class='ocrx_word' id='word_1_341' title='bbox 336 4511 502 4560; x_wconf 62' lang='lat' dir='ltr'><strong>lator.</strong></span> <span class='ocrx_word' id='word_1_342' title='bbox 547 4506 1027 4576; x_wconf 76' lang='grc' dir='ltr'><strong>Ἔξηράνθησαν.</strong></span> 
     </span>
    </p>
   </div>
   <div class='ocr_carea' id='block_1_48' title="bbox 355 4599 1866 4669">
    <p class='ocr_par' dir='ltr' id='par_1_48' title="bbox 355 4599 1866 4669">
     <span class='ocr_line' id='line_1_48' title="bbox 355 4599 1866 4669; baseline 0 -18"><span class='ocrx_word' id='word_1_343' title='bbox 355 4601 432 4651; x_wconf 70' lang='grc' dir='ltr'><strong>ιιι.</strong></span> <span class='ocrx_word' id='word_1_344' title='bbox 467 4599 694 4669; x_wconf 89' lang='grc' dir='ltr'><strong>Ὅμοιον</strong></span> <span class='ocrx_word' id='word_1_345' title='bbox 719 4601 793 4664; x_wconf 87' lang='grc' dir='ltr'><strong>ὼς</strong></span> <span class='ocrx_word' id='word_1_346' title='bbox 826 4601 874 4652; x_wconf 84' lang='grc' dir='ltr'><strong>εί</strong></span> <span class='ocrx_word' id='word_1_347' title='bbox 904 4599 1052 4668; x_wconf 83' lang='grc' dir='ltr'><strong>λέγοι</strong></span> <span class='ocrx_word' id='word_1_348' title='bbox 1087 4599 1274 4669; x_wconf 89' lang='grc' dir='ltr'><strong>σαφῶς</strong></span> <span class='ocrx_word' id='word_1_349' title='bbox 1293 4617 1306 4630; x_wconf 91' lang='grc'><strong>·</strong></span> <span class='ocrx_word' id='word_1_350' title='bbox 1345 4599 1753 4654; x_wconf 83' lang='grc' dir='ltr'><strong>Ἐκλελοίπασιν</strong></span> <span class='ocrx_word' id='word_1_351' title='bbox 1778 4600 1866 4651; x_wconf 82' lang='grc' dir='ltr'><strong>εὑ-</strong></span> 
     </span>
    </p>
   </div>
   <div class='ocr_carea' id='block_1_49' title="bbox 289 4689 1864 4762">
    <p class='ocr_par' dir='ltr' id='par_1_49' title="bbox 289 4689 1864 4762">
     <span class='ocr_line' id='line_1_49' title="bbox 289 4689 1864 4762; baseline 0.003 -24"><span class='ocrx_word' id='word_1_352' title='bbox 289 4691 584 4758; x_wconf 69' lang='grc' dir='ltr'><strong>χιριστίαι,</strong></span> <span class='ocrx_word' id='word_1_353' title='bbox 618 4691 710 4742; x_wconf 71' lang='grc' dir='ltr'><strong>καὶ</strong></span> <span class='ocrx_word' id='word_1_354' title='bbox 739 4692 764 4742; x_wconf 83' lang='lat'><strong>6</strong></span> <span class='ocrx_word' id='word_1_355' title='bbox 789 4689 966 4743; x_wconf 77' lang='grc' dir='ltr'><strong>θύσων</strong></span> <span class='ocrx_word' id='word_1_356' title='bbox 988 4691 1067 4744; x_wconf 79' lang='grc' dir='ltr'><strong>ἔτι</strong></span> <span class='ocrx_word' id='word_1_357' title='bbox 1103 4690 1380 4754; x_wconf 84' lang='grc' dir='ltr'><strong>παντελῶς</strong></span> <span class='ocrx_word' id='word_1_358' title='bbox 1411 4692 1606 4755; x_wconf 69' lang='grc' dir='ltr'><strong>οὐδεὶς,</strong></span> <span class='ocrx_word' id='word_1_359' title='bbox 1631 4694 1658 4744; x_wconf 89' lang='lat'><strong>6</strong></span> <span class='ocrx_word' id='word_1_360' title='bbox 1693 4707 1864 4762; x_wconf 89' lang='grc' dir='ltr'><strong>προσ-</strong></span> 
     </span>
    </p>
   </div>
   <div class='ocr_carea' id='block_1_50' title="bbox 292 4782 1863 4857">
    <p class='ocr_par' dir='ltr' id='par_1_50' title="bbox 292 4782 1863 4857">
     <span class='ocr_line' id='line_1_50' title="bbox 292 4782 1863 4857; baseline 0.003 -26"><span class='ocrx_word' id='word_1_361' title='bbox 292 4782 489 4850; x_wconf 61' lang='grc' dir='ltr'><strong>κημιῶν</strong></span> <span class='ocrx_word' id='word_1_362' title='bbox 520 4782 799 4854; x_wconf 79' lang='grc' dir='ltr'><strong>ἀνάθημα,</strong></span> <span class='ocrx_word' id='word_1_363' title='bbox 839 4785 935 4836; x_wconf 78' lang='grc' dir='ltr'><strong>καὶ</strong></span> <span class='ocrx_word' id='word_1_364' title='bbox 975 4783 1144 4855; x_wconf 78' lang='grc' dir='ltr'><strong>ληῖων</strong></span> <span class='ocrx_word' id='word_1_365' title='bbox 1171 4785 1448 4854; x_wconf 80' lang='grc' dir='ltr'><strong>ἀπαρχὰς,</strong></span> <span class='ocrx_word' id='word_1_366' title='bbox 1485 4784 1708 4857; x_wconf 83' lang='grc' dir='ltr'><strong>δράγμα</strong></span> <span class='ocrx_word' id='word_1_367' title='bbox 1763 4801 1863 4836; x_wconf 88' lang='grc' dir='ltr'><strong>που</strong></span> 
     </span>
    </p>
   </div>
   <div class='ocr_carea' id='block_1_51' title="bbox 188 4873 1864 4960">
    <p class='ocr_par' dir='ltr' id='par_1_51' title="bbox 188 4873 1864 4960">
     <span class='ocr_line' id='line_1_51' title="bbox 188 4873 1864 4960; baseline 0.005 -41"><span class='ocrx_word' id='word_1_368' title='bbox 188 4947 202 4960; x_wconf 48' lang='grc'><strong><em>⁸</em></strong></span> <span class='ocrx_word' id='word_1_369' title='bbox 294 4874 500 4937; x_wconf 75' lang='grc' dir='ltr'><strong>πάντως</strong></span> <span class='ocrx_word' id='word_1_370' title='bbox 523 4874 586 4926; x_wconf 81' lang='grc' dir='ltr'><strong>τὸ</strong></span> <span class='ocrx_word' id='word_1_371' title='bbox 616 4875 780 4945; x_wconf 74' lang='grc' dir='ltr'><strong>ἱερὸν,</strong></span> <span class='ocrx_word' id='word_1_372' title='bbox 812 4876 893 4937; x_wconf 87' lang='grc' dir='ltr'><strong>εἰς</strong></span> <span class='ocrx_word' id='word_1_373' title='bbox 926 4873 1182 4946; x_wconf 81' lang='grc' dir='ltr'><strong>ἀπαρχὴν</strong></span> <span class='ocrx_word' id='word_1_374' title='bbox 1207 4874 1470 4946; x_wconf 87' lang='grc' dir='ltr'><strong>θερισμοῦ</strong></span> <span class='ocrx_word' id='word_1_375' title='bbox 1509 4876 1697 4947; x_wconf 87' lang='grc' dir='ltr'><strong>πυρῶν</strong></span> <span class='ocrx_word' id='word_1_376' title='bbox 1729 4876 1864 4928; x_wconf 86' lang='grc' dir='ltr'><strong>ἀνα-</strong></span> 
     </span>
    </p>
   </div>
   <div class='ocr_carea' id='block_1_52' title="bbox 293 4965 1864 5036">
    <p class='ocr_par' dir='ltr' id='par_1_52' title="bbox 293 4965 1864 5036">
     <span class='ocr_line' id='line_1_52' title="bbox 293 4965 1864 5036; baseline 0.002 -21"><span class='ocrx_word' id='word_1_377' title='bbox 293 4965 565 5035; x_wconf 82' lang='grc' dir='ltr'><strong>τιθέμενον</strong></span> <span class='ocrx_word' id='word_1_378' title='bbox 587 4967 665 5036; x_wconf 81' lang='grc' dir='ltr'><strong>τῷ</strong></span> <span class='ocrx_word' id='word_1_379' title='bbox 695 4965 836 5036; x_wconf 79' lang='grc' dir='ltr'><strong>Θεῷ,</strong></span> <span class='ocrx_word' id='word_1_380' title='bbox 865 4965 1007 5020; x_wconf 81' lang='grc' dir='ltr'><strong>κατὰ</strong></span> <span class='ocrx_word' id='word_1_381' title='bbox 1032 4966 1125 5019; x_wconf 88' lang='grc' dir='ltr'><strong>τὸν</strong></span> <span class='ocrx_word' id='word_1_382' title='bbox 1148 4966 1390 5029; x_wconf 85' lang='grc' dir='ltr'><strong>Μωσέως</strong></span> <span class='ocrx_word' id='word_1_383' title='bbox 1426 4965 1609 5036; x_wconf 81' lang='grc' dir='ltr'><strong>νόμον.</strong></span> <span class='ocrx_word' id='word_1_384' title='bbox 1645 4965 1864 5036; x_wconf 84' lang='grc' dir='ltr'><strong>Πρωτό-</strong></span> 
     </span>
    </p>
   </div>
   <div class='ocr_carea' id='block_1_53' title="bbox 302 5056 1863 5129">
    <p class='ocr_par' dir='ltr' id='par_1_53' title="bbox 302 5056 1863 5129">
     <span class='ocr_line' id='line_1_53' title="bbox 302 5056 1863 5129; baseline 0.001 -21"><span class='ocrx_word' id='word_1_385' title='bbox 302 5059 418 5111; x_wconf 57' lang='lat' dir='ltr'><strong>coxa</strong></span> <span class='ocrx_word' id='word_1_386' title='bbox 455 5075 517 5110; x_wconf 90' lang='grc' dir='ltr'><strong>τε</strong></span> <span class='ocrx_word' id='word_1_387' title='bbox 563 5059 630 5112; x_wconf 81' lang='grc' dir='ltr'><strong>τὰ</strong></span> <span class='ocrx_word' id='word_1_388' title='bbox 667 5057 727 5123; x_wconf 79' lang='grc' dir='ltr'><strong>ἐξ</strong></span> <span class='ocrx_word' id='word_1_389' title='bbox 755 5057 914 5129; x_wconf 85' lang='grc' dir='ltr'><strong>ὡρῶν</strong></span> <span class='ocrx_word' id='word_1_390' title='bbox 950 5059 1124 5122; x_wconf 62' lang='grc' dir='ltr'><strong>οὐδεὶς</strong></span> <span class='ocrx_word' id='word_1_391' title='bbox 1161 5059 1188 5110; x_wconf 85' lang='lat'><strong>6</strong></span> <span class='ocrx_word' id='word_1_392' title='bbox 1215 5056 1522 5128; x_wconf 82' lang='grc' dir='ltr'><strong>καρτάλλῳ,</strong></span> <span class='ocrx_word' id='word_1_393' title='bbox 1559 5058 1743 5127; x_wconf 69' lang='grc' dir='ltr'><strong>φησὶν,</strong></span> <span class='ocrx_word' id='word_1_394' title='bbox 1776 5059 1863 5109; x_wconf 80' lang='grc' dir='ltr'><strong>ἐν·</strong></span> 
     </span>
    </p>
   </div>
   <div class='ocr_carea' id='block_1_54' title="bbox 297 5147 1865 5222">
    <p class='ocr_par' dir='ltr' id='par_1_54' title="bbox 297 5147 1865 5222">
     <span class='ocr_line' id='line_1_54' title="bbox 297 5147 1865 5222; baseline 0.003 -24"><span class='ocrx_word' id='word_1_395' title='bbox 297 5149 471 5213; x_wconf 67' lang='grc' dir='ltr'><strong>τιθεὶς,</strong></span> <span class='ocrx_word' id='word_1_396' title='bbox 518 5151 613 5202; x_wconf 67' lang='grc' dir='ltr'><strong>καὶ</strong></span> <span class='ocrx_word' id='word_1_397' title='bbox 648 5152 1016 5222; x_wconf 82' lang='grc' dir='ltr'><strong>πορευόμενος</strong></span> <span class='ocrx_word' id='word_1_398' title='bbox 1052 5151 1132 5214; x_wconf 76' lang='grc' dir='ltr'><strong>εἰς</strong></span> <span class='ocrx_word' id='word_1_399' title='bbox 1163 5147 1312 5203; x_wconf 82' lang='grc' dir='ltr'><strong>οἷκον</strong></span> <span class='ocrx_word' id='word_1_400' title='bbox 1341 5149 1572 5218; x_wconf 83' lang='grc' dir='ltr'><strong>Κυρίου,</strong></span> <span class='ocrx_word' id='word_1_401' title='bbox 1610 5148 1865 5202; x_wconf 82' lang='grc' dir='ltr'><strong>ἀνάπτων</strong></span> 
     </span>
    </p>
   </div>
   <div class='ocr_carea' id='block_1_55' title="bbox 298 5234 1870 5310">
    <p class='ocr_par' dir='ltr' id='par_1_55' title="bbox 298 5234 1870 5310">
     <span class='ocr_line' id='line_1_55' title="bbox 298 5234 1870 5310; baseline 0.004 -25"><span class='ocrx_word' id='word_1_402' title='bbox 371 5237 442 5307; x_wconf 81' lang='grc' dir='ltr'><strong>τῷ</strong></span> <span class='ocrx_word' id='word_1_403' title='bbox 469 5238 590 5308; x_wconf 80' lang='grc' dir='ltr'><strong>Θεῷ</strong></span> <span class='ocrx_word' id='word_1_404' title='bbox 633 5241 727 5292; x_wconf 70' lang='grc' dir='ltr'><strong>καὶ</strong></span> <span class='ocrx_word' id='word_1_405' title='bbox 777 5238 920 5309; x_wconf 79' lang='grc' dir='ltr'><strong>ᾠδὰς</strong></span> <span class='ocrx_word' id='word_1_406' title='bbox 959 5239 1060 5302; x_wconf 81' lang='grc' dir='ltr'><strong>τὰς</strong></span> <span class='ocrx_word' id='word_1_407' title='bbox 1088 5239 1511 5310; x_wconf 82' lang='grc' dir='ltr'><strong>χαριστηρίους,</strong></span> <span class='ocrx_word' id='word_1_408' title='bbox 1540 5239 1606 5302; x_wconf 82' lang='grc' dir='ltr'><strong>ἃς</strong></span> <span class='ocrx_word' id='word_1_409' title='bbox 1646 5235 1713 5309; x_wconf 79' lang='grc' dir='ltr'><strong>ἦν</strong></span> <span class='ocrx_word' id='word_1_410' title='bbox 1738 5240 1870 5308; x_wconf 82' lang='grc' dir='ltr'><strong>ἀγο-</strong></span> 
     </span>
    </p>
   </div>
   <div class='ocr_carea' id='block_1_56' title="bbox 1932 559 3508 645">
    <p class='ocr_par' dir='ltr' id='par_1_56' title="bbox 1932 559 3508 645">
     <span class='ocr_line' id='line_1_56' title="bbox 1932 559 3508 645; baseline -0.016 -15"><span class='ocrx_word' id='word_1_411' title='bbox 1932 576 2236 630; x_wconf 81' lang='lat' dir='ltr'><strong>comtnissis</strong></span> <span class='ocrx_word' id='word_1_412' title='bbox 2266 573 2640 645; x_wconf 85' lang='lat' dir='ltr'><strong>~-proportione</strong></span> <span class='ocrx_word' id='word_1_413' title='bbox 2680 566 3068 638; x_wconf 87' lang='lat' dir='ltr'><strong>respondeant.</strong></span> <span class='ocrx_word' id='word_1_414' title='bbox 3121 559 3273 616; x_wconf 88' lang='lat' dir='ltr'><strong>Solet</strong></span> <span class='ocrx_word' id='word_1_415' title='bbox 3326 564 3508 610; x_wconf 87' lang='lat' dir='ltr'><strong>autem</strong></span> 
     </span>
    </p>
   </div>
   <div class='ocr_carea' id='block_1_57' title="bbox 1928 649 3501 738">
    <p class='ocr_par' dir='ltr' id='par_1_57' title="bbox 1928 649 3501 738">
     <span class='ocr_line' id='line_1_57' title="bbox 1928 649 3501 738; baseline -0.016 -16"><span class='ocrx_word' id='word_1_416' title='bbox 1928 667 2100 738; x_wconf 85' lang='lat' dir='ltr'><strong>puella</strong></span> <span class='ocrx_word' id='word_1_417' title='bbox 2132 681 2268 719; x_wconf 83' lang='lat' dir='ltr'><strong>nova</strong></span> <span class='ocrx_word' id='word_1_418' title='bbox 2299 674 2460 732; x_wconf 85' lang='lat' dir='ltr'><strong>nupta</strong></span> <span class='ocrx_word' id='word_1_419' title='bbox 2489 663 2744 731; x_wconf 81' lang='lat' dir='ltr'><strong>majorem</strong></span> <span class='ocrx_word' id='word_1_420' title='bbox 2779 659 2832 712; x_wconf 89' lang='lat' dir='ltr'><strong>in</strong></span> <span class='ocrx_word' id='word_1_421' title='bbox 2858 656 3073 711; x_wconf 90' lang='lat' dir='ltr'><strong>modum</strong></span> <span class='ocrx_word' id='word_1_422' title='bbox 3123 649 3328 718; x_wconf 84' lang='lat' dir='ltr'><strong>ejulare</strong></span> <span class='ocrx_word' id='word_1_423' title='bbox 3371 658 3501 738; x_wconf 82' lang='lat' dir='ltr'><strong>pro-</strong></span> 
     </span>
    </p>
   </div>
   <div class='ocr_carea' id='block_1_58' title="bbox 1929 732 3510 823">
    <p class='ocr_par' dir='ltr' id='par_1_58' title="bbox 1929 732 3510 823">
     <span class='ocr_line' id='line_1_58' title="bbox 1929 732 3510 823; baseline -0.015 -16"><span class='ocrx_word' id='word_1_424' title='bbox 1929 732 2049 823; x_wconf 76' lang='lat' dir='ltr'><strong>pter</strong></span> <span class='ocrx_word' id='word_1_425' title='bbox 2086 761 2352 805; x_wconf 85' lang='lat' dir='ltr'><strong>mortuum</strong></span> <span class='ocrx_word' id='word_1_426' title='bbox 2377 766 2632 820; x_wconf 84' lang='lat' dir='ltr'><strong>sponsum</strong></span> <span class='ocrx_word' id='word_1_427' title='bbox 2666 761 2844 810; x_wconf 88' lang='lat' dir='ltr'><strong>suum,</strong></span> <span class='ocrx_word' id='word_1_428' title='bbox 2874 753 2929 799; x_wconf 85' lang='lat' dir='ltr'><strong>et</strong></span> <span class='ocrx_word' id='word_1_429' title='bbox 2965 741 3083 810; x_wconf 83' lang='lat' dir='ltr'><strong>ejus</strong></span> <span class='ocrx_word' id='word_1_430' title='bbox 3108 751 3271 794; x_wconf 80' lang='lat' dir='ltr'><strong>causa</strong></span> <span class='ocrx_word' id='word_1_431' title='bbox 3309 732 3510 787; x_wconf 86' lang='lat' dir='ltr'><strong>acerbo</strong></span> 
     </span>
    </p>
   </div>
   <div class='ocr_carea' id='block_1_59' title="bbox 1931 825 3508 903">
    <p class='ocr_par' dir='ltr' id='par_1_59' title="bbox 1931 825 3508 903">
     <span class='ocr_line' id='line_1_59' title="bbox 1931 825 3508 903; baseline -0.015 -7"><span class='ocrx_word' id='word_1_432' title='bbox 1931 841 1984 896; x_wconf 93' lang='lat' dir='ltr'><strong>in</strong></span> <span class='ocrx_word' id='word_1_433' title='bbox 2017 856 2250 896; x_wconf 72' lang='lat' dir='ltr'><strong>incerare</strong></span> <span class='ocrx_word' id='word_1_434' title='bbox 2293 841 2519 903; x_wconf 77' lang='lat' dir='ltr'><strong>versari,</strong></span> <span class='ocrx_word' id='word_1_435' title='bbox 2582 849 2636 893; x_wconf 92' lang='lat' dir='ltr'><strong>ut</strong></span> <span class='ocrx_word' id='word_1_436' title='bbox 2685 838 2898 892; x_wconf 88' lang='lat' dir='ltr'><strong>animus</strong></span> <span class='ocrx_word' id='word_1_437' title='bbox 2926 845 3140 887; x_wconf 87' lang='lat' dir='ltr'><strong>omnem</strong></span> <span class='ocrx_word' id='word_1_438' title='bbox 3184 825 3508 882; x_wconf 82' lang='lat' dir='ltr'><strong>medicinam</strong></span> 
     </span>
    </p>
   </div>
   <div class='ocr_carea' id='block_1_60' title="bbox 1933 917 3511 1000">
    <p class='ocr_par' dir='ltr' id='par_1_60' title="bbox 1933 917 3511 1000">
     <span class='ocr_line' id='line_1_60' title="bbox 1933 917 3511 1000; baseline -0.014 -13"><span class='ocrx_word' id='word_1_439' title='bbox 1933 943 2170 1000; x_wconf 85' lang='lat' dir='ltr'><strong>respuat,</strong></span> <span class='ocrx_word' id='word_1_440' title='bbox 2215 947 2313 985; x_wconf 91' lang='lat' dir='ltr'><strong>nec</strong></span> <span class='ocrx_word' id='word_1_441' title='bbox 2343 933 2480 986; x_wconf 90' lang='lat' dir='ltr'><strong>ullus</strong></span> <span class='ocrx_word' id='word_1_442' title='bbox 2508 933 2555 986; x_wconf 91' lang='lat' dir='ltr'><strong>ei</strong></span> <span class='ocrx_word' id='word_1_443' title='bbox 2593 932 2770 984; x_wconf 87' lang='lat' dir='ltr'><strong>luctus</strong></span> <span class='ocrx_word' id='word_1_444' title='bbox 2799 928 2932 983; x_wconf 84' lang='lat' dir='ltr'><strong>satis</strong></span> <span class='ocrx_word' id='word_1_445' title='bbox 2963 935 3190 993; x_wconf 79' lang='lat' dir='ltr'><strong>magnus</strong></span> <span class='ocrx_word' id='word_1_446' title='bbox 3211 917 3511 973; x_wconf 73' lang='lat' dir='ltr'><strong>et-idoneul</strong></span> 
     </span>
    </p>
   </div>
   <div class='ocr_carea' id='block_1_61' title="bbox 1931 1008 3510 1091">
    <p class='ocr_par' dir='ltr' id='par_1_61' title="bbox 1931 1008 3510 1091">
     <span class='ocr_line' id='line_1_61' title="bbox 1931 1008 3510 1091; baseline -0.014 -13"><span class='ocrx_word' id='word_1_447' title='bbox 1931 1024 2197 1078; x_wconf 79' lang='lat' dir='ltr'><strong>videatur.</strong></span> <span class='ocrx_word' id='word_1_448' title='bbox 2254 1023 2494 1077; x_wconf 71' lang='lat' dir='ltr'><strong>Femina:</strong></span> <span class='ocrx_word' id='word_1_449' title='bbox 2550 1021 2818 1091; x_wconf 82' lang='lat' dir='ltr'><strong>siquidem</strong></span> <span class='ocrx_word' id='word_1_450' title='bbox 2876 1017 3146 1086; x_wconf 86' lang='lat' dir='ltr'><strong>laerymas</strong></span> <span class='ocrx_word' id='word_1_451' title='bbox 3202 1018 3258 1063; x_wconf 90' lang='lat' dir='ltr'><strong>et</strong></span> <span class='ocrx_word' id='word_1_452' title='bbox 3305 1008 3510 1060; x_wconf 91' lang='lat' dir='ltr'><strong>luctum</strong></span> 
     </span>
    </p>
   </div>
   <div class='ocr_carea' id='block_1_62' title="bbox 1933 1099 3510 1181">
    <p class='ocr_par' dir='ltr' id='par_1_62' title="bbox 1933 1099 3510 1181">
     <span class='ocr_line' id='line_1_62' title="bbox 1933 1099 3510 1181; baseline -0.014 -11"><span class='ocrx_word' id='word_1_453' title='bbox 1933 1124 2113 1170; x_wconf 89' lang='lat' dir='ltr'><strong>amant</strong></span> <span class='ocrx_word' id='word_1_454' title='bbox 2161 1115 2526 1169; x_wconf 79' lang='lat' dir='ltr'><strong>communiter</strong></span> <span class='ocrx_word' id='word_1_455' title='bbox 2559 1152 2574 1175; x_wconf 96' lang='lat'><strong>,</strong></span> <span class='ocrx_word' id='word_1_456' title='bbox 2632 1109 2932 1181; x_wconf 75' lang='lat' dir='ltr'><strong>przesertitn</strong></span> <span class='ocrx_word' id='word_1_457' title='bbox 2988 1120 3108 1176; x_wconf 66' lang='lat' dir='ltr'><strong>quae</strong></span> <span class='ocrx_word' id='word_1_458' title='bbox 3159 1099 3510 1169; x_wconf 77' lang='lat' dir='ltr'><strong>virgineum,</strong></span> 
     </span>
    </p>
   </div>
   <div class='ocr_carea' id='block_1_63' title="bbox 1935 1191 3506 1276">
    <p class='ocr_par' dir='ltr' id='par_1_63' title="bbox 1935 1191 3506 1276">
     <span class='ocr_line' id='line_1_63' title="bbox 1935 1191 3506 1276; baseline -0.015 -14"><span class='ocrx_word' id='word_1_459' title='bbox 1935 1223 2053 1270; x_wconf 87' lang='lat' dir='ltr'><strong>seu,</strong></span> <span class='ocrx_word' id='word_1_460' title='bbox 2089 1206 2171 1260; x_wconf 89' lang='lat' dir='ltr'><strong>cui</strong></span> <span class='ocrx_word' id='word_1_461' title='bbox 2203 1205 2316 1276; x_wconf 92' lang='lat' dir='ltr'><strong>ipsa</strong></span> <span class='ocrx_word' id='word_1_462' title='bbox 2351 1205 2527 1259; x_wconf 87' lang='lat' dir='ltr'><strong>adhuc</strong></span> <span class='ocrx_word' id='word_1_463' title='bbox 2552 1205 2708 1271; x_wconf 79' lang='lat' dir='ltr'><strong>virgo</strong></span> <span class='ocrx_word' id='word_1_464' title='bbox 2755 1201 2955 1268; x_wconf 86' lang='lat' dir='ltr'><strong>nupsit,</strong></span> <span class='ocrx_word' id='word_1_465' title='bbox 3001 1205 3055 1251; x_wconf 87' lang='lat' dir='ltr'><strong>et</strong></span> <span class='ocrx_word' id='word_1_466' title='bbox 3084 1191 3373 1263; x_wconf 84' lang='lat' dir='ltr'><strong>ephebum,</strong></span> <span class='ocrx_word' id='word_1_467' title='bbox 3410 1201 3506 1242; x_wconf 90' lang='lat' dir='ltr'><strong>seu</strong></span> 
     </span>
    </p>
   </div>
   <div class='ocr_carea' id='block_1_64' title="bbox 1935 1287 3505 1354">
    <p class='ocr_par' dir='ltr' id='par_1_64' title="bbox 1935 1287 3505 1354">
     <span class='ocr_line' id='line_1_64' title="bbox 1935 1287 3505 1354; baseline -0.014 -1"><span class='ocrx_word' id='word_1_468' title='bbox 1935 1297 2328 1354; x_wconf 78' lang='lat' dir='ltr'><strong>adolescentem</strong></span> <span class='ocrx_word' id='word_1_469' title='bbox 2371 1295 2626 1348; x_wconf 87' lang='lat' dir='ltr'><strong>maritum</strong></span> <span class='ocrx_word' id='word_1_470' title='bbox 2654 1290 3039 1346; x_wconf 83' lang='lat' dir='ltr'><strong>miserabiliter</strong></span> <span class='ocrx_word' id='word_1_471' title='bbox 3086 1287 3140 1338; x_wconf 88' lang='lat' dir='ltr'><strong>in</strong></span> <span class='ocrx_word' id='word_1_472' title='bbox 3183 1293 3302 1337; x_wconf 89' lang='lat' dir='ltr'><strong>toro</strong></span> <span class='ocrx_word' id='word_1_473' title='bbox 3355 1293 3505 1333; x_wconf 89' lang='lat' dir='ltr'><strong>mor-</strong></span> 
     </span>
    </p>
   </div>
   <div class='ocr_carea' id='block_1_65' title="bbox 1937 1373 3512 1456">
    <p class='ocr_par' dir='ltr' id='par_1_65' title="bbox 1937 1373 3512 1456">
     <span class='ocr_line' id='line_1_65' title="bbox 1937 1373 3512 1456; baseline -0.015 -10"><span class='ocrx_word' id='word_1_474' title='bbox 1937 1401 2086 1446; x_wconf 93' lang='lat' dir='ltr'><strong>tuum</strong></span> <span class='ocrx_word' id='word_1_475' title='bbox 2112 1401 2166 1445; x_wconf 91' lang='lat' dir='ltr'><strong>et</strong></span> <span class='ocrx_word' id='word_1_476' title='bbox 2201 1389 2507 1444; x_wconf 79' lang='lat' dir='ltr'><strong>exanimem</strong></span> <span class='ocrx_word' id='word_1_477' title='bbox 2552 1387 2826 1456; x_wconf 76' lang='lat' dir='ltr'><strong>iacentem</strong></span> <span class='ocrx_word' id='word_1_478' title='bbox 2854 1381 3067 1450; x_wconf 82' lang='lat' dir='ltr'><strong>aspicit.</strong></span> <span class='ocrx_word' id='word_1_479' title='bbox 3105 1377 3239 1432; x_wconf 86' lang='lat' dir='ltr'><strong>Huic</strong></span> <span class='ocrx_word' id='word_1_480' title='bbox 3279 1373 3512 1428; x_wconf 84' lang='lat' dir='ltr'><strong>similem</strong></span> 
     </span>
    </p>
   </div>
   <div class='ocr_carea' id='block_1_66' title="bbox 1938 1467 3515 1548">
    <p class='ocr_par' dir='ltr' id='par_1_66' title="bbox 1938 1467 3515 1548">
     <span class='ocr_line' id='line_1_66' title="bbox 1938 1467 3515 1548; baseline -0.015 -10"><span class='ocrx_word' id='word_1_481' title='bbox 1938 1483 2052 1538; x_wconf 86' lang='lat' dir='ltr'><strong>ﬁeri</strong></span> <span class='ocrx_word' id='word_1_482' title='bbox 2079 1483 2386 1537; x_wconf 72' lang='lat' dir='ltr'><strong>Judzeorum</strong></span> <span class='ocrx_word' id='word_1_483' title='bbox 2417 1479 2673 1548; x_wconf 89' lang='lat' dir='ltr'><strong>populum</strong></span> <span class='ocrx_word' id='word_1_484' title='bbox 2709 1484 2960 1547; x_wconf 84' lang='lat' dir='ltr'><strong>oportere</strong></span> <span class='ocrx_word' id='word_1_485' title='bbox 3013 1471 3108 1536; x_wconf 89' lang='lat' dir='ltr'><strong>ait,</strong></span> <span class='ocrx_word' id='word_1_486' title='bbox 3145 1478 3201 1525; x_wconf 89' lang='lat' dir='ltr'><strong>et</strong></span> <span class='ocrx_word' id='word_1_487' title='bbox 3243 1467 3319 1521; x_wconf 85' lang='lat' dir='ltr'><strong>ita</strong></span> <span class='ocrx_word' id='word_1_488' title='bbox 3364 1478 3515 1517; x_wconf 89' lang='lat' dir='ltr'><strong>amo-</strong></span> 
     </span>
    </p>
   </div>
   <div class='ocr_carea' id='block_1_67' title="bbox 1939 1555 3518 1644">
    <p class='ocr_par' dir='ltr' id='par_1_67' title="bbox 1939 1555 3518 1644">
     <span class='ocr_line' id='line_1_67' title="bbox 1939 1555 3518 1644; baseline -0.014 -16"><span class='ocrx_word' id='word_1_489' title='bbox 1939 1575 2047 1639; x_wconf 90' lang='lat' dir='ltr'><strong>liri,</strong></span> <span class='ocrx_word' id='word_1_490' title='bbox 2089 1589 2298 1644; x_wconf 71' lang='lat' dir='ltr'><strong>quazex</strong></span> <span class='ocrx_word' id='word_1_491' title='bbox 2345 1573 2425 1626; x_wconf 88' lang='lat' dir='ltr'><strong>ira</strong></span> <span class='ocrx_word' id='word_1_492' title='bbox 2473 1570 2684 1625; x_wconf 70' lang='lat' dir='ltr'><strong>cmlesti</strong></span> <span class='ocrx_word' id='word_1_493' title='bbox 2727 1565 3016 1622; x_wconf 89' lang='lat' dir='ltr'><strong>metuenda</strong></span> <span class='ocrx_word' id='word_1_494' title='bbox 3068 1563 3198 1627; x_wconf 87' lang='lat' dir='ltr'><strong>sint,</strong></span> <span class='ocrx_word' id='word_1_495' title='bbox 3261 1573 3325 1613; x_wconf 89' lang='lat' dir='ltr'><strong>ac</strong></span> <span class='ocrx_word' id='word_1_496' title='bbox 3370 1555 3518 1610; x_wconf 83' lang='lat' dir='ltr'><strong>velut</strong></span> 
     </span>
    </p>
   </div>
   <div class='ocr_carea' id='block_1_68' title="bbox 1940 1647 3517 1730">
    <p class='ocr_par' dir='ltr' id='par_1_68' title="bbox 1940 1647 3517 1730">
     <span class='ocr_line' id='line_1_68' title="bbox 1940 1647 3517 1730; baseline -0.013 -10"><span class='ocrx_word' id='word_1_497' title='bbox 1940 1665 2302 1720; x_wconf 82' lang='lat' dir='ltr'><strong>inevitabilem</strong></span> <span class='ocrx_word' id='word_1_498' title='bbox 2344 1663 2690 1730; x_wconf 89' lang='lat' dir='ltr'><strong>ipsorumque</strong></span> <span class='ocrx_word' id='word_1_499' title='bbox 2743 1657 3049 1713; x_wconf 86' lang='lat' dir='ltr'><strong>cervicibus</strong></span> <span class='ocrx_word' id='word_1_500' title='bbox 3101 1650 3364 1707; x_wconf 80' lang='lat' dir='ltr'><strong>divinitus</strong></span> <span class='ocrx_word' id='word_1_501' title='bbox 3411 1647 3517 1701; x_wconf 89' lang='lat' dir='ltr'><strong>im-</strong></span> 
     </span>
    </p>
   </div>
   <div class='ocr_carea' id='block_1_69' title="bbox 1941 1741 3512 1828">
    <p class='ocr_par' dir='ltr' id='par_1_69' title="bbox 1941 1741 3512 1828">
     <span class='ocr_line' id='line_1_69' title="bbox 1941 1741 3512 1828; baseline -0.013 -16"><span class='ocrx_word' id='word_1_502' title='bbox 1941 1758 2261 1828; x_wconf 86' lang='lat' dir='ltr'><strong>pendentem</strong></span> <span class='ocrx_word' id='word_1_503' title='bbox 2293 1755 2550 1823; x_wconf 87' lang='lat' dir='ltr'><strong>impetum</strong></span> <span class='ocrx_word' id='word_1_504' title='bbox 2579 1751 2832 1807; x_wconf 80' lang='lat' dir='ltr'><strong>lamentis</strong></span> <span class='ocrx_word' id='word_1_505' title='bbox 2887 1747 3202 1816; x_wconf 88' lang='lat' dir='ltr'><strong>reprimere,</strong></span> <span class='ocrx_word' id='word_1_506' title='bbox 3251 1741 3512 1804; x_wconf 87' lang='lat' dir='ltr'><strong>conlisos,</strong></span> 
     </span>
    </p>
   </div>
   <div class='ocr_carea' id='block_1_70' title="bbox 1877 1823 3518 1919">
    <p class='ocr_par' dir='ltr' id='par_1_70' title="bbox 1877 1823 3518 1919">
     <span class='ocr_line' id='line_1_70' title="bbox 1877 1823 3518 1919; baseline -0.012 -16"><span class='ocrx_word' id='word_1_507' title='bbox 1877 1823 1916 1876; x_wconf 72' lang='grc' dir='ltr'>Β</span> <span class='ocrx_word' id='word_1_508' title='bbox 1945 1850 2068 1919; x_wconf 86' lang='lat' dir='ltr'><strong>quia</strong></span> <span class='ocrx_word' id='word_1_509' title='bbox 2108 1847 2350 1903; x_wconf 85' lang='lat' dir='ltr'><strong>clemens</strong></span> <span class='ocrx_word' id='word_1_510' title='bbox 2381 1861 2445 1902; x_wconf 90' lang='lat' dir='ltr'><strong>ac</strong></span> <span class='ocrx_word' id='word_1_511' title='bbox 2510 1845 2658 1900; x_wconf 89' lang='lat' dir='ltr'><strong>mitis</strong></span> <span class='ocrx_word' id='word_1_512' title='bbox 2693 1853 2776 1898; x_wconf 89' lang='lat' dir='ltr'><strong>est</strong></span> <span class='ocrx_word' id='word_1_513' title='bbox 2818 1841 3196 1895; x_wconf 86' lang='lat' dir='ltr'><strong>universorum</strong></span> <span class='ocrx_word' id='word_1_514' title='bbox 3234 1832 3518 1897; x_wconf 84' lang='lat' dir='ltr'><strong>Dominus,</strong></span> 
     </span>
    </p>
   </div>
   <div class='ocr_carea' id='block_1_71' title="bbox 1951 1921 3518 2011">
    <p class='ocr_par' dir='ltr' id='par_1_71' title="bbox 1951 1921 3518 2011">
     <span class='ocr_line' id='line_1_71' title="bbox 1951 1921 3518 2011; baseline -0.013 -16"><span class='ocrx_word' id='word_1_515' title='bbox 1951 1960 1969 1990; x_wconf 72' lang='grc' dir='ltr'><strong>ι</strong></span> <span class='ocrx_word' id='word_1_516' title='bbox 2019 1939 2310 2011; x_wconf 81' lang='lat' dir='ltr'><strong>benignus,</strong></span> <span class='ocrx_word' id='word_1_517' title='bbox 2335 1948 2389 1994; x_wconf 90' lang='lat' dir='ltr'><strong>et</strong></span> <span class='ocrx_word' id='word_1_518' title='bbox 2422 1937 2613 1992; x_wconf 63' lang='lat' dir='ltr'><strong>multa:</strong></span> <span class='ocrx_word' id='word_1_519' title='bbox 2646 1931 3061 1995; x_wconf 79' lang='lat' dir='ltr'><strong>misericordiae,</strong></span> <span class='ocrx_word' id='word_1_520' title='bbox 3109 1937 3165 1983; x_wconf 92' lang='lat' dir='ltr'><strong>et</strong></span> <span class='ocrx_word' id='word_1_521' title='bbox 3191 1921 3518 1997; x_wconf 55' lang='lat' dir='ltr'><strong>praestabilis</strong></span> 
     </span>
    </p>
   </div>
   <div class='ocr_carea' id='block_1_72' title="bbox 1947 2025 2871 2102">
    <p class='ocr_par' dir='ltr' id='par_1_72' title="bbox 1947 2025 2871 2102">
     <span class='ocr_line' id='line_1_72' title="bbox 1947 2025 2871 2102; baseline -0.01 -15"><span class='ocrx_word' id='word_1_522' title='bbox 1947 2047 2110 2102; x_wconf 82' lang='lat' dir='ltr'><strong>Super</strong></span> <span class='ocrx_word' id='word_1_523' title='bbox 2139 2031 2342 2085; x_wconf 87' lang='lat' dir='ltr'><strong>malitia</strong></span> <span class='ocrx_word' id='word_1_524' title='bbox 2382 2039 2574 2084; x_wconf 89' lang='lat' dir='ltr'><strong>natura</strong></span> <span class='ocrx_word' id='word_1_525' title='bbox 2612 2043 2709 2081; x_wconf 88' lang='lat' dir='ltr'><strong>sna</strong></span> <span class='ocrx_word' id='word_1_526' title='bbox 2742 2025 2810 2079; x_wconf 77' lang='lat'><strong>“.</strong></span> <span class='ocrx_word' id='word_1_527' title='bbox 2850 2043 2871 2078; x_wconf 75' lang='grc' dir='ltr'><strong>ι</strong></span> 
     </span>
    </p>
   </div>
   <div class='ocr_carea' id='block_1_73' title="bbox 2019 2108 3520 2179">
    <p class='ocr_par' dir='ltr' id='par_1_73' title="bbox 2019 2108 3520 2179">
     <span class='ocr_line' id='line_1_73' title="bbox 2019 2108 3520 2179; baseline -0.015 0"><span class='ocrx_word' id='word_1_528' title='bbox 2019 2125 2504 2179; x_wconf 71' lang='lat' dir='ltr'><strong>Verumenimvero</strong></span> <span class='ocrx_word' id='word_1_529' title='bbox 2563 2134 2670 2174; x_wconf 92' lang='lat' dir='ltr'><strong>non</strong></span> <span class='ocrx_word' id='word_1_530' title='bbox 2705 2117 2840 2171; x_wconf 82' lang='lat' dir='ltr'><strong>luxit</strong></span> <span class='ocrx_word' id='word_1_531' title='bbox 2879 2114 3184 2169; x_wconf 63' lang='lat' dir='ltr'><strong>Iudaeorum</strong></span> <span class='ocrx_word' id='word_1_532' title='bbox 3237 2108 3520 2178; x_wconf 76' lang='lat' dir='ltr'><strong>Synagoga</strong></span> 
     </span>
    </p>
   </div>
   <div class='ocr_carea' id='block_1_74' title="bbox 1948 2199 3521 2284">
    <p class='ocr_par' dir='ltr' id='par_1_74' title="bbox 1948 2199 3521 2284">
     <span class='ocr_line' id='line_1_74' title="bbox 1948 2199 3521 2284; baseline -0.015 -16"><span class='ocrx_word' id='word_1_533' title='bbox 1948 2229 2206 2284; x_wconf 86' lang='lat' dir='ltr'><strong>sponsum</strong></span> <span class='ocrx_word' id='word_1_534' title='bbox 2257 2211 2554 2274; x_wconf 68' lang='lat' dir='ltr'><strong>caelestem,</strong></span> <span class='ocrx_word' id='word_1_535' title='bbox 2587 2210 2691 2263; x_wconf 91' lang='lat' dir='ltr'><strong>hoc</strong></span> <span class='ocrx_word' id='word_1_536' title='bbox 2740 2215 2823 2262; x_wconf 82' lang='lat' dir='ltr'><strong>est</strong></span> <span class='ocrx_word' id='word_1_537' title='bbox 2865 2205 3175 2265; x_wconf 81' lang='lat' dir='ltr'><strong>Christum,</strong></span> <span class='ocrx_word' id='word_1_538' title='bbox 3213 2214 3372 2267; x_wconf 87' lang='lat' dir='ltr'><strong>quem</strong></span> <span class='ocrx_word' id='word_1_539' title='bbox 3406 2199 3521 2263; x_wconf 76' lang='lat' dir='ltr'><strong>ipsa</strong></span> 
     </span>
    </p>
   </div>
   <div class='ocr_carea' id='block_1_75' title="bbox 1949 2288 3522 2363">
    <p class='ocr_par' dir='ltr' id='par_1_75' title="bbox 1949 2288 3522 2363">
     <span class='ocr_line' id='line_1_75' title="bbox 1949 2288 3522 2363; baseline -0.015 0"><span class='ocrx_word' id='word_1_540' title='bbox 1949 2306 2225 2363; x_wconf 84' lang='lat' dir='ltr'><strong>interemit</strong></span> <span class='ocrx_word' id='word_1_541' title='bbox 2296 2314 2352 2357; x_wconf 89' lang='lat' dir='ltr'><strong>et</strong></span> <span class='ocrx_word' id='word_1_542' title='bbox 2428 2299 2820 2358; x_wconf 86' lang='lat' dir='ltr'><strong>contumeliose</strong></span> <span class='ocrx_word' id='word_1_543' title='bbox 2898 2296 3108 2352; x_wconf 81' lang='lat' dir='ltr'><strong>habuit.</strong></span> <span class='ocrx_word' id='word_1_544' title='bbox 3161 2288 3522 2358; x_wconf 83' lang='lat' dir='ltr'><strong>Quamobrem</strong></span> 
     </span>
    </p>
   </div>
   <div class='ocr_carea' id='block_1_76' title="bbox 1949 2378 3525 2458">
    <p class='ocr_par' dir='ltr' id='par_1_76' title="bbox 1949 2378 3525 2458">
     <span class='ocr_line' id='line_1_76' title="bbox 1949 2378 3525 2458; baseline -0.015 -5"><span class='ocrx_word' id='word_1_545' title='bbox 1949 2415 1976 2454; x_wconf 88' lang='lat' dir='ltr'><strong>a</strong></span> <span class='ocrx_word' id='word_1_546' title='bbox 2000 2399 2182 2453; x_wconf 85' lang='lat' dir='ltr'><strong>divino</strong></span> <span class='ocrx_word' id='word_1_547' title='bbox 2213 2395 2452 2450; x_wconf 87' lang='lat' dir='ltr'><strong>thalamo</strong></span> <span class='ocrx_word' id='word_1_548' title='bbox 2480 2401 2701 2448; x_wconf 85' lang='lat' dir='ltr'><strong>arcetur</strong></span> <span class='ocrx_word' id='word_1_549' title='bbox 2724 2431 2740 2458; x_wconf 90' lang='lat'><strong>,</strong></span> <span class='ocrx_word' id='word_1_550' title='bbox 2789 2398 2842 2446; x_wconf 93' lang='lat' dir='ltr'><strong>et</strong></span> <span class='ocrx_word' id='word_1_551' title='bbox 2876 2388 3050 2444; x_wconf 89' lang='lat' dir='ltr'><strong>sacris</strong></span> <span class='ocrx_word' id='word_1_552' title='bbox 3092 2384 3295 2455; x_wconf 88' lang='lat' dir='ltr'><strong>nuptiis</strong></span> <span class='ocrx_word' id='word_1_553' title='bbox 3335 2378 3525 2435; x_wconf 77' lang='lat' dir='ltr'><strong>exclu-</strong></span> 
     </span>
    </p>
   </div>
   <div class='ocr_carea' id='block_1_77' title="bbox 1951 2469 3522 2555">
    <p class='ocr_par' dir='ltr' id='par_1_77' title="bbox 1951 2469 3522 2555">
     <span class='ocr_line' id='line_1_77' title="bbox 1951 2469 3522 2555; baseline -0.015 -10"><span class='ocrx_word' id='word_1_554' title='bbox 1951 2494 2116 2554; x_wconf 88' lang='lat' dir='ltr'><strong>ditur,</strong></span> <span class='ocrx_word' id='word_1_555' title='bbox 2163 2499 2218 2545; x_wconf 91' lang='lat' dir='ltr'><strong>et</strong></span> <span class='ocrx_word' id='word_1_556' title='bbox 2255 2487 2374 2542; x_wconf 79' lang='lat' dir='ltr'><strong>festi</strong></span> <span class='ocrx_word' id='word_1_557' title='bbox 2403 2500 2596 2555; x_wconf 82' lang='lat' dir='ltr'><strong>expers</strong></span> <span class='ocrx_word' id='word_1_558' title='bbox 2619 2492 2674 2537; x_wconf 90' lang='lat' dir='ltr'><strong>et</strong></span> <span class='ocrx_word' id='word_1_559' title='bbox 2707 2483 2956 2536; x_wconf 62' lang='lat' dir='ltr'><strong>exheres</strong></span> <span class='ocrx_word' id='word_1_560' title='bbox 3008 2486 3110 2539; x_wconf 88' lang='lat' dir='ltr'><strong>est,</strong></span> <span class='ocrx_word' id='word_1_561' title='bbox 3157 2473 3402 2543; x_wconf 75' lang='lat' dir='ltr'><strong>proiecta</strong></span> <span class='ocrx_word' id='word_1_562' title='bbox 3453 2469 3522 2522; x_wconf 90' lang='lat' dir='ltr'><strong>de</strong></span> 
     </span>
    </p>
   </div>
   <div class='ocr_carea' id='block_1_78' title="bbox 1951 2561 3526 2649">
    <p class='ocr_par' dir='ltr' id='par_1_78' title="bbox 1951 2561 3526 2649">
     <span class='ocr_line' id='line_1_78' title="bbox 1951 2561 3526 2649; baseline -0.016 -11"><span class='ocrx_word' id='word_1_563' title='bbox 1951 2593 2164 2648; x_wconf 57' lang='lat' dir='ltr'><strong>extero,</strong></span> <span class='ocrx_word' id='word_1_564' title='bbox 2205 2589 2366 2649; x_wconf 87' lang='lat' dir='ltr'><strong>atque</strong></span> <span class='ocrx_word' id='word_1_565' title='bbox 2401 2595 2430 2632; x_wconf 89' lang='lat' dir='ltr'><strong>a</strong></span> <span class='ocrx_word' id='word_1_566' title='bbox 2480 2585 2791 2631; x_wconf 90' lang='lat' dir='ltr'><strong>sanctorum</strong></span> <span class='ocrx_word' id='word_1_567' title='bbox 2843 2586 2938 2641; x_wconf 84' lang='lat' dir='ltr'><strong>spe</strong></span> <span class='ocrx_word' id='word_1_568' title='bbox 2980 2565 3371 2624; x_wconf 52' lang='lat' dir='ltr'><strong>remotissima;</strong></span> <span class='ocrx_word' id='word_1_569' title='bbox 3419 2561 3526 2615; x_wconf 76' lang='lat' dir='ltr'><strong>Vo-</strong></span> 
     </span>
    </p>
   </div>
   <div class='ocr_carea' id='block_1_79' title="bbox 1949 2649 3524 2734">
    <p class='ocr_par' dir='ltr' id='par_1_79' title="bbox 1949 2649 3524 2734">
     <span class='ocr_line' id='line_1_79' title="bbox 1949 2649 3524 2734; baseline -0.017 -5"><span class='ocrx_word' id='word_1_570' title='bbox 1949 2685 2067 2729; x_wconf 88' lang='lat' dir='ltr'><strong>cata</strong></span> <span class='ocrx_word' id='word_1_571' title='bbox 2090 2681 2174 2728; x_wconf 91' lang='lat' dir='ltr'><strong>est</strong></span> <span class='ocrx_word' id='word_1_572' title='bbox 2191 2681 2371 2726; x_wconf 87' lang='lat' dir='ltr'><strong>autem</strong></span> <span class='ocrx_word' id='word_1_573' title='bbox 2405 2669 2548 2723; x_wconf 88' lang='lat' dir='ltr'><strong>intro</strong></span> <span class='ocrx_word' id='word_1_574' title='bbox 2565 2668 2616 2720; x_wconf 90' lang='lat' dir='ltr'><strong>iu</strong></span> <span class='ocrx_word' id='word_1_575' title='bbox 2643 2666 2820 2720; x_wconf 82' lang='lat' dir='ltr'><strong>locum</strong></span> <span class='ocrx_word' id='word_1_576' title='bbox 2841 2659 3075 2734; x_wconf 81' lang='lat' dir='ltr'><strong>ejus-illa</strong></span> <span class='ocrx_word' id='word_1_577' title='bbox 3097 2649 3524 2713; x_wconf 67' lang='lat' dir='ltr'><strong>adulescentula,</strong></span> 
     </span>
    </p>
   </div>
   <div class='ocr_carea' id='block_1_80' title="bbox 1952 2750 3525 2834">
    <p class='ocr_par' dir='ltr' id='par_1_80' title="bbox 1952 2750 3525 2834">
     <span class='ocr_line' id='line_1_80' title="bbox 1952 2750 3525 2834; baseline -0.015 -16"><span class='ocrx_word' id='word_1_578' title='bbox 1952 2779 2126 2834; x_wconf 81' lang='lat' dir='ltr'><strong>nuper</strong></span> <span class='ocrx_word' id='word_1_579' title='bbox 2158 2771 2304 2825; x_wconf 88' lang='lat' dir='ltr'><strong>nata,</strong></span> <span class='ocrx_word' id='word_1_580' title='bbox 2348 2759 2438 2813; x_wconf 85' lang='lat' dir='ltr'><strong>illa</strong></span> <span class='ocrx_word' id='word_1_581' title='bbox 2469 2755 2802 2820; x_wconf 87' lang='lat' dir='ltr'><strong>castissima,</strong></span> <span class='ocrx_word' id='word_1_582' title='bbox 2832 2761 2889 2807; x_wconf 91' lang='lat' dir='ltr'><strong>et</strong></span> <span class='ocrx_word' id='word_1_583' title='bbox 2909 2750 3153 2820; x_wconf 84' lang='lat' dir='ltr'><strong>sapiens,</strong></span> <span class='ocrx_word' id='word_1_584' title='bbox 3171 2753 3227 2800; x_wconf 91' lang='lat' dir='ltr'><strong>et</strong></span> <span class='ocrx_word' id='word_1_585' title='bbox 3259 2755 3456 2814; x_wconf 80' lang='lat' dir='ltr'><strong>sponsa</strong></span> <span class='ocrx_word' id='word_1_586' title='bbox 3493 2755 3525 2794; x_wconf 77' lang='grc' dir='ltr'><strong>α</strong></span> 
     </span>
    </p>
   </div>
   <div class='ocr_carea' id='block_1_81' title="bbox 1953 2837 3527 2920">
    <p class='ocr_par' dir='ltr' id='par_1_81' title="bbox 1953 2837 3527 2920">
     <span class='ocr_line' id='line_1_81' title="bbox 1953 2837 3527 2920; baseline -0.017 -9"><span class='ocrx_word' id='word_1_587' title='bbox 1953 2856 2182 2919; x_wconf 78' lang='lat' dir='ltr'><strong>Libano,</strong></span> <span class='ocrx_word' id='word_1_588' title='bbox 2215 2851 2486 2916; x_wconf 85' lang='lat' dir='ltr'><strong>columba,</strong></span> <span class='ocrx_word' id='word_1_589' title='bbox 2523 2847 2774 2920; x_wconf 88' lang='lat' dir='ltr'><strong>pulchra,</strong></span> <span class='ocrx_word' id='word_1_590' title='bbox 2801 2858 2995 2914; x_wconf 83' lang='lat' dir='ltr'><strong>nempe</strong></span> <span class='ocrx_word' id='word_1_591' title='bbox 3026 2837 3266 2896; x_wconf 82' lang='lat' dir='ltr'><strong>Ecclesia</strong></span> <span class='ocrx_word' id='word_1_592' title='bbox 3290 2850 3358 2889; x_wconf 81' lang='lat' dir='ltr'><strong>ex</strong></span> <span class='ocrx_word' id='word_1_593' title='bbox 3388 2846 3527 2904; x_wconf 74' lang='lat' dir='ltr'><strong>geu-</strong></span> 
     </span>
    </p>
   </div>
   <div class='ocr_carea' id='block_1_82' title="bbox 1955 2927 3532 3016">
    <p class='ocr_par' dir='ltr' id='par_1_82' title="bbox 1955 2927 3532 3016">
     <span class='ocr_line' id='line_1_82' title="bbox 1955 2927 3532 3016; baseline -0.017 -13"><span class='ocrx_word' id='word_1_594' title='bbox 1955 2950 2120 3012; x_wconf 81' lang='lat' dir='ltr'><strong>tibus,</strong></span> <span class='ocrx_word' id='word_1_595' title='bbox 2150 2959 2269 3016; x_wconf 76' lang='lat' dir='ltr'><strong>qua:</strong></span> <span class='ocrx_word' id='word_1_596' title='bbox 2305 2947 2478 3014; x_wconf 83' lang='lat' dir='ltr'><strong>ipsam</strong></span> <span class='ocrx_word' id='word_1_597' title='bbox 2517 2939 2717 2997; x_wconf 86' lang='lat' dir='ltr'><strong>Christi</strong></span> <span class='ocrx_word' id='word_1_598' title='bbox 2774 2936 3084 3008; x_wconf 83' lang='lat' dir='ltr'><strong>passionem</strong></span> <span class='ocrx_word' id='word_1_599' title='bbox 3120 2927 3436 2990; x_wconf 80' lang='lat' dir='ltr'><strong>conﬁtetur,</strong></span> <span class='ocrx_word' id='word_1_600' title='bbox 3473 2932 3532 2979; x_wconf 91' lang='lat' dir='ltr'><strong>et</strong></span> 
     </span>
    </p>
   </div>
   <div class='ocr_carea' id='block_1_83' title="bbox 1957 3017 3530 3101">
    <p class='ocr_par' dir='ltr' id='par_1_83' title="bbox 1957 3017 3530 3101">
     <span class='ocr_line' id='line_1_83' title="bbox 1957 3017 3530 3101; baseline -0.017 -7"><span class='ocrx_word' id='word_1_601' title='bbox 1957 3049 2164 3094; x_wconf 86' lang='lat' dir='ltr'><strong>tantum</strong></span> <span class='ocrx_word' id='word_1_602' title='bbox 2199 3051 2302 3090; x_wconf 92' lang='lat' dir='ltr'><strong>non</strong></span> <span class='ocrx_word' id='word_1_603' title='bbox 2341 3034 2608 3101; x_wconf 89' lang='lat' dir='ltr'><strong>deplorat,</strong></span> <span class='ocrx_word' id='word_1_604' title='bbox 2645 3029 2771 3097; x_wconf 88' lang='lat' dir='ltr'><strong>quia</strong></span> <span class='ocrx_word' id='word_1_605' title='bbox 2797 3024 3144 3095; x_wconf 88' lang='lat' dir='ltr'><strong>compatitur,</strong></span> <span class='ocrx_word' id='word_1_606' title='bbox 3186 3028 3254 3075; x_wconf 39' lang='lat' dir='ltr'><strong>et.</strong></span> <span class='ocrx_word' id='word_1_607' title='bbox 3277 3017 3442 3085; x_wconf 74' lang='lat' dir='ltr'><strong>luget,</strong></span> <span class='ocrx_word' id='word_1_608' title='bbox 3475 3023 3530 3070; x_wconf 78' lang='lat' dir='ltr'><strong>et</strong></span> 
     </span>
    </p>
   </div>
   <div class='ocr_carea' id='block_1_84' title="bbox 1955 3104 3528 3188">
    <p class='ocr_par' dir='ltr' id='par_1_84' title="bbox 1955 3104 3528 3188">
     <span class='ocr_line' id='line_1_84' title="bbox 1955 3104 3528 3188; baseline -0.016 -7"><span class='ocrx_word' id='word_1_609' title='bbox 1955 3128 2092 3184; x_wconf 88' lang='lat' dir='ltr'><strong>tollit</strong></span> <span class='ocrx_word' id='word_1_610' title='bbox 2130 3139 2348 3181; x_wconf 90' lang='lat' dir='ltr'><strong>erucem</strong></span> <span class='ocrx_word' id='word_1_611' title='bbox 2379 3137 2554 3185; x_wconf 89' lang='lat' dir='ltr'><strong>suam,</strong></span> <span class='ocrx_word' id='word_1_612' title='bbox 2601 3129 2659 3175; x_wconf 89' lang='lat' dir='ltr'><strong>et</strong></span> <span class='ocrx_word' id='word_1_613' title='bbox 2690 3119 2868 3188; x_wconf 90' lang='lat' dir='ltr'><strong>ipsum</strong></span> <span class='ocrx_word' id='word_1_614' title='bbox 2918 3113 3190 3182; x_wconf 83' lang='lat' dir='ltr'><strong>sequitur,</strong></span> <span class='ocrx_word' id='word_1_615' title='bbox 3236 3115 3293 3164; x_wconf 88' lang='lat' dir='ltr'><strong>et</strong></span> <span class='ocrx_word' id='word_1_616' title='bbox 3335 3104 3528 3160; x_wconf 88' lang='lat' dir='ltr'><strong>iisdem</strong></span> 
     </span>
    </p>
   </div>
   <div class='ocr_carea' id='block_1_85' title="bbox 1954 3197 3530 3284">
    <p class='ocr_par' dir='ltr' id='par_1_85' title="bbox 1954 3197 3530 3284">
     <span class='ocr_line' id='line_1_85' title="bbox 1954 3197 3530 3284; baseline -0.017 -10"><span class='ocrx_word' id='word_1_617' title='bbox 1954 3220 2205 3275; x_wconf 84' lang='lat' dir='ltr'><strong>incedere</strong></span> <span class='ocrx_word' id='word_1_618' title='bbox 2252 3215 2498 3284; x_wconf 73' lang='lat' dir='ltr'><strong>veStigiis</strong></span> <span class='ocrx_word' id='word_1_619' title='bbox 2543 3210 2886 3274; x_wconf 85' lang='lat' dir='ltr'><strong>delectatur,</strong></span> <span class='ocrx_word' id='word_1_620' title='bbox 2935 3199 3155 3274; x_wconf 81' lang='lat' dir='ltr'><strong>propter</strong></span> <span class='ocrx_word' id='word_1_621' title='bbox 3206 3197 3530 3254; x_wconf 79' lang='lat' dir='ltr'><strong>charitatem</strong></span> 
     </span>
    </p>
   </div>
   <div class='ocr_carea' id='block_1_86' title="bbox 1950 3284 3532 3380">
    <p class='ocr_par' dir='ltr' id='par_1_86' title="bbox 1950 3284 3532 3380">
     <span class='ocr_line' id='line_1_86' title="bbox 1950 3284 3532 3380; baseline -0.016 -15"><span class='ocrx_word' id='word_1_622' title='bbox 1950 3311 2147 3380; x_wconf 87' lang='lat' dir='ltr'><strong>quain</strong></span> <span class='ocrx_word' id='word_1_623' title='bbox 2194 3307 2346 3361; x_wconf 89' lang='lat' dir='ltr'><strong>illunt</strong></span> <span class='ocrx_word' id='word_1_624' title='bbox 2396 3313 2502 3359; x_wconf 88' lang='lat' dir='ltr'><strong>est.</strong></span> <span class='ocrx_word' id='word_1_625' title='bbox 2557 3301 2844 3366; x_wconf 73' lang='lat' dir='ltr'><strong>Virgineus</strong></span> <span class='ocrx_word' id='word_1_626' title='bbox 2893 3301 3074 3349; x_wconf 86' lang='lat' dir='ltr'><strong>autem</strong></span> <span class='ocrx_word' id='word_1_627' title='bbox 3125 3284 3532 3380; x_wconf 46' lang='lat' dir='ltr'><strong>sponsusuejus</strong></span> 
     </span>
    </p>
   </div>
   <div class='ocr_carea' id='block_1_87' title="bbox 1957 3375 3526 3468">
    <p class='ocr_par' dir='ltr' id='par_1_87' title="bbox 1957 3375 3526 3468">
     <span class='ocr_line' id='line_1_87' title="bbox 1957 3375 3526 3468; baseline -0.02 -11"><span class='ocrx_word' id='word_1_628' title='bbox 1957 3375 2184 3468; x_wconf 77' lang='lat' dir='ltr'><strong>intelligi</strong></span> <span class='ocrx_word' id='word_1_629' title='bbox 2211 3403 2390 3467; x_wconf 86' lang='lat' dir='ltr'><strong>potest</strong></span> <span class='ocrx_word' id='word_1_630' title='bbox 2430 3388 2746 3448; x_wconf 86' lang='lat' dir='ltr'><strong>Emmanuel</strong></span> <span class='ocrx_word' id='word_1_631' title='bbox 2784 3387 2932 3458; x_wconf 92' lang='lat' dir='ltr'><strong>(licet</strong></span> <span class='ocrx_word' id='word_1_632' title='bbox 2988 3379 3254 3436; x_wconf 87' lang='lat' dir='ltr'><strong>adulterio</strong></span> <span class='ocrx_word' id='word_1_633' title='bbox 3301 3375 3526 3446; x_wconf 86' lang='lat' dir='ltr'><strong>polluta,</strong></span> 
     </span>
    </p>
   </div>
   <div class='ocr_carea' id='block_1_88' title="bbox 1952 3471 3529 3548">
    <p class='ocr_par' dir='ltr' id='par_1_88' title="bbox 1952 3471 3529 3548">
     <span class='ocr_line' id='line_1_88' title="bbox 1952 3471 3529 3548; baseline -0.018 -1"><span class='ocrx_word' id='word_1_634' title='bbox 1952 3502 2006 3548; x_wconf 89' lang='lat' dir='ltr'><strong>et</strong></span> <span class='ocrx_word' id='word_1_635' title='bbox 2041 3505 2162 3544; x_wconf 92' lang='lat' dir='ltr'><strong>cum</strong></span> <span class='ocrx_word' id='word_1_636' title='bbox 2190 3488 2390 3543; x_wconf 89' lang='lat' dir='ltr'><strong>Satana</strong></span> <span class='ocrx_word' id='word_1_637' title='bbox 2431 3482 2697 3538; x_wconf 80' lang='lat' dir='ltr'><strong>fornicata</strong></span> <span class='ocrx_word' id='word_1_638' title='bbox 2751 3475 3045 3532; x_wconf 88' lang='lat' dir='ltr'><strong>secundum</strong></span> <span class='ocrx_word' id='word_1_639' title='bbox 3074 3471 3340 3526; x_wconf 88' lang='lat' dir='ltr'><strong>rationem</strong></span> <span class='ocrx_word' id='word_1_640' title='bbox 3378 3481 3529 3521; x_wconf 88' lang='lat' dir='ltr'><strong>erro-</strong></span> 
     </span>
    </p>
   </div>
   <div class='ocr_carea' id='block_1_89' title="bbox 1956 3561 3531 3645">
    <p class='ocr_par' dir='ltr' id='par_1_89' title="bbox 1956 3561 3531 3645">
     <span class='ocr_line' id='line_1_89' title="bbox 1956 3561 3531 3645; baseline -0.017 -7"><span class='ocrx_word' id='word_1_641' title='bbox 1956 3585 2032 3638; x_wconf 92' lang='lat' dir='ltr'><strong>ris</strong></span> <span class='ocrx_word' id='word_1_642' title='bbox 2059 3582 2139 3637; x_wconf 91' lang='lat' dir='ltr'><strong>sui</strong></span> <span class='ocrx_word' id='word_1_643' title='bbox 2169 3580 2464 3645; x_wconf 84' lang='lat' dir='ltr'><strong>videatur),</strong></span> <span class='ocrx_word' id='word_1_644' title='bbox 2495 3581 2718 3644; x_wconf 87' lang='lat' dir='ltr'><strong>propter</strong></span> <span class='ocrx_word' id='word_1_645' title='bbox 2743 3582 3034 3639; x_wconf 86' lang='lat' dir='ltr'><strong>supernam</strong></span> <span class='ocrx_word' id='word_1_646' title='bbox 3067 3561 3531 3634; x_wconf 78' lang='lat' dir='ltr'><strong>regenerationem</strong></span> 
     </span>
    </p>
   </div>
   <div class='ocr_carea' id='block_1_90' title="bbox 1955 3658 3527 3750">
    <p class='ocr_par' dir='ltr' id='par_1_90' title="bbox 1955 3658 3527 3750">
     <span class='ocr_line' id='line_1_90' title="bbox 1955 3658 3527 3750; baseline -0.018 -16"><span class='ocrx_word' id='word_1_647' title='bbox 1955 3694 2060 3750; x_wconf 88' lang='lat' dir='ltr'><strong>qua</strong></span> <span class='ocrx_word' id='word_1_648' title='bbox 2091 3693 2186 3747; x_wconf 90' lang='lat' dir='ltr'><strong>per</strong></span> <span class='ocrx_word' id='word_1_649' title='bbox 2225 3673 2490 3744; x_wconf 89' lang='lat' dir='ltr'><strong>Spiritum</strong></span> <span class='ocrx_word' id='word_1_650' title='bbox 2519 3668 2673 3724; x_wconf 87' lang='lat' dir='ltr'><strong>ditati</strong></span> <span class='ocrx_word' id='word_1_651' title='bbox 2727 3679 2941 3727; x_wconf 89' lang='lat' dir='ltr'><strong>sumus,</strong></span> <span class='ocrx_word' id='word_1_652' title='bbox 2992 3658 3264 3716; x_wconf 88' lang='lat' dir='ltr'><strong>carnalem</strong></span> <span class='ocrx_word' id='word_1_653' title='bbox 3294 3667 3527 3722; x_wconf 81' lang='lat' dir='ltr'><strong>genera-</strong></span> 
     </span>
    </p>
   </div>
   <div class='ocr_carea' id='block_1_91' title="bbox 1957 3747 3532 3836">
    <p class='ocr_par' dir='ltr' id='par_1_91' title="bbox 1957 3747 3532 3836">
     <span class='ocr_line' id='line_1_91' title="bbox 1957 3747 3532 3836; baseline -0.018 -9"><span class='ocrx_word' id='word_1_654' title='bbox 1957 3747 2158 3827; x_wconf 79' lang='lat' dir='ltr'><strong>tionem</strong></span> <span class='ocrx_word' id='word_1_655' title='bbox 2191 3768 2547 3836; x_wconf 79' lang='lat' dir='ltr'><strong>abnegantes.</strong></span> <span class='ocrx_word' id='word_1_656' title='bbox 2583 3759 2860 3828; x_wconf 88' lang='lat' dir='ltr'><strong>Scriptum</strong></span> <span class='ocrx_word' id='word_1_657' title='bbox 2892 3761 2975 3809; x_wconf 86' lang='lat' dir='ltr'><strong>est</strong></span> <span class='ocrx_word' id='word_1_658' title='bbox 3003 3752 3147 3808; x_wconf 89' lang='lat' dir='ltr'><strong>enim</strong></span> <span class='ocrx_word' id='word_1_659' title='bbox 3179 3750 3245 3805; x_wconf 91' lang='lat' dir='ltr'><strong>de</strong></span> <span class='ocrx_word' id='word_1_660' title='bbox 3276 3747 3532 3803; x_wconf 90' lang='lat' dir='ltr'><strong>Christo:</strong></span> 
     </span>
    </p>
   </div>
   <div class='ocr_carea' id='block_1_92' title="bbox 1962 3847 3532 3932">
    <p class='ocr_par' dir='ltr' id='par_1_92' title="bbox 1962 3847 3532 3932">
     <span class='ocr_line' id='line_1_92' title="bbox 1962 3847 3532 3932; baseline -0.019 -14"><span class='ocrx_word' id='word_1_661' title='bbox 1962 3884 1980 3917; x_wconf 80' lang='grc' dir='ltr'><strong>ι</strong></span> <span class='ocrx_word' id='word_1_662' title='bbox 2023 3863 2078 3918; x_wconf 90' lang='lat' dir='ltr'><strong>ln</strong></span> <span class='ocrx_word' id='word_1_663' title='bbox 2143 3859 2362 3932; x_wconf 87' lang='lat' dir='ltr'><strong>propria</strong></span> <span class='ocrx_word' id='word_1_664' title='bbox 2415 3855 2587 3922; x_wconf 78' lang='lat' dir='ltr'><strong>venit,</strong></span> <span class='ocrx_word' id='word_1_665' title='bbox 2639 3863 2693 3908; x_wconf 90' lang='lat' dir='ltr'><strong>et</strong></span> <span class='ocrx_word' id='word_1_666' title='bbox 2722 3851 2806 3906; x_wconf 91' lang='lat' dir='ltr'><strong>sui</strong></span> <span class='ocrx_word' id='word_1_667' title='bbox 2858 3862 2980 3903; x_wconf 88' lang='lat' dir='ltr'><strong>eum</strong></span> <span class='ocrx_word' id='word_1_668' title='bbox 3034 3860 3140 3899; x_wconf 89' lang='lat' dir='ltr'><strong>non</strong></span> <span class='ocrx_word' id='word_1_669' title='bbox 3192 3847 3532 3907; x_wconf 87' lang='lat' dir='ltr'><strong>receperunt.</strong></span> 
     </span>
    </p>
   </div>
   <div class='ocr_carea' id='block_1_93' title="bbox 1957 3936 3538 4023">
    <p class='ocr_par' dir='ltr' id='par_1_93' title="bbox 1957 3936 3538 4023">
     <span class='ocr_line' id='line_1_93' title="bbox 1957 3936 3538 4023; baseline -0.016 -16"><span class='ocrx_word' id='word_1_670' title='bbox 1957 3955 2231 4023; x_wconf 86' lang='lat' dir='ltr'><strong>Quotquot</strong></span> <span class='ocrx_word' id='word_1_671' title='bbox 2266 3957 2444 4005; x_wconf 89' lang='lat' dir='ltr'><strong>autem</strong></span> <span class='ocrx_word' id='word_1_672' title='bbox 2476 3959 2598 4001; x_wconf 91' lang='lat' dir='ltr'><strong>eum</strong></span> <span class='ocrx_word' id='word_1_673' title='bbox 2632 3947 2956 4011; x_wconf 87' lang='lat' dir='ltr'><strong>receperunt</strong></span> <span class='ocrx_word' id='word_1_674' title='bbox 3003 3936 3070 4001; x_wconf 75' lang='lat'><strong>“,</strong></span> <span class='ocrx_word' id='word_1_675' title='bbox 3115 3952 3134 3986; x_wconf 72' lang='grc' dir='ltr'><strong><em>ο</em></strong></span> <span class='ocrx_word' id='word_1_676' title='bbox 3184 3942 3238 3988; x_wconf 91' lang='lat' dir='ltr'><strong>et</strong></span> <span class='ocrx_word' id='word_1_677' title='bbox 3274 3946 3392 4000; x_wconf 75' lang='lat' dir='ltr'><strong>qua:</strong></span> <span class='ocrx_word' id='word_1_678' title='bbox 3452 3944 3538 3982; x_wconf 86' lang='lat' dir='ltr'><strong>se-</strong></span> 
     </span>
    </p>
   </div>
   <div class='ocr_carea' id='block_1_94' title="bbox 1959 4056 3537 4205">
    <p class='ocr_par' dir='ltr' id='par_1_94' title="bbox 1959 4056 3537 4205">
     <span class='ocr_line' id='line_1_94' title="bbox 1959 4056 3537 4205; baseline -0.018 -12"><span class='ocrx_word' id='word_1_679' title='bbox 1959 4056 2412 4205; x_wconf 36' lang='lat' dir='ltr'><strong>quggovgns.</strong></span> <span class='ocrx_word' id='word_1_680' title='bbox 2448 4132 2519 4194; x_wconf 91' lang='lat'><strong>9,</strong></span> <span class='ocrx_word' id='word_1_681' title='bbox 2557 4129 2645 4183; x_wconf 81' lang='grc'><strong>10.</strong></span> <span class='ocrx_word' id='word_1_682' title='bbox 2699 4125 2949 4178; x_wconf 83' lang='lat' dir='ltr'><strong>Ablatum</strong></span> <span class='ocrx_word' id='word_1_683' title='bbox 3000 4130 3073 4174; x_wconf 76' lang='lat' dir='ltr'><strong>est</strong></span> <span class='ocrx_word' id='word_1_684' title='bbox 3121 4117 3440 4184; x_wconf 79' lang='lat' dir='ltr'><strong>sacriﬁcium</strong></span> <span class='ocrx_word' id='word_1_685' title='bbox 3489 4123 3537 4166; x_wconf 85' lang='lat' dir='ltr'><strong>ct</strong></span> 
     </span>
    </p>
   </div>
   <div class='ocr_carea' id='block_1_95' title="bbox 1932 4206 3541 4286">
    <p class='ocr_par' dir='ltr' id='par_1_95' title="bbox 1932 4206 3541 4286">
     <span class='ocr_line' id='line_1_95' title="bbox 1932 4206 3541 4286; baseline -0.014 -6"><span class='ocrx_word' id='word_1_686' title='bbox 1932 4216 2144 4280; x_wconf 37' lang='lat' dir='ltr'><strong>.libatio</strong></span> <span class='ocrx_word' id='word_1_687' title='bbox 2169 4225 2230 4278; x_wconf 85' lang='lat' dir='ltr'><strong>de</strong></span> <span class='ocrx_word' id='word_1_688' title='bbox 2261 4224 2417 4276; x_wconf 83' lang='lat' dir='ltr'><strong>domo</strong></span> <span class='ocrx_word' id='word_1_689' title='bbox 2464 4219 2699 4275; x_wconf 85' lang='lat' dir='ltr'><strong>Domini.</strong></span> <span class='ocrx_word' id='word_1_690' title='bbox 2729 4215 2944 4286; x_wconf 79' lang='lat' dir='ltr'><strong>Lugete,</strong></span> <span class='ocrx_word' id='word_1_691' title='bbox 2997 4211 3293 4267; x_wconf 75' lang='lat' dir='ltr'><strong>sacerdotes</strong></span> <span class='ocrx_word' id='word_1_692' title='bbox 3323 4245 3342 4272; x_wconf 91' lang='lat'><strong>,</strong></span> <span class='ocrx_word' id='word_1_693' title='bbox 3385 4206 3541 4260; x_wconf 85' lang='lat' dir='ltr'><strong>mini-</strong></span> 
     </span>
    </p>
   </div>
   <div class='ocr_carea' id='block_1_96' title="bbox 1962 4298 3538 4381">
    <p class='ocr_par' dir='ltr' id='par_1_96' title="bbox 1962 4298 3538 4381">
     <span class='ocr_line' id='line_1_96' title="bbox 1962 4298 3538 4381; baseline -0.014 -8"><span class='ocrx_word' id='word_1_694' title='bbox 1962 4326 2188 4373; x_wconf 82' lang='lat' dir='ltr'><strong>strantes</strong></span> <span class='ocrx_word' id='word_1_695' title='bbox 2226 4315 2384 4368; x_wconf 82' lang='lat' dir='ltr'><strong>altari</strong></span> <span class='ocrx_word' id='word_1_696' title='bbox 2415 4311 2648 4376; x_wconf 85' lang='lat' dir='ltr'><strong>Domini,</strong></span> <span class='ocrx_word' id='word_1_697' title='bbox 2673 4309 2926 4381; x_wconf 85' lang='lat' dir='ltr'><strong>quoniam</strong></span> <span class='ocrx_word' id='word_1_698' title='bbox 2949 4303 3173 4358; x_wconf 78' lang='lat' dir='ltr'><strong>desolali</strong></span> <span class='ocrx_word' id='word_1_699' title='bbox 3195 4311 3314 4355; x_wconf 69' lang='lat' dir='ltr'><strong>sunt</strong></span> <span class='ocrx_word' id='word_1_700' title='bbox 3346 4298 3538 4364; x_wconf 83' lang='lat' dir='ltr'><strong>campi.</strong></span> 
     </span>
    </p>
   </div>
   <div class='ocr_carea' id='block_1_97' title="bbox 1967 4388 3542 4478">
    <p class='ocr_par' dir='ltr' id='par_1_97' title="bbox 1967 4388 3542 4478">
     <span class='ocr_line' id='line_1_97' title="bbox 1967 4388 3542 4478; baseline -0.015 -15"><span class='ocrx_word' id='word_1_701' title='bbox 1967 4410 2162 4478; x_wconf 77' lang='lat' dir='ltr'><strong>Lugeat</strong></span> <span class='ocrx_word' id='word_1_702' title='bbox 2191 4416 2359 4469; x_wconf 83' lang='lat' dir='ltr'><strong>terra,</strong></span> <span class='ocrx_word' id='word_1_703' title='bbox 2383 4404 2640 4475; x_wconf 86' lang='lat' dir='ltr'><strong>quoniam</strong></span> <span class='ocrx_word' id='word_1_704' title='bbox 2666 4401 2928 4471; x_wconf 77' lang='lat' dir='ltr'><strong>afﬂictum</strong></span> <span class='ocrx_word' id='word_1_705' title='bbox 2976 4405 3048 4451; x_wconf 82' lang='lat' dir='ltr'><strong>est</strong></span> <span class='ocrx_word' id='word_1_706' title='bbox 3076 4394 3311 4447; x_wconf 85' lang='lat' dir='ltr'><strong>triticum</strong></span> <span class='ocrx_word' id='word_1_707' title='bbox 3338 4408 3356 4456; x_wconf 89' lang='lat'><em>;</em></span> <span class='ocrx_word' id='word_1_708' title='bbox 3400 4388 3542 4443; x_wconf 83' lang='lat' dir='ltr'><strong>aruit</strong></span> 
     </span>
    </p>
   </div>
   <div class='ocr_carea' id='block_1_98' title="bbox 1892 4488 3196 4576">
    <p class='ocr_par' dir='ltr' id='par_1_98' title="bbox 1892 4488 3196 4576">
     <span class='ocr_line' id='line_1_98' title="bbox 1892 4488 3196 4576; baseline -0.012 -22"><span class='ocrx_word' id='word_1_709' title='bbox 1892 4523 1934 4576; x_wconf 78' lang='grc' dir='ltr'>υ</span> <span class='ocrx_word' id='word_1_710' title='bbox 1967 4501 2142 4554; x_wconf 78' lang='lat' dir='ltr'><strong>riuum</strong></span> <span class='ocrx_word' id='word_1_711' title='bbox 2167 4539 2183 4564; x_wconf 92' lang='lat'><strong>,</strong></span> <span class='ocrx_word' id='word_1_712' title='bbox 2210 4498 2555 4551; x_wconf 83' lang='lat' dir='ltr'><strong>imminutum</strong></span> <span class='ocrx_word' id='word_1_713' title='bbox 2583 4503 2656 4548; x_wconf 82' lang='lat' dir='ltr'><strong>est</strong></span> <span class='ocrx_word' id='word_1_714' title='bbox 2683 4493 2876 4546; x_wconf 85' lang='lat' dir='ltr'><strong>oleum.</strong></span> <span class='ocrx_word' id='word_1_715' title='bbox 2907 4488 3196 4542; x_wconf 78' lang='lat' dir='ltr'><strong>Aruerunt.</strong></span> 
     </span>
    </p>
   </div>
   <div class='ocr_carea' id='block_1_99' title="bbox 2034 4572 3546 4657">
    <p class='ocr_par' dir='ltr' id='par_1_99' title="bbox 2034 4572 3546 4657">
     <span class='ocr_line' id='line_1_99' title="bbox 2034 4572 3546 4657; baseline -0.012 -15"><span class='ocrx_word' id='word_1_716' title='bbox 2034 4589 2172 4645; x_wconf 78' lang='lat' dir='ltr'>VIII.</span> <span class='ocrx_word' id='word_1_717' title='bbox 2200 4587 2432 4644; x_wconf 88' lang='lat' dir='ltr'><strong>Perinde</strong></span> <span class='ocrx_word' id='word_1_718' title='bbox 2480 4601 2544 4640; x_wconf 90' lang='lat' dir='ltr'><strong>ac</strong></span> <span class='ocrx_word' id='word_1_719' title='bbox 2569 4585 2612 4640; x_wconf 84' lang='lat' dir='ltr'><strong>si</strong></span> <span class='ocrx_word' id='word_1_720' title='bbox 2663 4584 2808 4638; x_wconf 88' lang='lat' dir='ltr'><strong>dicat</strong></span> <span class='ocrx_word' id='word_1_721' title='bbox 2836 4579 3084 4657; x_wconf 78' lang='lat' dir='ltr'><strong>apertius</strong></span> <span class='ocrx_word' id='word_1_722' title='bbox 3148 4592 3160 4628; x_wconf 90' lang='lat'><strong>:</strong></span> <span class='ocrx_word' id='word_1_723' title='bbox 3223 4572 3546 4629; x_wconf 76' lang='lat' dir='ltr'><strong>Defeceruut</strong></span> 
     </span>
    </p>
   </div>
   <div class='ocr_carea' id='block_1_100' title="bbox 1962 4671 3548 4751">
    <p class='ocr_par' dir='ltr' id='par_1_100' title="bbox 1962 4671 3548 4751">
     <span class='ocr_line' id='line_1_100' title="bbox 1962 4671 3548 4751; baseline -0.01 -17"><span class='ocrx_word' id='word_1_724' title='bbox 1962 4681 2262 4751; x_wconf 80' lang='lat' dir='ltr'><strong>gratiarum</strong></span> <span class='ocrx_word' id='word_1_725' title='bbox 2310 4679 2580 4745; x_wconf 87' lang='lat' dir='ltr'><strong>actiones,</strong></span> <span class='ocrx_word' id='word_1_726' title='bbox 2612 4686 2666 4732; x_wconf 90' lang='lat' dir='ltr'><strong>et</strong></span> <span class='ocrx_word' id='word_1_727' title='bbox 2689 4675 2778 4746; x_wconf 88' lang='lat' dir='ltr'><strong>qui</strong></span> <span class='ocrx_word' id='word_1_728' title='bbox 2804 4671 2978 4728; x_wconf 86' lang='lat' dir='ltr'><strong>sacris</strong></span> <span class='ocrx_word' id='word_1_729' title='bbox 3001 4679 3290 4740; x_wconf 78' lang='lat' dir='ltr'><strong>operetur;</strong></span> <span class='ocrx_word' id='word_1_730' title='bbox 3326 4680 3548 4734; x_wconf 85' lang='lat' dir='ltr'><strong>prorsus</strong></span> 
     </span>
    </p>
   </div>
   <div class='ocr_carea' id='block_1_101' title="bbox 1962 4758 3546 4843">
    <p class='ocr_par' dir='ltr' id='par_1_101' title="bbox 1962 4758 3546 4843">
     <span class='ocr_line' id='line_1_101' title="bbox 1962 4758 3546 4843; baseline -0.013 -15"><span class='ocrx_word' id='word_1_731' title='bbox 1962 4788 2123 4828; x_wconf 89' lang='lat' dir='ltr'><strong>nemo</strong></span> <span class='ocrx_word' id='word_1_732' title='bbox 2149 4783 2232 4829; x_wconf 91' lang='lat' dir='ltr'><strong>est</strong></span> <span class='ocrx_word' id='word_1_733' title='bbox 2263 4773 2526 4843; x_wconf 89' lang='lat' dir='ltr'><strong>amplius,</strong></span> <span class='ocrx_word' id='word_1_734' title='bbox 2557 4771 2646 4841; x_wconf 89' lang='lat' dir='ltr'><strong>qui</strong></span> <span class='ocrx_word' id='word_1_735' title='bbox 2682 4781 2839 4824; x_wconf 81' lang='lat' dir='ltr'><strong>sacra</strong></span> <span class='ocrx_word' id='word_1_736' title='bbox 2868 4765 3007 4820; x_wconf 88' lang='lat' dir='ltr'><strong>dona</strong></span> <span class='ocrx_word' id='word_1_737' title='bbox 3039 4760 3303 4817; x_wconf 84' lang='lat' dir='ltr'><strong>oll‘eratet</strong></span> <span class='ocrx_word' id='word_1_738' title='bbox 3337 4758 3546 4828; x_wconf 78' lang='lat' dir='ltr'><strong>frugum</strong></span> 
     </span>
    </p>
   </div>
   <div class='ocr_carea' id='block_1_102' title="bbox 1962 4853 3540 4937">
    <p class='ocr_par' dir='ltr' id='par_1_102' title="bbox 1962 4853 3540 4937">
     <span class='ocr_line' id='line_1_102' title="bbox 1962 4853 3540 4937; baseline -0.008 -17"><span class='ocrx_word' id='word_1_739' title='bbox 1962 4869 2270 4937; x_wconf 87' lang='lat' dir='ltr'><strong>primitias,</strong></span> <span class='ocrx_word' id='word_1_740' title='bbox 2308 4867 2645 4936; x_wconf 83' lang='lat' dir='ltr'><strong>manipulum</strong></span> <span class='ocrx_word' id='word_1_741' title='bbox 2682 4905 2696 4928; x_wconf 91' lang='lat'><strong>,</strong></span> <span class='ocrx_word' id='word_1_742' title='bbox 2741 4870 2889 4931; x_wconf 88' lang='lat' dir='ltr'><strong>puta,</strong></span> <span class='ocrx_word' id='word_1_743' title='bbox 2922 4871 3022 4926; x_wconf 90' lang='lat' dir='ltr'><strong>pro</strong></span> <span class='ocrx_word' id='word_1_744' title='bbox 3049 4854 3304 4926; x_wconf 85' lang='lat' dir='ltr'><strong>primitiis</strong></span> <span class='ocrx_word' id='word_1_745' title='bbox 3355 4853 3540 4907; x_wconf 81' lang='lat' dir='ltr'><strong>messi:</strong></span> 
     </span>
    </p>
   </div>
   <div class='ocr_carea' id='block_1_103' title="bbox 1969 4946 3522 5022">
    <p class='ocr_par' dir='ltr' id='par_1_103' title="bbox 1969 4946 3522 5022">
     <span class='ocr_line' id='line_1_103' title="bbox 1969 4946 3522 5022; baseline -0.01 -10"><span class='ocrx_word' id='word_1_746' title='bbox 1969 4958 2250 5022; x_wconf 83' lang='lat' dir='ltr'><strong>frumenti,</strong></span> <span class='ocrx_word' id='word_1_747' title='bbox 2277 4958 2389 5013; x_wconf 90' lang='lat' dir='ltr'><strong>Deo</strong></span> <span class='ocrx_word' id='word_1_748' title='bbox 2429 4956 2726 5012; x_wconf 87' lang='lat' dir='ltr'><strong>secundum</strong></span> <span class='ocrx_word' id='word_1_749' title='bbox 2770 4952 2939 5019; x_wconf 79' lang='lat' dir='ltr'><strong>legem</strong></span> <span class='ocrx_word' id='word_1_750' title='bbox 2986 4946 3186 5017; x_wconf 81' lang='lat' dir='ltr'><strong>Moysis</strong></span> <span class='ocrx_word' id='word_1_751' title='bbox 3225 4959 3522 4999; x_wconf 79' lang='lat' dir='ltr'><strong>consecrati</strong></span> 
     </span>
    </p>
   </div>
   <div class='ocr_carea' id='block_1_104' title="bbox 1973 5037 3522 5118">
    <p class='ocr_par' dir='ltr' id='par_1_104' title="bbox 1973 5037 3522 5118">
     <span class='ocr_line' id='line_1_104' title="bbox 1973 5037 3522 5118; baseline -0.008 -15"><span class='ocrx_word' id='word_1_752' title='bbox 1973 5050 2119 5104; x_wconf 87' lang='lat' dir='ltr'><strong>dum.</strong></span> <span class='ocrx_word' id='word_1_753' title='bbox 2159 5051 2274 5105; x_wconf 39' lang='lat' dir='ltr'><strong>Nec»</strong></span> <span class='ocrx_word' id='word_1_754' title='bbox 2300 5059 2382 5104; x_wconf 90' lang='lat' dir='ltr'><strong>est</strong></span> <span class='ocrx_word' id='word_1_755' title='bbox 2413 5049 2505 5118; x_wconf 91' lang='lat' dir='ltr'><strong>qui</strong></span> <span class='ocrx_word' id='word_1_756' title='bbox 2538 5047 2592 5100; x_wconf 91' lang='lat' dir='ltr'><strong>in</strong></span> <span class='ocrx_word' id='word_1_757' title='bbox 2623 5044 2848 5100; x_wconf 76' lang='lat' dir='ltr'><strong>cartallo</strong></span> <span class='ocrx_word' id='word_1_758' title='bbox 2883 5050 3069 5112; x_wconf 89' lang='lat' dir='ltr'><strong>ponat,</strong></span> <span class='ocrx_word' id='word_1_759' title='bbox 3098 5039 3301 5108; x_wconf 89' lang='lat' dir='ltr'><strong>quique</strong></span> <span class='ocrx_word' id='word_1_760' title='bbox 3348 5037 3522 5106; x_wconf 89' lang='lat' dir='ltr'><strong>primo</strong></span> 
     </span>
    </p>
   </div>
   <div class='ocr_carea' id='block_1_105' title="bbox 1971 5131 3552 5211">
    <p class='ocr_par' dir='ltr' id='par_1_105' title="bbox 1971 5131 3552 5211">
     <span class='ocr_line' id='line_1_105' title="bbox 1971 5131 3552 5211; baseline -0.009 -19"><span class='ocrx_word' id='word_1_761' title='bbox 1971 5142 2154 5207; x_wconf 76' lang='lat' dir='ltr'><strong>genita</strong></span> <span class='ocrx_word' id='word_1_762' title='bbox 2190 5149 2473 5211; x_wconf 75' lang='lat' dir='ltr'><strong>segreget,</strong></span> <span class='ocrx_word' id='word_1_763' title='bbox 2525 5147 2579 5192; x_wconf 88' lang='lat' dir='ltr'><strong>et</strong></span> <span class='ocrx_word' id='word_1_764' title='bbox 2611 5137 2665 5189; x_wconf 88' lang='lat' dir='ltr'><strong>in</strong></span> <span class='ocrx_word' id='word_1_765' title='bbox 2708 5136 2923 5188; x_wconf 88' lang='lat' dir='ltr'><strong>domum</strong></span> <span class='ocrx_word' id='word_1_766' title='bbox 2954 5131 3169 5188; x_wconf 87' lang='lat' dir='ltr'><strong>Domini</strong></span> <span class='ocrx_word' id='word_1_767' title='bbox 3206 5131 3390 5183; x_wconf 83' lang='lat' dir='ltr'><strong>venint</strong></span> <span class='ocrx_word' id='word_1_768' title='bbox 3415 5167 3430 5189; x_wconf 91' lang='lat'><strong>,</strong></span> <span class='ocrx_word' id='word_1_769' title='bbox 3489 5140 3552 5179; x_wconf 89' lang='lat' dir='ltr'><strong>ac</strong></span> 
     </span>
    </p>
   </div>
   <div class='ocr_carea' id='block_1_106' title="bbox 1955 5217 3541 5296">
    <p class='ocr_par' dir='ltr' id='par_1_106' title="bbox 1955 5217 3541 5296">
     <span class='ocr_line' id='line_1_106' title="bbox 1955 5217 3541 5296; baseline -0.008 -18"><span class='ocrx_word' id='word_1_770' title='bbox 1955 5227 2067 5283; x_wconf 71' lang='lat' dir='ltr'><strong>Deo</strong></span> <span class='ocrx_word' id='word_1_771' title='bbox 2096 5229 2288 5282; x_wconf 88' lang='lat' dir='ltr'><strong>laudes</strong></span> <span class='ocrx_word' id='word_1_772' title='bbox 2318 5237 2612 5296; x_wconf 85' lang='lat' dir='ltr'><strong>gratesque</strong></span> <span class='ocrx_word' id='word_1_773' title='bbox 2656 5222 2976 5294; x_wconf 85' lang='lat' dir='ltr'><strong>persolvat,</strong></span> <span class='ocrx_word' id='word_1_774' title='bbox 3037 5231 3096 5275; x_wconf 87' lang='grc' dir='ltr'><strong>ιιι</strong></span> <span class='ocrx_word' id='word_1_775' title='bbox 3136 5219 3364 5276; x_wconf 81' lang='lat' dir='ltr'><strong>solebat.</strong></span> <span class='ocrx_word' id='word_1_776' title='bbox 3417 5217 3541 5269; x_wconf 90' lang='lat' dir='ltr'><strong>Ideo</strong></span> 
     </span>
    </p>
   </div>
   <div class='ocr_carea' id='block_1_107' title="bbox 297 5308 1846 5404">
    <p class='ocr_par' dir='ltr' id='par_1_107' title="bbox 297 5308 1846 5404">
     <span class='ocr_line' id='line_1_107' title="bbox 297 5308 1846 5404; baseline 0.003 -25"><span class='ocrx_word' id='word_1_777' title='bbox 297 5329 465 5394; x_wconf 68' lang='grc' dir='ltr'><strong>ρεύειν</strong></span> <span class='ocrx_word' id='word_1_778' title='bbox 495 5330 677 5400; x_wconf 76' lang='grc' dir='ltr'><strong>ἔργον.</strong></span> <span class='ocrx_word' id='word_1_779' title='bbox 709 5330 977 5404; x_wconf 82' lang='grc' dir='ltr'><strong>Ταύτῃτοι</strong></span> <span class='ocrx_word' id='word_1_780' title='bbox 1007 5308 1224 5384; x_wconf 86' lang='grc' dir='ltr'><strong>πενθεῖν</strong></span> <span class='ocrx_word' id='word_1_781' title='bbox 1249 5308 1316 5384; x_wconf 14' lang='grc' dir='ltr'><strong>τὸγ</strong></span> <span class='ocrx_word' id='word_1_782' title='bbox 1335 5330 1632 5384; x_wconf 79' lang='grc' dir='ltr'><strong>ἀπόλεκτον</strong></span> <span class='ocrx_word' id='word_1_783' title='bbox 1661 5308 1846 5384; x_wconf 82' lang='grc' dir='ltr'><strong>κελεύε</strong></span> 
     </span>
    </p>
   </div>
   <div class='ocr_carea' id='block_1_108' title="bbox 1953 5308 3550 5404">
    <p class='ocr_par' dir='ltr' id='par_1_108' title="bbox 1971 5308 3550 5391">
     <span class='ocr_line' id='line_1_108' title="bbox 1971 5308 3550 5391; baseline -0.011 -16"><span class='ocrx_word' id='word_1_784' title='bbox 1971 5322 2156 5391; x_wconf 78' lang='lat' dir='ltr'><strong>lugere</strong></span> <span class='ocrx_word' id='word_1_785' title='bbox 2191 5320 2345 5390; x_wconf 88' lang='lat' dir='ltr'><strong>jubet</strong></span> <span class='ocrx_word' id='word_1_786' title='bbox 2387 5319 2622 5374; x_wconf 90' lang='lat' dir='ltr'><strong>electum</strong></span> <span class='ocrx_word' id='word_1_787' title='bbox 2667 5331 2835 5387; x_wconf 80' lang='lat' dir='ltr'><strong>genus</strong></span> <span class='ocrx_word' id='word_1_788' title='bbox 2861 5355 2876 5381; x_wconf 94' lang='lat'><strong>,</strong></span> <span class='ocrx_word' id='word_1_789' title='bbox 2929 5313 3239 5370; x_wconf 85' lang='lat' dir='ltr'><strong>sacerdotes</strong></span> <span class='ocrx_word' id='word_1_790' title='bbox 3293 5308 3496 5364; x_wconf 89' lang='lat' dir='ltr'><strong>scilicet</strong></span> <span class='ocrx_word' id='word_1_791' title='bbox 3533 5324 3550 5369; x_wconf 84' lang='lat'><strong>;</strong></span> 
     </span>
    </p>
   </div>
   <div class='ocr_carea' id='block_1_109' title="bbox 296 5421 1874 5494">
    <p class='ocr_par' dir='ltr' id='par_1_109' title="bbox 296 5421 1874 5494">
     <span class='ocr_line' id='line_1_109' title="bbox 296 5421 1874 5494; baseline 0.003 -23"><span class='ocrx_word' id='word_1_792' title='bbox 296 5421 461 5486; x_wconf 81' lang='grc' dir='ltr'><strong>γένος,</strong></span> <span class='ocrx_word' id='word_1_793' title='bbox 493 5440 567 5493; x_wconf 85' lang='grc' dir='ltr'><strong>φη</strong></span> <span class='ocrx_word' id='word_1_794' title='bbox 578 5423 639 5493; x_wconf 77' lang='grc' dir='ltr'><strong>μὶ</strong></span> <span class='ocrx_word' id='word_1_795' title='bbox 661 5422 725 5493; x_wconf 81' lang='grc' dir='ltr'><strong>δὴ</strong></span> <span class='ocrx_word' id='word_1_796' title='bbox 757 5423 882 5486; x_wconf 82' lang='grc' dir='ltr'><strong>τοὺς</strong></span> <span class='ocrx_word' id='word_1_797' title='bbox 917 5423 1120 5494; x_wconf 82' lang='grc' dir='ltr'><strong>ἱερέας,</strong></span> <span class='ocrx_word' id='word_1_798' title='bbox 1153 5423 1214 5476; x_wconf 80' lang='grc' dir='ltr'><strong>οὐ</strong></span> <span class='ocrx_word' id='word_1_799' title='bbox 1239 5423 1542 5493; x_wconf 86' lang='grc' dir='ltr'><strong>λημμάτων</strong></span> <span class='ocrx_word' id='word_1_800' title='bbox 1571 5424 1733 5492; x_wconf 69' lang='grc' dir='ltr'><strong>ἕνεκα</strong></span> <span class='ocrx_word' id='word_1_801' title='bbox 1759 5424 1874 5476; x_wconf 90' lang='grc' dir='ltr'><strong>δια-</strong></span> 
     </span>
    </p>
   </div>
   <div class='ocr_carea' id='block_1_110' title="bbox 1970 5403 3539 5479">
    <p class='ocr_par' dir='ltr' id='par_1_110' title="bbox 1970 5403 3539 5479">
     <span class='ocr_line' id='line_1_110' title="bbox 1970 5403 3539 5479; baseline -0.013 -13"><span class='ocrx_word' id='word_1_802' title='bbox 1970 5427 2077 5466; x_wconf 87' lang='grc' dir='ltr'><strong>ιιοη</strong></span> <span class='ocrx_word' id='word_1_803' title='bbox 2109 5421 2168 5464; x_wconf 88' lang='grc' dir='ltr'><strong>ιιι</strong></span> <span class='ocrx_word' id='word_1_804' title='bbox 2215 5409 2306 5478; x_wconf 89' lang='lat' dir='ltr'><strong>qui</strong></span> <span class='ocrx_word' id='word_1_805' title='bbox 2350 5407 2668 5479; x_wconf 86' lang='lat' dir='ltr'><strong>compendia</strong></span> <span class='ocrx_word' id='word_1_806' title='bbox 2722 5420 2818 5462; x_wconf 87' lang='lat' dir='ltr'><strong>sua</strong></span> <span class='ocrx_word' id='word_1_807' title='bbox 2876 5403 3258 5474; x_wconf 86' lang='lat' dir='ltr'><strong>perdiderint,</strong></span> <span class='ocrx_word' id='word_1_808' title='bbox 3309 5409 3539 5462; x_wconf 90' lang='lat' dir='ltr'><strong>quorum</strong></span> 
     </span>
    </p>
   </div>
   <div class='ocr_carea' id='block_1_111' title="bbox 297 5486 1846 5584">
    <p class='ocr_par' dir='ltr' id='par_1_111' title="bbox 297 5486 1846 5584">
     <span class='ocr_line' id='line_1_111' title="bbox 297 5486 1846 5584; baseline -0.001 -20"><span class='ocrx_word' id='word_1_809' title='bbox 297 5486 682 5584; x_wconf 70' lang='grc' dir='ltr'><strong>πονουμένους,</strong></span> <span class='ocrx_word' id='word_1_810' title='bbox 714 5486 829 5566; x_wconf 68' lang='grc' dir='ltr'><strong>αλλ’</strong></span> <span class='ocrx_word' id='word_1_811' title='bbox 864 5512 938 5576; x_wconf 81' lang='grc' dir='ltr'><strong>ὡς</strong></span> <span class='ocrx_word' id='word_1_812' title='bbox 973 5486 1082 5565; x_wconf 71' lang='grc' dir='ltr'><strong>τῶν</strong></span> <span class='ocrx_word' id='word_1_813' title='bbox 1109 5486 1228 5564; x_wconf 66' lang='grc' dir='ltr'><strong>ὑπὸ</strong></span> <span class='ocrx_word' id='word_1_814' title='bbox 1258 5486 1414 5583; x_wconf 69' lang='grc' dir='ltr'><strong>χέῖρα</strong></span> <span class='ocrx_word' id='word_1_815' title='bbox 1445 5489 1594 5565; x_wconf 16' lang='grc' dir='ltr'><strong>λαῶν,</strong></span> <span class='ocrx_word' id='word_1_816' title='bbox 1637 5511 1846 5582; x_wconf 83' lang='grc' dir='ltr'><strong>ὑπερηλ</strong></span> 
     </span>
    </p>
   </div>
   <div class='ocr_carea' id='block_1_112' title="bbox 1953 5486 3550 5584">
    <p class='ocr_par' dir='ltr' id='par_1_112' title="bbox 1973 5486 3550 5569">
     <span class='ocr_line' id='line_1_112' title="bbox 1973 5486 3550 5569; baseline -0.016 -9"><span class='ocrx_word' id='word_1_817' title='bbox 1973 5520 2139 5560; x_wconf 83' lang='lat' dir='ltr'><strong>Causa</strong></span> <span class='ocrx_word' id='word_1_818' title='bbox 2170 5501 2496 5569; x_wconf 88' lang='lat' dir='ltr'><strong>laborarint,</strong></span> <span class='ocrx_word' id='word_1_819' title='bbox 2526 5501 2620 5558; x_wconf 89' lang='lat' dir='ltr'><strong>sed</strong></span> <span class='ocrx_word' id='word_1_820' title='bbox 2675 5497 2865 5554; x_wconf 86' lang='lat' dir='ltr'><strong>crediti</strong></span> <span class='ocrx_word' id='word_1_821' title='bbox 2895 5494 3076 5566; x_wconf 91' lang='lat' dir='ltr'><strong>populi</strong></span> <span class='ocrx_word' id='word_1_822' title='bbox 3113 5493 3283 5546; x_wconf 81' lang='lat' dir='ltr'><strong>vicem</strong></span> <span class='ocrx_word' id='word_1_823' title='bbox 3326 5486 3550 5541; x_wconf 89' lang='lat' dir='ltr'><strong>nimium</strong></span> 
     </span>
    </p>
   </div>
   <div class='ocr_carea' id='block_1_113' title="bbox 294 5575 1846 5675">
    <p class='ocr_par' dir='ltr' id='par_1_113' title="bbox 294 5600 1846 5675">
     <span class='ocr_line' id='line_1_113' title="bbox 294 5600 1846 5675; baseline 0.001 -22"><span class='ocrx_word' id='word_1_824' title='bbox 294 5602 549 5672; x_wconf 75' lang='grc' dir='ltr'><strong>γηκότας,</strong></span> <span class='ocrx_word' id='word_1_825' title='bbox 579 5603 676 5656; x_wconf 71' lang='grc' dir='ltr'><strong>καὶ</strong></span> <span class='ocrx_word' id='word_1_826' title='bbox 714 5601 1064 5675; x_wconf 63' lang='grc' dir='ltr'><strong>φεθειμένους</strong></span> <span class='ocrx_word' id='word_1_827' title='bbox 1108 5602 1187 5664; x_wconf 82' lang='grc' dir='ltr'><strong>εἰς</strong></span> <span class='ocrx_word' id='word_1_828' title='bbox 1224 5600 1566 5672; x_wconf 82' lang='grc' dir='ltr'><strong>λειτουργίαν</strong></span> <span class='ocrx_word' id='word_1_829' title='bbox 1591 5601 1689 5672; x_wconf 81' lang='grc' dir='ltr'><strong>τὴν</strong></span> <span class='ocrx_word' id='word_1_830' title='bbox 1723 5603 1846 5672; x_wconf 70' lang='grc' dir='ltr'><strong>ἱερά</strong></span> 
     </span>
    </p>
   </div>
   <div class='ocr_carea' id='block_1_114' title="bbox 1953 5575 3552 5675">
    <p class='ocr_par' dir='ltr' id='par_1_114' title="bbox 1974 5575 3552 5666">
     <span class='ocr_line' id='line_1_114' title="bbox 1974 5575 3552 5666; baseline -0.016 -15"><span class='ocrx_word' id='word_1_831' title='bbox 1974 5606 2234 5666; x_wconf 85' lang='lat' dir='ltr'><strong>quantum</strong></span> <span class='ocrx_word' id='word_1_832' title='bbox 2286 5594 2567 5661; x_wconf 87' lang='lat' dir='ltr'><strong>dolentes,</strong></span> <span class='ocrx_word' id='word_1_833' title='bbox 2596 5600 2651 5647; x_wconf 91' lang='lat' dir='ltr'><strong>ct</strong></span> <span class='ocrx_word' id='word_1_834' title='bbox 2696 5587 2978 5661; x_wconf 80' lang='lat' dir='ltr'><strong>praefectos</strong></span> <span class='ocrx_word' id='word_1_835' title='bbox 3016 5579 3276 5639; x_wconf 70' lang='lat' dir='ltr'><strong>obeundae</strong></span> <span class='ocrx_word' id='word_1_836' title='bbox 3312 5575 3552 5644; x_wconf 60' lang='lat' dir='ltr'><strong>lilttrgiae</strong></span> 
     </span>
    </p>
   </div>
   <div class='ocr_carea' id='block_1_115' title="bbox 365 5723 1512 5846">
    <p class='ocr_par' dir='ltr' id='par_1_115' title="bbox 365 5723 1512 5846">
     <span class='ocr_line' id='line_1_115' title="bbox 365 5723 1512 5846; baseline -0.003 -14"><span class='ocrx_word' id='word_1_837' title='bbox 365 5776 413 5808; x_wconf 78' lang='lat'><strong>“</strong></span> <span class='ocrx_word' id='word_1_838' title='bbox 455 5776 571 5833; x_wconf 78' lang='lat' dir='ltr'><strong>Jocl</strong></span> <span class='ocrx_word' id='word_1_839' title='bbox 632 5793 691 5844; x_wconf 83' lang='grc' dir='ltr'><strong>ιι,</strong></span> <span class='ocrx_word' id='word_1_840' title='bbox 739 5777 824 5832; x_wconf 76' lang='grc'><strong>15.</strong></span> <span class='ocrx_word' id='word_1_841' title='bbox 903 5776 946 5808; x_wconf 75' lang='grc'><strong>⁸⁵</strong></span> <span class='ocrx_word' id='word_1_842' title='bbox 1005 5723 1360 5846; x_wconf 49' lang='grc' dir='ltr'><strong>«Ιοίιιι.ι,.11,</strong></span> <span class='ocrx_word' id='word_1_843' title='bbox 1419 5775 1512 5829; x_wconf 72' lang='grc'><strong>12.</strong></span> 
     </span>
    </p>
   </div>
  </div>
