3898 6212
350 288 457 346 345

1339 282 1397 340 S.
1439 284 1708 340 CYRILLI
1745 284 2212 341 ALEXANDRINI
2248 285 2569 343 ARCHIEP.

3489 291 3596 351 544

352 412 545 463 sacm,
595 405 653 454 et
675 396 1025 463 admirandae,
1059 404 1115 451 ut
1167 405 1222 451 ct
1270 413 1382 469 pra:
1426 399 1550 455 aliis
1607 400 1707 471 ipsi
1751 400 1917 455 Deum

2032 418 2083 454 re
2110 403 2203 457 καὶ
2235 400 2582 471 ἀξιάγαστον,
2620 402 2705 456 ῖνα
2734 403 2827 457 καὶ
2860 402 2967 474 πρό
2988 419 3051 471 γε
3083 401 3193 456 τῶν
3221 402 3397 457 ἀλλων
3441 402 3599 456 αὐτοὶ

354 489 723 554 reconcilient,
752 489 1037 558 ipsumque
1067 503 1343 543 sacrorum
1371 492 1670 547 antistitem
1696 491 1918 563 Moysen

353 583 632 638 imitentur
662 621 679 646 ,
712 580 803 652 qui
840 580 1095 635 lsraelem
1138 582 1296 646 rexit,
1338 592 1388 636 et
1420 583 1555 637 dixit
1594 603 1607 639 :
1658 600 1677 634 ι
1737 582 1917 639 Obse—

353 688 468 738 cro,
497 672 743 737 Domine,
777 672 1016 743 peccavit
1044 674 1129 726 hic
1155 674 1388 741 populus
1414 685 1699 742 peccatum
1748 674 1923 729 maxi-

356 779 547 830 mum;
601 774 657 819 et
686 764 730 819 si
775 764 991 832 quidem
1026 762 1257 821 dimittis
1310 763 1417 819 illis
1470 775 1748 833 peccatum
1777 804 1793 831 ,
1835 766 1918 819 di-

355 857 546 922 mitte;
574 856 657 911 sin
694 864 895 922 autem,
925 854 1041 908 dele
1077 870 1161 910 me
1188 856 1255 910 de
1285 855 1429 910 libro
1456 866 1546 911 tuo
1582 872 1742 927 quem
1777 857 1920 911 scri-

356 948 506 1011 t‘sisti
540 947 608 1001 ⁸⁷.
668 965 690 999 ι
740 945 1038 1016 interponit
1085 946 1228 1000 enim
1263 961 1322 1002 se
1368 947 1732 1002 sacerdotium
1780 949 1921 1002 inter

354 1039 521 1092 Deum
554 1045 609 1091 ct
647 1035 942 1105 populum;
979 1046 1033 1092 et
1063 1050 1157 1091 eos
1188 1037 1335 1106 ipsos
1390 1040 1480 1105 qui
1531 1037 1595 1090 ad
1646 1038 1914 1092 sacrificia

352 1126 596 1180 facienda
622 1126 856 1181 instituti
890 1138 1036 1191 sunt,
1072 1143 1196 1180 cum
1233 1128 1306 1182 sit
1332 1144 1524 1182 munus
1577 1130 1710 1182 adeo
1755 1145 1918 1183 vene-

355 1215 549 1280 rabile,
576 1215 751 1280 decet,
778 1216 993 1286 opinor,
1024 1232 1122 1272 nec
1150 1218 1347 1286 injuria
1379 1233 1548 1284 sane,
1583 1222 1917 1289 supplicandi

355 1306 593 1360 libertas.
636 1305 1027 1375 Propemodum
1075 1308 1218 1361 enim
1287 1322 1448 1377 supra
1505 1323 1695 1365 omnes
1754 1312 1919 1364 vitam

353 1412 506 1450 suam
542 1396 652 1451 Deo
676 1408 1018 1464 consecrant,
1069 1412 1165 1467 pro
1222 1400 1462 1468 peccatis
1514 1401 1780 1456 sacriﬁcia
1823 1420 1919 1458 co-

355 1492 651 1546 metlentes.
715 1491 806 1547 Sic
863 1493 1008 1547 enim
1060 1508 1156 1563 per
1189 1508 1251 1548 os
1315 1490 1467 1549 Oscae
1518 1492 1755 1562 loquitur
1803 1496 1922 1548 uni-

354 1579 629 1633 versitatis
667 1580 925 1635 Dominus
980 1599 993 1635 z
1032 1600 1051 1631 ι
1090 1580 1318 1634 l‘eccata
1366 1582 1546 1650 populi
1605 1583 1709 1637 mei
1749 1598 1926 1637 come-

353 1670 599 1737 dent,et
652 1670 705 1723 in
737 1670 1114 1738 iniquitatibus
1161 1685 1348 1727 eorum
1403 1670 1671 1741 accipient
1711 1673 1924 1727 animus

2027 488 2160 542 Θεὸν
2202 488 2673 559 ὲκμειλίσσωνται,
2698 491 2794 544 καὶ
2835 490 2999 544 αὐτὸν
3042 490 3099 544 δὲ
3131 490 3221 544 τὸν
3271 490 3599 564 ἱεροφάντην

2026 580 2389 650 ἀπομιμοῖντο
2421 581 2647 646 Μωσέα,
2682 582 3062 653 προεστηκότα
3080 581 3175 635 τοῦ
3230 581 3465 655 Ἰσραὴλ,
3504 585 3601 640 καὶ

2028 670 2146 741 Θεῷ
2170 672 2395 743 λέγοντα
2420 689 2433 702 ·
2484 692 2502 724 ι
2537 672 2771 744 Δέομαι,
2800 674 3007 745 Κύριε,
3038 674 3360 746 ἡμάρτηκεν
3402 675 3430 727 ὁ
3469 674 3601 737 λαὸς

2027 755 2180 823 οὗτος
2228 762 2504 832 ἁμαρτίαν
2551 762 2816 832 μεγάλην,
2866 762 2961 814 καὶ
3010 763 3060 814 εί
3105 761 3207 831 μὲν
3237 761 3381 831 ἀφῇς
3412 761 3605 822 αὐτοῖς

2026 852 2124 922 τὴν
2156 852 2447 923 ἁμαρτίαν,
2493 854 2662 923 ἀφεςο
2709 854 2757 907 εί
2788 853 2847 905 δὲ
2877 852 2976 924 μὴ,
3021 851 3299 921 ὲξάλειψον
3338 850 3484 922 κάμὲ
3532 851 3602 904 ὲκ

2026 943 2126 1011 τῆς
2160 941 2342 1011 βίϐλου
2364 942 2570 1014 ταύτης
2595 939 2663 1015 ἧς
2694 943 2957 1014 ἔγραψας.
2987 962 3007 996 ι
3042 941 3331 997 Μεσιτεύει
3358 942 3469 1013 γὰρ
3495 942 3601 1011 τῆς

2030 1030 2329 1103 ἱερωσύνης
2360 1031 2422 1087 τὸ
2475 1033 2666 1104 χρῆμα
2705 1033 2824 1105 Θεῷ
2870 1051 2930 1086 τε
2975 1031 3072 1087 καὶ
3116 1033 3301 1096 λαοῖς*
3348 1033 3441 1088 καὶ
3484 1035 3602 1095 τοῖς

2025 1124 2378 1194 τεταγμένοις
2410 1126 2488 1187 εἰς
2512 1124 2854 1196 λειτουργίαν
2889 1125 2989 1194 τὴν
3023 1124 3165 1177 οὕτω
3204 1123 3429 1194 cert-rip],
3459 1122 3606 1194 πρέ-

2028 1233 2122 1270 ποι.
2161 1215 2245 1269 ἂν.
2275 1213 2429 1287 οἶμαί
2468 1233 2594 1280 που,
2640 1217 2734 1270 καὶ
2764 1216 2910 1286 μάλα
2956 1216 3201 1280 εἰκότως,
3246 1218 3280 1285 ἡ
3319 1217 3380 1271 ὲν
3426 1215 3606 1279 λιταῖς

2030 1306 2331 1377 παρρησία.
2378 1305 2679 1374 Μονονουχὶ
2719 1305 2826 1375 γάρ
2872 1306 2967 1358 καὶ
3018 1306 3157 1377 ὑπὲρ
3191 1307 3446 1360 ἁπάντων
3499 1304 3608 1374 τὴν

2032 1397 2169 1456 ἰδίαν
2203 1395 2281 1467 τῷ
2312 1396 2432 1467 Θεῷ
2471 1394 2788 1467 καθιεροῦσι
2817 1395 2981 1467 ζωὴν,
3012 1395 3083 1448 τά
3118 1395 3257 1466 ὑπὲρ
3287 1397 3387 1459 τῆς
3419 1395 3610 1465 ἀμαρ-

2028 1488 2147 1550 τίας
2176 1487 2391 1559 θύματα
2420 1487 2712 1551 ἐσθίοντες.
2753 1486 2925 1540 Τοῦτο
2956 1486 3049 1543 καὶ
3090 1486 3179 1539 διὰ
3212 1486 3397 1557 φωνῆς
3440 1486 3609 1555 Ὦσηέ

2029 1596 2195 1649 φησιν
2222 1580 2251 1632 ὁ
2290 1578 2400 1632 τῶν
2447 1578 2582 1632 ὅλων
2608 1578 2739 1641 Θεός
2761 1595 2776 1609 σ
2803 1595 2823 1628 ι
2856 1577 3157 1648 Ἀμαρτίας
3194 1576 3324 1630 λαοῦ
3362 1594 3466 1648 μου
3499 1578 3613 1647 φά-

2029 1690 2238 1741 γονται,
2263 1673 2357 1726 καί¹
2382 1674 2439 1725 ὲν
2462 1674 2580 1734 ταῖς
2604 1670 2840 1733 ἀδικίαις
2865 1670 3045 1729 αὐτῶν
3074 1670 3333 1741 λήψονται
3360 1671 3461 1735 τὰς
3498 1669 3613 1738 ψυ-

354 1774 542 1815 enrum
573 1761 639 1814 ⁸⁸.
675 1780 694 1813 ι
735 1760 940 1816 Sensus
964 1770 1084 1825 est,
1127 1776 1249 1815 cum
1309 1763 1535 1832 populus
1577 1761 1750 1832 legem
1803 1764 1922 1818 vio-

2032 1765 2127 1835 κάς
2159 1761 2361 1829 αὐτῶν,
2393 1782 2414 1816 ι
2442 1762 2739 1828 τουτέστιν,
2770 1763 2898 1815 ὅταν
2924 1762 3172 1826 ἀδικῶσι,
3209 1761 3271 1815 τὸ
3298 1761 3491 1819 δοκοῦν
3524 1762 3613 1832 τῷ

356 1849 548 1906 laverit
595 1860 650 1906 et
698 1853 1028 1921 peccaverit,
1077 1861 1188 1906 tum
1235 1853 1376 1907 sacri
1415 1852 1727 1908 divinorum
1785 1854 1923 1908 alta-

356 1941 495 1996 rium
556 1941 796 1996 ministri
868 1942 1137 2011 accipient
1200 1943 1411 1997 anintas
1468 1958 1597 1999 suas
1651 1959 1749 2013 pro
1808 1944 1917 1999 illo.

360 2048 381 2082 ι
425 2032 707 2101 Accipient
768 2050 788 2085 ι
833 2042 1058 2102 usurpat
1089 2047 1185 2100 pro
1212 2031 1461 2099 oﬂerent,
1496 2036 1613 2089 sive
1639 2035 1919 2099 dicabunt,

354 2132 410 2174 et
438 2121 687 2190 accipere
713 2121 847 2175 dixit
896 2135 1015 2189 pro,
1068 2122 1178 2177 Deo
1212 2138 1555 2179 consecrare.
1605 2126 1734 2191 Quae
1762 2140 1924 2194 porro

355 2218 465 2277 illis
480 2218 696 2289 occasio
723 2217 976 2289 lugendi?
1007 2237 1026 2271 ι
1064 2219 1296 2275 Desolati
1318 2219 1690 2287 suntcampi,t
1724 2217 1920 2287 inquit;

354 2308 483 2377 quin
505 2316 560 2363 et
591 2309 828 2363 triticum
857 2309 1110 2364 dentibus
1145 2310 1477 2364 locustarum
1537 2324 1819 2364 corrosum
1870 2318 1923 2364 et
1965 2380 1970 2386 _

357 2402 604 2473 rubigine
633 2405 779 2458 velut
807 2407 1075 2460 adustum.
1111 2404 1229 2462 Urit
1257 2407 1401 2461 enim
1436 2406 1649 2476 rubigo.
1680 2416 1735 2460 et
1766 2406 1919 2475 quasi

357 2495 409 2546 in
433 2494 646 2550 cineres
674 2494 869 2566 redigit
897 2512 1151 2564 agrorum
1185 2496 1386 2566 fruges.
1420 2497 1689 2566 ()portere
1719 2506 1922 2551 terram

354 2598 574 2657 quoque
605 2585 792 2657 lugere
814 2591 915 2653 ait,
940 2588 1217 2645 viduatam
1239 2589 1352 2643 suis
1376 2589 1643 2659 frugibus.
1704 2606 1723 2641 ι
1778 2587 1927 2644 Allii-

354 2689 501 2733 ctutn
534 2688 619 2735 est
647 2680 790 2739 enim
832 2682 1091 2747 triticum,
1132 2682 1276 2736 aruit
1314 2682 1497 2736 vinum
1526 2723 1541 2745 ,
1585 2682 1924 2735 imminutum

355 2781 438 2827 νει
475 2772 672 2828 oleum.
704 2774 1011 2837 Aruerunt,
1057 2793 1076 2825 ι
1140 2774 1243 2829 hoc
1283 2782 1386 2836 est,
1441 2773 1602 2850 207
1652 2772 1929 2841 perierunt

355 2863 536 2917 omnia
571 2864 749 2930 illius,
788 2874 845 2918 et
867 2880 1095 2932 quorum
1127 2879 1291 2919 causa
1330 2872 1757 2918 consentaneum
1806 2871 1927 2917 erat

355 2971 476 3010 eam
518 2965 577 3010 ut
608 2958 870 3013 bonorum
911 2955 1179 3016 fructuum
1227 2964 1504 3025 parentem
1552 2954 1928 3022 nutricemque

2023 1857 2172 1927 νόμῳ
2223 1854 2673 1925 πλημμελοῦντες
2704 1854 2754 1909 οἱ
2800 1852 2940 1915 λαοὶ,
2973 1853 3093 1913 τότε
3125 1854 3189 1924 δὴ
3222 1855 3269 1906 οἱ
3298 1852 3407 1907 τῶν
3442 1853 3613 1914 θείων

2025 1947 2429 2016 θυσιαστηρίων
2471 1945 2745 2015 ἱερουργοὶ
2788 1944 3051 2014 λήψονται
3080 1942 3158 2013 τῷ
3198 1942 3316 2013 Θεῷ
3347 1942 3446 2006 τάς
3474 1944 3613 2003 ἐαυ-

2022 2037 2131 2091 τῶν
2157 2035 2335 2106 ψυχὰς
2380 2034 2519 2104 ὑπὲρ
2563 2033 2808 2087 ἐκείνων.
2842 2032 2915 2085 Τὸ
2944 2031 3002 2085 δὲ
3030 2050 3049 2083 ι
3073 2031 3331 2102 λήψονται
3359 2051 3379 2084 ι
3412 2034 3610 2101 φησὶν,

2024 2131 2146 2183 ἀντὶ
2165 2128 2283 2193 τοῦ,
2310 2147 2328 2179 ι
2354 2124 2805 2199 προσκομιοῦσιν,
2828 2142 2849 2173 ι
2875 2124 3039 2193 ῆγουν
3066 2121 3417 2191 ἀναθήσουσι.
3449 2123 3611 2192 Amp.-

2025 2220 2285 2285 ϐἀνεσθαι
2314 2220 2423 2290 γάρ
2456 2218 2674 2285 ἐλέγετο
2710 2216 2771 2269 τὸ
2805 2213 3120 2277 ἀνατιθέναι
3161 2212 3241 2282 τῷ
3278 2211 3417 2282 Θεῷ.
3453 2212 3518 2265 Τί
3549 2211 3615 2271 δὲ

2024 2312 2120 2367 καὶ
2160 2313 2195 2382 ἡ
2230 2310 2502 2382 πρόφασις
2528 2308 2623 2362 τοῦ
2668 2306 2897 2369 πένθους
2942 2305 3158 2370 αὑτοῖς;
3202 2323 3221 2354 ‹
3251 2302 3619 2356 Τεταλαιπώη

2028 2421 2161 2476 ρηκε
2199 2402 2269 2455 τά
2298 2401 2491 2464 πεδία,
2538 2419 2558 2452 ι
2588 2400 2753 2470 φησὶ,
2798 2399 2892 2452 καὶ
2928 2397 3111 2468 μέντοι
3149 2397 3245 2450 xui
3296 2399 3439 2460 σῖτος
3489 2397 3613 2459 τοίς

2026 2496 2205 2551 ὀδοῦσι
2242 2494 2351 2548 τῶν
2386 2493 2625 2563 ἀκρίδων
2669 2489 3157 2561 καταψιλούμενος,
3196 2489 3291 2543 καὶ
3330 2483 3441 2541 οἷον
3478 2490 3614 2558 ἐρυ-

2028 2589 2153 2661 σίὸῃ
2201 2589 2728 2659 καταπιμπράμενα.
2764 2585 2957 2653 Φλέγει
3007 2584 3153 2653 γὰρ,
3200 2582 3309 2636 καὶ·
3347 2580 3616 2650 ἀφανίζει

2026 2681 2175 2741 ὥσπε
2186 2698 2221 2751 ρ
2241 2680 2309 2733 τὰ
2335 2681 2393 2732 ἐν
2423 2680 2632 2750 ἀγροῖς.
2651 2680 2771 2730 Δεῖν
2793 2678 2852 2732 δέ
2872 2695 3037 2749 φησιν
3057 2676 3334 2738 οἱονείπως
3352 2674 3446 2728 καὶ
3475 2690 3612 2728 κατ-

2027 2770 2386 2842 ολοφύρεσθαι
2411 2770 2511 2839 τὴν
2534 2769 2658 2839 γῆν,
2677 2768 3032 2824 ἀπολωλότων
3052 2769 3189 2837 αὐτῇ
3214 2767 3324 2820 τῶν
3351 2765 3612 2837 καρπῶν.

2034 2884 2052 2917 t
2087 2865 2129 2915 Τ
2134 2860 2553 2934 εταλαιπώρηκε
2596 2860 2706 2931 γὰρ
2750 2863 2917 2923 σῖτος,
2949 2858 3220 2930 ἐξηράνθη
3264 2852 3433 2920 οἶνος,
3479 2856 3618 2909 ὠλι-

2030 2955 2184 3026 γώθη
2237 2954 2436 3008 ἔλαιον.
2496 2936 2927 3023 Ἐξηράνθησαν,
2975 2969 2994 3002 ι
3040 2951 3359 3013 τουτέστιν,
3400 2947 3619 3019 οἴχεται

354 3046 638 3101 admirari.
692 3047 755 3102 Et
792 3048 907 3102 haec
956 3063 985 3101 a
1021 3047 1177 3102 nobis
1207 3057 1267 3105 ut
1305 3047 1366 3111 in
1395 3046 1559 3102 rebus.
1595 3061 1717 3117 quae
1759 3059 1925 3105 sensu

2032 3044 2213 3100 πάντα
2240 3044 2310 3097 τὰ
2331 3043 2390 3109 ὲξ
2419 3043 2608 3111 αὐτῆς,
2632 3042 2726 3095 καὶ
2751 3040 2819 3093 τά
2844 3041 2926 3109 ἐφ’
2957 3035 3036 3101 οἷς
3060 3034 3127 3110 ἦν
3159 3040 3305 3101 εἰκὸς
3333 3036 3621 3090 καταϐαυ-

362 3136 738 3209 percipiuntur
764 3140 907 3195 dicta
938 3148 1123 3203 sunto.

431 3398 844 3456 Lamentabitur
873 3416 1001 3456 vero
1032 3399 1344 3471 quicunque
1390 3410 1474 3456 est
1516 3401 1933 3470 probatissimos

357 3492 611 3548 sacerdos
646 3508 758 3561 prae
784 3492 1071 3548 immodica
1097 3494 1367 3548 dementia
1406 3494 1785 3563 purgationem
1832 3510 1929 3566 per

361 3584 524 3640 tidem
553 3583 916 3651 repudiantes,
956 3599 1055 3639 nec
1082 3596 1324 3641 amantes
1375 3600 1407 3640 a
1452 3585 1673 3642 Christo
1721 3588 1929 3643 sancti-

359 3672 535 3729 ﬁcari.
564 3671 1008 3735 Manebuntenim
1039 3676 1107 3729 ab
1134 3675 1351 3745 frugum
1385 3677 1747 3746 spiritualium
1774 3680 1931 3749 copia

359 3764 725 3834 undequaque
787 3775 842 3820 et
898 3765 1222 3822 omnimodis
1302 3767 1542 3823 destituti
1577 3808 1593 3830 .
1679 3778 1738 3825 et
1800 3784 1928 3841 ege-

358 3856 498 3911 bunt
540 3857 688 3911 omni
752 3857 895 3925 quod
954 3872 1049 3913 eos
1102 3858 1249 3912 alere
1281 3867 1334 3913 et
1368 3859 1431 3913 ad
1467 3860 1803 3928 spiritualem
1855 3863 1933 3914 vi-

362 3947 617 4009 rilitatem
649 3951 882 4006 evehere
909 3958 1113 4019 potest,
1157 3948 1488 4003 frumentum
1519 3960 1573 4004 et
1606 3951 1789 4006 vinum
1826 3969 1930 4007 non

365 4040 646 4106 habentes,
675 4056 774 4095 usu
800 4041 902 4096 olei
930 4041 1144 4111 privati.
1210 4040 1436 4110 Mystice
1464 4041 1755 4112 loquimur:
1808 4060 1931 4099 nam

364 4130 525 4190 tidem
577 4132 1003 4201 recipientibus,
1050 4133 1286 4203 seipsutn
1342 4133 1592 4189 Christus
1634 4145 1691 4188 ut
1740 4150 1935 4205 panem

364 4222 492 4278 vitae
529 4234 760 4293 apponet
806 4226 909 4296 (sic
957 4225 1097 4280 enim
1137 4224 1316 4290 aiebat
1359 4239 1424 4280 ξι
1476 4224 1585 4297 Ego
1627 4241 1743 4281 sum
1782 4227 1934 4304 panis

364 4319 519 4372 vivus
548 4317 633 4389 ι).
673 4328 724 4373 et
785 4330 843 4373 ut
895 4321 1073 4375 vinum
1127 4320 1405 4381 laetificans
1454 4335 1548 4374 cor
1589 4320 1822 4375 hominis
1866 4321 1929 4373 ⁸³.

364 4407 600 4466 Rursum
657 4411 899 4482 intelligo
947 4413 1089 4487 quod
1152 4412 1507 4480 intelligentia
1560 4413 1927 4480 perspicitur,

362 4502 506 4568 quod
535 4502 841 4559 sanctiﬁcat
861 4501 1138 4566 nimirum,
1164 4512 1222 4556 et
1252 4503 1321 4557 de
1349 4501 1472 4572 ejus
1500 4502 1673 4574 gratia
1710 4502 1931 4572 partici-

366 4606 496 4660 pare
534 4591 883 4660 intelligitur.
920 4591 1267 4647 Voluntatem
1308 4600 1488 4645 autem
1517 4606 1742 4656 szevam,
1780 4607 1937 4646 acer-

365 4684 489 4737 bam
514 4693 569 4737 et
601 4699 631 4737 a
664 4686 773 4739 Deo
801 4683 1052 4748 alienam,
1088 4694 1329 4740 mentem
1352 4684 1687 4739 incredulatn
1712 4697 1766 4740 et
1788 4702 1923 4740 con-

367 4783 659 4843 tumacem,
687 4793 906 4849 prorsus
947 4777 1183 4847 inopem,
1215 4786 1270 4833 et
1295 4776 1562 4833 bonorum
1606 4793 1729 4848 qua:
1774 4779 1935 4833 modo

369 4866 629 4932 diximus,
668 4871 893 4927 omnino
920 4881 1193 4934 exsortem
1239 4871 1435 4927 reddit.
1481 4869 1737 4925 Sciamus
1772 4871 1934 4927 etiam

370 4957 498 5011 licet
534 4960 785 5027 Paulum,
810 4965 901 5032 qui
935 4965 1300 5020 sanctiticavit
1338 4965 1688 5035 Evangeliutn
1719 4964 1771 5018 in
1804 4979 1937 5034 gen-

369 5047 536 5115 tibus,
563 5058 776 5114 tantum
826 5069 935 5109 non
984 5055 1267 5115 deﬂevisse
1306 5058 1619 5113 incredulos
1649 5072 1712 5110 ex
1752 5054 1938 5123 Israel,

371 5139 525 5209 cuius
554 5140 779 5196 verbum
806 5152 888 5199 est
919 5161 934 5200 :
970 5163 990 5199 t
1025 5146 1268 5202 Tristitia
1295 5160 1379 5204 est
1410 5151 1541 5205 mihi
1596 5165 1787 5220 magna
1830 5140 1934 5216 ",o

371 5244 425 5289 ct
461 5234 663 5302 reliqua
699 5235 970 5305 deinceps.
1031 5238 1123 5291 Est
1172 5251 1350 5294 autem
1384 5244 1650 5314 mysticus
1688 5253 1746 5299 et
1785 5257 1943 5307 arca.

377 5341 499 5392 nus,
523 5334 580 5380 ut
612 5325 746 5389 dixi,
779 5343 940 5397 super
967 5330 1081 5383 luet:
1105 5346 1304 5389 sermo.

447 5692 492 5730 "
541 5696 709 5769 EX‘OtI.
766 5712 936 5764 xxx",
991 5696 1079 5766 51,
1127 5698 1212 5753 52.
1294 5698 1338 5730 ⁸⁸
1390 5698 1524 5755 Osce
1560 5712 1633 5767 ιν,
1698 5702 1747 5763 8.

1852 5701 1895 5731 ⁶⁹
1931 5700 2082 5767 toan.
2125 5719 2197 5767 vt,
2232 5702 2285 5755 il
2318 5722 2329 5769 ;
2365 5704 2526 5758 ΕιειςΙί.
2569 5720 2631 5767 χι.
2680 5704 2767 5756 2.).

1954 3115 2001 3178 ε’
2035 3137 2303 3209 μάζεσθαι
2326 3136 2466 3197 λίαν,
2493 3134 2567 3197 ὼς
2610 3132 2839 3201 καρπῶν
2869 3131 3088 3199 ἀγαθῶν
3126 3130 3335 3201 μητέρα
3367 3128 3461 3182 καὶ
3484 3144 3621 3198 τρο-ε

2032 3231 2153 3301 φύν.
2186 3228 2298 3282 Καὶ
2325 3227 2481 3291 ταυτὶ
2530 3225 2630 3296 μὲν
2678 3226 2808 3299 ἡμῖν
2850 3223 2924 3287 ὡς
2950 3225 3009 3277 έν
3047 3221 3332 3292 αἰσθηταῖς
3368 3219 3627 3293 εἰρήσθω,

2031 3322 2285 3397 πράξεσι.

2102 3411 2597 3482 Καταθρηνήσειγε
2634 3408 2739 3480 μὴν
2758 3408 2885 3473 πᾶς,
2911 3407 3058 3470 εῐτίς
3089 3408 3205 3459 ἐστι
3238 3401 3623 3474 δοκιμώτατος

2032 3508 2231 3579 ἱερεὺς,
2255 3504 2379 3567 τοὺς
2411 3502 2470 3568 ἐξ
2501 3502 2739 3572 ἀμέτρου
2786 3497 3209 3571 φρενοϐλαϐείας
3260 3495 3358 3561 τὴν
3391 3496 3479 3549 διὰ
3521 3495 3618 3547 πί-

2033 3613 2202 3659 στεως
2247 3594 2514 3665 κάθαρσιν
2547 3592 2607 3646 οὐ
2650 3590 3064 3661 προσιεμένους,
3110 3590 3210 3642 οὐκ
3253 3586 3623 3658 ἠγαπηκότας

2030 3687 2087 3751 δὲ
2129 3687 2192 3741 τὸ
2227 3684 2548 3756 ἀγιάζεσθαι
2583 3683 2736 3754 παρά
2782 3682 3043 3750 Χριστοῦ.
3092 3678 3452 3751 Ἀπομενοῦσι
3501 3678 3625 3749 γὰρ

2033 3780 2231 3851 ἔρημοι
2262 3778 2439 3847 πάντη
2466 3793 2523 3829 τε
2565 3777 2660 3829 καὶ
2692 3773 2910 3837 πάντως
2930 3774 3029 3844 τῆς
3050 3773 3248 3844 νοητῆς
3282 3770 3621 3841 εὐκαρπίας,

2034 3873 2128 3925 καί
2153 3873 2210 3923 ὲν
2243 3868 2418 3940 ὲνδείᾳ
2436 3866 2637 3931 παντὸς
2661 3866 2873 3919 ἔσονται
2904 3865 3005 3919 τοῦ.
3027 3863 3246 3935 τρέφειν
3267 3862 3488 3924 εἰδότος,
3519 3861 3623 3913 καὶ

2034 3963 2112 4024 είς
2152 3958 2403 4029 ἀνδρείαν
2455 3958 2651 4019 αὐτοὺς
2680 3958 2778 4027 τὴν
2810 3954 3187 4025 πνευματικὴν
3228 3952 3621 4021 ἀναφέροντος,

2036 4055 2180 4105 σῖτον
2211 4052 2305 4109 καὶ
2335 4045 2477 4103 οἶνον
2504 4050 2605 4103 οὐκ
2640 4048 2873 4118 ἔχοντες,
2916 4047 3012 4099 καὶ
3051 4045 3150 4115 τῆς
3190 4043 3374 4097 ἐλαίου
3415 4042 3615 4114 χρείας

2036 4144 2397 4217 ἐστερημένοι
2407 4160 2421 4174 ο
2452 4141 2711 4213 μυστικὸς
2752 4137 2863 4207 γὰρ
2897 4137 2927 4189 ὁ
2957 4135 3137 4204 λόγος.
3190 4135 3313 4187 Ὅτι
3347 4136 3460 4197 τοῖς
3517 4135 3625 4204 μὲν

2035 4240 2132 4311 τὴν
2170 4240 2348 4291 πίστιν
2376 4234 2773 4307 προσιεμένοις,
2804 4229 2995 4283 ἑαυτὸν
3022 4225 3330 4298 παραθήσει
3382 4226 3627 4296 Χριστὸς

2037 4331 2113 4394 ὡς
2135 4331 2304 4401 ἄρτον,
2331 4314 2477 4397 ζωῆς
2507 4325 2734 4395 (ἔφασκε
2758 4323 2867 4392 γάρ
2884 4337 2899 4351 ο
2929 4339 2948 4373 ι
2972 4318 3113 4389 Ἐγώ
3140 4319 3254 4388 εἰμι
3277 4322 3305 4372 ὁ
3332 4318 3496 4390 ἄρτος
3514 4317 3625 4387 τῆς

2038 4424 2185 4495 ζωῆς
2211 4422 2280 4490 ι),
2334 4421 2409 4483 ὡς
2434 4416 2581 4482 οἶνον,
2617 4414 2976 4486 εὐφραίνοντα
3027 4413 3257 4484 καρδίαν
3305 4409 3621 4482 ἀνθρώπου.

2038 4515 2203 4576 Σύνες
2232 4513 2391 4578 πάλιν
2409 4514 2437 4565 ὃ
2462 4528 2628 4581 φημι.
2665 4507 3077 4577 Καταχρίσουσι
3103 4506 3159 4560 δὲ
3189 4506 3283 4559 καὶ
3311 4504 3476 4574 ἐλαίῳ
3495 4545 3509 4564 ,
3540 4504 3625 4574 τῷ

2036 4607 2213 4679 νοητῷ
2255 4606 2496 4675 δηλονότι
2540 4605 2633 4658 καὶ
2665 4602 2983 4670 ἀγιάζοντι,
3032 4600 3129 4652 καὶ
3168 4598 3244 4660 ὡς
3292 4599 3352 4650 ὲν
3393 4595 3617 4667 μεθέξει

2036 4697 2313 4767 νοουμένῳ
2342 4696 2439 4766 τῆς
2465 4694 2596 4765 παρ’
2638 4692 2803 4757 αὐτοῦ
2848 4690 3091 4762 χάριτος.
3127 4690 3265 4754 Τοὺς
3306 4689 3364 4742 δὲ
3392 4686 3623 4760 γνώμην

2036 4791 2258 4859 ἔχοντας
2282 4788 2486 4859 ἀπηνῆ,
2522 4787 2719 4856 πικρόν
2745 4801 2803 4838 τε
2845 4786 2941 4838 καὶ
2977 4783 3263 4853 ἀφιλόθεον
3293 4782 3439 4847 νοῦν,
3464 4783 3626 4835 ἀπει-

2037 4882 2103 4952 θῆ
2144 4881 2239 4934 καὶ
2293 4880 2606 4948 δυσάγωγον
2630 4921 2644 4943 ,
2702 4879 2858 4935 ἐνδεᾶ
2909 4895 3011 4931 που
3061 4878 3278 4941 πάντως
3316 4876 3618 4945 ἀποφανεῖ,

2039 4974 2133 5027 καὶ
2158 4971 2437 5036 παντελῶς
2470 4972 2737 5042 ἀμέτοχον
2781 4971 2887 5035 τῶν
2914 4971 3119 5041 ἀρτίως
3150 4970 3284 5039 ἡμῖν
3311 4967 3623 5039 εἰρημένων

2038 5068 2280 5135 ἀγαθῶν.
2349 5066 2544 5119 Ἰστέον
2587 5066 2664 5131 δὲ,
2705 5066 2788 5118 ὅτι
2825 5065 2920 5117 καὶ
2953 5061 3164 5127 Παῦλος
3209 5062 3509 5133 ἱερουργῶν
3539 5061 3626 5124 εἰς

2038 5163 2106 5213 τᾶι
2130 5160 2257 5230 ἔθνη
2282 5160 2342 5213 τὸ
2371 5158 2466 5213 τοῦ
2517 5156 2756 5230 Χριστοῦ
2786 5155 3139 5223 Εὑαγγέλιον,
3169 5155 3453 5225 μονονουχὶ
3492 5171 3625 5206 κατ-

2040 5253 2257 5322 εθρήνει
2295 5253 2421 5317 τοὺς
2448 5251 2805 5313 ἀπειθοῦντας
2842 5248 2904 5314 ἐξ
2944 5247 3177 5318 Ἰσραήλ.
3208 5249 3455 5317 Ἔφασκε
3488 5248 3620 5317 γὰρ.

2045 5346 2127 5398 ὅτι
2156 5345 2341 5415 (Λύπη
2378 5344 2466 5415 μοί
2497 5346 2611 5398 ἐστι
2644 5343 2873 5413 μεγάλη,
2895 5361 2912 5393 ι
2943 5343 3035 5396 καὶ
3059 5342 3130 5394 τά
3154 5342 3306 5411 ἑξῆς.
3340 5341 3623 5406 Μυστικδς

2048 5437 2124 5499 δὲ,
2167 5436 2242 5499 ὡς
2287 5438 2440 5507 ἔφην,
2482 5437 2575 5491 καὶ
2621 5436 2997 5505 κεκρυμμένος
3053 5437 3081 5487 ὁ
3123 5436 3216 5495 ἐπὶ
3254 5435 3391 5505 τῷδε
3438 5434 3625 5505 MT“.

2849 5701 2893 5732 ’⁰
2923 5701 3077 5765 lium.
3110 5717 3186 5769 ll,
3210 5701 3269 5765 ‘2.
