3954 6208
258 341 366 399 385

252 551 481 621 κριθῆς,
510 550 602 604 ὅτι
624 550 901 606 ἀπόλωλε
922 548 1215 617 τρυγητὸς
1232 549 1301 613 ἐξ
1329 551 1837 621 ἀγροῦὲἈμπελος

250 642 577 710 ἐξηράνθη,
610 640 709 695 καὶ
737 643 797 694 αἱ
851 639 1043 695 συκαῖ
1079 640 1490 709 ὠλιγώθησαν.
1549 643 1688 696 Ῥοὰ
1738 643 1837 696 καὶ

248 733 468 802 φοῖνιξ,
497 733 595 786 καὶ
626 731 850 801 μῆλον,
882 732 981 785 καὶ
1013 732 1211 784 πάντα
1242 731 1313 785 τὰ
1335 732 1494 796 ξύλα
1518 732 1624 786 τοῦ
1649 733 1837 803 ἀγροῦ

247 823 693 892 ἐξηράνθησαν,
742 823 831 877 ὅτι
871 823 1157 893 ᾔσχυναν
1201 824 1393 893 χαρὰν
1449 828 1503 885 οἱ
1548 826 1667 879 υἱοὶ
1720 824 1838 879 τῶν

248 915 599 984 ἀνθρώπων.

335 1008 422 1065 9'.
478 1008 685 1071 Πένθος
737 1007 989 1078 ἀληθῶς,
1040 1008 1265 1078 ἄλγημά
1310 1025 1369 1060 τε
1433 1008 1528 1062 xui
1583 1009 1837 1080 θρήνημα

243 1104 357 1165 τοῖς
393 1100 615 1154 εἰωθόσι
647 1103 927 1168 γηπονεῖν,
964 1099 1071 1154 τῶν
1097 1102 1157 1153 ὲν
1186 1101 1376 1169 ἀγροῖς
1407 1100 1441 1171 ή
1469 1100 1834 1171 πανωλεθρία,

244 1194 339 1246 xui
378 1192 442 1244 τὸ
469 1192 637 1262 μηδὲν
668 1191 805 1254 ὅλως
835 1193 929 1244 ἀπ’
951 1192 1133 1245 αὐτῶν
1166 1192 1522 1262 συγκομίζειν
1546 1191 1828 1256 δύνασθαι,

245 1287 340 1343 καὶ
384 1283 527 1355 μετὰ
563 1284 808 1354 μακροὺς
843 1282 1072 1352 ἱδρῶτας
1106 1282 1219 1335 ἔσθ’
1266 1284 1376 1335 ὅτε.
1426 1277 1542 1336 Αῦα
1570 1282 1626 1335 δὲ
1656 1284 1724 1337 τὰ
1774 1285 1836 1336 ὲν

244 1381 451 1448 κήποις
503 1379 637 1448 ὀρᾷν
684 1378 793 1431 τῶν
849 1377 1021 1442 ξύλων
1066 1378 1341 1449 ἐξαίρετα,
1387 1378 1560 1448 ληῒοις
1593 1396 1654 1432 τε
1696 1379 1833 1450 ὁμοῦ

241 1467 343 1529 τὰς
392 1466 678 1536 ἀμπέλους
740 1467 1219 1537 κατεφθαρμένας,
1275 1468 1370 1522 xui
1409 1470 1577 1538 αὐτὴν
1621 1469 1677 1522 δὲ
1733 1469 1831 1540 τὴν

242 1557 450 1627 ἀγρίαν
475 1557 608 1628 ὓλην
627 1559 741 1618 τοῖς
770 1558 967 1628 κήποις
1006 1559 1576 1628 συγκαταφθίνουσαν.
1608 1579 1627 1611 ι
1646 1561 1833 1615 Πάντα

242 1648 376 1720 γὰρ,
408 1649 564 1717 φησὶ,
603 1649 670 1702 τὰ
693 1648 824 1713 ξύλα
838 1648 929 1701 τοῦ
950 1649 1122 1720 ἀγροῦ
1140 1650 1539 1722 ὲξηράνθησαν,
1556 1653 1637 1705 ὅτι
1652 1653 1825 1724 ᾔσχυ-

242 1756 342 1791 ναν
377 1737 603 1812 χαρά[ν]
629 1741 736 1793 υἱοὶ
760 1740 1187 1811 τῶνάνθρώπων
1207 1782 1221 1805 ,
1248 1761 1264 1792 ι
1292 1742 1569 1797 τουτέστιν
1593 1784 1608 1807 ,
1636 1743 1824 1813 αἰσχύ-

1146 336 1697 393 COMMENTARIUS
1738 335 1807 390 lN
1848 336 2109 394 JOELEM
2151 339 2589 396 PROPHETAM.

316 454 605 528 Γεωργοὶ,
643 456 911 526 θρηνεῖτε
951 452 1222 527 κτήματα
1276 458 1429 526 ὑπὲρ
1485 459 1681 527 πυροῦ
1729 461 1825 513 καὶ
1869 467 1909 521 Α

3407 345 3511 401 346

2014 460 2175 516 Vens.
2212 463 2298 526 ll,
2334 462 2420 515 12.
2469 457 2752 531 Agricola’,
2800 459 2971 530 lugete
3021 462 3374 528 possessiones
3416 478 3512 529 pro

1941 554 2206 622 frumento
2235 562 2283 606 et
2312 553 2530 615 hordeo,
2559 552 2684 622 quia
2730 552 2882 617 periit
2937 551 3197 605 vindemia
3245 568 3310 607 ea:
3359 570 3511 621 agro.

1951 644 2116 699 Vinea
2151 644 2316 708 aruit,
2350 654 2397 697 et
2439 644 2570 711 ﬁcus
2617 644 2909 697 imminuta’
2950 650 3094 695 sunt.
3135 642 3339 696 Malum
3386 661 3511 712 gra-

1941 748 2122 789 natum
2149 776 2164 801 ,
2215 745 2263 790 et
2298 736 2496 803 palma,
2530 745 2576 787 et
2624 736 2846 794 malum,
2888 742 2937 787 et
2980 734 3156 786 omnia
3212 736 3360 802 ligna
3393 738 3510 805 agri

1939 830 2175 897 arefacta
2219 836 2365 892 sunt,
2422 828 2666 897 quoniam
2717 827 3065 895 confuderunt
3106 828 3361 896 gaudium
3411 828 3509 895 ﬁlii

1937 921 2225 973 hominum.

2011 1010 2102 1064 IX.
2158 1010 2385 1065 Luctum
2426 1008 2546 1063 siue
2603 1007 2784 1071 dubio,
2835 1006 3075 1061 dolorem
3134 1015 3191 1060 et
3247 1007 3511 1074 eiulatum

1939 1118 2096 1162 terra:
2126 1104 2428 1160 cultoribus
2452 1100 2597 1169 parit
2625 1114 2805 1153 rerum
2835 1098 2889 1151 in
2925 1098 3069 1168 agris
3114 1113 3181 1151 ex
3213 1112 3335 1152 asse
3382 1113 3510 1167 per-

1937 1199 2127 1262 nicies,
2165 1211 2286 1252 cum
2320 1194 2453 1249 nihil
2486 1192 2701 1262 penitus
2726 1191 2849 1244 inde
2878 1189 3004 1244 licet
3042 1189 3315 1259 colligere,
3343 1190 3509 1258 idque

1936 1300 2057 1362 post
2080 1290 2266 1359 longos
2294 1287 2520 1341 sudores
2554 1284 2863 1353 aliquando.
2913 1281 2979 1335 Et
3008 1281 3195 1335 videre
3242 1282 3297 1334 in
3334 1282 3511 1335 hortis

1934 1384 2200 1437 arefactas
2230 1379 2452 1433 arbores
2479 1390 2798 1447 generosas,
2857 1380 2912 1426 et
2950 1388 3071 1427 cum
3098 1372 3229 1426 satis
3259 1375 3418 1437 viles,
3450 1382 3509 1426 et

1934 1490 2055 1529 cum
2086 1474 2260 1529 hortis
2284 1472 2446 1527 silvas
2471 1470 2731 1539 periisse.
2771 1485 2789 1517 ι
2824 1465 3016 1521 Omnia
3044 1465 3189 1520 enim
3214 1466 3358 1535 ligna
3388 1465 3506 1534 agri

1933 1564 2173 1619 arefacta
2227 1572 2397 1625 sunt,
2428 1561 2622 1630 inquit,
2674 1560 2932 1629 quoniam
2968 1557 3328 1613 confuderunt
3372 1570 3505 1625 gau-

1935 1658 2084 1709 dium
2119 1654 2211 1708 tilii
2248 1653 2551 1716 hominum,
2585 1669 2604 1701 ›
2636 1652 2738 1706 hoc
2770 1660 2853 1705 est
2884 1688 2901 1714 ,
2952 1649 3286 1703 habitatores
3343 1657 3503 1701 terra:

1932 1745 2283 1802 reddiderunt
2312 1754 2523 1813 tempus
2550 1743 2834 1798 dedecoris
2864 1784 2881 1808 ,
2926 1741 3167 1808 pudoris,
3211 1740 3507 1810 reprehen-

244 1847 342 1898 νης
380 1847 444 1882 τε
490 1832 585 1883 xui
632 1831 937 1902 ἐντροπῆς,
977 1832 1072 1884 xui
1115 1831 1373 1901 ἐλέγχων,
1412 1835 1606 1904 ποινῆς
1634 1852 1695 1887 τε
1728 1836 1825 1888 καὶ

1940 1840 2126 1903 sionis,
2155 1854 2328 1909 pronae
2357 1847 2412 1892 et
2444 1837 2688 1899 ultionis,
2731 1850 2837 1904 quo
2874 1843 3119 1901 tempore
3138 1848 3349 1900 aequum
3389 1840 3508 1885 erat

242 1920 400 1989 δίκης
443 1921 735 1986 ἀπέδειξαν
785 1921 978 1993 καιρὸν
1022 1925 1070 1975 οἱ
1118 1925 1497 1989 κατοικοῦντες
1540 1928 1639 1996 τὴν
1698 1925 1823 1995 γῆν,

243 2009 369 2063 καθ’
391 2009 454 2061 ὃν
475 2010 622 2074 είκὺς
642 2006 711 2081 ἦν
743 2011 834 2065 xui
854 2013 1246 2083 ἀνευρύνεσθαι
1266 2018 1387 2077 ταῖς
1410 2015 1731 2087 εὐημερίαις
1756 2016 1825 2070 τὰ

238 2103 297 2165 ἐξ
322 2103 514 2172 ἀγρῶν
547 2103 923 2172 συλλέγοντας,
958 2107 1051 2159 xui
1078 2108 1407 2177 ἀναμετρεῖν
1444 2108 1544 2177 μὲν
1580 2107 1713 2178 σίτῳ
1727 2107 1824 2170 τὰς

238 2193 553 2264 ἀποθήκας,
608 2196 903 2264 ἐπιφωνεῖν
960 2198 1018 2249 δὲ
1069 2198 1313 2268 τρυγῶσι
1358 2200 1455 2263 τὰς
1512 2199 1824 2269 ὲπιληνίους

237 2283 404 2349 ᾠδὰς,
432 2284 529 2336 xui.
560 2288 681 2347 ταῖς
702 2286 829 2338 οἰῶν
864 2287 1089 2355 ἀγέλαις
1122 2289 1439 2359 ἐφήδεσθαι,
1478 2290 1739 2361 πλείστης
1765 2308 1817 2343 τε

237 2376 366 2443 ἒμπης
435 2377 534 2429 xui
593 2377 852 2442 εὐανθοῦς
920 2381 1113 2444 αὑταῖς
1178 2382 1645 2453 παρερριμμένης
1720 2383 1822 2453 τῆς

239 2466 399 2530 πόας.

340 2559 528 2611 Ἐοικε
580 2560 637 2613 δὲ
694 2562 796 2614 κάν
844 2562 980 2633 τῷδε
1032 2564 1196 2617 πάλιν
1245 2565 1274 2616 ό
1326 2564 1483 2631 λόγος
1542 2565 1825 2635 γεωργοὺς

241 2650 530 2720 ὀνομάζειν
553 2654 964 2724 αἰνιγματωδῶς
988 2657 1115 2719 τοὺς
1146 2657 1253 2709 τῶν
1299 2657 1568 2710 Ἰουδαίων
1606 2659 1820 2729 ταγμά-

246 2758 346 2805 των
369 2746 782 2813 προεστηκότας
806 2748 1146 2815 τοτηνικάδε,
1192 2748 1287 2811 οὓς
1324 2752 1417 2803 xui
1447 2750 1556 2802 δεῖν
1588 2750 1691 2819 ἔφη
1727 2768 1823 2802 κα-

243 2831 554 2902 ταθρηνεῖν,
590 2834 665 2898 ὡς
716 2836 841 2889 ὅσον
888 2838 1042 2890 οὔπω
1081 2839 1447 2909 βαδιουμένων
1486 2843 1565 2903 εἰς
1599 2841 1822 2911 ὄλεθρον

244 2924 500 2987 ἁπάντων
549 2925 659 2979 τῶν
710 2928 846 2981 κατά
891 2928 1093 2999 χώραν,
1134 2930 1252 3000 ἦτοι
1282 2930 1388 2985 τῶν
1428 2930 1823 2985 κατοικούντων

241 3016 337 3085 τὴν
358 3017 490 3085 γῆν,
520 3015 571 3067 οἳ
598 3016 693 3070 καὶ
725 3018 784 3070 ὲν
818 3019 968 3084 τάξει
1000 3022 1196 3091 πυροῦ,
1232 3023 1327 3075 καὶ
1361 3022 1572 3092 κριθῆς,
1619 3024 1711 3076 xui
1736 3022 1824 3087 ξύ-

240 3106 344 3163 λων
379 3107 605 3175 ὡραίων
631 3109 870 3180 νοηθεῖεν
892 3112 975 3165 ἄν.
1022 3114 1355 3184 Ἐφαρμόσει
1383 3114 1440 3165 δὲ
1482 3114 1590 3166 τῶν
1620 3105 1830 3186 νοημάε

1932 1930 2116 2001 augeri
2180 1930 2333 1983 bona:
2390 1927 2726 1997 tempestatis
2780 1926 2894 1979 dies
2942 1924 3049 1988 his,
3081 1922 3172 1991 qui
3219 1921 3397 1991 fruges
3439 1936 3507 1974 ex

1932 2022 2078 2092 agris
2123 2028 2483 2089 comportant,
2525 2027 2579 2072 et
2620 2018 2741 2073 illos
2788 2016 3059 2070 frumento
3115 2014 3317 2083 stipare
3374 2014 3506 2066 hor-

1933 2130 2045 2179 rea,
2086 2124 2142 2170 et
2182 2114 2513 2169 messoribus
2569 2110 2867 2165 cantilenas
2918 2107 3208 2162 messorias
3236 2105 3503 2167 aceinere,

1930 2207 2295 2278 2081ωιθιιί
2326 2221 2487 2273 super
2532 2205 2713 2256 ovium
2766 2202 3039 2271 gregibus,
3063 2200 3216 2254 uberi
3268 2208 3322 2253 et
3370 2198 3505 2251 viri-

1931 2299 2077 2352 dauti
2119 2299 2283 2351 herba
2318 2310 2377 2350 se
2406 2294 2731 2364 Subjiciente
2764 2293 3133 2363 pascentibus.

2001 2567 2227 2621 Videtur
2268 2570 2447 2616 autem
2484 2556 2745 2629 propheta
2792 2554 2886 2608 hic
2935 2565 3154 2605 rursum
3193 2547 3505 2601 Judmorum

1931 2674 2029 2728 per
2064 2657 2115 2710 id
2175 2665 2390 2722 tempus
2441 2649 2702 2719 praesides
2733 2655 2788 2701 et
2815 2653 3053 2698 rectores
3087 2638 3352 2709 agricolas
3406 2650 3506 2690 no-

1932 2727 2156 2811 minare,
2186 2745 2383 2814 quibus
2410 2740 2698 2808 lugendum
2731 2736 3036 2797 continuat,
3075 2744 3134 2784 ut
3163 2743 3286 2782 mox
3321 2727 3506 2781 omni-

1930 2844 2030 2895 bus
2062 2838 2151 2909 qui
2189 2839 2239 2891 in
2265 2836 2487 2905 regione
2519 2840 2670 2895 sunt,
2708 2831 2825 2886 sive
2875 2818 3077 2882 terram
3117 2820 3503 2884 incolentibus.

1931 2948 2027 2987 seu
2065 2931 2357 3000 indigenis,
2390 2928 2614 2983 exitium
2639 2926 2693 2978 in
2728 2920 3030 2978 cervicibus
3063 2916 3333 2971 habituris
3364 2931 3379 2968 ι
3410 2913 3503 2982 qui

1931 3026 2147 3095 quidem
2194 3022 2499 3091 indigenas,
2551 3014 2853 3077 frumenti,
2911 3009 3097 3066 hordei
3130 3018 3185 3063 et
3231 3006 3500 3076 lignorum

1931 3117 2298 3188 speciosorum
2321 3108 2602 3166 vocabulis
2638 3103 2970 3174 intelligendi
3002 3110 3150 3157 sunt.
3178 3100 3501 3167 Quanquam

239 3214 343 3250 των
372 3200 403 3268 ἡ
426 3199 661 3269 δύναμις
682 3202 1127 3274 πρεπωδέστερόν
1157 3221 1259 3258 που
1278 3204 1414 3273 τάχα
1436 3207 1548 3267 τοῖς
1572 3206 1827 3276 Γραμμα-

1940 3211 2023 3267 hic
2050 3222 2241 3264 sensus
2272 3203 2607 3259 commodius
2636 3201 2867 3253 fortasse
2898 3198 2950 3251 in
2994 3195 3213 3250 Scribas
3261 3201 3315 3247 et
3357 3190 3505 3243 Pha-

240 3289 391 3343 τεῦσι
446 3291 547 3344 καὶ
595 3293 925 3363 Φαρισαίοις.
984 3295 1048 3347 Οἳ
1114 3295 1208 3349 xui
1252 3295 1506 3367 γηπόνων
1559 3298 1616 3349 ὲν
1671 3297 1820 3364 τάξει

242 3381 487 3451 κείμενοι
522 3385 991 3455 πεπαρῳνήκασιν
1016 3387 1097 3447 εἰς
1118 3387 1374 3456 Χριστὸν,
1408 3388 1743 3442 ἀπεκτόνασί
1764 3406 1825 3443 τε

239 3472 329 3525 τὸν
377 3473 743 3544 κληρονόμον,
773 3475 838 3527 ἵν’
873 3475 1047 3546 ἔχοιεν
1078 3478 1230 3535 αὐτοὶ
1249 3478 1340 3531 τὸν
1363 3479 1595 3549 καρπὸν,
1623 3479 1829 3548 γένοιν-

241 3563 302 3617 τό
352 3581 417 3617 τε
464 3565 655 3618 λοιπὸν
691 3565 788 3619 τοῦ
844 3567 1165 3635 ἀμπελῶνος
1210 3568 1489 3633 δεσπόται,
1544 3571 1829 3639 μονονουχὶ

241 3654 412 3723 ληῖοις
437 3653 631 3725 ὥσπερ
672 3657 1119 3724 ὲπαγαλλὼμενοι
1162 3660 1225 3729 τῇ
1257 3641 1574 3731 πολυάνδρῳ
1629 3661 1831 3730 πληθύῖ

244 3747 347 3798 τῶν
371 3748 821 3819 ύποζευγμένων,
868 3752 961 3803 καὶ
1003 3752 1130 3814 τοὺς
1161 3752 1219 3803 ἐν
1250 3752 1436 3815 αὐτοῖς
1469 3753 1551 3805 ὅτι
1594 3754 1831 3823 μάλιστα

244 3837 554 3909 λαμπροὺς,
578 3840 653 3904 ὡς
683 3842 833 3911 ῥοὰν,
874 3842 949 3905 ὼς
983 3843 1153 3913 μῆλον
1183 3843 1502 3915 ἀποτρυγᾷν
1546 3845 1827 3909 εἰωθότας,

256 3931 390 3983 Ἀλλ’
411 3926 562 3984 εἷλεν
600 3933 795 3995 αὐτοὺς
819 3935 846 3986 ό
882 3933 1168 4004 Ῥωμαίων
1203 3934 1458 4005 πόλεμος,
1492 3935 1830 4006 δεδαπάνηκε

248 4024 417 4091 μέγαν
452 4024 549 4075 xui
582 4025 794 4093 μικρὸν,
834 4024 1086 4095 λαμπρόν
1117 4043 1176 4078 τε
1208 4026 1302 4080 καὶ
1343 4026 1635 4096 ἐπίσημον,
1667 4029 1743 4090 ὼς
1773 4030 1831 4087 ὲν

246 4119 438 4179 συκαῖς
488 4116 848 4185 νοουμένους,
896 4117 1146 4188 καθάπερ
1200 4117 1336 4187 ἒςην
1385 4118 1604 4186 ἀρτίως,
1655 4119 1729 4181 ὠς
1774 4120 1831 4179 ὲν

245 4208 476 4277 ἀμπέλῳ
504 4208 685 4278 τυχὸν,
719 4208 919 4277 φοίνικι
950 4227 1008 4262 τε
1043 4210 1138 4263 καὶ
1184 4209 1359 4280 μήλῳ,
1397 4208 1491 4262 xui
1519 4210 1577 4261 ὲν
1628 4208 1827 4275 ξύλοις,

242 4299 315 4361 ὡς
340 4300 401 4351 ὲν
429 4297 597 4369 κριθῇ
634 4300 727 4352 καὶ
753 4299 941 4370 πυρῴ’
973 4299 1219 4368 διάφοροι
1249 4301 1355 4372 γάρ
1386 4303 1436 4354 οἱ
1471 4301 1697 4371 τρόποι,
1740 4302 1832 4353 καὶ

244 4392 337 4462 τῦχ
378 4393 441 4444 ὲν
486 4392 658 4445 ἅπασι
686 4391 779 4444 τοῦ
827 4392 940 4462 βίου
969 4392 1030 4445 τὸ
1065 4392 1282 4464 μέτρον.
1328 4392 1544 4463 Ἐπειδὴ
1583 4392 1640 4444 δὲ
1687 4390 1833 4457 ἅπαξ

242 4485 396 4554 ἀγρῷ
430 4484 735 4554 παρείκασε
768 4486 867 4557 τὴν
906 4484 1013 4555 γῆν
1042 4483 1150 4537 τῶν
1205 4485 1491 4546 Ἰουδαίων,
1522 4485 1617 4537 καὶ
1656 4485 1831 4555 γηπότ-

1929 3302 2116 3357 riszeos
2145 3296 2460 3359 conveniet,
2491 3293 2584 3362 qui
2616 3290 2983 3361 agricolarum
3019 3286 3200 3339 locum
3234 3290 3501 3343 tenentes,

1928 3396 1981 3451 in
2005 3393 2280 3449 Christum
2315 3404 2374 3445 se
2403 3386 2694 3456 injuriosos
2725 3380 3093 3451 praebuerunt,
3132 3386 3186 3431 et
3231 3372 3499 3428 lueredem

1928 3486 2263 3545 occiderunt,
2296 3488 2354 3533 ut
2383 3478 2483 3531 sibi
2518 3476 2753 3530 fructum
2782 3470 3145 3532 vindicarent,
3174 3481 3238 3518 ac
3290 3464 3357 3518 de
3384 3477 3493 3517 ete-

1932 3587 2046 3632 tero
2076 3575 2287 3628 vineam
2326 3569 2705 3640 possiderent,
2741 3562 2944 3631 ingenti
2981 3559 3319 3615 subditorum
3359 3554 3503 3608 mni.

1929 3667 2158 3722 titudine
2215 3672 2424 3717 tantum
2480 3674 2584 3713 non
2636 3666 2693 3711 ut
2737 3655 3011 3724 segetibus
3065 3651 3509 3711 exsultautes,et

1932 3763 1985 3816 in
2059 3774 2120 3813 ea
2168 3755 2363 3826 opibus
2417 3748 2805 3805 eminentiores
2856 3752 2917 3798 ut
2980 3742 3119 3798 mala
3171 3749 3395 3810 grauata
3453 3747 3512 3798 et

1928 3866 2088 3923 poma
2120 3851 2414 3916 decerpere
2437 3841 2602 3897 soliti.
2637 3838 2744 3894 Sed
2774 3852 2868 3892 eos
2915 3832 3293 3906 pessumdedit
3324 3845 3351 3882 a
3394 3828 3511 3881 30-,

1932 3942 2108 3998 manis
2158 3938 2380 4001 bellum,
2441 3948 2692 4004 magnum
2746 3939 2801 3983 et
2840 3941 3089 4000 parvum,
3148 3923 3411 3977 illustrem
3455 3927 3512 3981 et

1932 4035 2222 4089 obscurum
2256 4025 2616 4097 consumpsit,
2649 4022 2804 4092 quasi
2843 4021 2978 4075 licus
3005 4059 3021 4085 ,
3068 4026 3127 4069 ut
3158 4015 3319 4069 modo
3346 4010 3455 4065 dixi
3490 4049 3516 4083 ,ι

1933 4125 2087 4194 quasi
2114 4125 2273 4185 vites,
2301 4121 2561 4191 palmam,
2593 4116 2822 4176 malum,
2847 4112 3012 4180 ligna,
3051 4107 3337 4169 hordeum,
3389 4102 3508 4194 frus

1934 4193 2173 4270 mentum
2210 4225 2226 4265 :
2260 4225 2364 4264 non
2389 4216 2472 4263 est
2500 4206 2644 4261 enim
2674 4201 2918 4260 omnium
2950 4213 3056 4253 una
3099 4194 3316 4251 vivendi
3348 4193 3519 4267 ratio,’

1932 4317 1986 4363 et
2019 4305 2348 4362 institutum.
2386 4298 2523 4365 Quia
2551 4311 2679 4351 vero
2705 4293 2869 4348 semel
2902 4291 3141 4347 Iudaeam
3185 4302 3317 4357 agro
3359 4299 3519 4340 com-7.

1935 4396 2167 4467 paravit,
2216 4402 2272 4447 et
2328 4389 2603 4461 principes
2660 4387 2806 4456 ipsos
2866 4381 3133 4453 agricolas
3181 4374 3545 4441 nominavit,

1938 4491 1989 4543 in
2023 4485 2384 4543 translatione
2420 4480 2642 4545 mansit,
2677 4488 2732 4534 et
2762 4476 3008 4533 subditos
3031 4488 3152 4528 cum
3189 4471 3323 4525 satis
3350 4478 3516 4537 atque

244 4593 365 4638 νους
408 4576 663 4645 ὠνόμασε
709 4576 834 4639 τοὺς
870 4574 1297 4646 προεστηκότας,
1331 4575 1570 4629 σέσωκεν
1611 4576 1639 4627 ὁ
1669 4574 1827 4642 λόγος

1940 4579 2240 4643 arboribus,
2271 4577 2373 4630 alia
2406 4584 2566 4643 atque
2592 4573 2694 4626 alia
2724 4570 2791 4625 de
2840 4583 3006 4625 causa
3049 4563 3297 4620 contulit.

248 4669 410 4740 μέχρι
442 4668 645 4731 παντὸς
691 4667 789 4738 τὴν
835 4666 1171 4740 μεταφορὰν,
1212 4667 1385 4738 ληίοις
1416 4685 1476 4721 τε
1520 4669 1614 4721 xui
1653 4666 1830 4731 ξύλοις

248 4761 385 4823 κατά
405 4760 663 4830 διάφορον
688 4759 889 4830 τρόπον
915 4758 1280 4829 παραϐάλλων
1320 4760 1445 4823 τοὺς
1485 4759 1576 4811 ὑπ’
1612 4756 1829 4819 αὐτούς.

315 4854 379 4911 Εἰ
424 4853 483 4905 δὲ
522 4853 587 4922 δή
633 4870 714 4915 τις
758 4851 923 4905 οἴοιτο
950 4852 1030 4915 είς
1061 4851 1321 4923 ἐξήγησιν
1355 4849 1552 4920 ἠθικὴν
1585 4849 1742 4903 ταυτὶ
1770 4848 1835 4919 δὴ

248 4947 443 5015 χρῆναι
474 4945 883 5015 μετακομίζειν,
915 4946 1174 5015 φρονήσει
1201 4943 1401 5006 καλῶς.
1426 4942 1834 5013 Παρεικαστέον

249 5039 353 5105 γὰρ
385 5037 632 5105 ἀρεταῖς,
662 5037 756 5089 xui
784 5038 894 5099 τοῖς
920 5038 999 5098 είς
1031 5035 1155 5093 νοῦν
1187 5034 1625 5105 κατορθώμασιν,
1657 5034 1836 5101 ἀμπε-

251 5126 357 5192 λον,
390 5129 489 5181 καὶ
523 5129 717 5199 συκῆν,
750 5129 845 5182 xui
871 5129 940 5182 τὰ
966 5129 1128 5199 ἕτερα
1157 5128 1264 5182 τῶν
1294 5126 1487 5194 ξύλων,
1538 5126 1574 5180 ἀ
1604 5128 1836 5196 καρποῖς

251 5217 477 5287 ὡραίοις
529 5219 926 5287 στεφανοῦσθαι
977 5220 1141 5290 φιλεῖ.
1187 5218 1327 5271 Ἀλλ’
1378 5220 1424 5270 εἰ
1468 5218 1565 5289 μέν
1613 5235 1697 5281 τις
1749 5218 1833 5287 εἴη

256 5312 413 5381 σοφὸς
467 5314 564 5366 xui
616 5314 893 5383 ἀγχίνους,
928 5315 1025 5369 xui
1073 5315 1405 5384 αύχημέιτων
1453 5313 1673 5380 ἀγαθῶν
1720 5314 1839 5365 ἐπι-

258 5404 495 5475 μελητὴς
521 5445 536 5468 ,
586 5406 789 5476 εὐανθῆ
835 5424 893 5460 τε
928 5407 1023 5460 xui
1051 5406 1271 5472 εὖξυλον
1325 5406 1419 5458 τὸν
1462 5406 1542 5468 εἰς
1573 5404 1696 5458 νοῦν
1744 5404 1838 5456 xui

254 5498 482 5567 καρδίαν
522 5498 742 5569 φορέσει
762 5500 957 5569 κῆπον,
987 5498 1239 5567 πολυειδῆ
1274 5497 1372 5566 τὴν
1396 5496 1596 5568 ἀρετὴν
1621 5496 1837 5566 τρέφων

257 5591 311 5642 ἑν
341 5590 545 5659 ἐαυτῷ,
601 5591 693 5642 xui
725 5591 903 5643 πάντα
945 5584 1146 5661 τρόπον
1194 5588 1510 5650 ἐπιεικείας.
1570 5588 1630 5639 El
1674 5587 1729 5639 δὲ
1772 5585 1836 5656 δὴ

260 5682 498 5753 ῥᾴθυμος
545 5683 641 5735 καὶ
690 5682 1003 5754 φιλήδονος,
1052 5682 1146 5735 xui
1188 5681 1321 5734 πολὺ
1351 5680 1471 5734 λίαν
1506 5677 1836 5741 ὲκνενευκὼς

260 5776 350 5829 ἐπὶ
379 5775 449 5829 τὰ
481 5774 700 5847 αἰσχίω,
736 5776 1135 5845 καταθρηνήσει
1168 5773 1404 5839 πάντως,
1436 5769 1835 5839 μαραινομένης

2003 4841 2059 4895 Si
2111 4840 2235 4909 quis
2276 4838 2391 4891 haec
2426 4833 2495 4888 ad
2555 4830 2816 4887 moralem
2858 4824 3252 4895 expositionem
3292 4831 3510 4872 accom.

1935 4907 2197 4990 modanda
2234 4929 2467 4999 putabit,
2503 4934 2655 4978 reete
2680 4918 2912 4990 putabit.
2972 4910 3327 4969 Conferenda:
3362 4907 3512 4963 enim

1939 5035 2067 5079 sunt
2093 5024 2349 5086 virtutes,
2380 5027 2435 5072 et
2469 5014 2740 5085 praeclara:
2769 5008 3015 5062 actiones
3056 5004 3223 5058 animi
3258 5017 3381 5058 cum
3426 5000 3511 5053 vi-

1943 5131 2068 5178 nea,
2116 5113 2324 5167 ficubus
2346 5118 2399 5163 et
2446 5104 2755 5166 arboribus,
2789 5115 2910 5170 qua;
2960 5098 3225 5153 lructibus
3255 5095 3513 5165 pulcher-

1938 5205 2092 5260 rimis
2115 5206 2456 5257 decorantur.
2498 5196 2650 5264 Quod
2679 5198 2722 5250 si
2753 5195 2873 5264 quis
2908 5192 3126 5262 sapiens
3156 5229 3171 5254 ,
3227 5197 3283 5242 et
3315 5185 3510 5247 solers,

1935 5306 1991 5352 et
2031 5296 2272 5364 probatae
2325 5292 2509 5365 gloriae
2557 5290 2830 5346 studiosus
2863 5287 3066 5351 fuerit,
3118 5286 3331 5337 hortum
3372 5275 3515 5331 bello

1934 5363 2239 5449 ﬂorentem,
2270 5363 2596 5441 et‘felicibus
2640 5380 2899 5437 refertum
2941 5373 3222 5431 arboribus
3267 5370 3318 5422 in
3350 5363 3515 5421 corde

1935 5491 1987 5536 et
2032 5479 2212 5533 animo
2247 5494 2344 5533 suo
2403 5474 2682 5541 excitabit,
2709 5472 2873 5527 multa
2914 5469 3173 5524 virtutum
3222 5471 3417 5531 genera
3457 5462 3513 5509 Cl

1935 5588 2125 5628 Omnes
2180 5573 2438 5627 bonitatis
2488 5569 2672 5623 modos
2712 5568 2763 5621 in
2817 5578 2882 5619 eo
2923 5563 3129 5616 fovens.
3192 5555 3287 5607 Sin
3325 5556 3511 5604 οοηιη

1945 5671 2188 5740 ignavus,
2222 5666 2481 5737 voluptati
2513 5663 2744 5726 deditus,
2809 5665 2864 5710 ct
2894 5654 2960 5708 ad
3003 5653 3283 5740 inhonesta
3332 5639 3512 5740 proice

1944 5732 2083 5827 eius,
2132 5732 2276 5815 flebit
2310 5732 2547 5829 largiter,
2570 5756 2839 5809 marcente
2858 5744 2957 5801 sibi
2980 5739 3219 5796 bonitate
3245 5742 3302 5792 et
3327 5732 3517 5789 animo
