3950 6200
478 342 584 398 547

1506 347 1564 404 S.
1606 349 1881 406 CYRlLLl
1923 349 2390 406 ALEXANDRINI
2429 352 2750 410 ARCHIEP.

3632 358 3738 432 δάε

479 461 816 515 sterilitatem
869 460 1089 515 multam
1124 451 1476 532 ‘experientc'.
1545 468 1873 525 ΡΓονίιίειιιΙιι
1933 488 2029 525 sun

2158 470 2308 542 αὐτῷ
2334 471 2433 542 τῆς
2465 471 2786 536 ἐπιεικείας,
2819 473 2910 526 καὶ
2943 473 3138 544 πολλὴν
3173 473 3432 537 παθόντος
3465 472 3740 542 ἀκαρπίαν

480 553 640 619 igitur
665 551 1016 619 prudentibus
1047 553 1277 611 sollicite
1304 557 1437 612 bona
1465 561 1663 622 cordis,
1721 578 1839 631 quae
1903 579 2046 617 sem-

477 658 572 706 per
601 645 827 696 aderunt
878 645 1101 713 utique,
1149 647 1413 715 siquidem
1459 651 1569 704 illis
1624 653 1753 719 ipsis
1785 655 2052 709 Olllt'Clztl‘C

475 730 772 784 (ἀξίιιεὶίιιιιι
807 734 1069 789 bonorum
1103 740 1560 808 snppeditatorem
1592 745 1879 800 voluerint.

557 908 712 962 \‘t-zns.
747 911 834 964 15.
892 913 1242 982 Accingimini
1314 927 1360 968 et
1413 919 1683 988 plangite,
1729 923 2045 986 sacerdo'es,

477 999 836 1055 fantentamini
867 1007 957 1072 qui
984 1007 1294 1059 miniatratis
1322 1009 1497 1062 altari.
1525 1011 1898 1080 Ingredimini,
1924 1019 2050 1068 (for-

476 1091 602 1140 mite
633 1092 685 1143 in
703 1097 872 1148 saccis
894 1097 1256 1152 ministrantes
1290 1099 1394 1154 Deo
1414 1117 1431 1165 ;
1455 1105 1580 1172 quia
1597 1106 1783 1172 defecit
1814 1113 1879 1179 de
1897 1109 2050 1161 domo

476 1180 572 1234 Dei
600 1173 754 1236 nestri
775 1185 1101 1252 sacri/icium
1131 1199 1176 1241 et
1203 1189 1407 1244 libatio.

546 1360 710 1430 209
742 1360 808 1414 X.
839 1361 1014 1417 Etiam
1050 1365 1134 1420 his
1166 1367 1270 1422 alte
1320 1380 1611 1440 exaggerat
1652 1374 2053 1441 quodammodo

475 1464 594 1516 qua:
623 1451 940 1517 acciderint,
980 1463 1036 1510 et
1070 1465 1268 1511 metum
1317 1458 1508 1514 incutit
1538 1462 1875 1531 horribilem,
1903 1483 2048 1522 rem-

474 1556 578 1608 que
642 1542 797 1611 longe
842 1544 1085 1614 plurimis
1129 1548 1600 1606 obsecrationibus
1657 1557 2047 1628 procurandum

475 1644 653 1686 monet
677 1649 738 1688 ex
772 1651 855 1698 eo,
884 1640 1023 1706 quod
1043 1640 1349 1694 sacerdotes
1372 1642 1513 1711 ipsos
1544 1644 1802 1716 plangere
1833 1663 2050 1704 necesse

472 1735 575 1779 est.
607 1725 978 1782 Verumtamen
1020 1729 1146 1784 latet
1177 1733 1429 1800 quiddam
1458 1736 1671 1790 artificii
1721 1739 1769 1791 in
1819 1739 1903 1794 his
1926 1755 2048 1795 ver-

2155 559 2249 612 τοῦ
2299 559 2411 616 νοῦ.
2475 560 2861 632 Ἑπιμελητέον
2892 562 2954 633 δὴ
2987 559 3080 616 οὖν
3109 566 3221 626 τοῖς
3251 563 3505 633 ἐχέφροσι
3547 561 3655 616 τῶν
3683 564 3742 614 ὲν

2154 650 2399 722 καρδίαις
2423 652 2660 720 ἀγαθῶν,
2686 653 2722 707 ει
2761 653 2824 723 δὴ
2871 653 3165 725 προσέσται
3199 655 3438 717 πάντως,
3470 656 3520 707 εί
3553 653 3646 706 ὲπί
3675 671 3738 722 γε

2157 741 2343 809 σφίσιν
2377 743 2561 807 αὐτοῖς
2592 745 2904 814 εὐφραίνειν
2960 745 3165 798 ἕλοιντο
3193 746 3284 828 τὸν
3329 745 3437 800 τῶν
3478 745 3739 816 οὐρανίων

2155 831 2380 898 ἀγαθῶν
2415 833 2635 905 δοτῆρα.
2674 869 2678 873 -

2226 920 2632 989 Περιζώσασθε
2681 927 2777 978 καί
2843 927 3172 990 κόπτεσθε,
3225 930 3280 980 οι
3343 925 3547 994 ἱερεῖς·
3598 929 3741 994 θρη-

2153 1012 2328 1076 νεῖτε,
2351 1017 2406 1067 οἱ
2417 1016 2910 1086 λειτουργοῦντες
2937 1017 3357 1086 θυσίαστηρίῳ.
3392 1019 3735 1080 Ἐσέλθετε,

2153 1103 2475 1159 ὐπνώσατε
2547 1108 2618 1159 ἐν
2689 1108 2941 1175 σάκκοις
3009 1109 3497 1180 λειτουργοῦντες
3579 1107 3737 1174 Θεῷ’

2155 1196 2244 1250 ὅτι
2305 1199 2659 1269 ἀπέσχηκεν
2699 1201 2768 1266 ἐξ
2806 1203 2976 1257 οἴκου
3019 1203 3165 1257 Θεοῦ
3207 1202 3374 1272 ὑμῶν
3412 1203 3594 1256 θυσία
3634 1203 3739 1256 καί

2153 1288 2416 1355 σπονδή.
3203 1314 3206 1316 ·

2227 1381 2285 1434 ι’.
2328 1381 2479 1452 Αίρει
2511 1382 2610 1453 μὲν
2634 1383 2825 1455 ὥσπερ
2855 1386 2948 1438 καὶ
2973 1385 3060 1438 διὰ
3084 1384 3288 1438 τούτων
3315 1384 3408 1454 ὕψι
3440 1385 3507 1438 τά
3537 1386 3742 1455 συμϐε-

2154 1469 2381 1542 ϐηκότα,
2417 1474 2513 1526 καὶ
2544 1478 2601 1529 ὲν
2627 1477 2926 1548 ἀφορήτοις
2960 1480 3190 1530 ποιεῖται
3217 1478 3451 1547 δείμασι,
3481 1478 3741 1550 πλείστης

2156 1563 2256 1633 μὲν
2283 1565 2413 1636 ὅσης
2441 1565 2648 1620 δεῖσθαι
2678 1567 2830 1637 λιτῆς
2878 1567 2941 1620 τὸ
2984 1570 3172 1639 χρῆμα
3203 1568 3397 1640 δηλῶν,
3423 1569 3510 1623 διά
3535 1586 3601 1638 γε
3632 1570 3728 1622 τοῦ

2155 1653 2352 1724 χρῆναι
2387 1655 2482 1708 καὶ
2523 1656 2722 1720 αὐτοὺς
2766 1658 3130 1728 κατοιμώζειν
3177 1659 3303 1722 τοὺς
3352 1659 3536 1731 ἱερεῖς.
3589 1659 3733 1728 Πλὴν

2156 1737 2268 1808 ἔχει
2300 1757 2353 1792 τι
2396 1741 2490 1794 καὶ
2522 1743 2773 1814 εὐτεχνὲς
2808 1746 2836 1798 ό
2866 1745 3043 1814 λόγος.
3089 1747 3306 1818 Ἐπειδὴ
3345 1747 3452 1818 γὰρ
3485 1751 3599 1812 τοῖς
3629 1749 3738 1802 τῶν

476 1816 573 1870 bis.
608 1816 742 1882 Quia
810 1835 1042 1888 namque
1099 1822 1358 1877 idolorum
1423 1825 1659 1882 delubris
1734 1830 2037 1886 stultissime

2150 1828 2384 1882 εἰδώλων
2413 1827 2696 1900 τεμένεσιν
2725 1832 3064 1888 ἀϐουλότατα
3083 1816 3530 1908 προσιζήσαντες,
3559 1837 3738 1890 καίτοι

473 1913 814 1977 assederant,
867 1930 929 1968 ac
981 1915 1087 1969 Deo
1126 1933 1190 1970 ex
1247 1918 1324 1971 ira
1374 1923 1730 1989 percutiente,
1791 1927 2045 1980 auxilium

473 2003 594 2055 inde
632 2007 1012 2071 qnzesiveraut,
1055 2008 1258 2062 utiliter
1292 2013 1664 2066 universarum
1727 2016 1983 2073 Dominus
2017 2035 2045 2071 a

470 2093 838 2148 sacerdotibus
909 2097 1020 2149 suis
1072 2099 1319 2165 requirit,
1357 2110 1414 2155 ιιι
1468 2103 1784 2171 suppliciter
1842 2110 2046 2162 orando

451 2182 588 2233 aliis
619 2194 874 2250 praeeunt,
905 2194 958 2236 et
999 2185 1099 2253 ipsi
1135 2187 1319 2243 afIlicti
1376 2192 1688 2248 ardentibus
1723 2198 2048 2263 pmuitentire

467 2273 659 2328 studiis
699 2276 936 2341 praesint,
988 2287 1043 2329 ut
1083 2293 1407 2348 cognoscant
1444 2287 1680 2351 percussi
1718 2292 1880 2355 quod,
1946 2291 2043 2344 nisi

471 2364 578 2417 Deo
633 2375 843 2434 gratum
905 2367 1085 2423 facere
1137 2371 1303 2425 velint
1349 2375 1506 2444 eique
1567 2379 1836 2446 supplices
1886 2382 1998 2435 fieri
2031 2423 2044 2446 ,

467 2455 586 2517 eius
635 2455 703 2508 ab
745 2472 803 2511 se
849 2459 982 2511 iram
1017 2475 1120 2514 non
1151 2467 1392 2519 aversuri
1423 2469 1550 2522 sint.
1582 2469 1807 2538 Oportet
1861 2473 2042 2543 igitur,

468 2545 880 2611 :iit,sacerdotio
918 2549 1202 2621 fungentes
1229 2559 1610 2626 prapemodnm
1651 2563 1813 2616 etiam
1838 2568 2047 2620 exteris

465 2639 810 2694 rormnodare
856 2644 923 2697 de
985 2645 1419 2704 obsecrationum
1471 2650 1782 2717 laboribus,
1817 2655 2043 2720 ululatu,

467 2727 719 2792 laurento.
756 2733 895 2785 sacci
929 2734 1152 2800 amictu,
1211 2752 1308 2805 per
1330 2753 1490 2806 quem
1531 2741 1844 2797 deliciarum
1871 2755 1920 2798 et
1946 2747 2040 2799 otii

465 2817 728 2884 depositio
800 2820 1156 2889 significatur,
1227 2825 1414 2879 durior
1469 2830 1744 2896 tractatio,
1803 2831 2042 2886 laborum

466 2905 729 2982 molestia,
764 2916 818 2961 et
847 2909 970 2962 vitze
998 2926 1117 2978 qua:
1149 2921 1366 2968 sanctos
1395 2915 1604 2981 deceat,
1637 2919 1911 2974 sincerum
1945 2922 2029 2976 in-

467 2995 850 3066 culpatumque
893 3003 1154 3058 studium.
1204 3004 1406 3059 Deinde
1440 3022 1656 3062 causam
1691 3009 1890 3067 laboris
1936 3015 2039 3069 hu-

461 3089 552 3156 jus
585 3090 924 3144 manifestam
953 3109 1222 3161 promens,
1238 3097 1497 3153 defecisse
1520 3100 1737 3170 inquita
1765 3103 1924 3158 domo
1942 3107 2043 3160 Do-

469 3179 598 3231 miui
632 3181 957 3235 sacrificium
983 3193 1035 3237 et
1054 3183 1306 3241 libamen.
1332 3187 1514 3242 Dirum
1548 3192 1689 3245 dictu
1719 3210 1732 3247 :
1765 3209 1869 3248 non
1900 3198 2043 3252 enim

467 3268 697 3324 afﬁrmat
764 3273 1091 3329 sacrificium
1151 3287 1204 3333 et
1238 3279 1545 3335 libationem
1596 3284 1895 3354 imminuta,
1953 3301 2047 3345 aut

467 3360 721 3418 inferiora
768 3364 910 3420 facta
938 3384 952 3433 ;
990 3369 1081 3422 sed
1113 3370 1379 3427 defecisse
1405 3374 1602 3442 potius,
1657 3377 1707 3431 id
1738 3390 1842 3445 est,
1867 3383 2045 3437 omni-

465 3468 537 3507 no
584 3470 768 3510 eversa
798 3473 862 3512 ac
890 3457 1171 3530 profligata
1222 3477 1361 3519 esse.
1393 3464 1496 3520 Res
1553 3469 1734 3538 gravis
1758 3479 1814 3525 et
1871 3473 2041 3528 mole-

465 3556 546 3599 sta
582 3547 821 3614 profecto
845 3552 1272 3622 magistratibus,
1296 3558 1340 3613 si
1382 3559 1528 3614 nullo
1559 3561 1719 3616 modo
1764 3578 1793 3617 a
1861 3565 2044 3634 subje-

465 3635 571 3690 etis
601 3637 807 3692 colatur
844 3641 999 3695 Deus.

535 3809 697 3863 Vens.
757 3812 966 3876 14,15.
1017 3815 1357 3886 Sanctiﬁcate
1407 3822 1693 3893 jejunium,
1759 3833 2040 3897 prwdicate

461 3902 805 3968 curationem,
855 3919 1162 3977 congregata
1219 3913 1484 3976 seniores,
1544 3932 1721 3971 omnes
1790 3920 2036 3976 habitan-

462 4002 536 4046 tes
576 4004 764 4048 terram
801 3998 855 4050 in
885 3999 1096 4053 domum
1133 4001 1340 4056 Domini
1403 4005 1497 4060 Dei
1531 4011 1704 4076 vestri,
1739 4021 1790 4064 et
1832 4014 2034 4068 clama-

461 4096 510 4138 te
531 4089 599 4139 ad
639 4084 920 4142 Dominum
943 4091 1300 4149 vehementer:
1336 4095 1454 4151 Heu
1516 4101 1662 4166 mihi,
1714 4103 1816 4158 heu
1885 4108 2033 4173 mihi,

459 4175 558 4228 Iteu
589 4177 737 4242 mihi,
775 4179 828 4232 in
871 4181 1030 4236 diem.

526 4265 616 4321 XI.
657 4268 772 4335 Quo
833 4281 989 4341 pacto
1055 4274 1185 4341 ipsis
1228 4275 1519 4348 lugendum
1573 4283 1646 4338 sit
1679 4301 1894 4342 rursum
1941 4289 2031 4345 de-

459 4368 747 4426 monstrat,
779 4375 1004 4432 seseque
1037 4365 1143 4420 illis
1178 4366 1229 4420 in
1279 4369 1420 4422 viam
1461 4374 1797 4440 paenitentia:
1849 4379 2032 4433 ducto-

2146 1919 2281 1973 Θεοῦ
2317 1923 2710 1986 καταπαίοντος
2730 1923 2789 1988 ἐξ
2819 1925 3011 1996 ὀργῆς,
3039 1926 3141 1990 τάς
3169 1929 3486 2001 ἐπικουρίας
3511 1928 3742 1999 ἐζήτουν

2148 2011 2380 2077 ἐκεῖθεν,
2434 2014 2699 2085 ἀπονέμει
2729 2017 3018 2087 χρησίμως
3044 2019 3072 2070 ὁ
3110 2019 3219 2071 τῶν
3265 2019 3399 2071 ὅλων
3446 2019 3576 2082 Θεὸς
3625 2022 3740 2082 τοῖς

2149 2103 2299 2166 ἰδίοις
2332 2104 2636 2175 ίερουργοῖς
2664 2105 2725 2158 τὸ
2755 2107 3115 2178 καθηγεῖσθαι
3153 2109 3346 2173 λιταῖς,
3399 2110 3491 2163 καὶ
3524 2111 3739 2180 τληπα-

2147 2191 2254 2254 Θὼς
2284 2193 2610 2262 προεστάναι
2646 2193 2753 2246 τῶν
2786 2196 2864 2257 είς
2900 2195 3238 2264 μετάγνωσιν
3271 2196 3733 2265 σπουδασμάτων,

2148 2279 2216 2332 ἵν’
2263 2281 2452 2334 εἰδεῖεν
2508 2283 2556 2334 οἱ
2606 2283 2966 2354 πεπληγότες,
3016 2285 3090 2347 ώς
3137 2287 3183 2337 εί
3237 2285 3310 2355 μὴ
3362 2285 3477 2350 Θεῷ
3533 2286 3740 2355 μᾶλλον

2147 2370 2354 2424 ἕλοιντο
2403 2373 2472 2426 τὰ
2511 2373 2637 2441 φίλα
2685 2373 2886 2444 ζητεῖν,
2927 2376 3019 2429 καὶ
3063 2375 3209 2446 αὐτῷ
3257 2376 3584 2447 προσάγοιεν
3634 2377 3737 2439 τὰς

2145 2461 2314 2524 λιτὰς,
2351 2463 2452 2515 οὐκ
2484 2463 2549 2516 ἄν
2599 2463 3013 2534 διακρούσαιντο
3050 2467 3150 2536 τὴν
3183 2467 3374 2537 ὀργήν.
3409 2469 3620 2538 Χρῆναι
3669 2469 3736 2537 δὴ

2146 2548 2239 2606 οὖν
2270 2553 2372 2624 ἔφη
2405 2556 2532 2618 τοὺς
2566 2556 2966 2627 ἱερατεύοντας,
3011 2560 3291 2628 μονονουχὶ
3337 2560 3430 2612 κα)⁸
3473 2559 3740 2624 δανείζειν

2145 2649 2258 2709 τοῖς
2294 2646 2474 2710 ἄλλοις
2511 2649 2636 2710 τοὺς
2663 2650 2721 2700 ὲν
2749 2652 2868 2713 ταῖς
2913 2650 3086 2714 λιταῖς
3134 2652 3329 2716 πόνους
3347 2692 3360 2714 ,
3389 2653 3634 2704 κωκυτὸν
3664 2670 3724 2705 τε

2147 2736 2239 2787 καὶ
2269 2735 2486 2804 θρῆνον,
2519 2738 2611 2789 καὶ
2652 2738 2856 2792 σάκκου
2908 2741 3223 2812 περιϐολὴν,
3257 2743 3324 2796 δι’
3357 2739 3419 2797 οὗ
3464 2745 3735 2814 σημαίνε-

2142 2841 2232 2877 ται
2259 2825 2470 2894 τρυφῆς
2534 2829 2627 2880 καὶ
2659 2829 2979 2900 ἀναπαύλης
3005 2832 3281 2896 ἀπόθεσις,
3317 2834 3734 2904 σκληραγωγία,

2146 2917 2238 2968 καὶ
2270 2916 2448 2982 πόνος,
2481 2921 2575 2972 καὶ
2605 2918 2752 2990 ζωῆς
2784 2923 3154 2996 ἀγιοπρεποῦς
3197 2925 3332 2997 ὀρθὴ
3371 2928 3463 2978 καὶ
3491 2926 3735 2996 ἀμώμη-

2144 3022 2235 3068 τος
2273 3008 2638 3077 ὲπιτήδευσις.
2689 3009 2820 3065 Εἶτα
2851 3012 2944 3066 τοῦ
2977 3015 3137 3068 πόνου
3171 3015 3267 3086 τὴν
3313 3015 3488 3069 αἰτίαν
3522 3017 3735 3088 ἐναργῆ

2145 3098 2430 3164 καθιστὰς,
2478 3101 2853 3171 ἀπεσχηκέναι
2898 3105 3062 3174 φησὶν
3094 3104 3154 3169 ἐξ
3183 3106 3332 3159 οἴκου
3381 3106 3584 3177 Κυρίου
3632 3106 3731 3159 θυ-

2149 3190 2265 3242 σίαν
2295 3190 2388 3242 καὶ
2418 3193 2668 3263 σπονδήν.
2712 3196 2920 3266 Δριμὺς
2947 3197 2974 3247 ὁ
3014 3195 3170 3264 λόγος
3192 3213 3206 3227 ⁸
3241 3198 3302 3251 οὐ
3341 3197 3448 3269 γάρ
3481 3198 3620 3269 πρὸς
3665 3200 3731 3252 τὸ

2114 3281 2300 3348 ’μεῖον
2355 3280 2675 3350 ἑνηνέχθαι,
2727 3284 2759 3354 ἢ
2810 3284 3156 3353 ἡλαττῶσθαί
3212 3303 3345 3357 φησι
3397 3286 3586 3340 θυσίαν
3633 3291 3736 3342 καὶ

2147 3369 2401 3439 σπονδὴν,
2433 3371 2800 3442 ἀπεσχηκέναι
2828 3374 2886 3427 δὲ
2921 3375 3142 3444 μᾶλλον,
3170 3377 3307 3448 ὅπερ
3353 3378 3471 3430 ἐστὶ
3524 3395 3730 3430 παντε-

2144 3461 2250 3523 λῶς
2283 3462 2594 3532 ἀνατροπῆς
2626 3464 2976 3534 σημαντικόν.
3009 3467 3188 3520 Δεινὺν
3216 3467 3358 3520 δὲτὸ
3390 3469 3578 3538 χρῆμα
3625 3470 3726 3522 καὶ

2143 3551 2405 3622 δυσαχθὲς
2453 3553 2666 3624 ἀληθῶς
2694 3560 2806 3619 τοῖς
2852 3557 2996 3611 λαῶν
3040 3559 3453 3629 προεστηκόσιν,
3485 3561 3534 3612 εί
3582 3561 3730 3613 κατὰ

2147 3645 2352 3715 μηδένα
2387 3645 2586 3717 τρόπον
2619 3647 2724 3700 ὑπο
2755 3649 2863 3700 τῶν
2905 3649 3326 3720 ὑπεζευγμένων
3367 3652 3728 3724 θεραπεύοιτο

2141 3737 2293 3799 Θεὸς.

2223 3829 2534 3898 Ἀγιάσατε
2611 3830 2940 3896 νηστείαν,
3009 3833 3306 3900 κηρύξατε
3376 3839 3719 3904 θεραπείαν,

2140 3920 2508 3989 συναγάγετε
2567 3922 3029 3990 πρεσϐυτέρους,
3092 3925 3322 3992 πάντας
3372 3930 3721 3983 κατοικοῦν-

2137 4025 2243 4075 τας
2297 4009 2411 4081 γῆν
2455 4015 2542 4078 εις
2589 4008 2759 4066 οἷκον
2798 4015 2946 4069 Θεοῦ
3001 4015 3185 4085 ὑμῶν,
3239 4019 3336 4072 καὶ
3387 4019 3720 4088 κεκράξατε

2135 4099 2285 4166 πρὸς
2322 4103 2542 4170 Κύριον
2587 4103 2873 4171 ἐντενῶςο
2927 4106 3092 4176 Οῖμοι
3125 4108 3347 4178 ,οῖμοι,
3399 4111 3574 4179 οἶμοι,
3623 4115 3714 4178 εἰς

2134 4189 2383 4258 ἡμέραν.

2203 4281 2302 4337 IA'.
2345 4284 2478 4339 Τίνα
2503 4284 2566 4357 δὴ
2593 4287 2795 4357 τρόπον
2820 4288 3017 4352 αὐτοὺς
3054 4291 3320 4345 ποιεῖσθαι
3352 4295 3619 4364 προσήκει
3652 4296 3716 4350 τὺ

2133 4374 2346 4442 πένθος,
2376 4376 2655 4448 διατρανοῖ
2685 4379 2872 4445 πάλιν,
2903 4381 2997 4435 καὶ
3026 4383 3310 4457 ὑφηγητὴς
3336 4387 3497 4455 σοφὸς
3531 4389 3715 4453 αὐτοῖς

439 4465 570 4506 rem
601 4453 897 4522 sapientem
929 4467 1169 4525 praestat,
1205 4469 1260 4512 et
1288 4462 1483 4527 quibus
1511 4465 1886 4521 universorum
1915 4470 2019 4524 Do-

2146 4467 2384 4536 ραίνεται
2409 4470 2504 4540 τῆς
2534 4472 2612 4535 είς
2652 4474 2991 4541 μετάγνωσιν
3022 4474 3164 4540 ὀδοῦ,
3200 4477 3294 4529 καὶ
3340 4478 3406 4531 τὰ
3439 4479 3506 4532 δι’
3535 4473 3611 4535 ὧν
3647 4482 3713 4535 ἂν

457 4543 636 4597 minus
675 4545 821 4598 mitis
866 4561 929 4601 ac
986 4549 1277 4604 benevolus
1305 4551 1566 4607 efﬁciatur
1619 4560 1859 4627 exponit.
1915 4561 2027 4617 llnc

453 4649 616 4704 porro
649 4645 751 4700 est,
791 4647 848 4691 ut
881 4652 980 4704 ego
1014 4640 1292 4706 existimo,
1327 4647 1467 4699 iram
1500 4646 1729 4704 volentis
1781 4651 2026 4708 inhibere

453 4737 508 4780 et
541 4743 818 4784 removere
851 4731 1065 4799 penitus
1093 4734 1234 4801 quod
1297 4738 1601 4803 contristat,
1633 4750 1687 4794 et
1721 4757 2027 4812 compesce-

456 4833 515 4871 re
561 4823 702 4888 quod
733 4822 894 4886 lmdit,
921 4835 974 4877 et
1019 4823 1181 4878 vitam
1227 4826 1448 4897 insuper
1494 4829 1704 4885 felicem
1737 4833 2026 4889 bonorqu-

455 4925 556 4975 que
594 4915 801 4978 cnpialn
861 4914 1066 4985 largiri.
1101 4917 1189 4971 Ait
1237 4933 1386 4988 ergo,
1444 4938 1460 4970 ι
1506 4921 1853 4979 Sanctificate
1892 4928 2025 4997 jeju-

457 5002 664 5056 nitth
704 5005 756 5056 Id
819 5016 923 5071 est,
955 5015 1208 5080 tanquam
1261 5012 1568 5076 anathema,
1611 5024 1664 5069 et
1691 5018 2014 5073 sacrificium

455 5108 580 5146 vere
657 5098 1120 5165 sacratissimum,
1196 5113 1251 5157 et
1307 5118 1336 5156 a
1403 5108 1822 5174 reprehensione
1895 5110 2025 5166 alie-

454 5200 622 5251 num,
701 5199 959 5255 usurpate
1014 5191 1298 5259 jejunium.
1361 5195 1509 5251 Haud
1567 5199 1708 5254 enim
1768 5198 1850 5256 fas
1893 5214 2022 5268 est,

453 5275 693 5329 ciborum
727 5277 1048 5333 abstinentia
1084 5288 1458 5351 corpusculum
1499 5291 1794 5358 emaciare,
1831 5305 1886 5348 et
1944 5296 2023 5349 in-

456 5380 536 5422 ter
594 5368 941 5437 jejunandum
1022 5385 1084 5426 ea
1154 5373 1371 5440 facere,
1424 5379 1622 5447 quibus
1685 5385 1751 5437 ad
1806 5387 2025 5441 iracun-

451 5461 591 5512 diam
628 5458 766 5512 Deus
800 5457 1060 5514 irritetur.
1085 5460 1217 5516 Nam
1245 5465 1312 5529 si,
1344 5480 1464 5518 eum
1492 5467 1697 5535 jejunio
1733 5487 1828 5526 nos
1858 5474 2024 5529 affici-

453 5567 595 5615 n:us,
633 5566 660 5605 a
690 5549 920 5619 propriis
952 5552 1321 5608 voluntatibus
1361 5555 1641 5611 discedere
1681 5561 1935 5628 nolimus,
1967 5577 2021 5620 et

452 5641 749 5711 ailligamus
776 5640 1037 5705 subditos,
1068 5653 1119 5697 et
1137 5645 1217 5710 .ad
1258 5643 1520 5713 judicium
1585 5661 1648 5700 ac
1681 5663 1887 5720 pugnas
1941 5655 2020 5724 λε-

435 5731 722 5800 iuuentus,
758 5731 924 5802 210
952 5744 1006 5790 et
1048 5736 1416 5806 percutiamus
1477 5751 1653 5806 pugno
1714 5744 2019 5803 conditione

2129 4559 2333 4627 γένοιτο
2361 4563 2533 4632 πρᾶος
2564 4563 2656 4614 καὶ
2699 4563 2932 4634 εὐμενὴς
2975 4567 3003 4618 ό
3049 4566 3154 4619 τῶν
3182 4567 3321 4622 ὅλων
3349 4569 3500 4632 Θεὸς,
3538 4589 3707 4626 κατα-

2127 4653 2385 4708 δείκνυσι.
2422 4653 2592 4707 Τοῦτο
2627 4654 2690 4724 δὴ
2717 4651 2805 4726 ἦν,
2837 4652 3014 4725 οἶμαι,
3049 4660 3141 4710 καὶ
3170 4661 3436 4728 ἀνακόραι
3465 4662 3712 4727 θέλοντος

2127 4746 2226 4814 τὴν
2252 4744 2438 4815 ὀργὴν,
2474 4745 2569 4798 καὶ
2613 4745 2870 4813 ἀφανίσαι
2898 4747 2958 4800 τὸ
2987 4748 3210 4808 λυποῦν.
3245 4751 3336 4804 καὶ
3374 4756 3707 4824 περιστεῖλαι

2126 4835 2186 4888 τὸ
2221 4834 2476 4904 βλάπτον,
2508 4834 2786 4890 ἐπιδοῦναί
2813 4854 2873 4890 τε
2908 4838 3067 4892 πάλιν
3096 4841 3280 4905 αὐτοῖς
3309 4843 3367 4896 τὺ
3395 4847 3702 4915 εὐημερεῖν,

2128 4929 2220 4980 καὶ
2249 4927 2547 4998 διαχεῖσθαι
2577 4932 2689 4993 τοῖς
2727 4931 2974 4998 ἀγαθοῖς.
3024 4935 3166 5003 Ἔφη
3201 4935 3378 4989 τοίνυν
3400 4953 3414 4968 ·
3449 4956 3466 4988 ι
3517 4939 3708 5006 Ἀγιά-

2129 5035 2258 5072 σατε
2285 5020 2558 5090 νηστείαν,
2597 5039 2614 5071 ι
2648 5023 2944 5088 τουτέστιν,
2976 5024 3050 5086 ὡς
3089 5027 3146 5078 ὲν
3172 5026 3516 5098 ἀναθήματος
3536 5036 3708 5086 ποιεῖ-

2127 5109 2220 5163 σθε
2252 5109 2426 5176 τάξει,
2457 5112 2550 5164 καὶ
2588 5113 2663 5175 ὼς
2696 5113 2756 5165 ὲν
2799 5113 2988 5178 θυσίας
3008 5118 3230 5187 τρόπῳ,
3253 5119 3350 5190 τὴν
3376 5121 3450 5184 ὡς
3489 5122 3707 5195 άληθῶς

2126 5201 2388 5271 πανάγιον
2419 5203 2513 5256 καὶ
2542 5202 2843 5275 ἀμώμητον
2891 5208 3163 5276 νηστείαν.
3197 5211 3272 5262 Οὐ
3303 5211 3411 5282 γὰρ
3445 5213 3508 5284 δὴ
3539 5233 3705 5284 προσ-

2125 5294 2247 5363 ήκει
2273 5297 2392 5357 ταῖς
2411 5294 2509 5364 μὲν
2529 5295 2766 5359 ἀσιτίαις
2794 5298 3198 5368 κατατήκεσθαι
3230 5303 3291 5354 τὸ
3314 5305 3703 5377 σαρκίον,δρᾷν

2124 5383 2180 5438 δὲ
2208 5385 2405 5450 αὐτοὺς
2439 5387 2866 5458 νενηστευκότας
2893 5389 2961 5442 τὰ
2990 5390 3073 5458 ἐφ’
3105 5387 3183 5447 οἷς
3218 5393 3284 5446 ἂν
3311 5398 3702 5469 παροτρύνοιτο

2123 5475 2274 5540 Θεός.
2334 5479 2398 5531 Εἰ
2456 5479 2563 5549 γὰρ
2617 5478 2904 5558 μέλλοιμεν
2961 5481 3017 5533 ὲν
3061 5485 3237 5556 καιρῷ
3279 5489 3533 5558 νηστείας
3589 5493 3699 5544 τῶν

2125 5568 2270 5622 ἰδίων
2313 5569 2412 5622 οὐκ
2452 5568 2833 5623 ἀποπαύεσθαι
2869 5557 3229 5643 ’θελημάτων,
3275 5577 3594 5631 ὑπονύττειν
3640 5580 3696 5632 δὲ

2119 5663 2245 5723 τοὺς
2275 5661 2614 5732 ὑποχειρίους
2661 5663 2742 5727 είς
2789 5663 2970 5733 κρίσιν
3000 5682 3057 5718 τε
3101 5667 3192 5719 καὶ
3223 5667 3432 5738 μάχας,
3473 5671 3698 5724 τύπτειν

2122 5769 2179 5804 τε
2210 5755 2452 5821 πυγμαῖς
2474 5755 2728 5808 ταπεινὸν
2765 5755 2906 5810 κατὰ
2936 5755 2994 5807 τὸ
3025 5757 3195 5824 γένος,
3229 5757 3379 5814 οὔπω
3412 5763 3696 5832 νενηστεύ-
