3950 6200
245 336 355 407 κω

1130 350 1680 408 COMMENTARIUS
1720 353 1785 406 ΙΝ
1827 352 2092 409 JOELEM
2137 352 2584 409 PROPIIETAM.

3400 353 3506 410 550

247 463 515 535 κεμενὼς
536 462 645 516 δεῖ·
673 464 848 516 πόνων
871 461 925 516 δὲ
954 462 1156 534 ζημίας
1180 466 1556 537 ὑπομενοῦμεν
1573 468 1819 532 εἰκότως,

1937 470 2205 536 humilem,
2254 470 2486 524 nondum
2524 477 2582 522 ut
2628 467 2781 523 decet
2813 467 3137 537 jejunamus,
3167 476 3222 522 et
3259 466 3504 522 afﬂictio-

247 556 379 609 ιι)εοῦ
415 556 840 625 διακεκραγότος
865 572 878 587 ·
917 574 934 605 ι
963 557 1037 608 Οὐ
1074 556 1182 627 γὰρ
1219 557 1422 630 ταύτην
1455 558 1552 630 τὴν
1581 561 1831 630 νηστείαν

248 648 360 714 ἐγὼ
385 647 739 718 ἐξελεξάμην.
781 667 799 700 ι
834 649 926 699 Δεῖ
959 648 1022 717 δὴ
1055 644 1148 702 οὖν
1191 651 1528 720 ἀποσχέσθαι
1563 653 1832 721 φαυλότη-

245 759 360 803 τος,
396 740 627 793 ἕπεσθαί
663 757 741 803 τε,
773 741 868 794 καὶ
907 741 1050 811 μάλα
1081 744 1365 806 νεανικῶς,
1392 747 1506 807 τοῖς
1537 745 1630 797 τοῦ
1675 762 1832 812 νομοο

246 833 406 884 ὐέτου
442 831 694 901 δόγμασι,
724 831 820 902 τὴν
850 832 1082 902 καρδίαν
1108 834 1508 898 ἀπευθύνοντας
1547 835 1682 906 πρὸς
1726 839 1830 889 πᾶν

244 923 427 975 ὁτιοῦν
478 923 588 978 τῶν
625 924 966 993 ἀρεσκόντων
995 925 1164 997 αὐτῷ,
1221 927 1315 982 καὶ
1351 927 1442 980 τὸν
1472 928 1570 997 τῆς
1596 928 1832 990 διανοίας

249 1014 628 1081 ὑποφέροντας
684 1015 905 1083 αὐχένα,
952 1016 1257 1086 ψάλλοντάς
1297 1034 1359 1070 τε
1405 1018 1501 1070 καὶ
1532 1017 1787 1085 λέγοντας
1814 1034 1825 1048 ⁸

241 1124 256 1151 ι
273 1101 383 1159 Ἴδε
400 1104 501 1174 τὴν
520 1105 846 1157 ταπείνωσίν
871 1125 972 1175 μου
999 1112 1091 1161 καὶ
1116 1109 1208 1162 τὸν
1232 1109 1400 1162 κόπον
1425 1126 1546 1179 μου,
1572 1109 1666 1162 καὶ
1697 1110 1832 1178 ἄφες

242 1199 431 1256 πάσας
460 1195 557 1257 τὰς
590 1193 879 1264 ἁμαρτίας.
908 1195 1043 1250 »Καὶ
1065 1193 1172 1264 μὴν
1187 1196 1320 1266 πρὸς
1347 1196 1484 1266 τῷδε
1524 1197 1742 1250 κάκεῖνο
1770 1197 1831 1249 τὸ

240 1287 620 1356 προφητικόνο
664 1307 680 1335 ι
731 1285 999 1340 Ἰδοὺ,οῖδε
1028 1284 1184 1353 ἡμεῖς
1233 1287 1467 1357 ἐσόμεθά
1507 1305 1608 1350 σοι,
1638 1289 1718 1341 ὅτι
1765 1289 1830 1341 σὺ

241 1379 452 1448 Κύριος
480 1381 506 1431 ὁ
525 1377 658 1440 Θεὸς
686 1376 843 1448 ἡμῶν
870 1371 939 1431 σῖ.
983 1395 1002 1430 ι
1034 1377 1383 1448 Παράστασις
1413 1378 1523 1450 γὰρ
1553 1379 1646 1449 ἥδε
1678 1397 1831 1432 πνευ-

241 1470 476 1538 ματικὴ,
507 1471 603 1522 καὶ
647 1470 944 1525 ἁνδάνουσα
974 1469 1052 1540 τῷ
1084 1471 1201 1540 Θεῷ
1248 1471 1387 1540 ὑπὲρ
1436 1471 1635 1541 μόσχον
1682 1471 1822 1532 νέον,

241 1561 388 1628 ὐτὲρ
419 1561 590 1628 ἀμνον
619 1562 684 1613 ἐκ
714 1562 1000 1628 ποιμνίων,
1032 1561 1170 1632 ὑπὲρ
1194 1562 1378 1630 ἔριφον
1409 1563 1466 1629 ἐξ
1493 1563 1830 1633 αἰγῶν,ὐπὲρ

240 1652 525 1720 σεμίδαλιν
560 1653 654 1706 καὶ
692 1653 1006 1706 λιϐανωτόν.
1041 1656 1446 1725 Πνευματικαῖς
1484 1655 1590 1726 γὰρ
1621 1655 1829 1718 θυσίαις

238 1747 620 1816 εὶαρεστεῖται
672 1746 823 1807 Θεός.
887 1746 1231 1814 Ἀγιὰζοντες
1293 1748 1350 1800 δὲ
1403 1748 1502 1819 τὴν
1554 1750 1827 1819 νηστείαν,

241 1838 575 1908 κεῖρύξωμεν
619 1838 936 1910 Θεραπείαν,
978 1842 1244 1904 τουτέστι,
1275 1842 1371 1912 τὴν
1402 1844 1510 1895 τῶν
1550 1843 1706 1896 οείων
1738 1843 1825 1896 03-

239 1931 506 2000 1.151.51th
531 1932 901 2002 ἐκπλήρωσιν,
983 1933 1047 2004 δὴ
1074 1935 1164 1987 καὶ⁵
1187 1935 1504 2005 πρεπόντως
1533 1937 1831 2006 παρέποιτο

239 2024 306 2074 ἐν
345 2023 406 2074 τὸ
444 2023 601 2088 εὐθὺ,
636 2023 696 2076 τὸ
728 2023 1007 2092 εὐάγωγον
1047 2024 1141 2077 τοῦ
1174 2024 1401 2094 τρόπου,
1445 2026 1506 2078 τὸ
1549 2025 1687 2096 πρὸς
1719 2028 1828 2080 πᾶν

235 2115 416 2168 ιίξιοῦν
466 2116 684 2186 ἕτοιμον
735 2115 842 2170 τῶν
885 2117 966 2180 είς
1018 2117 1301 2182 εὐσεϐείας
1339 2118 1579 2188 ἡκόντων
1610 2119 1824 2186 λόγους.

253 2203 691 2273 ’ί-Σπιτελέσωμεν
713 2204 768 2256 δὲ
794 2207 920 2268 τοὺς
948 2207 1181 2277 τρόπους
1198 2207 1296 2276 τῆς
1327 2207 1638 2278 Θεραπείας,
1657 2227 1832 2261 συνει-

235 2293 523 2363 λεγμένων
570 2296 628 2346 ἐν
688 2295 982 2364 Ἐκκλησία
1016 2295 1124 2347 τῶν
1169 2297 1234 2348 ἐκ
1272 2297 1597 2365 γερουσίας,
1649 2297 1833 2350 συνδε-

234 2385 608 2455 δραμηκότων
642 2388 736 2440 καὶ
767 2387 984 2440 πάντων
1014 2387 1122 2440 τῶν
1151 2389 1548 2442 κατοικούντων
1579 2389 1676 2461 τὴν
1705 2390 1829 2460 γῆν,

236 2479 540 2532 κλαιόντων
582 2496 642 2533 τε
672 2480 765 2532 καὶ
808 2480 954 2549 μάλα
1002 2480 1268 2542 συντόνως
1299 2482 1378 2545 εἰς
1423 2482 1553 2552 ὃλην
1586 2482 1823 2554 ἡμέραν,

234 2571 333 2625 καὶ
380 2570 672 2642 ἀραρότως
705 2571 1090 2642 διακειμένων,
1123 2574 1204 2627 ὅτι
1231 2573 1449 2628 πάντων
1487 2573 1626 2626 ἐλεεῖ
1663 2574 1793 2637 Θεός
1815 2591 1828 2604 ο

235 2667 356 2717 ἔστι
385 2663 498 2735 γὰρ
531 2664 942 2736 «μακρόθυμος,
970 2666 1065 2719 καὶ
1095 2667 1398 2730 πολυέλεος,
1429 2666 1523 2720 καὶ
1556 2665 1828 2736 ἀληθινὸς,

235 2754 477 2825 ίξαίρων
505 2755 761 2826 ἀνομίας,
789 2757 884 2810 καὶ
915 2756 1258 2826 ὑπερϐαίνων
1297 2757 1531 2820 ἀδικίας,
1579 2776 1598 2810 ι
1634 2757 1728 2810 καὶ
1769 2757 1831 2810 οὐ

237 2847 485 2916 ευνέκων
526 2848 610 2910 εἷς
651 2849 957 2919 μαρτυρίαν
983 2849 1153 2919 ὀργὴν
1179 2849 1360 2903 ἀὐτοῦ
1395 2849 1536 2903 κατὰ
1564 2850 1625 2904 τό
1654 2850 1829 2919 γένος,

241 2958 260 2993 ‹
303 2940 433 2993 Ὀτι
463 2938 694 3011 Θελητὴς
732 2939 912 3004 ἐλέους
945 2942 1077 2997 ἐστί.
1121 2961 1140 2993 ›

307 3071 435 3125 Ὅτι
462 3072 644 3141 ἐγγὺς
673 3073 710 3140 ἡ
737 3072 925 3142 ἡμέρα
953 3075 1200 3140 Κυρίου,
1226 3075 1321 3128 καὶ
1355 3076 1435 3140 ὡς
1464 3077 1832 3144 ταλαιπωρία

1936 578 2061 615 num
2126 578 2312 632 poenas
2335 563 2601 625 dabimus,
2627 561 2820 616 merito
2843 561 3108 616 clamante
3135 562 3240 614 Deo
3266 579 3278 615 :
3315 580 3332 612 ι
3361 559 3509 614 Nun-

1933 653 2060 722 quid
2097 655 2198 708 hoc
2245 662 2329 708 est
2352 654 2634 722 jejunium,
2668 654 2810 723 quod
2859 652 2992 722 elegi
3027 653 3073 684 ⁷³
3098 652 3118 706 5’
3147 671 3165 702 ι
3215 653 3505 706 Abstinen-

1935 749 2062 800 dum
2097 745 2257 814 igitur
2289 747 2356 799 ab
2396 745 2763 815 improbitate,
2797 755 2849 800 et
2881 746 3131 797 mandata
3188 744 3507 813 legislaturis

1934 835 2300 888 exhaurienda
2332 845 2577 900 strenue,
2624 834 3071 903 dirigendumque
3099 848 3196 888 cor
3233 835 3297 886 ad
3345 848 3507 886 omne

1937 925 2026 979 Dei
2069 927 2485 993 bcneplacitum,
2548 936 2600 980 et
2639 929 2835 982 mentis
2906 928 3086 982 cervix
3148 927 3503 994 subjicienda,

1935 1018 2374 1087 psallendumque
2417 1033 2480 1071 ac
2525 1019 2884 1072 dicendutnzt
2939 1019 3071 1071 Vide
3146 1018 3506 1071 humilitatem

1933 1126 2110 1164 meam
2142 1125 2205 1163 ac
2240 1110 2475 1164 laborem
2529 1125 2727 1174 meum,
2753 1119 2806 1163 et
2833 1110 3038 1164 dimitte
3071 1109 3250 1164 omnia
3288 1118 3505 1178 peccata

1935 1217 2050 1256 mea
2073 1202 2176 1255 ⁷³.»
2213 1201 2436 1272 Insuper
2483 1201 2612 1254 illud
2637 1200 3037 1270 propheticum:
3077 1201 3244 1254 «Ecce
3274 1216 3369 1254 nos
3428 1199 3502 1251 tui

1933 1295 2156 1354 erimus,
2197 1292 2322 1362 quia
2372 1302 2424 1345 tu
2477 1293 2730 1347 Dominus
2776 1293 2914 1347 Deus
2959 1302 3143 1346 noster
3191 1307 3268 1345 es.
3313 1313 3330 1343 ι
3380 1289 3506 1344 Huic

1932 1386 2072 1441 enim
2093 1385 2388 1454 spiritualis
2417 1395 2498 1439 est
2523 1385 2745 1449 oblatio,
2764 1393 2815 1438 et
2840 1387 3012 1452 placet
3050 1386 3153 1439 Deo
3177 1400 3336 1452 super
3367 1385 3506 1436 vitu-

1932 1477 2041 1532 lum
2090 1479 2355 1533 novellum
2383 1477 2450 1544 ⁷⁸⁵,
2531 1492 2690 1546 super
2735 1494 2930 1547 agnum
2960 1477 3024 1531 de
3057 1477 3327 1546 gregibus,
3348 1491 3508 1544 super

1934 1571 2145 1625 haztium
2176 1571 2239 1624 de
2262 1570 2464 1638 capris,
2487 1583 2649 1636 super
2683 1569 2805 1628 thus
2837 1578 2888 1622 et
2916 1567 3165 1621 similam.
3200 1567 3506 1636 Spirituali-

1931 1661 2032 1716 bus
2057 1676 2288 1730 namque
2320 1660 2606 1714 sacrificiis
2637 1670 2934 1714 recreatur.
2959 1659 3374 1712 Sancnlicantcs
3403 1674 3503 1709 au-

1937 1764 2043 1807 tem
2086 1752 2349 1822 jejunium
2416 1752 2768 1821 prmdicemus
2812 1750 3165 1814 curationem,
3227 1749 3327 1803 hoc
3383 1759 3506 1813 est,

1935 1848 2240 1902 divinarum
2286 1843 2616 1898 voluntatum
2676 1840 3058 1908 cxpletionem,
3091 1855 3248 1906 quam
3306 1839 3506 1891 decen-

1935 1948 2016 1992 ter
2048 1936 2395 1992 comitabitur
2445 1931 2728 1994 rcctitudo,
2761 1945 2968 1982 morum
3021 1931 3408 1996 tractabilitas,
3439 1931 3506 1983 ad

1931 2028 2111 2082 omnia
2159 2036 2440 2096 promptus
2496 2040 2558 2078 ac
2613 2032 2832 2091 paratus
2883 2022 3126 2085 animus,
3171 2037 3508 2091 quaecunque

1933 2119 2121 2188 pietati
2151 2127 2278 2173 sunt
2308 2117 2507 2170 alliuia.
2548 2117 2914 2185 Exsequemur
2948 2129 3074 2168 vero
3115 2115 3300 2168 modos
3354 2130 3509 2168 cura-

1935 2210 2096 2264 tionis
2125 2209 2468 2279 congregatis
2501 2209 2550 2261 in
2583 2208 2825 2263 Ecclesia
2866 2208 3106 2274 senibus,
3139 2216 3191 2263 et
3237 2206 3509 2261 confluen-

1934 2304 2076 2356 tibus
2104 2302 2372 2356 univcrsis
2405 2311 2604 2356 terram
2655 2300 3042 2367 habitantibus,
3070 2301 3509 2370 plorantibnsque

1933 2396 2284 2450 vehementer
2324 2404 2431 2448 tota
2461 2393 2568 2459 die,
2603 2402 2657 2448 et
2694 2394 3078 2448 convenienter
3107 2392 3339 2457 affectis,
3371 2407 3507 2460 quo-

1933 2486 2076 2540 niam
2105 2486 2345 2539 onmium
2372 2488 2658 2541 miseretur
2692 2484 2832 2541 Deus
2863 2502 2877 2538 :
2909 2495 2992 2540 est.
3021 2487 3164 2540 enim
3195 2502 3212 2535 ι
3266 2485 3510 2551 longani-

1935 2578 2059 2644 mis,
2089 2587 2143 2631 et
2172 2577 2354 2632 multa:
2386 2578 2765 2632 misericordiae
2794 2586 2848 2630 ct
2873 2592 3033 2630 verax
3050 2577 3117 2641 ",
3177 2583 3229 2629 et
3258 2577 3509 2628 auferens

1935 2669 2246 2738 iniquitates
2287 2669 2355 2736 ",
2373 2678 2428 2724 et
2469 2668 2996 2738 superansjustitias
3023 2667 3122 2731 ⁷⁷,ι
3152 2680 3326 2733 neque
3376 2681 3509 2719 cou-

1931 2761 2108 2816 tinens
2141 2759 2275 2813 iram
2303 2774 2454 2814 suam
2483 2760 2533 2813 in
2563 2759 2926 2814 testimonium
2954 2771 3148 2812 natura
3179 2773 3296 2824 sua,
3320 2776 3337 2808 ι
3362 2755 3512 2823 Quo-

1936 2852 2078 2904 niam
2112 2849 2294 2905 volens
2331 2849 2754 2904 misericordiam
2795 2860 2878 2903 est
2909 2850 3010 2902 ⁷⁸.»

2009 3078 2170 3130 Vnus.
2207 3076 2294 3137 l5,
2337 3075 2424 3130 16.
2460 3075 2719 3140 Quoniam
2746 3072 2906 3143 juxta
2929 3083 3003 3126 est
3035 3073 3146 3127 dies
3182 3072 3428 3135 Domini,
3461 3082 3512 3126 et

235 3163 308 3214 ἐκ
341 3164 746 3231 ταλαιπωρίας
783 3164 935 3232 ἥξει.
979 3165 1303 3218 Κατέναντι
1350 3166 1470 3218 τῶν
1507 3166 1830 3234 ὀφθαλμῶν

1937 3170 2084 3237 quasi
2122 3170 2333 3220 miseria
2374 3168 2436 3219 de
2462 3167 2673 3219 miseria
2701 3167 2884 3218 veniet.
2928 3167 3060 3218 Ante
3091 3166 3269 3217 oculos
3322 3175 3512 3217 vestros

241 3255 409 3323 ὑμῶν
435 3255 745 3324 βρώματα,
823 3255 1271 3325 Ἑξωλοθρεύθη
1324 3257 1392 3322 ἐξ
1447 3259 1620 3312 οἴκου
1683 3258 1832 3311 Θεοῦ

241 3347 412 3417 υμῶν
435 3350 809 3416 εὐφροσύνη,
831 3348 926 3401 καὶ
953 3347 1126 3415 χαρά.

312 3481 413 3533 lB’.
470 3480 714 3550 Ἢμέραν
761 3481 964 3550 Κυρίου
1013 3483 1164 3552 φησὶ,
1204 3481 1323 3534 καθ’
1355 3481 1421 3552 ἢν
1454 3481 1562 3535 ἔδει
1592 3481 1832 3551 πληροῦ-

243 3573 366 3626 σθαι
390 3572 464 3625 τὰ
503 3572 564 3637 ἐξ
588 3573 778 3644 ὀργῆς,
816 3573 849 3644 ἢ
880 3575 976 3642 τῆς
999 3575 1218 3643 ἁκρίδος
1249 3575 1431 3638 αὐτοῖς
1465 3573 1833 3645 ἐπενηνεγμέ-

243 3684 360 3736 νης,
394 3667 494 3719 καὶ
522 3667 591 3720 τὰ
623 3668 680 3718 ὲν
711 3666 864 3737 ἀγρῷ
893 3667 1240 3738 δαπανώσης,
1275 3668 1367 3719 καὶ
1406 3668 1484 3728 είς
1527 3664 1688 3735 λιμοῦ
1738 3665 1832 3717 καὶ

246 3757 455 3820 ἐνδείας·
505 3757 829 3828 πεμπούσης
875 3757 1124 3828 δείματα,
1176 3759 1268 3810 καὶ
1309 3758 1476 3828 αὐτὴν
1530 3756 1832 3826 ἐντιθείσης

245 3849 332 3904 τοῦ
367 3849 606 3903 Θανάτου
645 3851 744 3920 τὴν
779 3851 968 3914 πτόαν,
1002 3851 1168 3921 ἤγουν
1198 3850 1304 3903 τῶν
1335 3848 1692 3902 Βαϐυλωνίων
1734 3865 1833 3902 κα-

250 3939 651 4009 ταφθειρόντων
681 3942 915 4004 ἅπαντα,
951 3941 1138 3993 πόλεσί
1162 3959 1220 3995 τε
1254 3941 1348 3994 καὶ
1382 3939 1596 4012 κώμαις
1625 3942 1830 4010 ἐμφυο-

252 4033 444 4100 μένων,
495 4033 622 4086 ἄλλο
655 4051 715 4085 τε
762 4033 849 4086 ἐπ’
881 4033 1023 4103 ἄλλῳ
1069 4034 1592 4105 προσεργαζομὲνων
1637 4033 1828 4098 κακὸν,

248 4126 334 4176 καὶ
361 4123 744 4194 ταλαιπωρίαν
787 4126 851 4178 ὲκ
883 4125 1258 4198 ταλαιπωρίας
1307 4123 1832 4196 προσεπιρριπτούν-

241 4231 347 4269 των
377 4215 470 4268 ἀεὶ
497 4217 766 4270 ἐνοικοῦσι
797 4216 891 4288 τὴν
935 4217 1057 4287 γῆν,
1093 4217 1164 4280 ὡς
1198 4215 1318 4287 μηδ’
1351 4217 1473 4268 ὅσον
1499 4219 1672 4268 εἰπεῖν
1696 4215 1830 4268 ἁνα-

243 4309 479 4362 πνεῦσαι
507 4308 770 4362 δύνασθαι
801 4309 994 4379 βραχὺ,
1038 4309 1130 4362 καί
1168 4327 1219 4364 τι
1248 4310 1336 4364 διὰ
1381 4311 1544 4380 μέσου
1580 4309 1832 4378 γενέσθαι

242 4402 506 4473 χρηστόν·
549 4402 636 4469 ἐφ’
669 4393 851 4471 ὦνπερ
881 4397 947 4480 ἦν
981 4401 1149 4465 εἰκὸς,
1191 4401 1291 4455 κᾶν
1334 4403 1462 4472 γοῦν
1506 4402 1612 4456 ἀπὸ
1635 4403 1833 4474 μέρους

1937 3260 2204 3312 alimenta.
2249 3258 2467 3312 Sublata
2495 3271 2610 3311 sunt
2636 3259 2698 3311 de
2726 3259 2878 3310 domo
2928 3256 3023 3309 Dei
3052 3257 3202 3310 restri
3232 3256 3414 3309 lwtitia
3461 3263 3512 3309 et

1934 3351 2207 3419 gaudium.

2003 3483 2120 3538 XII.
2155 3485 2306 3537 Diem
2352 3483 2557 3537 Domini
2597 3493 2772 3546 vocat,
2811 3497 2913 3552 qua
2948 3482 3042 3537 ira:
3091 3481 3206 3550 ejus
3251 3479 3511 3534 satisfieri

1934 3585 2164 3644 oportet,
2199 3584 2288 3628 aut
2318 3576 2520 3628 locusta
2558 3575 2687 3644 ipsis
2714 3574 2976 3639 immissa,
3003 3581 3055 3627 et
3087 3572 3266 3641 fruges
3299 3573 3348 3626 in
3381 3586 3514 3641 agro

1934 3667 2278 3733 depasccnte,
2305 3675 2359 3720 et.
2387 3665 2547 3719 famis
2587 3674 2748 3734 atque
2785 3665 3025 3734 penuriae
3057 3665 3311 3718 horrores
3356 3662 3514 3716 incu-

1939 3758 2121 3822 tiente,
2183 3757 2465 3824 ipsumque
2531 3756 2721 3810 mortis
2773 3770 3026 3825 pavorem
3076 3755 3373 3818 inferente;
3419 3762 3513 3809 aut

1936 3848 2244 3920 Babyloniis
2271 3847 2452 3901 omnia
2500 3848 2858 3910 vastantibus,
2909 3846 3238 3912 urbibusque
3286 3853 3354 3899 et.
3379 3844 3513 3898 vicis

1936 3941 2396 4002 incumbentibus,
2441 3950 2495 3993 et
2522 3940 2727 3994 cladem
2763 3938 2910 3992 clade
2959 3935 3376 3998 cumulantihtts,
3410 3935 3514 3988 mi-

1935 4033 2244 4101 scriamque
2272 4047 2337 4085 ex
2372 4032 2589 4086 miseria
2627 4030 2894 4100 indigenis
2943 4026 3507 4097 superadjicientibus,

1937 4137 1997 4179 ut
2032 4140 2097 4179 ne
2125 4125 2191 4177 ad
2216 4135 2469 4192 punctum
2501 4123 2715 4191 quidem
2762 4121 3021 4188 temporis
3069 4118 3284 4188 paulum
3333 4121 3510 4186 respi-

1939 4230 2060 4270 rare
2123 4224 2344 4282 queant,
2410 4223 2464 4267 et
2505 4213 2707 4264 interea
2784 4209 2985 4278 aliquid
3046 4209 3170 4263 boni
3243 4207 3358 4264 ﬁat.
3446 4206 3511 4263 Et

1935 4323 2148 4376 aequum
2206 4313 2323 4360 erat
2393 4303 2584 4357 saltem
2662 4318 2727 4356 cx
2782 4311 2932 4370 parte
2981 4311 3035 4354 et
3105 4302 3364 4357 mediocri
3424 4316 3516 4354 so.

1936 4397 2068 4451 latio
2127 4394 2364 4466 perfrui,
2407 4397 2497 4464 qui
2557 4403 2636 4446 tot.
2704 4394 3061 4447 incommodis
3117 4409 3239 4447 sese
3319 4407 3516 4447 consc-

245 4495 476 4566 μετρίαν
521 4493 779 4548 δύνασοαι
833 4495 1161 4566 παραψυχὴν
1195 4495 1338 4566 ἔχειν
1369 4497 1493 4559 τοὺς
1531 4500 1595 4567 τῇ
1641 4497 1830 4566 συχνό-

1937 4487 2244 4556 queutibus'
2272 4483 2668 4540 intolerandum
2722 4487 2773 4538 in
2800 4484 3015 4537 nimium
3049 4483 3228 4539 affecti
3269 4483 3514 4540 fuissent.

242 4603 362 4654 τητι
411 4585 601 4638 λοιπὸν
659 4586 768 4638 τῶν
810 4585 996 4640 κακῶν
1043 4587 1334 4658 ἀφορήτως
1379 4587 1828 4658 ὲντετηγμένους.

253 4676 476 4746 Ἐπειδὴ
518 4676 577 4729 δὲ
623 4677 1038 4748 πεπαινομένων
1063 4677 1170 4731 τῶν
1197 4677 1422 4749 καρπῶν
1455 4678 1576 4750 ἤδη,
1610 4679 1704 4731 καὶ
1743 4680 1832 4732 τὸν

241 4766 476 4836 ἀμῶντα
517 4765 706 4820 λοιπὸν
751 4768 1062 4822 καλούντων
1106 4769 1191 4838 ἐφ’
1236 4769 1449 4832 ἑαυτοῖς
1496 4768 1601 4820 τῶν
1641 4768 1832 4836 ληῖων,

225 4859 471 4931 ,βότρυός
500 4876 560 4912 τε
589 4861 1122 4932 καταπερκόιζοντος,
1161 4862 1254 4915 καὶ
1298 4861 1620 4931 γλιχομένου
1654 4860 1834 4913 ἐκθλί-

215 4950 460 5050 ίϐεσοαι,
493 4952 683 5020 γέγονέ
714 4971 816 5007 που
843 4953 985 5023 τάχα
1005 4954 1103 5024 τῆς
1127 4954 1398 5028 ἀκρίδοςή
1432 4954 1657 5024 ἐμϐολὴ,
1686 4952 1832 5023 Βρώ·

213 5040 224 5091 -’
250 5060 414 5112 ματα,
451 5045 642 5115 φησιν,
668 5046 1042 5118 ὲξωλοορεύθη
1085 5045 1146 5113 ἐξ
1167 5046 1454 5118 ὀφθαλμῶν
1483 5045 1684 5105 αὐτῶν,
1727 5040 1837 5098 οἷον

248 5137 618 5206 ἡρπασμένων
663 5139 773 5192 τῶν
808 5140 866 5192 ὲν
908 5140 1032 5211 ὄψει
1061 5140 1462 5210 γεγενημένων,
1505 5139 1838 5210 παρακειμὲο

247 5244 350 5280 νων
380 5227 572 5301 ὥσπερ
599 5230 802 5296 αὐτοῖς,
850 5232 946 5285 καὶ
974 5231 1073 5303 τὴν
1111 5231 1411 5285 ἀπόλαυσιν
1437 5218 1672 5302 ἐχόντων
1706 5234 1838 5285 ἐτοι-

249 5321 511 5400 μοτὰτην.
555 5322 880 5394 Ἐξῃρθῆναι
922 5326 980 5377 δὲ
1025 5324 1186 5378 πάλιν
1215 5323 1618 5378 διαϐεϐαιοῦται
1653 5325 1746 5378 καὶ
1776 5325 1835 5391 ἐξ

243 5409 393 5463 οίκου
418 5411 629 5481 Κυρίου
656 5411 754 5484 τὴν
779 5414 1118 5486 εὐφροσύνην
1145 5416 1237 5469 καὶ
1257 5416 1356 5486 τὴν
1397 5415 1589 5488 χαράν.
1625 5416 1820 5470 Ἐθυον

245 5500 374 5570 γὰρ,
395 5502 520 5566 ταῖς
554 5502 613 5568 ἐξ
653 5503 838 5574 ἀγρῶν
874 5506 1199 5577 εὐκαρπίαις
1242 5507 1690 5577 ἐπαγαλλόμενοι,
1733 5506 1825 5560 καὶ

320 5701 363 5732 τ’
395 5700 564 5776 Zach.
602 5719 693 5776 vn,
859 5704 904 5735 ⁷³
940 5705 1075 5759 ῐέειι.
1119 5726 1262 5776 sxw,
1301 5711 1378 5764 18.

253 5781 432 5838 Lutv,
470 5773 521 5826 3.
632 5775 678 5804 ⁷⁵³
706 5775 841 5829 Osce
880 5791 947 5843 \‘t,
987 5779 1043 5829 li.

1456 5710 1500 5740 ⁷³
1533 5707 1672 5762 Psal.
1731 5721 1918 5772 ιινιιι,
1956 5707 2044 5763 59..

1937 4581 2002 4634 Et
2032 4580 2152 4648 quia
2191 4578 2436 4647 frugibus
2486 4577 2644 4646 211
2674 4577 2921 4640 maturis,
2956 4588 3010 4629 et
3040 4577 3311 4645 segetibus
3380 4591 3515 4630 mes-

1930 4669 2265 4739 sorem'jam
2316 4670 2658 4735 vocantibus,
2715 4678 2770 4722 et
2827 4683 2930 4721 uva
2979 4678 3128 4722 cocta
3200 4667 3508 4734 calcarique

1931 4762 2294 4826 desiderante,
2328 4759 2535 4815 locusta
2567 4760 2819 4816 celeriter
2859 4759 3000 4813 forte
3040 4758 3254 4827 irrupit,
3287 4757 3516 4810 alimen-

1934 4865 1983 4908 ta
2012 4855 2080 4909 ab
2117 4855 2290 4910 oculis
2319 4869 2506 4908 eorum
2547 4852 2725 4907 ablata
2774 4867 2893 4906 esse
2935 4849 3270 4920 pronuntiat,
3307 4847 3517 4902 velutsi

1933 4949 2156 5018 abrepta
2208 4947 2456 5012 fuissent,
2490 4961 2609 5014 qua:
2645 4945 2697 4998 in
2735 4952 3027 5013 conspectu
3073 4951 3128 4996 et
3176 4951 3303 4997 ante
3334 4941 3522 4996 oculos

1937 5041 2040 5097 sibi
2082 5041 2280 5111 posita,
2305 5049 2360 5095 et
2415 5040 2482 5093 ad
2526 5037 2810 5092 fruendum
2884 5035 3119 5090 maxime
3166 5034 3219 5088 in
3269 5044 3518 5105 promptu

1936 5136 2270 5192 habuissent.
2333 5137 2519 5189 Denuo
2570 5131 2802 5186 alIirmat
2845 5132 2910 5187 de
2961 5132 3122 5186 domo
3167 5130 3377 5188 Domini
3419 5133 3519 5187 lae-

1936 5229 2107 5283 titiam
2167 5237 2222 5281 et
2287 5224 2545 5295 gaudium
2615 5224 2862 5295 periisse.
2925 5223 3319 5280 Sacrificabant
3373 5223 3518 5278 enim

1932 5337 2054 5376 cum
2071 5319 2426 5374 exsultatione
2463 5318 2532 5374 de
2551 5317 2700 5374 uberi
2744 5317 2957 5387 frugum
2989 5325 3271 5385 proventu,
3326 5311 3508 5366 trade-

1932 5415 2165 5482 bautque
2180 5427 2238 5468 se
2257 5410 3175 5481 hilaritatilomnimodis,gratiarum
3193 5417 3410 5460 munera
3431 5401 3520 5454 de-

1932 5506 2341 5576 tlieautes,quod
2367 5515 2522 5561 terra:
2551 5506 2706 5562 bonis
2736 5503 2941 5560 affatim
2971 5498 3280 5559 circumfusi
3313 5501 3515 5548 essent.

2637 5704 2681 5736 ⁷⁸
2715 5702 2881 5756 Exod.
2953 5711 3134 5758 xxxiv.
3175 5695 3228 5747 7.
3303 5693 3346 5726 ⁷⁷
3370 5692 3516 5749 Psal.

2124 5708 2168 5740 ⁷⁵
2201 5707 2341 5764 Psul.
2370 5721 2464 5772 cu,
2507 5706 2558 5763 S.
