3898 6212
466 328 564 383 351

1476 332 1534 389 S.
1573 330 1849 388 CYRILLI
1887 329 2356 390 ALEXANDRINI
2396 334 2716 395 ARCIIIEP.

3619 349 3725 410 359

463 446 591 509 τοὺς
612 443 714 515 τῆς
735 440 1073 519 εὐφροσύνης
1096 448 1332 520 τρόπους
1357 451 1682 524 ἐπετήδευον
1702 451 2046 515 ἀνατιθέντες
2081 452 2151 505 τὰ
2185 456 2537 527 χαριστήρια,
2581 458 2669 512 διά
2695 476 2777 513 τοι
2817 459 2877 513 τὸ
2914 462 3256 534 περιχεῖσθαι
3298 462 3570 529 πλουσίως
3613 469 3729 534 τοῖς

464 537 529 592 ἐκ
559 541 662 609 γῆς
692 540 935 608 ἀγαθοῖς.

536 636 797 692 Similiter
838 640 1019 694 evenit
1088 641 1155 697 iis
1196 642 1287 712 qui
1322 644 1373 698 in
1404 642 1678 699 Christum
1732 642 2039 713 petulantis-

2217 640 2542 712 Εὑρήσομεν
2560 643 2619 696 δὲ
2651 644 2893 699 τοιοῦτόν
2918 663 2970 699 τι
3007 646 3346 712 πεπονθότας
3392 649 3489 704 καὶ
3534 652 3727 719 αὐτοὺς

464 732 585 786 simi
637 736 979 791 exstiterunt.
1021 737 1147 792 Fuit
1186 739 1328 794 enim
1371 739 1505 810 ipsis
1536 749 1663 795 ante
1706 739 1893 795 oculos
1933 738 2045 808 jam

469 841 488 874 ι
515 826 667 893 panis
704 828 855 883 vivus
910 829 997 898 qui
1034 831 1099 885 de
1130 831 1270 886 cmlo
1312 832 1612 899 descendit,
1647 842 1701 889 et
1750 835 1844 888 dat
1880 834 2046 887 vitam
2082 856 2087 863 -

469 920 670 973 mundo
707 921 777 974 τοι
816 940 836 973 ι
865 938 1093 992 granum
1127 924 1475 994 tritici,quod
1512 925 1719 995 lapsum
1752 927 1806 981 in
1846 934 2046 983 terram

471 1012 817 1081 multiplicem
868 1014 1100 1069 fructum
1139 1017 1359 1087 protulit
1385 1017 1453 1083 ⁸⁶;
1479 1020 1659 1073 vinum
1700 1021 1841 1088 quod
1868 1030 2048 1076 mente

465 1105 724 1171 cernitur,
767 1117 820 1161 et
874 1124 967 1162 cor
1012 1110 1245 1164 hominis
1309 1110 1579 1165 lzetilicare
1635 1110 2043 1167 consuevit'°'.

464 1198 569 1252 Sed
606 1200 729 1267 quia
794 1216 898 1254 non
956 1202 1279 1255 destiterunt
1317 1202 1370 1256 in
1412 1203 1884 1259 incredulitatibus
1932 1202 2046 1258 suis

463 1289 840 1342 contumeliam
879 1291 1074 1354 facere,
1111 1291 1177 1345 ab
1218 1306 1405 1346 eorum
1446 1302 1759 1362 conspectu,
1804 1301 1858 1347 et
1916 1301 2039 1347 tan-

460 1398 619 1451 quam
646 1399 676 1437 e
705 1386 879 1438 medio
920 1384 1096 1439 ablata
1126 1398 1249 1441 sunt
1283 1388 1463 1442 omnia
1500 1388 1756 1442 alimenta
1786 1388 2042 1456 spiritua‘

460 1477 551 1539 lia,
615 1486 670 1530 et
709 1478 969 1532 abscessit
1010 1477 1077 1531 ab
1110 1480 1189 1533 eis
1222 1480 1399 1534 omnis
1432 1481 1561 1534 boni
1602 1479 2039 1543 communicatio,

456 1568 727 1636 periitque
775 1584 805 1622 a
849 1569 1011 1623 domo
1043 1584 1228 1624 eorum
1280 1571 1463 1625 laetitia
1505 1581 1559 1626 et
1602 1573 1877 1642 gaudium.
1926 1571 2043 1625 Dati

459 1670 588 1714 sunt
626 1661 769 1715 enim
835 1660 888 1715 in
935 1661 1345 1727 desolationem,
1376 1672 1431 1717 et
1476 1663 1527 1717 in
1586 1679 1825 1718 aerumna
1881 1663 2045 1718 relin-

459 1762 719 1819 quuntur,
756 1767 857 1805 nec
900 1765 1082 1821 regem
1124 1752 1409 1819 habentes,
1446 1766 1545 1807 nec
1598 1754 1917 1822 principem,
1947 1764 2045 1806 nec

460 1842 813 1906 sacriﬁcium.
853 1857 953 1898 nec
993 1843 1183 1907 altare,
1213 1858 1310 1898 nec
1358 1844 1713 1909 sacerdotem,
1745 1858 1842 1898 nec
1865 1843 2041 1896 mani-

460 1938 594 1992 festa
631 1938 700 1993 M.
752 1938 871 1991 Alio
908 1939 1032 1992 item
1060 1940 1217 1993 modo
1238 1940 1306 1993 ab
1350 1938 1520 1993 oculis
1562 1952 1748 1993 eorum
1785 1936 2038 1990 alimenta

457 2038 513 2083 et
547 2031 809 2095 laetitiam,
845 2039 900 2083 et
951 2031 1204 2099 gaudium
1256 2030 1432 2086 ablata
1474 2044 1595 2084 esse
1642 2030 1896 2084 dicimus.
1953 2029 2043 2082 Ait

456 2121 601 2174 enim
652 2122 982 2175 Dominusn
1032 2118 1145 2175 Non
1192 2122 1242 2175 in
1290 2123 1405 2176 solo
1471 2136 1612 2190 pane
1654 2122 1800 2176 vivet
1843 2121 2039 2186 homo,

456 2213 549 2265 sed
588 2213 641 2266 in
680 2212 827 2267 omni
864 2214 1046 2277 verbo,
1079 2196 1220 2282 quod
1276 2213 1519 2283 procedit
1560 2214 1624 2268 de
1675 2228 1770 2267 ore
1820 2213 1909 2267 Dei
1935 2212 2036 2266 ε’.»

457 2303 651 2357 Mentis
695 2312 875 2358 autem
913 2303 1063 2357 cibus
1107 2304 1323 2357 verbum
1370 2314 1474 2361 est.
1508 2304 1681 2359 Nemo
1710 2304 2044 2359 dubitaverit

455 2395 723 2452 allirmare
740 2398 839 2453 hoc
854 2399 1347 2470 verbum,inquam,
1369 2418 1397 2455 a
1420 2401 1618 2456 Judreis
1634 2402 1869 2456 ablatum
1896 2416 2037 2467 esse,

456 2488 521 2539 ad
558 2487 793 2555 inopiam
839 2491 982 2545 enim
1021 2492 1314 2561 spiritualis
1346 2494 1613 2549 alimonia:
1646 2495 1844 2549 redacti
1877 2503 2037 2562 sunt;

455 2593 553 2632 nec
598 2580 796 2649 scripta
842 2580 1039 2652 Moysis
1073 2582 1490 2649 intellexerunt,
1545 2604 1564 2635 ‹
1592 2586 1685 2639 sed
1731 2600 1900 2655 usque
1943 2587 2042 2641 ho-

453 2669 543 2724 die
593 2672 830 2739 positum
881 2683 963 2728 est
1015 2676 1262 2730 velamen
1329 2692 1492 2746 super
1546 2692 1641 2732 cor
1693 2693 1878 2733 eorum
1909 2679 1975 2743 ⁸³;
2016 2697 2035 2731 ι

452 2763 684 2816 oderunt
724 2765 988 2833 siquidem
1032 2766 1230 2821 Christi
1267 2768 1507 2823 oracula.
1543 2768 1711 2822 Periit
1745 2770 1874 2837 ipsis
1922 2784 2038 2822 om-

454 2850 536 2903 nis
568 2866 689 2905 esca
733 2854 1055 2922 spiritualis;
1081 2872 1185 2910 non
1216 2857 1358 2925 quod
1395 2858 1505 2925 ipsa
1532 2860 1824 2925 perniciem
1882 2874 2037 2927 passa

453 2944 544 3007 sit,
568 2943 660 2998 sed
706 2946 831 3014 quia
869 2947 1043 3014 passis
1076 2963 1179 3002 non
1216 2949 1535 3015 apponitur;
1589 2960 1643 3003 et
1679 2961 1937 3019 quantum
1984 2953 2036 3005 itt

452 3035 586 3103 ipsis
620 3035 741 3102 l’uit,
792 3036 931 3090 nulla
976 3048 1060 3092 est
1114 3039 1343 3107 amplius
1386 3042 1627 3095 omnino.
1682 3040 1876 3095 Verum
1938 3042 2037 3097 Do-

454 3125 634 3180 minus
691 3127 743 3181 itt
796 3142 857 3184 se
916 3130 1262 3186 credentibus
1318 3132 1539 3189 delicias
1612 3135 1939 3203 impertitur,
1985 3146 2040 3191 et

334 3214 349 3225 '
454 3217 620 3271 vitam
676 3218 872 3272 lautam
921 3235 985 3274 ac
1049 3221 1331 3276 delicatam
1387 3223 1438 3277 in
1492 3225 1650 3279 bonis
1705 3225 2035 3281 coelestibus.

2148 731 2211 802 δὴ
2248 733 2485 802 μάλιστα
2528 736 2658 800 τοὺς
2710 738 2792 801 είς
2826 737 3061 808 Χριστὸν
3109 743 3600 811 πεπαρῳνηκότας.
3630 746 3728 799 Γέ-

2148 838 2276 891 γονε
2298 823 2399 893 μὲν
2426 824 2535 895 γὰρ
2564 827 2749 889 αὐτοῖς
2780 828 2838 879 ἐν
2860 827 3160 897 ὀφθαλμοῖς
3185 829 3286 901 ἤδη
3312 848 3430 895 πως
3465 851 3485 884 ‹
3512 834 3538 885 6
3570 834 3731 905 ἄρτος

2148 914 2250 981 τῆς
2288 914 2453 984 ζωῆς,
2493 918 2522 970 6
2554 917 2613 981 ἐξ
2649 917 2882 988 οὐρανοῦ
2929 919 3174 983 καταϐὰς
3196 960 3212 985 ,
3245 922 3340 974 καὶ
3384 922 3525 993 ζωὴν
3556 924 3732 991 διδοὺς

2147 1004 2226 1076 τῷ
2256 1007 2447 1079 κόσμῳ
2474 1046 2491 1072 ,
2537 1026 2557 1060 ι
2603 1010 2632 1062 6
2672 1009 2874 1072 κόκκος
2904 1008 2999 1062 τοῦ
3029 1011 3198 1076 σίτου,
3233 1013 3262 1064 6
3284 1012 3465 1065 πεσὼν
3495 1017 3575 1077 είς
3606 1017 3731 1085 γῆν,

2149 1100 2245 1151 καὶ
2280 1099 2570 1164 πολλοστὸς
2596 1103 2826 1172 ἀναφὺς,
2866 1102 2895 1154 6
2920 1101 3109 1173 νοητὸς
3137 1098 3298 1167 οἶνος,
3328 1106 3356 1157 6
3386 1106 3612 1177 καρδίας
3642 1108 3734 1162 ἀνι

2150 1190 2837 1265 θρώπωνικατευςρραίνειν
2861 1194 3037 1257 εἰδώς.
3092 1196 3309 1268 Ἐπειδὴ
3348 1196 3406 1250 δὲ
3445 1199 3506 1250 οὑ
3552 1199 3731 1252 διαλε-

2148 1284 2365 1339 λοίπασι
2401 1288 2523 1350 ταῖς
2571 1287 2876 1349 ἀπειθείαις
2930 1289 3262 1360 ὑϐρίζοντες,
3298 1292 3524 1360 γέγονεν
3551 1295 3733 1359 αὐτοῖς

2149 1382 2206 1448 ἐξ
2233 1381 2544 1453 ὀφθαλμῶν,
2582 1383 2676 1436 καὶ
2701 1377 2813 1437 οἷον
2850 1385 2913 1437 ἐκ
2960 1386 3126 1455 μέσου
3179 1384 3444 1457 βρώματα
3485 1404 3730 1459 πνευμα-

2147 1472 2295 1527 τικά.
2338 1474 2775 1543 ’Λποπειροίτηκε
2806 1474 2914 1545 γὰρ
2963 1476 3144 1530 αὐτῶν
3188 1478 3221 1546 ἡ
3273 1477 3474 1541 παντὸς
3524 1478 3733 1545 ἀγαθοῦ

2150 1563 2385 1635 μέθεξις.
2428 1566 2682 1636 Ἐξῇρται
2710 1566 2768 1619 δὲ
2821 1568 2915 1620 καλ¹
2951 1567 3011 1633 ἐξ
3065 1566 3217 1621 οἴκου
3257 1569 3351 1620 τοῦ
3384 1572 3517 1639 παρ’
3548 1570 3727 1633 αὐτοῖς

2147 1658 2472 1731 εὐφροσύνη,
2520 1660 2611 1714 καὶ
2653 1660 2817 1732 χαρά.
2859 1660 3109 1714 Δέδονται
3156 1660 3266 1732 γὰρ
3301 1661 3381 1725 είς
3426 1662 3722 1733 ἐρήμωσιν,

2146 1751 2240 1805 καὶ
2269 1751 2603 1805 διατελοῦσιν
2642 1755 2689 1806 oi
2716 1753 2943 1816 τάλανες
2988 1754 3089 1808 οὐκ
3121 1753 3274 1818 ὄντος
3302 1754 3572 1825 βασιλέως
3620 1755 3726 1810 οὐδὲ

2145 1844 2426 1915 ἄρχοντος,
2450 1845 2550 1898 οὐκ
2569 1843 2737 1916 οὔσης
2762 1844 2974 1910 θυσίας,
3000 1845 3121 1899 οὐδὲ
3144 1846 3296 1909 ὄντος
3322 1846 3729 1917 θυσιαστηρίου,

2146 1932 2268 1985 οὔτε
2306 1933 2516 2005 ἱερέως,
2545 1932 2667 1986 οὔτε
2697 1934 2891 2005 δήλων.
2924 1935 3032 1987 Καὶ
3068 1935 3189 1988 καθ’
3218 1935 3404 2006 ἕτερον
3435 1935 3493 1988 δὲ
3529 1936 3732 2007 τρόπον

2146 2023 2442 2097 ἐξῃρῆσθαι
2474 2042 2654 2096 φαμεν
2672 2023 2733 2091 ἐξ
2756 2024 3052 2096 ὀφθαλμῶν
3082 2025 3263 2081 αὐτῶν
3291 2028 3361 2080 τά
3378 2044 3437 2080 τε
3465 2026 3735 2099 βρώματα

2144 2118 2240 2169 καὶ
2257 2116 2355 2187 τὴν
2373 2116 2732 2188 εὐφροσύνην,
2769 2118 2863 2170 καὶ
2896 2116 2996 2188 τὴν
3033 2118 3229 2189 χαράν.
3270 2117 3415 2189 Ἔφη
3446 2120 3543 2188 μὲν
3574 2120 3685 2191 γὰρ
3707 2121 3735 2176 6

2145 2208 2348 2279 Κύριος
2373 2223 2386 2238 ⁸
2428 2228 2447 2259 ι
2478 2209 2593 2261 Οὐκ
2643 2207 2729 2260 ἐπ’
2763 2207 2914 2279 ἄρτῳ
2974 2207 3119 2277 μόνῳ
3153 2206 3377 2279 ζήσεται
3421 2208 3735 2280 ἄνθρωπος,

2144 2299 2259 2353 ἀλλ’
2304 2301 2362 2352 ἐν
2411 2300 2575 2353 παντὶ
2614 2300 2819 2371 ῥήματι
2862 2302 3281 2372 ἐκπορευομένῳ
3327 2300 3415 2354 διὰ
3464 2302 3733 2373 στόματος

2144 2393 2334 2447 Θεοῦ.»
2358 2392 2469 2446 Νοῦ
2492 2393 2548 2446 δὲ
2580 2392 2775 2463 τροφὴ,
2811 2391 2987 2460 λόγος.
3013 2393 3125 2445 Οὐκ
3145 2392 3212 2446 ἂν
3238 2392 3285 2446 δ’
3319 2392 3621 2447 ἐνδοιάσειέ
3654 2411 3733 2458 τις

2143 2485 2302 2539 τοῦτο
2328 2486 2430 2555 τῆς
2472 2484 2744 2539 Ἰουδαίων
2775 2484 3016 2555 πληθύος
3065 2484 3293 2555 ἐξῇρθαι
3334 2484 3534 2553 λέγειν.
3563 2485 3733 2554 Γεγό-

2144 2595 2267 2630 νασι
2288 2577 2395 2648 γὰρ
2414 2579 2469 2629 ἐν
2498 2575 2676 2647 ἐνδείᾳ
2701 2576 2910 2647 τροφῆς
2933 2576 3329 2647 πνευματικῆς,
3352 2575 3413 2628 οὐ
3438 2577 3732 2647 νενοήκασι

2143 2671 2210 2724 τὰ
2251 2671 2514 2732 Μωσέως,
2552 2686 2571 2719 ι
2599 2669 2713 2722 ἀλλ’
2750 2669 2880 2740 ἄχρι
2914 2669 3157 2739 σήμερον
3191 2668 3459 2738 κάλυμμα
3503 2670 3603 2721 ἐπὶ
3638 2669 3733 2739 τὴν

2144 2763 2373 2832 καρδίαν
2431 2761 2610 2813 αὐτῶν
2659 2763 2869 2814 κεῖται·
2903 2780 2920 2813 ι
2968 2763 3310 2832 μεμισήκασι
3352 2761 3461 2831 γὰρ
3516 2759 3594 2813 τὰ
3641 2759 3733 2813 τοῦ

2144 2848 2381 2918 Χριστοῦ
2436 2848 2802 2919 θεσπίσματα.
2878 2849 3225 2920 Ὧλόθρευται
3283 2851 3465 2914 αὐτοῖς
3514 2851 3731 2921 πᾶσαή

2144 2942 2487 3013 πνευματικὴ
2530 2942 2727 3013 τροφὴ,
2758 2942 2857 2995 οῦκ
2891 2943 3028 3012 αὑτὴ
3058 2941 3305 2995 παθοῦσα
3345 2942 3435 3003 τὸν
3482 2942 3729 3011 ὄλεθρον,

2143 3032 2279 3085 ἀλλὰ
2301 3036 2413 3095 τοῖς
2436 3033 2759 3086 πεπονθόσιν
2784 3034 2884 3087 οὐκ
2911 3033 2992 3085 ἔτι
3034 3034 3441 3104 παρακειμένη,
3484 3036 3585 3087 καὶ
3615 3037 3731 3088 ὅσον

2139 3120 2276 3195 ἦκεν
2300 3124 2377 3188 είς
2400 3125 2661 3190 ἐκείνους,
2685 3125 2805 3177 οὐδὲ
2833 3126 3154 3196 ὑπάρχουσα
3186 3125 3484 3190 παντελῶς.
3540 3127 3685 3179 Ἀλλ’
3704 3127 3732 3179 ὅ

2142 3229 2205 3279 γε
2232 3212 2434 3283 Κύριος
2458 3216 2566 3276 τοῖς
2591 3216 2670 3276 εἰς
2691 3214 2852 3268 αὑτὸν
2879 3216 3192 3268 πιστεύουσι
3211 3216 3270 3269 τὸ
3295 3216 3493 3287 χρῆναι
3515 3220 3731 3287 τρυφᾷν

456 3306 727 3379 Scriptum
772 3323 857 3366 est
889 3315 1031 3367 enim
1068 3331 1081 3367 :
1119 3332 1137 3366 ι
1175 3314 1290 3369 Νοιι
1332 3317 1542 3371 occidet
1580 3317 1837 3372 Dominus
1896 3318 2038 3375 fame

2147 3304 2421 3375 διανέμει,
2477 3307 2571 3361 καὶ
2620 3308 2963 3378 ἐνσπαταλᾷν
3017 3308 3242 3375 ἀγαθοῖς
3315 3310 3428 3371 τοῖς
3499 3308 3729 3362 ἄνωθεν.

453 3399 689 3455 animam
750 3402 923 3472 justi;
984 3405 1148 3458 vitam
1209 3416 1388 3461 autent
1454 3408 1740 3478 impiorum
1799 3412 2035 3466 subver-

456 3499 533 3543 tet
560 3490 626 3544 “.
669 3509 688 3543 ι

526 3579 688 3635 Vens.
712 3583 889 3649 l7,l8.
917 3585 1255 3642 Saltnverunt
1282 3590 1459 3644 vitula:
1482 3593 1532 3644 in
1557 3594 1875 3661 prwsepibus
1898 3597 2032 3658 suis,

453 3672 691 3739 dissipati
718 3686 835 3727 sunt
866 3678 1118 3742 thesauri,
1161 3682 1388 3748 stt/fossa
1430 3695 1553 3736 sunt
1602 3685 1764 3756 212
1803 3686 2036 3739 torculu-

453 3764 555 3823 ria,
588 3763 710 3832 quia
748 3764 1035 3832 art-factum
1074 3778 1147 3820 est
1203 3770 1457 3825 triticum.
1522 3772 1660 3836 Quid
1728 3790 2033 3843 reponemus

453 3852 644 3906 nobis?
673 3855 926 3923 ﬂeverunt
957 3868 1192 3911 armenta
1223 3859 1400 3923 boum,
1431 3862 1555 3929 quia
1600 3880 1701 3918 non
1765 3877 1910 3919 erant
1939 3883 2036 3935 pa-

451 3958 580 3998 scua
612 3945 712 4012 eis,
732 3954 781 4007 et
823 3962 1002 4017 greges
1024 3948 1195 4007 ovium
1233 3950 1605 4020 disperierunt.

520 4120 659 4179 XIII.
690 4121 863 4183 Etiam
913 4125 1088 4181 brutis
1132 4127 1498 4186 animantibus
1546 4132 1806 4187 divinitus
1863 4133 2034 4206 inspi-

448 4226 569 4276 rata
621 4216 899 4287 Scriptura
943 4234 1328 4290 nonnunquam
1378 4223 1641 4279 rationem
1679 4224 1902 4297 aliingit,
1946 4244 2035 4280 na-

452 4317 624 4363 turant
660 4324 837 4364 rerum
870 4310 1052 4379 lepore
1101 4313 1334 4381 quodam
1378 4324 1432 4369 et
1490 4316 1783 4372 festivitate
1840 4320 2033 4374 distin-

449 4411 641 4464 guens,
670 4407 726 4450 et
752 4398 907 4467 quasi
947 4400 1205 4455 moralem
1230 4417 1415 4457 eorum
1447 4408 1804 4461 oeconomiam
1828 4409 2034 4465 descri-

2139 3398 2452 3468 Γέγραπται
2484 3398 2615 3469 γὰρ,
2639 3400 2720 3452 ὅτι
2745 3417 2764 3449 ι
2800 3399 2875 3452 Οὐ
2909 3399 3289 3471 λιμοκτονὴσει
3319 3399 3523 3471 Κύριος
3551 3400 3733 3471 ψυχὴν

2138 3487 2371 3552 δικαίου,
2405 3487 2548 3560 ζωὴν
2577 3489 2635 3542 δὲ
2666 3489 2879 3543 ἀσεϐῶν
2915 3490 3227 3562 ἀνατρέψει.
3268 3510 3285 3543 ι

2222 3581 2622 3649 Ἐσκίρτησαν
2638 3581 2929 3651 δαμάλεις
2952 3582 3050 3635 ἐπὶ
3073 3582 3202 3648 ταῖς
3224 3582 3480 3651 φάτναις
3502 3582 3729 3648 αὐτῶν,

2135 3674 2571 3742 ἠφανίσθησαν
2624 3673 2953 3741 θησαυροὶ,
2996 3674 3475 3743 κατεσκάφησαν
3521 3676 3731 3742 ληνοὶ,

2137 3766 2225 3820 ὅτι
2284 3768 2584 3835 ἐξηράνθη
2644 3767 2832 3834 σῖτος.
2894 3769 2955 3821 Τί
3001 3767 3394 3837 ἀποθήσομεν
3453 3769 3731 3834 ἑαυτοῖς

2135 3859 2450 3913 ἔκλαυσαν
2468 3861 2769 3925 βουκόλια
2789 3859 2979 3927 βοῶν,
3027 3861 3115 3915 ὅτι
3149 3863 3261 3930 οὐχ
3298 3859 3535 3929 ὑπῆρχε
3564 3861 3727 3930 νομὴ

2135 3952 2360 4020 αὐτοῖς,
2389 3953 2486 4007 καὶ
2520 3953 2593 4007 τὰ
2617 3954 2865 4023 ποίμνια
2894 3952 3013 4007 τῶν
3041 3950 3351 4022 προϐάτων
3376 3953 3725 4022 ﬁgor-[0611-

2137 4062 2278 4099 σαν.

2207 4139 2304 4193 ll".
2340 4139 2447 4192 Καὶ
2476 4140 2589 4203 τοῖς
2610 4138 2826 4207 ἀλόγοις
2848 4136 2956 4191 τῶν
2982 4137 3138 4203 ζώων
3174 4136 3285 4190 ἐσθ’
3322 4137 3411 4189 ὅτε
3436 4135 3597 4204 λόγον
3631 4154 3727 4191 πε-

2139 4231 2406 4303 ριτίθησιν
2435 4233 2467 4303 ή
2512 4231 2873 4294 θεόπνευστος
2914 4230 3111 4301 Γραφὴ
3134 4270 3148 4293 ,
3179 4230 3277 4293 τὰς
3328 4229 3437 4283 τῶν
3465 4229 3730 4300 πράξεων

2136 4330 2326 4396 φύσεις
2350 4331 2429 4392 εἰς
2452 4329 2514 4381 τὸ
2558 4327 2751 4399 εὖχαρί
2790 4345 2849 4381 τε
2895 4327 2991 4380 καὶ
3025 4326 3256 4389 ἀστείως
3301 4325 3423 4396 ἔχον
3455 4325 3727 4395 ἐντέχνως

2133 4420 2597 4483 διαποικίλλουσα,
2624 4420 2716 4473 καὶ
2740 4413 2851 4472 οἷον
2872 4420 2929 4471 ἐν
2955 4418 3088 4471 εῖδει
3123 4417 3414 4488 γράφουσα
3450 4418 3549 4479 τὰς
3580 4418 3719 4469 οἱκο-

452 4488 603 4554 hens,
653 4501 773 4556 quae
824 4503 922 4544 nos
995 4490 1292 4561 intelligere
1355 4509 1451 4562 par
1491 4505 1595 4551 est.
1656 4498 1856 4554 Deinde
1904 4504 2031 4572 quid

2147 4514 2344 4582 κομίας,
2378 4508 2451 4566 ὧν
2476 4512 2541 4567 ἂν
2570 4511 2770 4584 πρέποι
2811 4514 2970 4565 νοεῖν.
3008 4507 3142 4563 Εἶτα
3186 4510 3239 4562 τί
3280 4508 3485 4579 θαῦμα,
3531 4508 3641 4562 κᾶν
3674 4508 3724 4559 εί

452 4576 667 4643 mirum,
698 4578 906 4632 etiamsi
953 4578 1117 4633 vitula
1169 4582 1379 4636 dicatur
1448 4585 1736 4654 aliquando
1798 4591 2027 4649 saltasse

2147 4576 2363 4675 Βάμαλις
2392 4603 2601 4671 λέγοιτο
2613 4576 2944 4673 ’διασκιρτᾷν
2962 4600 3145 4671 τυχὸν,
3172 4576 3404 4653 κλαῦσαί
3433 4616 3493 4651 τε
3526 4597 3723 4668 βουκό-

447 4668 767 4739 tlevisseque
800 4679 1042 4724 armenta
1088 4670 1283 4727 boum?
1330 4675 1728 4734 Intolerandum
1783 4683 2029 4740 enitn'in

2147 4668 2223 4749 ttat
2258 4694 2430 4764 βοῶν;
2465 4668 2823 4764 -Ἂφορήτως,
2865 4668 2975 4765 γὰρ
3030 4668 3168 4747 αῦτά
3193 4690 3596 4754 -κατεπιέξοντο
3642 4688 3722 4759 τῷ

450 4759 666 4814 modum
696 4759 838 4814 l'atne
884 4762 1287 4831 premebantur.
1331 4765 1493 4821 Forte
1523 4771 1664 4823 enim
1698 4774 2031 4832 exsiliissent

2147 4759 2294 4858 λιμῶ.
2333 4785 2484 4856 Τάχα
2518 4759 2756 4848 πως-καὶ
2784 4759 3182 4857 ἀνεσκίρτησαν
3209 4785 3294 4847 ἂν,
3324 4783 3419 4836 καὶ
3453 4781 3722 4851 τεθρηνή-

448 4861 503 4904 t-t
537 4852 831 4907 lamentata
860 4863 1040 4909 essent
1084 4855 1203 4925 ipsa.
1237 4871 1387 4923 arva,
1424 4859 1468 4914 si
1499 4877 1661 4930 quam
1713 4866 2025 4939 intelligen-

2147 4852 2290 4934 ιασιν
2318 4852 2497 4950 ἀγροὶ,
2534 4880 2695 4949 εἴπερ
2722 4872 2790 4949 ἦν
2824 4852 3008 4940 αὐτοῖς
3036 4852 3290 4947 αἴσθησις
3321 4874 3431 4927 τῶν
3457 4875 3723 4941 ἐπενηνε-

452 4944 537 4997 tiae
597 4956 801 5012 partem
836 4947 1220 5005 habuissent.t
1258 4950 1507 5023 Dissipati
1562 4967 1687 5012 sunt
1740 4959 2023 5031 thesauri,

2147 4944 2407 5043 ίμένων.-
2438 4944 2765 5041 Ἥφανίσθαι.
2795 4969 2851 5023 δέ
2900 4986 3031 5039 φησι
3063 4944 3372 5039 θησαυροὺς
3394 5007 3410 5032 ,
3444 4965 3541 5017 καὶ
3574 4979 3719 5016 κατ-

448 5035 640 5101 iuquit,
674 5048 729 5090 et
779 5039 1005 5095 suffossa
1059 5044 1388 5113 toreularia;
1422 5066 1441 5099 ι
1504 5050 1720 5119 penitus
1783 5054 2023 5125 neglecta

2147 5035 2399 5131 ioxa'tcpliat
2419 5035 2633 5131 ληνοὺς,
2674 5035 2930 5130 οὐδεμιᾶς
2959 5035 3063 5112 που
3085 5035 3228 5130 τάχα
3247 5035 3527 5129 φροντίδος
3545 5055 3718 5125 ὴξιω-

449 5126 696 5193 forsitan,
726 5130 866 5196 quod
896 5132 1026 5185 nihil
1058 5149 1125 5188 ex
1175 5139 1318 5206 agris
1352 5139 1731 5211 colligeretur;
1764 5148 1858 5203 sed
1909 5146 2020 5202 falx

2147 5126 2336 5217 tam,
2373 5126 2574 5206 meo.
2599 5153 2662 5205 τὸ
2687 5126 2852 5223 μηδέν
2885 5152 2944 5218 εξ
2962 5126 3556 5223 ἀγρῶννσυλλέγεσθαι,
3576 5146 3719 5201 ἀλλά

446 5217 617 5271 otiosa
650 5231 795 5273 esset
862 5221 929 5276 ad
978 5224 1190 5281 botrutn
1250 5231 1299 5283 in
1343 5233 1518 5299 vinea,
1571 5237 1718 5305 spica
1761 5240 1815 5293 in
1878 5242 2021 5311 agris

2147 5248 2393 5320 ῖρεπάνην
2423 5246 2521 5317 μὲν
2544 5217 2853 5316 ἀπρακτεῖν
2870 5245 2969 5315 τὴν
3080 5243 3314 5315 ἀμπέλῳ
3356 5217 3454 5295 καὶ
3486 5240 3680 5311 βότρυῖ
3698 5276 3714 5303 ,

449 5318 631 5377 utpote
664 5322 954 5381 prostrata,
986 5319 1242 5384 aruisset,
1277 5338 1374 5377 uec
1409 5328 1475 5377 ad
1508 5331 1871 5384 maturitatem
1904 5347 2025 5400 per-

2147 5318 2287 5410 ξηρὸν
2316 5339 2372 5392 δὲ
2406 5340 2501 5392 καὶ
2555 5337 2987 5409 ἀτελεσφόρητον
3016 5338 3128 5399 τοῖς
3176 5337 3366 5406 ἀγροῖς
3414 5332 3714 5387 ἐπικλίνειν

446 5403 701 5459 venisset.
735 5405 856 5460 Ideo
879 5409 971 5474 ait,
1012 5427 1031 5459 ι
1066 5410 1201 5475 Quid
1238 5428 1562 5481 reponemus
1614 5424 1805 5477 nobis?
1832 5444 1849 5476 ι
1882 5424 2017 5491 Quia

2247 5432 2462 5501 στάχυν.
2492 5429 2677 5500 Ταύτῃ
2701 5403 2834 5499 φήσὲ
2855 5403 3000 5481 ’,στί
3029 5403 3377 5498 ἀποθήσομεν
3407 5424 3619 5486 ἑαυτοῖς
3644 5438 3658 5487 ;
3688 5439 3708 5471 ι

447 5506 653 5566 autem,
683 5507 742 5555 ut
789 5499 943 5567 dicit,
969 5516 1089 5556 cum
1133 5505 1395 5563 lructibus
1437 5512 1758 5583 mitioribus,
1793 5528 1847 5571 et
1893 5519 2022 5588 ipsa:

2147 5522 2247 5575 Ὀτι
2276 5499 2357 5588 δὲ,
2373 5499 2450 5587 γὼς
2480 5521 2635 5593 ἔφην,
2653 5499 2768 5584 τοῖς
2788 5520 2896 5573 τῶν
2921 5519 3154 5591 καρπῶν
3176 5519 3406 5590 ἡμέροις
3429 5517 3521 5571 καὶ
3541 5512 3712 5569 αὐταὶ

541 5675 855 5767 "imit-LI.
888 5679 977 5733 55.
1054 5679 1108 5767 ⁸ξ
1126 5680 1281 5741 Joan.
1315 5700 1410 5752 χιι,
1453 5687 1543 5754 ει,
1576 5690 1665 5747 25.
1744 5693 1807 5725 ⁸ο·
1849 5693 2016 5752 Eccli.

2147 5738 2152 5761 ,
2190 5697 2278 5753 ‘20.
2357 5699 2395 5731 ⁸¹
2434 5700 2563 5754 Dan.
2594 5714 2671 5767 ιιι,
2714 5698 2801 5753 38.
2881 5696 2925 5729 "'
2960 5697 3150 5752 Matth.
3182 5712 3254 5762 tv,
3292 5696 3344 5752 4.
3424 5694 3472 5726 ⁸³
3496 5689 3537 5746 II
3569 5690 3715 5747 Cor.

1080 5753 1108 5768 ρ

447 5758 533 5812 ιιι,
560 5745 644 5801 l5.
720 5748 766 5783 ⁸⁸
790 5748 949 5806 Prov.
984 5767 1037 5821 ιι,
1078 5753 1131 5808 5.
