3898 6212
164 252 264 309 353

1063 252 1614 311 COMMENTARIUS
1654 251 1722 309 IN
1758 250 2023 309 JOELEM
2068 253 2513 309 PROPIIETAM.

3333 265 3438 321 ὖόῑ

158 365 582 420 συνδιολώλασιν
607 368 663 419 ai
684 366 782 436 τῆς
818 366 1026 440 ἐρήμου
1062 372 1208 435 πὸαι,
1238 372 1560 443 καθίστησιν
1584 374 1744 443 ἐναρ·

1857 372 2161 427 solitudinis
2213 373 2393 427 herbae
2438 373 2736 441 perierunt,
2775 372 2996 443 subiicit
3038 375 3206 442 clare,
3256 379 3437 433 ovium

159 457 268 523 γὲς,
320 454 625 525 ἠφανίσθαι
675 457 849 527 λέγων
903 461 997 513 καὶ
1042 462 1181 515 αὐτὰ
1214 463 1325 515 τῶν
1364 463 1655 532 προϐάτων
1682 462 1752 516 τὰ

157 546 412 616 ποίμνια,
443 545 591 616 λιμῷ
636 548 857 613 πάντως
898 552 1349 624 κατεφθαρμένα.
1380 553 1475 607 καὶ
1503 555 1602 624 τῆς
1628 570 1753 608 συνο

159 638 322 708 ἤθους
339 640 439 692 καὶ
461 639 790 711 φιλαιτάτης
810 642 993 705 αὐτοῖς
1010 644 1131 696 ἐστε
1140 662 1206 715 ρη
1217 644 1352 714 μένα
1367 642 1529 715 ζωῆς.
1556 646 1752 715 Ἐφαρ-

160 733 313 802 μόσει
346 730 405 782 δὲ
438 732 532 784 καὶ
560 730 736 786 ταῦτα
761 734 938 803 σοφῶς
964 737 1083 798 ταῖς
1127 735 1393 788 Ἰουδαίων
1418 739 1748 807 συμφοραῖς,
1798 740 1809 755 ⁸

156 824 202 875 οἳ
234 824 710 893 πεπαρῳνήκασιν
733 825 813 887 εἰς
840 826 1096 897 Χριστόν.

222 915 387 983 Πρὸς
407 912 505 977 σὲ,
535 915 732 983 Κύριε,
749 915 1078 986 βοήσομαι,
1101 915 1190 971 ὄτι
1219 918 1339 987 πῡρ
1365 919 1649 988 ἀνήλωσε
1679 922 1751 975 τὰ

155 1007 337 1076 ὡραῖα
358 1006 469 1075 τῆς
483 1005 728 1077 ἐρήμου,
757 1008 853 1062 καὶ
872 1009 1032 1077 φλὸξ
1053 1010 1253 1079 ἀνῆψε
1280 1011 1475 1065 πάντα
1502 1011 1572 1065 τὰ
1594 1012 1751 1075 ξύλα

155 1099 259 1154 τοῦ
301 1099 518 1168 ἀγροῦ,
548 1100 647 1153 καί
698 1098 773 1155 τὰ
808 1101 997 1170 κτήνη
1024 1102 1129 1156 τοῦ
1153 1103 1363 1157 πεδίου
1404 1104 1751 1173 ἀνέϐλεψαν

155 1190 309 1260 πρὸς
338 1191 440 1255 σὲ,
472 1191 562 1245 ὅτι
593 1191 1023 1261 ἐξηράνθησαν
1063 1193 1310 1262 ἀφέσεις
1367 1195 1618 1263 ὑδάτων,
1652 1196 1749 1249 καὶ

153 1283 274 1351 πῦρ
298 1282 602 1352 κατέφαγε
627 1284 697 1337 τὰ
723 1283 833 1352 τῆς
862 1284 1108 1354 ἐρήμου.

224 1376 329 1429 1Δ’.
360 1376 555 1446 Ὠραῖα
582 1375 681 1446 μὲν
706 1376 804 1446 τῆς
828 1378 1037 1448 ἐρήμου
1061 1378 1195 1449 φησὶ
1217 1376 1286 1432 τά
1305 1380 1363 1433 ἐν
1385 1380 1589 1444 πεδίοις
1608 1383 1748 1451 τάχα

151 1486 256 1523 που
287 1471 405 1532 τοῖς
437 1468 724 1538 ἀνηρότοις
746 1469 1064 1539 αὐτομάτως
1099 1470 1450 1541 ἀναφυόμενα
1476 1489 1490 1504 ο
1518 1471 1650 1537 ξύλα
1684 1491 1748 1543 γε

150 1560 260 1629 μὴν
286 1558 385 1611 τοῦ
406 1559 607 1630 ἀγροῦ,
639 1562 707 1611 τὰ
728 1559 787 1613 ἐν
818 1561 1014 1631 κήποις
1043 1560 1137 1615 καὶ
1166 1562 1514 1633 παραδείσοις
1552 1564 1747 1636 εὐγενῆ

148 1650 538 1721 βλαστήματα,
570 1651 664 1703 καὶ
689 1653 810 1714 ταῖς
837 1650 895 1716 ἐξ
920 1650 1078 1723 ὡρῶν
1098 1651 1429 1725 εὐκαρπίαις
1460 1655 1747 1725 περιανθί-

1854 478 2044 535 greges
2096 464 2392 530 interiisse,
2428 465 2571 519 fame
2617 476 2839 520 enectos
2876 467 3133 525 funditus.
3178 484 3438 526 consueto

1853 564 1907 610 et
1948 555 2259 624 gratissimo
2312 556 2551 627 ipsorum
2592 558 2733 612 victu
2781 561 3041 628 privatos.
3105 562 3229 617 ll:nc
3274 580 3438 636 porro

1854 662 1959 701 non
2016 648 2208 703 inscite
2258 648 2324 701 ad
2371 648 2675 705 Judaeorum
2730 652 3069 710 calamitates
3118 655 3424 714 trahenturo

1853 739 1945 808 qui
1978 738 2251 795 Christum
2290 740 2495 810 injuriis
2528 756 2875 798 vexaveruut.

1925 898 2087 969 Vsus.
2125 916 2326 983 19,20.
2359 917 2443 970 Ad
2483 926 2550 982 te,
2592 918 2836 987 Domine,
2876 920 3136 985 clamabo,
3187 926 3435 993 quoniam

1856 1008 1992 1076 ignis
2044 1011 2365 1078 consumpsit
2396 1012 2627 1074 speciosa
2657 1012 2865 1078 deserti,
2899 1024 2945 1067 et
2969 1016 3187 1081 ﬂamma
3224 1033 3437 1068 succen-

1851 1101 1926 1153 dit
1962 1102 2137 1155 omnia
2166 1101 2311 1171 ligna
2351 1104 2487 1172 agri,
2517 1113 2563 1156 et
2603 1107 2846 1174 jumenta
2888 1109 3058 1174 campi
3092 1120 3433 1177 suspexerunt

1850 1195 1920 1244 ad
1950 1201 2019 1260 te,
2050 1195 2301 1264 quoniam
2348 1196 2597 1264 arefacta:
2641 1209 2760 1248 sunt
2800 1199 3101 1253 emissiones
3151 1218 3430 1269 aquarum,

1851 1296 1899 1339 et
1922 1288 2056 1355 ignis
2083 1288 2340 1341 devoravit
2372 1289 2607 1355 speciosa
2639 1290 2851 1342 deserti.

1920 1378 2059 1433 XIV.
2095 1379 2352 1447 Speciosa
2399 1379 2600 1434 deserti
2635 1380 2869 1447 appellat
2912 1379 3160 1442 fortasse.
3209 1398 3326 1450 quae
3380 1384 3429 1436 in

1851 1470 2059 1539 campis
2102 1486 2204 1524 non
2251 1470 2418 1526 aratis
2457 1479 2649 1541 sponte
2700 1483 3051 1527 enascuntur.
3083 1472 3249 1545 Ligna
3307 1490 3433 1528 vero

1851 1561 1989 1630 agri,
2026 1561 2307 1615 hortorum
2337 1573 2390 1615 et
2422 1562 2803 1617 viridariorum
2833 1564 3030 1619 nobilia
3071 1566 3312 1634 germina
3337 1608 3350 1629 ,
3380 1574 3434 1618 et

1854 1652 2170 1721 tempestiva
2236 1651 2507 1707 fructuum
2585 1658 2736 1723 copia
2777 1655 3169 1709 circumornari
3252 1655 3429 1709 solita.

147 1741 342 1806 ζεσθαι
364 1743 673 1811 πεφυκότα.
707 1742 893 1796 Ταῦτα
920 1742 977 1795 δὲ
1006 1744 1064 1797 ἐν
1092 1743 1223 1797 είδει
1255 1745 1428 1815 πυρὸς
1460 1746 1747 1818 κατεδηδο-

1857 1740 1976 1794 lizec
2015 1740 2156 1794 velut
2192 1740 2369 1812 ignem
2409 1744 2698 1795 devorasse
2744 1743 3131 1810 propemodum
3168 1743 3432 1797 brut-bum

148 1834 307 1887 κέναι
358 1835 529 1903 φησὶν
582 1836 867 1905 μονονουχὶ
925 1822 1152 1908 βροῦχόν
1202 1854 1264 1890 τε
1320 1838 1414 1891 καὶ
1460 1839 1739 1910 ἐρυσίϐην.

151 1928 395 1979 notem:
430 1925 490 1977 δὲ
521 1928 810 1996 χρησίμως
855 1927 956 1999 τὴν
990 1928 1128 1998 πρὸς
1159 1929 1291 1983 Θεὸν
1341 1930 1506 2002 εὐχὴν
1529 1932 1746 1985 ἐκτενέ-

150 2032 344 2081 στατα,
366 2016 663 2082 διδάσκων,
695 2017 769 2081 ὡς
798 2018 999 2088 ἥκιστα
1026 2019 1125 2089 μὲν
1154 2020 1285 2092 παρ’
1325 2021 1512 2091 ἐτέρου
1560 2021 1744 2090 ζητεῖν

149 2110 333 2179 δεήσει
378 2110 485 2179 τῆς
521 2111 807 2180 συμφορᾶς
851 2110 951 2181 τὴν
996 2111 1321 2177 ἀπόστασιν,
1357 2114 1655 2184 προσάγειν
1687 2112 1745 2166 δὲ

153 2202 297 2273 μόνῳ
325 2200 410 2272 τῷ
442 2200 639 2265 σώζειν
668 2202 902 2272 ἰσχύοντι
923 2202 1023 2267 τὰς
1060 2203 1231 2270 λιτὰς,
1261 2204 1353 2258 καὶ
1384 2205 1459 2269 ὠς
1485 2206 1543 2271 ἐξ
1573 2205 1745 2276 ὀργῆς

151 2296 414 2362 ἐπάγοντι
435 2294 505 2347 τὰ
538 2295 871 2348 καταλυπεῖν
904 2295 1152 2350 εἰωθότα.
1183 2298 1273 2367 Μὴ
1306 2297 1413 2368 γὰρ
1440 2297 1505 2368 δὴ
1543 2298 1743 2369 χρῆναι

153 2386 372 2454 φρονεῖν
402 2379 465 2435 εὖ
488 2383 636 2453 μάλα
656 2384 818 2453 φησὶν
845 2384 1163 2455 αὐτομάτως
1184 2385 1455 2457 συμϐῆναι
1477 2385 1547 2439 τὰ
1567 2387 1742 2440 τοιάδε

152 2474 257 2526 τῶν
290 2472 507 2539 κακῶν,
544 2473 903 2544 ἐπενηνέχθαι
932 2473 989 2526 δὲ
1026 2474 1226 2545 μᾶλλον
1251 2475 1325 2538 ὡς
1358 2477 1422 2528 ἐκ
1452 2475 1612 2529 θείων
1645 2478 1745 2529 αὐ-

154 2568 261 2627 τοῖς
296 2564 652 2635 μηνιμάτων,
706 2566 802 2619 καὶ
848 2566 1007 2619 τοῦτο
1040 2567 1203 2632 αὐτὸς
1239 2568 1369 2638 ἡμῖν
1412 2569 1441 2620 ὁ
1473 2568 1581 2621 τῶν
1608 2568 1745 2621 ὅλων

156 2657 280 2718 Θεὸς
312 2656 406 2709 διὰ
440 2657 627 2727 φωνῆς
660 2655 847 2729 ἐτέρου
877 2658 1158 2729 προφήτου
1212 2658 1407 2726 φησίν·
1442 2677 1459 2709 ι
1496 2658 1559 2711 Εἰ
1593 2657 1743 2711 ἐσται

157 2748 321 2801 κακία
352 2749 414 2802 ἐν
446 2748 623 2810 πόλει,
656 2749 723 2818 ἢν
758 2748 963 2820 Κύριος
1007 2749 1107 2803 οὐκ
1138 2750 1417 2817 ἐποίησεν.
1449 2767 1468 2801 ›
1510 2750 1585 2802 Οὐ
1637 2748 1746 2820 γὰρ

160 2839 220 2892 ἂν
245 2838 464 2907 γένοιτό
486 2856 543 2891 τι
573 2838 681 2891 τῶν
709 2839 912 2893 κακοῦν
934 2840 1204 2895 εἰωθότων
1238 2840 1445 2905 πόλεις,
1480 2840 1511 2909 ἢ
1540 2838 1743 2912 χώρας,

158 2929 183 2982 ὃ
207 2931 508 3001 πράττοιτο
546 2929 612 2982 ἂν
638 2930 712 3001 μὴ
734 2923 834 2984 οὐκ
864 2932 1106 3000 ἐφιέντος
1129 2932 1284 2985 Θεοῦ.
1311 2933 1479 2996 Σώζει
1516 2934 1626 3004 γὰρ
1654 2933 1747 2997 οὓς

161 3023 220 3076 ἆν
243 3024 450 3088 ἕλοιτο,
483 3022 581 3075 καὶ
601 3022 931 3077 ἀπαλλάττει
953 3025 1157 3078 κακῶν.
1196 3024 1505 3079 Ἀναπείθει
1531 3020 1621 3079 οὖν
1637 3024 1745 3079 τῶν
1774 3075 1813 3095 η

1798 3108 1816 3131 ⁸
1853 3125 1922 3164 ne
2000 3109 2089 3164 illa
2114 3109 2299 3178 procul
2334 3108 2529 3178 ejecta,
2564 3108 2819 3163 falsorum
2852 3108 3074 3163 deorum
3110 3126 3266 3178 opem
3320 3128 3435 3168 ma-

159 3115 551 3186 λελυπηκότων
581 3116 681 3186 τὴν
710 3115 863 3169 λύσιν
894 3116 1077 3186 ζητεῖν
1111 3117 1263 3187 παρὰ
1306 3116 1464 3182 Θεοῦ,
1498 3119 1747 3188 ῥιπτοῦν-

157 3226 251 3271 τας
288 3207 517 3279 μακράν
544 3207 605 3260 τό
648 3224 712 3277 γε
747 3206 955 3262 οἴεσθαι
983 3209 1095 3261 δεῖν
1128 3208 1227 3277 τῆς
1254 3208 1363 3262 τῶν
1382 3208 1750 3280 ψευδωνύμων

158 3299 310 3350 θεῶν
348 3298 561 3368 χειρὸς,
591 3298 685 3351 καὶ
711 3297 1035 3372 ἐπικουρίας
1066 3297 1351 3368 δεδεῆσθαι
1392 3298 1461 3351 τὰ
1506 3299 1625 3352 κατ’
1654 3300 1752 3353 αὐ-

159 3389 301 3450 τούς.
334 3407 352 3438 ι
386 3387 801 3457 Ἐξηράνθησαν
835 3386 922 3453 δὲ,
962 3388 1161 3458 φησὶν,
1202 3387 1427 3456 ἀφέσεις
1476 3389 1702 3443 ὑδάτων.
1724 3408 1744 3441 ι

172 3479 357 3533 Ὑετοῦ
388 3479 502 3549 γάρ
519 3480 621 3532 οὐκ
640 3480 891 3551 ἄρδοντος
910 3478 1008 3550 τὴν
1029 3479 1155 3548 γῆν,
1184 3479 1285 3533 καθ
1296 3479 1514 3550 ιεμένης
1535 3480 1591 3533 δέ
1614 3479 1751 3551 πρὸς

158 3573 333 3642 τούτῳ
372 3572 479 3641 τῆς
513 3571 794 3642 ἐρυσίϐης,
826 3570 1238 3641 ἐξωπλισμένης
1270 3571 1328 3624 δέ
1364 3572 1458 3624 καὶ
1504 3571 1747 3641 ἀκρίδος,

162 3666 252 3718 καὶ
284 3663 523 3737 βρούχου
558 3662 857 3733 πηδῶντος,
888 3662 982 3715 καὶ
1029 3661 1257 3733 κάμπης
1296 3661 1593 3733 ἑρπούσης,
1633 3662 1750 3726 πῶς

164 3756 225 3809 ἂν
263 3754 575 3825 ἀμφίϐολον
625 3750 693 3823 ἦν
728 3753 803 3816 ὡς
833 3754 1051 3816 πάντως
1103 3752 1303 3823 οἴχοιτο
1347 3753 1413 3807 ἂν
1466 3754 1651 3817 αὐτοῖς
1682 3754 1751 3809 τὰ

170 3848 387 3920 ζωαρκῆ
432 3846 573 3917 πρὸς
619 3846 681 3899 τὸ
722 3844 919 3916 μηδένς
968 3844 1492 3915 Καταφθειρομένης
1541 3844 1598 3898 δὲ
1654 3846 1751 3899 καὶ

176 3940 322 4003 πόας,
353 3939 512 3993 πᾶσά
561 3954 679 4001 πως
708 3936 922 4006 ἀνάγκη
952 3934 1045 3989 καὶ
1066 3936 1237 4007 κτήνη
1269 3934 1465 3999 παθεῖν
1506 3934 1600 3988 τὸν
1633 3934 1752 3987 ὄλε-

174 4032 311 4103 θρον.

246 4140 420 4210 Φαίην
438 4138 483 4191 δ’
500 4136 590 4203 ἂν,
606 4138 687 4190 ὅτι
704 4135 844 4207 τάχα
866 4153 966 4188 που
987 4136 1081 4190 καὶ
1108 4134 1405 4198 Ἰουδαίοις,
1424 4135 1481 4187 ἐν
1503 4133 1751 4205 ἐσχάτοις

172 4230 255 4283 to;
286 4231 485 4292 αἰῶνος
524 4231 735 4300 καιροῖς
769 4227 1160 4298 ἐπιστρέφουσι
1184 4227 1322 4297 πρὸς
1362 4225 1516 4288 Θεὸν,
1547 4224 1749 4294 πρέποι

171 4324 231 4376 ἄν
265 4325 442 4377 εἰπεῖν
472 4322 573 4384 τὰς
604 4319 818 4375 τοιάσδε
859 4318 1064 4389 φωνὰς,
1100 4320 1221 4382 ταῖς
1268 4316 1376 4370 τῶν
1416 4316 1640 4386 ἀγαθῶν
1666 4316 1752 4367 ἐν·

1845 1842 1899 1888 et
1942 1833 2240 1903 rubiginem
2280 1842 2546 1888 autumat.
2599 1834 2973 1889 lntensissime
3029 1844 3209 1890 autem
3262 1834 3430 1888 Deum

1846 1934 2118 1996 precatur,
2172 1935 2225 1980 et
2292 1926 2517 1989 utiliter,
2552 1926 2735 1979 dicens
2800 1925 3020 1978 minime
3064 1926 3201 1992 apud
3266 1924 3430 1977 alium

1844 2016 2188 2085 quaerendam
2236 2018 2603 2086 depulsionem
2642 2016 2989 2083 calamitatis,
3020 2028 3076 2072 et
3100 2016 3198 2071 soli
3227 2016 3433 2086 suppli-

1845 2106 2071 2160 candum
2133 2106 2233 2172 illi,
2260 2106 2348 2175 qui
2385 2107 2613 2160 salutem
2671 2104 2864 2159 afferre
2899 2114 3094 2175 potest,
3139 2113 3193 2159 et
3254 2105 3430 2160 iratus

1848 2196 2126 2263 repellere,
2157 2212 2274 2265 quae
2302 2199 2499 2252 habere
2530 2197 2826 2251 molestiam
2855 2207 3269 2253 consueverunt.
3307 2197 3427 2252 Non

1845 2287 1988 2340 enim
2030 2290 2405 2356 cogitandum,
2451 2300 2506 2343 et
2548 2297 2695 2344 recte
2738 2304 2891 2356 sane,
2955 2288 3259 2358 huiusmodi
3292 2278 3435 2342 mala

1846 2392 1943 2447 per
1983 2395 2042 2434 se
2080 2381 2414 2449 contingere,
2451 2381 2543 2435 sed
2575 2395 2640 2435 ex
2675 2381 2752 2433 ira
2789 2380 2967 2434 divina
2995 2382 3174 2450 potius
3204 2378 3430 2444 inferri;

1848 2471 1899 2525 id
1927 2472 2068 2540 quod
2103 2472 2254 2525 nobis
2292 2472 2668 2525 universorum
2699 2472 2954 2526 Dominus
2996 2488 3089 2540 per
3119 2487 3180 2525 os
3208 2473 3434 2527 alterius

1848 2563 2122 2632 propheta:
2152 2563 2313 2632 213
2335 2562 2535 2616 indicat
2560 2581 2573 2616 :
2600 2581 2617 2613 ι
2655 2562 2711 2616 Si
2743 2564 2847 2615 erit
2888 2563 3082 2615 malum
3110 2564 3162 2617 in
3187 2564 3431 2628 civitate,

1846 2653 1987 2723 quod
2020 2668 2123 2706 non
2164 2652 2293 2706 fecit
2341 2653 2597 2706 Dominus
2623 2652 2721 2705 ⁸⁸.»
2756 2651 2910 2706 [laud
2952 2654 3094 2706 enim
3138 2654 3432 2723 quidquam

1846 2761 2032 2800 eorum
2058 2744 2252 2814 quibus
2281 2744 2523 2799 civitates
2548 2754 2600 2798 et
2647 2746 2894 2813 regiones
2947 2743 3279 2815 aﬂlignntur,
3324 2745 3435 2800 Deo

1848 2850 1952 2888 non
1985 2834 2306 2888 imminente
2338 2834 2598 2888 evenerit.
2630 2831 2828 2887 Servat
2860 2833 3004 2887 enim
3030 2850 3163 2904 quos
3196 2835 3348 2903 vult,
3378 2848 3434 2889 et

1852 2926 2111 2982 malorum
2166 2928 2432 2980 immunes
2475 2926 2670 2979 reddit.
2703 2923 2909 2981 Suadet
2946 2926 3111 2996 igitur
3149 2929 3435 2996 propheta,

1850 3033 2034 3074 eorum
2080 3033 2198 3087 qua:
2230 3026 2422 3072 nocent
2456 3016 2727 3087 repulsam
2764 3032 2794 3070 a
2821 3017 2927 3071 Deo
2972 3027 3175 3089 petere,
3217 3022 3436 3090 opinio-

1852 3218 1978 3257 num
2024 3211 2078 3257 et
2113 3200 2370 3255 auxilium
2403 3201 2455 3254 in
2488 3202 2602 3254 suis
2638 3200 2798 3255 rebus
2832 3200 2933 3254 sibi
2970 3213 3089 3254 esse
3137 3202 3434 3271 imploran-

1852 3296 2029 3351 dum.r
2058 3292 2324 3349 Arefactze
2353 3301 2498 3359 sunt,
2535 3292 2732 3362 inquit,
2761 3291 3079 3346 emissiones
3108 3307 3429 3361 aquaruma

1848 3387 2035 3443 Pluvia
2065 3387 2261 3457 quippe
2287 3397 2483 3441 terram
2510 3400 2615 3438 non
2650 3384 2931 3452 irrigante,
2956 3393 3011 3436 et
3035 3384 3271 3437 immissa
3300 3400 3438 3454 pra:—

1854 3490 1996 3534 terea
2040 3478 2310 3548 rubigine,
2336 3485 2543 3532 armata
2579 3477 2705 3530 item
2740 3474 2969 3539 locusta,
2995 3481 3049 3527 et
3081 3474 3289 3528 brucho
3327 3475 3437 3530 sal-

1854 3583 2020 3641 tante,
2049 3582 2105 3628 et
2133 3586 2294 3628 eruca
2338 3580 2579 3640 repente,
2606 3568 2827 3638 quinam
2866 3566 3085 3620 dubium
3128 3574 3268 3633 erat,
3305 3568 3433 3636 quin

1853 3668 1986 3737 ipsis
2016 3666 2142 3719 vitae
2207 3663 2572 3719 sustentanda:
2634 3658 2939 3715 necessaria
2976 3658 3213 3727 perirent
3255 3658 3437 3713 fundi-

1854 3751 1977 3806 tus?
2013 3750 2188 3806 Herba
2218 3759 2394 3806 autem
2420 3750 2747 3815 intereunte,
2767 3761 2987 3818 prorsus
3008 3755 3060 3801 et
3078 3745 3323 3817 jumenta
3350 3749 3436 3801 in-

1854 3848 2019 3902 terire
2050 3860 2271 3902 necesse
2300 3850 2405 3901 est.

1926 4139 2160 4194 Dixerim
2200 4152 2380 4207 porro,
2411 4136 2642 4191 fortasse
2669 4150 2698 4189 a
2733 4133 2954 4198 Judmis,
2984 4131 3246 4187 extremis
3274 4147 3433 4186 mun-

1855 4232 1906 4287 di
1960 4230 2295 4298 temporibus
2321 4229 2387 4282 ad
2418 4228 2698 4281 Dominum
2732 4224 3126 4279 revertentibus
3172 4224 3435 4279 bonorum

1856 4323 2035 4392 inopia
2080 4321 2283 4391 pressis
2310 4332 2364 4374 et
2410 4318 2774 4386 ejulautibus,
2823 4327 2946 4386 apte
2985 4317 3087 4370 dici
3130 4332 3287 4386 posse
3341 4318 3437 4371 has

170 4419 334 4482 δείαις
368 4414 835 4484 ὲντεθλιμμὲνοις,
865 4413 959 4477 καὶ
987 4410 1409 4482 κατοιμώζουσι.
1437 4408 1750 4479 Δεδαπάνη-

1860 4428 2038 4469 voces.
2088 4412 2419 4480 Consumpta
2460 4418 2586 4465 sunt
2612 4408 2786 4475 enim,
2818 4407 2972 4478 quasi
3008 4408 3075 4463 ab
3105 4407 3246 4476 igne,
3297 4406 3438 4474 ipso—

170 4528 252 4564 ται
268 4509 381 4577 γὰρ
398 4509 586 4569 αὐτοῖς
610 4506 684 4569 ὡς
708 4503 811 4558 ὑπὸ
837 4503 1010 4575 πυρὸς
1031 4502 1101 4555 τὰ
1121 4504 1200 4566 είς
1225 4501 1349 4555 νοῦν
1375 4500 1575 4569 ἀγαθὰ,
1597 4499 1759 4570 ἀκρίς

169 4619 223 4653 τε
250 4600 394 4654 αὐτά
424 4597 588 4669 νοητὴ
616 4595 965 4666 κατεδήδοκε,
989 4594 1082 4646 καὶ
1102 4591 1480 4663 ἐξηράνθησαν
1508 4590 1755 4660 ἀφέσεις.

180 4691 519 4745 Ἐνετείλατο
548 4690 656 4759 γὰρ
686 4690 809 4751 ταῖς
844 4684 1095 4755 νεφέλαις
1134 4683 1228 4738 τοῦ
1274 4683 1348 4755 μὴ
1379 4681 1569 4754 βρέξαι
1605 4680 1760 4734 ὐετὸν

170 4787 261 4838 ἐπὶ
281 4784 384 4853 τῆς
414 4784 541 4853 γῆς,
572 4782 715 4835 κατὰ
752 4780 813 4834 τὸ
838 4778 1015 4847 γένος,
1063 4777 1156 4831 καὶ
1199 4775 1421 4845 γέγονεν
1458 4774 1658 4837 same
1698 4789 1758 4826 τε

174 4877 262 4928 ui
316 4873 544 4944 ἄνυδρος
575 4871 682 4941 γῆ,
717 4871 840 4941 ’ήτις
865 4869 925 4922 οὐ
967 4867 1446 4939 κατοικηθήσεται.
1485 4866 1671 4936 Ἡμῶν
1698 4866 1756 4918 δὲ

171 4962 230 5032 δὴ
283 4961 413 5032 πέρι
441 4960 550 5013 τῶν
584 4961 643 5013 ἐν
674 4960 854 5013 πίστει
903 4955 1339 5028 δεδικαιωμένων
1385 4954 1758 5025 προανεφώνει

172 5054 327 5116 Θεὸς,
357 5050 575 5106 καὶτῶν
593 5050 681 5105 διὰ
703 5048 942 5121 Χριστοῦ
966 5048 1324 5121 χαρισμάτων
1348 5044 1759 5116 ἀμφιλαφεστά-

170 5162 273 5215 την
307 5145 527 5199 ἔσεσθαι
562 5143 663 5213 τὴν
715 5141 977 5214 χορηγίαν
1029 5140 1319 5211 ὑπεδήλου,
1367 5138 1563 5206 λέγων’
1612 5155 1630 5188 ι
1668 5135 1758 5189 Ἐν

168 5241 236 5308 τῇ
267 5238 451 5307 ἡμέρᾳ
473 5235 663 5306 ἐκείνῃ
683 5232 1050 5298 ἀποσταλάξει
1086 5231 1155 5285 τὰ
1183 5231 1284 5303 ὅρη
1305 5228 1640 5299 γλυκασμὸν,
1665 5227 1761 5281 καὶ

167 5334 217 5383 οἱ
242 5331 428 5402 βουνοί
446 5330 740 5401 ρυήσονται
768 5326 929 5394 γάλα,
961 5326 1052 5380 καὶ
1070 5326 1239 5378 πᾶσαι
1263 5324 1319 5378 αἱ
1343 5323 1566 5392 ἀφέσεις
1589 5320 1760 5375 Ἰούδα

171 5424 468 5494 ῥυήσοντσι
500 5420 671 5474 ῦδατα
696 5460 712 5483 ,
745 5420 841 5471 καὶ
867 5418 1018 5489 πηγὴ
1048 5417 1109 5482 ἐξ
1132 5417 1279 5471 οἴκου
1305 5414 1512 5487 Κυρίου
1542 5413 1757 5479 ἐξελεύ-

170 5533 349 5579 σεται,
372 5515 467 5569 καὶ
497 5514 680 5567 ποτιεῖ
703 5510 795 5564 τὸν
823 5510 1159 5581 χειμάρρουν
1185 5508 1293 5563 τῶν
1321 5508 1566 5579 σχοίνων.
1599 5526 1618 5559 ι
1647 5506 1757 5560 Καὶ

241 5700 320 5734 ⁸³·
356 5703 518 5758 Amos
557 5714 646 5764 ιιι,
704 5695 760 5751 6.
837 5696 881 5727 ⁸⁸
915 5693 1018 5751 lsa.
1058 5710 1111 5763 v,
1148 5694 1204 5749 ϐ.
1278 5694 1323 5726 ⁸⁸
1380 5693 1517 5749 Psal.
1547 5708 1678 5762 an,
1721 5692 1773 5749 5.

1856 4521 1975 4562 rum
2024 4507 2165 4562 bona
2201 4503 2391 4571 animi,
2418 4502 2625 4558 locusta
2656 4516 2775 4570 quae
2806 4509 2989 4555 mente
3018 4499 3321 4570 concipitur
3346 4498 3435 4569 illa

1857 4598 2160 4664 devoravit,
2187 4604 2243 4652 et
2264 4605 2595 4651 exaruerunt
2613 4594 2933 4650 emissiones
2955 4607 3244 4662 aquarum.
3279 4590 3433 4645 Man-

1857 4688 2005 4745 davit
2030 4688 2172 4743 enim
2207 4686 2445 4742 nubibus
2472 4700 2540 4741 ne
2569 4684 2814 4755 pluerent
2861 4682 3089 4738 imbrem
3133 4695 3295 4750 super
3328 4693 3436 4734 ter-

1857 4797 1998 4849 ram,
2022 4796 2118 4851 pro
2165 4793 2316 4837 more
2338 4788 2394 4834 et
2427 4786 2621 4833 natura
2660 4791 2757 4831 sua
2783 4776 2852 4843 ⁸⁸,
2907 4783 2962 4829 et
3007 4774 3147 4828 facta
3172 4783 3256 4827 est
3294 4781 3437 4826 terra

1859 4873 2004 4928 invia
2033 4882 2088 4927 et
2114 4873 2373 4940 inaquosa
2396 4869 2498 4936 “,1
2530 4882 2649 4937 quae
2675 4882 2779 4920 non
2813 4862 3166 4919 habitabitur.
3213 4860 3287 4914 De
3342 4875 3440 4914 no-

1860 4965 1945 5019 bis
1997 4973 2178 5018 antem
2213 4962 2265 5017 in
2299 4961 2402 5016 [ide
2427 4957 2743 5029 justiticatis
2774 4952 3152 5026 praenuntiavit
3185 4951 3348 5018 Deus,
3382 4959 3440 5005 et

1860 5070 1958 5125 per
1988 5053 2262 5109 Christum
2292 5067 2388 5106 nos
2410 5048 2753 5105 charismatis
2780 5044 3153 5115 copiosissime
3179 5042 3439 5098 donatum

1864 5146 1928 5200 iri
1988 5143 2336 5213 signiﬁcavit,
2379 5141 2464 5194 his
2517 5140 2727 5195 verbis:
2761 5137 2856 5190 ιΙιι
2894 5135 2982 5190 illa
3015 5134 3103 5189 die
3161 5132 3441 5188 stillabant

1863 5246 2072 5293 montes
2115 5234 2453 5289 dulcedinem
2472 5272 2487 5296 ,
2515 5238 2569 5285 et
2595 5229 2759 5285 colles
2786 5228 2953 5283 ﬂuent
2977 5226 3150 5290 lacte;
3173 5235 3229 5280 et
3251 5237 3440 5279 omnes

1858 5326 2180 5385 emissiones
2238 5323 2371 5378 Juda
2448 5323 2612 5376 ﬂuent
2683 5319 2860 5388 aquis,
2896 5326 2950 5372 et
2993 5316 3111 5372 fons
3157 5314 3225 5369 de
3278 5314 3439 5368 domo

1862 5417 2069 5475 Domini
2100 5416 2427 5487 egredietur,
2451 5424 2502 5468 et
2528 5411 2770 5481 irrigabit
2793 5416 3087 5464 torrentem
3119 5400 3426 5459 iunium”.o

1858 5511 1997 5579 Quin
2062 5519 2116 5564 et
2147 5508 2347 5561 aliter:
2395 5524 2413 5557 ι
2461 5503 2572 5575 Ego
2615 5502 2877 5560 Dominus
2913 5499 3091 5562 Deus;
3129 5508 3227 5564 ego
3268 5503 3435 5544 exan-

1851 5690 1894 5722 ⁸⁷
1942 5686 2056 5743 Jocl
2111 5702 2192 5752 ιιι,
2242 5683 2328 5739 18.
