3950 6200
437 287 543 344 3-55

1436 275 1522 330 'S.
1563 272 1840 331 CYRIILI
1884 263 2351 329 ALEXANDRINI
2392 263 2716 326 ARCHIEP.
3602 261 3706 324 536

438 411 579 463 diam
615 422 710 461 eos
744 404 883 458 Deus
911 402 1105 464 Israel;
1129 415 1231 454 nou
1249 398 1620 466 derelinquam
1645 399 2014 466 eos,sedape-

2128 397 2232 467 μὴν
2268 395 2361 448 καὶ
2395 395 2596 463 ἑτέρως
2618 411 2630 424 ο
2667 413 2684 442 ι
2715 391 2856 460 Ἐγὼ
2883 393 3084 462 Κύριος
3107 396 3133 445 ὁ
3155 389 3307 454 Θεὸς,
3342 384 3450 458 ἐγὼ
3475 387 3709 443 ἐπακού-

438 503 571 557 riam
611 503 662 554 in
706 499 981 553 montibus
1029 494 1273 557 flumina,
1313 500 1363 546 et
1406 491 1456 545 in
1490 493 1667 545 medio
1706 504 2030 558 camporum-

439 592 631 654 fontes,
668 601 722 644 et
758 589 954 643 faciam
999 587 1275 642 desertum
1304 585 1355 637 in
1389 583 1632 653 paludes,
1661 593 1716 636 et
1747 582 2018 636 sitientem

438 693 633 738 teriam
660 682 712 735 in
751 681 1101 750 aqumductus
1127 677 1229 732 ⁸³.»
1263 675 1317 730 In
1355 676 1441 730 bis
1471 676 1652 744 itaque
1676 688 1775 728 nos
1809 685 2016 726 sumus.

435 775 588 841 Quod
625 774 668 827 si
704 774 769 826 ad
805 771 1179 840 paenitentiam
1213 783 1274 823 se
1321 767 1622 831 conferent,
1649 773 1702 820 et
1733 766 1898 818 Deum
1935 779 2024 818 re-

434 867 682 937 spicient,
715 875 768 919 et
797 867 976 920 dicent
1005 863 1168 918 etiam
1197 862 1321 931 ipsi,
1354 880 1372 912 ι
1397 859 1476 914 Ad
1511 869 1564 914 te
1593 857 1893 923 clamabo,»
1925 872 2019 911 ac—

435 959 635 1027 cipient
666 973 925 1027 aquarum
970 957 1316 1019 emissiones,
1346 963 1402 1009 et
1450 954 1700 1007 lianrieut
1742 952 2018 1005 nobiscum

434 1067 624 1122 aquam
676 1066 795 1120 qua:
858 1050 968 1104 sola
1021 1047 1373 1116 intelligentia
1417 1045 1650 1112 videtur,
1693 1045 1759 1096 de
1783 1042 2020 1097 fontibus

433 1143 732 1198 Salvatoris
755 1142 823 1207 ⁸⁸,
851 1142 1289 1211 potabunturque
1327 1148 1570 1193 torrente
1609 1136 1899 1205 voluptatis
1920 1134 1966 1167 ’θ
1989 1149 2018 1187 a

435 1236 543 1291 Deo
588 1235 768 1299 Patre,
799 1244 850 1290 et
897 1234 1098 1288 fontem
1136 1233 1258 1285 vitae
1302 1232 1354 1284 in
1415 1229 1669 1284 cordibus
1725 1227 2015 1281 habebunt.

433 1328 784 1397 Apponentur
806 1325 934 1392 ipsis
980 1323 1143 1377 etiam
1183 1323 1248 1375 ad
1281 1320 1501 1374 delicias
1527 1318 1773 1386 speciosa
1796 1316 2016 1380 deserti,

433 1419 483 1472 id
511 1429 611 1480 est,
641 1432 836 1484 pascua
880 1417 1016 1468 bona
1061 1423 1114 1467 et
1161 1411 1360 1480 ampla,
1393 1410 1766 1464 convertentia
1811 1423 1906 1464 eos
1951 1407 2018 1459 ad

430 1508 787 1577 cognitionem
813 1507 1048 1560 divinam
1078 1515 1133 1560 et
1161 1503 1690 1572 evangelica:u,Lqua:
1719 1503 1770 1555 in
1797 1499 2018 1554 Christo

430 1608 610 1654 mente
649 1598 974 1667 concipitur.

1022 1924 1184 1996 214
1208 1923 1359 1978 car.
1391 1922 1452 1977 ιι.

501 2043 662 2097 Vsus.
703 2040 828 2103 1,2.
887 2038 1073 2094 Canite
1122 2040 1244 2090 tuba
1313 2038 1367 2088 in
1412 2033 1564 2097 Sion,
1614 2032 1896 2095 prwdicate
1966 2033 2019 2084 in

426 2148 597 2191 monte
629 2148 808 2188 sancto
856 2149 987 2194 meo,
1030 2143 1076 2184 et
1121 2131 1493 2184 conturbeutur
1552 2142 1725 2179 omnes
1768 2125 2016 2178 habitan.

427 2241 501 2283 tes
531 2239 747 2288 terram,
811 2226 1058 2293 quoniam
1126 2224 1268 2274 adest
1317 2219 1427 2272 dies
1468 2218 1723 2279 Domini;
1770 2215 2018 2284 qttuniam

425 2335 582 2388 prope
627 2327 699 2369 est
751 2316 862 2368 dies
909 2315 1241 2367 tenebrarum
1279 2322 1326 2364 et
1377 2308 1643 2379 caliginis,
1684 2308 1794 2358 dies
1857 2304 2013 2357 nubis

424 2421 474 2465 et
518 2410 736 2464 nebulae.

494 2522 614 2578 XV.
708 2517 942 2577 Venuste
1017 2536 1147 2575 sane
1220 2532 1433 2573 rursum
1505 2517 1660 2572 nobis
1735 2514 1856 2569 belli
1935 2513 2016 2567 fa-

425 2616 538 2672 cies
606 2616 949 2680 describitur,
1004 2624 1056 2668 et
1115 2627 1241 2667 vera
1321 2622 1404 2667 est
1447 2610 1761 2678 descriptio,
1803 2609 1914 2662 sive
1966 2608 2016 2662 in

426 2707 656 2772 locusta,
705 2707 820 2760 sive
913 2706 966 2758 in
1026 2705 1233 2758 lll‘llCIIO
1283 2700 1423 2757 forte
1485 2700 1837 2771 intelligatur,
1907 2699 2018 2752 sive

431 2801 556 2870 quis
626 2801 694 2852 de
774 2797 910 2867 ipsis
992 2795 1303 2866 Babyloniis
1396 2793 1643 2862 accipere
1743 2790 2017 2845 maluerit.

428 2889 596 2956 Quasi
657 2887 802 2941 enim
853 2885 992 2939 bello
1045 2883 1154 2953 jam
1211 2897 1306 2952 per
1379 2890 1563 2950 portas
1635 2879 1916 2948 ingresso,
1965 2885 2021 2930 et

426 2996 526 3051 per
587 2990 753 3034 totam
808 2978 975 3031 ferme
1021 2975 1262 3038 Sionem,
1311 2988 1402 3028 seu
1448 2988 1543 3041 per
1581 2982 1746 3026 tctam
1779 2969 2016 3024 Iudaeam

427 3073 666 3142 vulgato,
715 3070 943 3124 tumultu
1000 3077 1055 3121 et
1103 3065 1398 3122 terroribus
1462 3064 1648 3120 urbem
1693 3065 2013 3133 completam
2043 3105 2084 3161 ο

426 3179 547 3219 esse
591 3162 760 3217 dicit:
799 3178 818 3212 ι
863 3159 1028 3214 Adest
1058 3158 1200 3210 enim
1228 3155 1343 3210 dies
1375 3156 1636 3210 Domini.)
1676 3155 1829 3222 Quod
1876 3155 2013 3209 hanc

428 3256 593 3310 habet
619 3255 725 3307 vim
755 3269 767 3304 :
803 3265 889 3305 res
924 3264 1028 3304 nou
1087 3256 1170 3302 est
1220 3245 1450 3315 amplius
1504 3245 1647 3300 nuda
1699 3244 2009 3316 praedictio,

426 3344 522 3398 sed
560 3353 688 3396 ante
730 3339 915 3394 oculos
961 3338 1140 3391 omnia
1186 3349 1307 3405 quae
1352 3330 1710 3404 praenuntiata
1754 3332 2010 3396 fuerunt,

427 3448 482 3489 et
512 3436 624 3503 ipsa
658 3430 992 3503 experientia
1027 3437 1176 3498 gesta
1211 3437 1358 3482 sunt.
1391 3429 1469 3481 Ac
1498 3426 1690 3481 melius
1718 3437 1836 3478 erat
1879 3425 2028 3500 muli

408 3540 486 3582 ,ιο
525 3528 588 3582 ad
621 3528 840 3580 meliora
871 3540 929 3579 se
960 3525 1231 3593 applicare
1285 3521 1543 3583 voluisse,
1576 3528 1629 3574 et
1662 3529 1785 3572 ante
1810 3519 2011 3572 adven-

431 3631 542 3672 tum
600 3617 1054 3685 prmsentiamque
1117 3615 1381 3667 malorum
1442 3611 1861 3666 sollicitudinem
1918 3621 2013 3662 ex-

428 3709 685 3765 cussisse.
715 3709 899 3776 itaque
931 3709 994 3761 de
1023 3704 1340 3775 pmnitentia
1381 3705 1644 3758 incertum
1677 3717 1798 3756 esse
1834 3701 2013 3755 consi-

430 3804 486 3857 lii
516 3817 622 3854 non
657 3799 807 3862 sinit,
838 3799 930 3852 sed
986 3797 1228 3865 deposito
1272 3795 1434 3847 animi
1473 3795 1618 3847 velut
1671 3792 1930 3861 languore
1959 3801 2012 3845 et

428 3892 666 3963 ignavia,
702 3891 768 3943 ad
799 3889 979 3958 Operis
1014 3887 1250 3942 studium
1291 3884 1540 3953 expedite
1591 3883 1832 3952 aggredi,
1863 3891 1916 3934 et
1947 3881 2012 3935 ad

427 3983 758 4038 voluntatem
789 3977 1137 4048 sibimetipsis
1167 3975 1394 4030 viriliter
1421 3975 1767 4030 succurrendi
1801 3974 2010 4027 incum-

427 4073 746 4142 berejubet,
779 4072 844 4126 ad
876 4071 1044 4126 Deum
1077 4069 1414 4139 properando
1438 4111 1451 4132 ,
1485 4074 1838 4133 veterumque
1883 4064 2012 4117 deli-

427 4178 638 4221 ctorum
693 4164 931 4219 maculas
977 4160 1264 4214 virtutibus
1302 4158 1626 4215 sulliciendis
1651 4157 1876 4212 delendo
1933 4157 2013 4208 vi-

430 4256 644 4311 delicet.
678 4252 802 4310 [deo
841 4255 916 4308 ait
962 4268 1130 4323 prope
1161 4254 1351 4308 adesse
1417 4251 1560 4305 diem
1611 4247 1857 4313 Domini,
1906 4263 2008 4317 qua

427 4348 599 4404 futuri
631 4349 741 4404 sint
776 4357 1032 4415 tanquam
1065 4347 1118 4400 in
1152 4344 1365 4409 nebula,
1396 4352 1450 4396 et
1507 4341 1764 4404 tenebris,
1815 4339 2008 4392 famem

2124 504 2288 557 σομαι
2327 488 2355 539 ὁ
2385 485 2517 549 Θεὸς
2552 485 2793 556 Ἰσραὴλ,
2829 486 2921 538 xui
2953 485 3053 537 οὐκ
3083 481 3462 552 ἐγκαταλείψω
3491 481 3710 543 αὐτοὺς,

2123 578 2240 632 ἀλλ’
2290 577 2486 644 ἀνοίξω
2531 577 2756 630 ἐπὶτῶν
2799 575 2970 647 ὀρέων
3019 573 3320 643 ποταμοὺς,
3353 570 3449 624 καὶ
3473 571 3531 622 ὲν
3561 572 3714 640 μέσῳ

2122 674 2231 728 τῶν
2264 674 2460 727 πεδίων
2488 673 2568 734 είς
2589 670 2708 740 ἕλη,
2738 669 2834 723 καὶ
2857 669 2955 738 τὴν
2985 665 3224 735 διψῶσαν
3249 666 3353 734 γῆν
3377 665 3434 716 ὲν
3465 663 3716 734 ὑδραγω-

2122 769 2260 834 γοίς.
2303 784 2321 815 ι
2352 762 2561 817 Οὐκοῦν
2589 757 2751 832 ἡμεῖς
2784 757 2881 829 μὲν
2915 759 2973 810 ὲν
3017 752 3248 817 τούτοις.
3286 754 3349 806 Ei
3379 750 3435 804 δὲ
3474 751 3538 821 δὴ
3566 747 3718 820 βαδί-

2123 858 2269 923 ζοιεν
2304 855 2440 927 πρὸς
2469 853 2832 924 μετάγνωσιν,
2865 850 2960 903 xui
3001 845 3355 915 ἀναϐλέψοιεν
3390 843 3522 914 πρὸς
3553 841 3712 904 Θεὸν,

2124 950 2333 1020 λέγοιέν
2355 965 2415 1001 τε
2444 947 2537 1000 καὶ
2563 943 2742 1007 αὐτοὶ,
2771 942 2946 1013 «Πρὸς
2973 940 3055 1004 σὲ,
3079 939 3274 1009 Κύριε,
3294 935 3660 1007 κεκράξομαι,
3689 953 3708 984 ι

2122 1042 2380 1114 λήψονται
2400 1039 2500 1102 τὰς
2522 1037 2629 1090 τῶν
2657 1036 2865 1088 ὑδάτων
2888 1032 3135 1100 ἀφέσεις,
3161 1027 3486 1098 ἀντλήσουσί
3505 1043 3564 1078 τε
3589 1022 3716 1094 μεθ’

2122 1130 2280 1202 ἡμῶν
2309 1130 2370 1183 τὸ
2388 1127 2534 1198 ὓδωρ
2555 1126 2616 1180 τὸ
2649 1124 2860 1197 νοητὸν,
2901 1122 2994 1177 xui
3024 1124 3089 1174 ὲκ
3118 1121 3225 1173 τῶν
3257 1118 3450 1189 πηγῶν
3487 1118 3580 1170 τοῦ
3607 1135 3716 1174 σω⁴

2121 1221 2309 1292 τηρίου
2341 1217 2782 1288 ποτισθήσονται,
2819 1213 3028 1267 καὶτὸν
3067 1211 3404 1282 χειμάρρουν
3447 1209 3548 1277 τῆς
3574 1225 3714 1278 τρυ-

2123 1316 2230 1385 φῆς
2254 1313 2406 1383 παρά
2439 1309 2534 1364 τοῦ
2556 1309 2690 1363 Θεοῦ
2717 1307 2808 1361 καὶ
2840 1305 3073 1376 Πατρὸς,
3110 1303 3206 1358 xui.
3252 1300 3350 1369 τὴν
3389 1297 3572 1368 πηγὴν
3611 1298 3714 1365 τῆς

2123 1407 2268 1476 ζωῆς
2293 1405 2506 1471 ἕξουσιν
2528 1403 2585 1456 ὲν
2609 1400 2878 1471 καρδίαις.
2909 1396 3313 1468 Παρακείσεται
3336 1392 3392 1444 δὲ
3419 1391 3600 1451 αὐτοῖς
3630 1389 3712 1451 εις

2121 1497 2333 1570 τρυφὴν
2368 1494 2560 1549 καὶτὰ
2588 1493 2767 1562 ὡραῖα
2820 1491 2917 1558 τῆς
2971 1489 3180 1561 ἐρήμου
3207 1526 3222 1551 ,
3256 1483 3523 1546 τουτέστι,
3567 1480 3710 1550 νομὴ

2119 1591 2262 1662 καλὴ
2310 1590 2404 1642 xui.
2444 1584 2802 1657 ἀμφιλαφὴς,
2830 1584 2908 1646 είς
2941 1580 3141 1649 γνῶσιν
3185 1577 3384 1638 αὐτοὺς
3431 1573 3707 1642 ἀποστρέ-

2122 1701 2298 1753 φουσα
2332 1683 2432 1752 τὴν
2478 1681 2536 1735 ὲν
2565 1676 2787 1748 Χριστῷ
2816 1675 3116 1747 νοουμένην
3158 1672 3308 1726 θείαν
3332 1686 3390 1723 τε
3414 1669 3507 1721 καὶ
3543 1665 3707 1732 εὐαγ-

2048 1763 2088 1816 Β
2121 1774 2369 1843 γελικίτν.

2731 1900 2987 1958 ΚΕΦΑΛ.
3029 1901 3104 1955 B'.

2192 2025 2535 2079 Σαλπίσατε
2558 2019 2848 2089 σάλπιγγι
2872 2017 2943 2070 ἐν
2962 2014 3134 2078 Σιὼν,
3163 2008 3462 2079 κηρύξατε
3493 2005 3563 2059 ἐν
3582 2005 3711 2073 ὄρει

2120 2118 2266 2187 ἁγίῳ
2306 2133 2442 2184 μου,
2480 2113 2578 2168 καὶ
2619 2107 3105 2180 συγχυθήτωσαν
3149 2103 3371 2165 πάντες
3411 2101 3465 2152 οἱ
3506 2112 3712 2150 κατοι-

2121 2209 2370 2272 κοῦντες
2401 2209 2518 2273 τὴν
2559 2201 2694 2273 γῆν,
2749 2200 2896 2253 διότι
2928 2197 3220 2266 πάρεστιν
3247 2190 3438 2262 ἡμέρα
3462 2189 3710 2255 Κυρίου,

2122 2301 2210 2354 ὅτι
2237 2298 2417 2368 ἐγγὺς
2444 2294 2632 2365 ἡμέρα
2660 2296 2922 2356 σκότους
2961 2289 3059 2342 καὶ
3092 2286 3340 2358 γνόφου,
3389 2283 3580 2350 ἡμέρα
3611 2294 3714 2330 νε-

2120 2393 2312 2462 φέλης
2341 2390 2439 2444 καὶ
2473 2389 2723 2460 ὁμίχλης
2736 2426 2749 2440 .

2191 2508 2291 2562 IE'.
2323 2506 2598 2578 Γράφεται
2621 2502 2683 2572 δὴ
2724 2500 2885 2555 πάλιν
2919 2495 3150 2560 ἀστείως
3178 2496 3310 2566 ἡμῖν
3339 2491 3432 2546 τοῦ
3465 2487 3709 2559 πολέμου

2118 2601 2180 2654 τὸ
2206 2599 2410 2670 σχῆμα.
2446 2597 2544 2666 Είη
2584 2593 2628 2646 δ’
2671 2592 2738 2646 ἂν
2764 2593 2858 2646 xui
2890 2592 2977 2644 ἐπ’
3002 2591 3206 2660 ἀμφοῖν
3240 2584 3440 2654 ἀληθὲς
3465 2620 3480 2644 ,
3523 2580 3625 2633 κᾶν
3656 2580 3709 2630 εί

2121 2691 2208 2746 ἐπ’
2261 2689 2479 2760 ἀκρίδος
2531 2687 2624 2739 xui
2663 2683 2894 2756 βρούχου
2927 2683 3087 2752 τυχὸν
3143 2681 3335 2740 νοοῖτο,
3369 2675 3473 2729 κᾶν
3521 2674 3570 2725 sl.
3616 2671 3711 2723 ἐπ’

2121 2783 2302 2838 αὐτῶν
2330 2780 2504 2834 ἕλοιτό
2529 2796 2613 2841 τις
2643 2777 2755 2831 τῶν
2778 2772 3155 2830 Βαϐυλωνίων.
3215 2772 3304 2834 Ὠς
3341 2768 3448 2838 γὰρ
3480 2765 3582 2837 ἤδη
3608 2761 3711 2817 τοῦ

2121 2875 2359 2945 πολέμου
2399 2870 2694 2943 βεϐηκότος
2739 2881 2798 2921 τε
2835 2869 2966 2921 εἵσω
3017 2863 3200 2936 θυρῶν
3227 2903 3240 2927 ,
3273 2861 3367 2914 xui
3420 2855 3713 2930 μονονουχὶ

2120 2966 2262 3023 κατά
2294 2964 2472 3019 πᾶσαν
2496 2964 2594 3035 τὴν
2624 2962 2783 3028 Σιὼν,
2811 2962 2987 3032 ἦγουν·
3015 2959 3074 3011 ὲν
3108 2955 3204 3027 ὅλῃ
3246 2956 3313 3026 τῇ
3353 2949 3586 3020 Ἰουδαίᾳ
3609 2964 3712 3001 πε-

2123 3057 2544 3133 ριηγγελμένου,
2577 3056 2670 3110 xui
2716 3053 2970 3125 θορύϐου,
3003 3050 3099 3105 xui
3145 3046 3414 3118 δειμάτων
3454 3041 3710 3112 ἀναπλη-

2120 3151 2314 3221 σθῆναι
2339 3147 2436 3220 τὴν
2466 3147 2618 3200 πόλιν
2648 3144 2834 3216 φησιν·
2865 3161 2882 3195 ι
2915 3141 3156 3212 Πάρεστι
3182 3137 3288 3209 γὰρ
3315 3139 3348 3208 ἡ
3385 3134 3569 3206 ἡμέρα
3589 3134 3709 3186 Κυ-

2118 3244 2231 3316 ρίου
2263 3259 2276 3272 ·
2315 3262 2332 3294 ι
2372 3240 2674 3304 τουτέστιν,
2715 3237 2898 3292 οὐκέτι
2954 3233 3352 3306 προαγόρευσις
3398 3230 3459 3282 τὸ
3509 3227 3710 3298 χρῆμα

2117 3334 2297 3406 μόνον,
2330 3333 2446 3387 ἀλλ’
2479 3333 2554 3395 ὡς
2588 3333 2646 3384 ὲν
2674 3330 2794 3399 ὃψει
2825 3328 2896 3382 τά
2926 3328 3126 3388 πάντα,
3161 3325 3255 3378 xui
3293 3323 3350 3377 ἐν
3391 3321 3582 3384 αὑταῖς
3611 3337 3709 3387 γε-

2114 3426 2303 3497 γόνασι
2331 3428 2449 3488 ταῖς
2480 3425 2700 3495 πείραις
2729 3421 2836 3475 τῶν
2867 3419 3036 3475 πάλαι
3072 3415 3554 3489 προηγγελμένων,
3605 3411 3706 3476 οὓς·

2111 3516 2178 3591 ἦν
2204 3520 2426 3589 ἄμεινον
2459 3517 2602 3570 κατὰ
2645 3514 2780 3567 πολὺ
2833 3513 3166 3584 μεταφοιτᾷν
3203 3507 3420 3562 ἑλέσθαι
3454 3506 3592 3576 πρὸς
3630 3504 3705 3556 τὰ

2118 3609 2329 3682 βελτίω,
2369 3608 2460 3661 xui
2487 3607 2592 3677 πρὸ
2632 3605 2823 3674 ἐφόδου
2851 3604 2945 3656 xui
2974 3601 3302 3672 παρουσίας,
3334 3598 3429 3670 τὴν
3455 3597 3562 3650 τῶν
3595 3613 3703 3647 κα-

2116 3701 2228 3754 κῶν
2255 3696 2604 3752 ἀποσείεσθαι
2635 3695 2914 3766 φροντίδα.
2948 3693 3157 3747 Οὐκοῦν
3195 3693 3326 3761 πρὸς
3359 3689 3706 3759 μετάγνωσιν

2115 3790 2375 3846 ἀλύεσθαι
2397 3789 2496 3842 οὐκ
2521 3789 2587 3858 ἑᾷ
2608 3802 2620 3816 ⁶
2659 3786 2948 3857 μεθιέντας
2967 3785 3023 3837 δὲ
3047 3785 3236 3855 ὥσπερ
3265 3783 3324 3836 τὸ
3348 3782 3446 3852 τῆς
3468 3780 3701 3849 γνώμης

2112 3881 2505 3944 ἀναπεπτωκὸς
2544 3880 2640 3933 xui
2671 3878 2731 3931 τὸ
2782 3877 3022 3948 ῥᾴθυμον
3049 3916 3063 3938 ,
3101 3877 3180 3939 είς
3238 3873 3524 3945 φιλεργίας
3560 3873 3702 3923 ἱέναι

2113 3973 2327 4030 κελεύει
2350 3972 2586 4046 γοργῶς,
2609 3975 2701 4026 xui
2721 3973 2812 4023 ἐπί
2833 3985 2896 4038 γε
2913 3967 2974 4020 τὸ
2995 3965 3277 4036 βούλεσθαι
3305 3965 3486 4032 σφίσιν
3511 3962 3701 4024 αὐτοῖς

2115 4067 2389 4137 ὲπαμύναι
2437 4064 2692 4133 γενικῶς,
2745 4061 2863 4132 Θεῷ
2893 4059 3132 4132 δηλονότι
3166 4057 3550 4129 προσθέοντας,
3588 4053 3701 4105 τῶν

2113 4159 2358 4230 ἀρχαίων
2390 4155 2732 4228 αίτιαμάτων
2754 4153 3114 4223 ἀφανίζοντας
3135 4152 3201 4204 τὰ
3232 4150 3552 4220 ἐγκλήματα
3575 4147 3700 4208 ταῖς

2112 4250 2221 4303 τῶν
2267 4250 2569 4321 ἀμεινόνων
2615 4249 2950 4314 ἐπαγωγαῖς.
3005 4243 3275 4314 Ταύτῃτοί
3319 4257 3483 4310 φησιν
3529 4236 3699 4306 ἐγγὺς

2114 4338 2371 4413 εἶναιτὴν
2396 4340 2609 4411 ἡμέραν
2639 4339 2868 4410 Κυρίου,
2901 4336 3022 4391 καθ’
3050 4337 3116 4406 ἢν
3155 4333 3368 4386 ἔσονται
3407 4331 3506 4401 μὲν
3534 4329 3609 4391 ὡς
3639 4329 3698 4379 ἐν

428 4455 458 4494 a
491 4440 693 4494 locusta
723 4437 1100 4501 invehendam,
1135 4435 1248 4490 sive
1274 4449 1337 4489 ex
1372 4431 1716 4501 Assyriorum
1780 4431 2008 4499 impres-

2124 4430 2311 4502 θμίχλῃ
2357 4431 2450 4483 xui
2479 4429 2676 4500 σκότῳ,
2703 4429 2791 4482 τὸν
2813 4430 2876 4482 ἐκ
2891 4428 2996 4508 τῆς
3019 4426 3238 4496 ἀκρίδος
3263 4422 3493 4484 δεδιότες
3517 4419 3696 4489 λιμὸν,

428 4530 578 4584 sione
598 4542 755 4596 supra
784 4533 943 4593 caput
971 4525 1101 4594 ipsis
1125 4532 1391 4578 astantem
1414 4519 1777 4576 calamitatem
1799 4529 1854 4574 et
1883 4534 2007 4588 per-

430 4621 624 4674 niciem
666 4625 983 4671 metuentes.

504 4710 662 4767 Vens.
691 4710 745 4776 Ξ,
784 4709 839 4766 5.
882 4708 1030 4764 Sicut
1079 4722 1230 4761 mane
1270 4707 1521 4777 fundetur
1587 4723 1744 4773 super
1810 4716 2009 4759 montes

429 4805 646 4872 papulas
678 4802 958 4866 multus,et
991 4801 1181 4870 fortis;
1210 4797 1396 4853 similis
1443 4800 1491 4852 ei
1540 4815 1644 4852 non
1682 4798 1783 4867 fuit
1841 4815 1874 4851 a
1909 4815 2023 4852 δίε-κ

335 4918 339 4921 ·
428 4897 566 4959 culo,
593 4907 638 4950 et
667 4907 778 4966 post
816 4912 931 4949 eum
963 4912 1063 4948 non
1092 4895 1189 4947 erit
1243 4907 1403 4960 usque
1441 4893 1510 4943 ad
1538 4905 1702 4943 annos
1736 4891 1792 4943 in
1857 4905 2012 4958 gene—

431 4991 660 5042 rationes
726 4991 1136 5059 generutionum.
1175 4989 1305 5039 Ante
1332 5001 1448 5038 eum
1491 4983 1626 5052 ignis
1675 4997 2006 5042 consumens,

428 5090 620 5147 etpost
659 5097 775 5133 eum
831 5098 1077 5134 succensa
1120 5083 1356 5150 flamma.
1392 5075 1535 5131 Sicut
1585 5075 1864 5144 paradisus
1922 5090 2009 5125 vu-

431 5171 645 5240 luptatis
677 5179 818 5222 terra
859 5181 978 5223 ante
1045 5170 1233 5230 {aciem
1297 5170 1452 5237 ejus,
1509 5177 1553 5220 et
1610 5166 1901 5234 posteriora
1947 5162 2010 5215 il-

431 5259 534 5310 lius
596 5256 731 5309 sicut
787 5257 956 5324 campi
1004 5257 1345 5310 desolationis
1371 5300 1385 5323 ,
1419 5267 1463 5310 et
1492 5255 1730 5310 salvatus
1776 5271 1878 5310 non
1911 5255 2007 5307 erit

499 5441 641 5501 XV'l.
677 5441 830 5496 Mane
862 5441 1072 5494 videtur
1101 5439 1374 5509 appellare
1423 5449 1516 5492 aut
1553 5439 1875 5492 matutinum
1915 5451 2004 5488 ro-

433 5553 546 5594 rem
579 5537 669 5606 qui
711 5535 960 5590 universe
1021 5547 1116 5602 per
1153 5533 1286 5585 lines
1324 5529 1558 5598 regionis
1587 5530 1835 5593 diffusus,
1872 5528 2006 5580 nihil

2117 4524 2286 4594 ἤγουν
2331 4521 2428 4592 τὴν
2459 4523 2524 4574 ἐκ
2559 4524 2656 4593 τῆς
2711 4509 3013 4590 Ἀσσυρίων
3066 4518 3247 4580 αὐτοῖς
3308 4512 3699 4584 ὲπηρτημένην

2116 4615 2411 4686 ἀθλιότητα
2441 4614 2538 4667 xui.
2564 4612 2942 4683 καταφθοράν.

2197 4707 2288 4771 Ὠς
2317 4706 2525 4773 ὄρθρος
2563 4703 2892 4773 χυθήσεται
2921 4704 3020 4757 ἐπὶ
3053 4702 3122 4755 τὰ
3150 4700 3254 4768 ὄρη
3298 4699 3449 4764 λαός
3498 4695 3698 4760 πολὺς

2117 4799 2213 4850 καὶ
2241 4797 2519 4866 ισχυρός·
2572 4796 2772 4864 ὅμοιος
2815 4795 2976 4860 αὐτῷ
3019 4796 3091 4849 οὑ
3125 4792 3374 4864 γέγονεν
3422 4788 3540 4842 ἀπὸ
3587 4786 3695 4840 τοῦ

2116 4889 2349 4955 αἰῶνος,
2373 4889 2470 4941 καὶ
2483 4890 2609 4957 μετ’
2633 4889 2818 4943 αὑτὸν
2837 4891 2907 4942 οὐ
2929 4882 3402 4956 προστεθήσεται
3422 4881 3527 4946 ἕως
3545 4879 3698 4933 ἑτῶν

2114 4985 2202 5046 εἰς
2228 4980 2438 5051 γενεὰς
2459 4979 2697 5050 γενεῶν.
2733 4982 2808 5035 Τὰ
2835 4981 3178 5050 ἔμπροσθεν
3202 4972 3390 5028 αὑτοῦ
3411 4972 3530 5039 πῦρ
3549 4972 3696 5026 ἀνα-

2115 5074 2354 5135 λίσκον,
2385 5072 2482 5125 καὶ
2514 5071 2586 5125 τὰ
2615 5072 2806 5124 ὀπίσω
2842 5068 3028 5124 αὑτοῦ
3085 5063 3463 5132 ἀναπτομένη
3507 5059 3691 5130 φλόξ.

2128 5163 2224 5228 Ὡς
2251 5161 2614 5230 παράδεισος
2633 5159 2864 5229 τρυφῆς
2897 5161 2934 5226 ἡ
2965 5155 3040 5226 τῆ
3075 5157 3187 5224 πρὸ
3227 5151 3553 5223 προσώπου
3589 5155 3697 5203 αὺ-

2115 5249 2243 5312 τοῦ,
2285 5249 2385 5304 καὶ
2439 5249 2509 5303 τὰ
2544 5249 2794 5303 ὄπισθεν
2845 5247 3033 5301 αὐτοῦ
3071 5244 3282 5298 πεδίον
3325 5241 3692 5311 ἀφανισμοῦ,

2117 5343 2214 5396 καὶ
2241 5341 2690 5411 ἀνασωζόμενος
2726 5342 2836 5394 οὐκ
2870 5338 3038 5392 ἔσται
3077 5335 3255 5402 αὐτῷ.

2187 5435 2302 5500 ις’.
2337 5433 2571 5505 Ὀρθρον
2619 5432 2914 5486 ἀποκαλεῖν
2973 5430 3146 5484 ἔοικεν
3197 5431 3231 5500 ἢ
3277 5429 3377 5500 τὴν
3410 5431 3468 5482 ὲν
3512 5425 3696 5496 ὄρθρῳ

2113 5525 2322 5596 δρόσον,
2359 5525 2393 5596 ἢ
2417 5523 2636 5579 ἐπειδὰν
2663 5524 2800 5588 ὅλως
2817 5521 3155 5593 καταχέηται
3177 5521 3284 5576 τῶν
3310 5521 3476 5592 ὅρων,
3498 5518 3696 5586 ἀφίησι

500 5709 673 5769 "15a.
733 5727 842 5776 xu,
901 5708 986 5777 l7,
1042 5707 1130 5761 18.
1195 5707 1239 5738 3"
1285 5702 1388 5759 lsa.
1425 5700 1516 5768 xu,
1555 5703 1606 5757 5.
1670 5701 1886 5756 ooPsal.
1952 5713 2115 5770 xxxv,
2143 5701 2196 5756 9.
