3950 6200
243 239 351 294 3.37

1135 233 1692 294 COMMENTARIUS
1733 236 1796 290 IN
1837 234 2104 291 JOELEM
2146 235 2588 292 PROPHETAM.

3402 247 3507 302 358

239 357 349 410 τῶν
368 359 427 409 ὲν
449 355 632 419 αὐτοῖς
662 355 812 409 οὐδὲν
838 354 1237 425 ἀκατάρδευτον
1255 375 1270 388 ο
1301 361 1468 428 ῆγουν
1484 358 1582 422 τὰς
1607 358 1826 430 πρώτας

1936 355 1986 410 in
2021 355 2151 424 ipsis
2197 357 2398 410 siccum
2424 357 2680 425 relinquit
2705 373 2717 420 ;
2740 364 2829 410 aut
2861 366 3007 412 certe
3032 359 3233 428 primos
3263 360 3390 416 solis
3420 379 3505 414 ra-

235 448 389 518 ήλίου
422 447 603 517 βολὰς,
636 446 856 500 καὶ-τοῦ
884 446 1057 514 φωτὺς
1102 449 1200 517 τῆς
1235 451 1450 522 ἡμέρας
1483 450 1579 520 τὴν
1611 449 1738 502 εὐθύ
1769 469 1828 504 τε

234 539 333 592 καὶ
356 539 418 590 ὲ)
442 538 586 607 ἀρχῇ
620 535 954 605 ἀνάλαμψιν,
1005 537 1039 607 ἢ
1078 540 1196 600 ταῖς
1231 541 1498 609 κορυφαῖς
1524 540 1631 592 τῶν
1657 539 1829 609 ὀρέων

232 630 330 683 καὶ
365 629 475 698 πρό
515 644 578 695 γε
610 625 718 678 τῶν
764 624 938 680 ἄλλων
986 630 1270 699 μονονουχὶ
1304 630 1399 682 καὶ
1429 628 1776 700 ὲνευρύνεται
1811 670 1824 695 ,

233 722 327 774 καὶ
359 718 781 790 κατερυθραινει
822 717 1065 787 βουνούς.
1100 718 1284 783 Οὕτως
1320 721 1484 790 φησιν
1518 723 1609 773 ἐπὶ
1635 722 1701 774 τὰ
1727 721 1825 792 ὅρη

235 813 462 866 ἔσεσθαι
499 813 589 866 τὸν
619 813 746 866 λαὸν
774 813 866 865 τὸν
898 813 1138 883 ἰσχυρὴν,
1189 815 1414 884 ἀκρίδας
1442 815 1622 884 τυχὸν,
1661 815 1828 884 ἤγουν

231 903 294 969 ἐξ
326 904 648 973 ὁμοιότητος
681 903 882 965 αὐτῶν,
916 903 1025 956 τῶν
1070 904 1393 974 Ἀσσυρίων,
1429 904 1504 968 ὡς
1538 906 1597 957 ἐν
1627 903 1828 975 πληθυῖ

231 994 548 1065 νοουμένων
581 993 973 1064 ἀπαραϐλήτῳ.
1002 993 1221 1056 Λοιπδν,
1249 1013 1267 1044 ι
1299 995 1527 1065 Ὀμοιος
1565 994 1692 1064 γὰρ,
1725 1011 1828 1063 φη-

233 1087 347 1149 σὶν,
376 1086 527 1156 αὑτῴ
554 1086 616 1138 οὐ
641 1086 865 1154 γέγονεν
895 1085 1002 1138 ἀπὸ
1030 1084 1125 1138 τοῦ
1151 1085 1366 1150 αἰῶνος,
1388 1085 1510 1139 οὔτε
1547 1085 1652 1156 μὴν
1674 1085 1825 1138 ἔσται

229 1179 390 1232 ποτε.
437 1198 456 1228 ι
503 1176 724 1247 Ἐπειδὴ
771 1176 829 1228 δὲ
857 1177 978 1239 ταῖς
1009 1175 1119 1230 τῶν
1145 1176 1382 1247 ἀκρίδων
1425 1175 1684 1246 ἐμϐολαῖς
1733 1174 1826 1227 δα-

227 1272 474 1323 πανᾶται
504 1270 600 1340 μὲν
626 1269 687 1320 τὸ
721 1268 1119 1338 παρεμπῖπτον
1163 1266 1325 1329 εὐθύς
1347 1283 1361 1296 ·
1395 1267 1442 1318 εἰ
1476 1265 1533 1318 δὲ
1569 1266 1741 1337 δήπου
1771 1282 1824 1317 τι

224 1363 329 1415 καὶ
370 1359 751 1432 περιλειφθείη
784 1358 964 1428 τυχὸν,
1009 1358 1170 1430 ἔργον
1205 1360 1298 1412 καὶ¹
1352 1358 1485 1412 αὐτὸ
1525 1357 1677 1410 ἔσται
1714 1357 1824 1409 τῶν

223 1453 520 1523 ἑπομένων
565 1453 685 1514 ταῖς
714 1449 982 1522 πρώταις,
1016 1470 1034 1502 ι
1077 1449 1194 1520 Πῦρ
1223 1450 1531 1514 ἀναλίσκον,
1572 1469 1590 1500 ›
1626 1449 1728 1519 ἔφη
1755 1449 1825 1502 τὰ

225 1543 549 1617 ἔμπροσθεν
574 1543 762 1609 αὑτοῦ,
791 1542 965 1612 φλόγα
980 1543 1036 1596 δὲ
1059 1542 1446 1613 ἀναπτομένην
1479 1542 1548 1595 τά
1595 1543 1822 1595 κατόπιν

222 1641 326 1691 καὶ
354 1638 625 1708 ἑπόμενα.
643 1635 814 1688 Τοῦτο
837 1636 893 1689 δὲ
924 1636 1056 1690 αὐτὸ
1091 1636 1367 1707 δράσειεν,
1395 1630 1551 1706 οἵμαί
1574 1653 1698 1696 που,
1727 1637 1822 1690 καὶ

220 1728 512 1798 πολεμίων
573 1726 820 1798 στρατός.
864 1726 1126 1796 Ἔψονται
1177 1725 1286 1794 γὰρ
1315 1727 1534 1788 πάντως
1563 1729 1682 1788 ταῖς
1714 1726 1820 1777 τῶν

223 1820 563 1890 φθασάντων
611 1817 942 1889 ἀγερωχίαις
995 1817 1127 1887 ὁμοῦ
1175 1817 1269 1870 καὶ
1297 1816 1607 1880 αὐθαδείαις
1651 1816 1743 1868 καὶ
1774 1817 1822 1868 οἱ

222 1913 467 1965 κατόπιν
532 1911 703 1973 ἰόντες
749 1908 945 1980 βραχύ.
1006 1909 1331 1980 Ποιήσονται
1382 1908 1439 1960 δὲ
1477 1907 1574 1978 τὴν
1608 1908 1712 1976 γῆν
1749 1907 1824 1969 ὡς

221 2005 446 2075 τρυφῆς
474 2004 824 2075 παράδεισον,
856 2004 1026 2074 ἄρδην
1049 2001 1460 2072 ἀποκείροντες,
1493 2001 1586 2079 καὶ
1623 2003 1824 2053 ὲνσπα-

221 2097 507 2159 ταλῶντες
542 2097 657 2158 τοῖς
710 2097 1142 2167 εὑρισκομένοις.
1181 2095 1333 2163 Ἔχει
1382 2092 1439 2146 δὲ
1481 2092 1540 2145 τὸ
1576 2091 1769 2163 ἀληθὲς
1794 2093 1824 2144 ό

221 2191 421 2258 λόγος,
453 2189 552 2242 καὶ
586 2190 635 2240 εἰ
659 2189 748 2241 ἐπ’
772 2189 939 2258 αὐτῆς
967 2188 1254 2257 ἐκφέροιτο
1284 2185 1383 2254 τῆς
1409 2185 1646 2256 ἀκρίδος.

327 2284 411 2346 Ως
447 2280 662 2348 ὅρασις
692 2280 911 2342 ἵππων,
954 2281 992 2346 ἡ
1042 2279 1254 2345 ὅρασις
1306 2273 1540 2340 αὐτῶν,
1601 2273 1700 2327 καὶ
1744 2273 1824 2337 ὡς

222 2372 470 2436 ἵππεῖς,
522 2371 711 2436 οὕτως
744 2368 1228 2433 καταδιώξονται.
1279 2368 1374 2430 Ὠς
1425 2363 1594 2434 φωνὴ
1635 2361 1821 2431 ἁρμά-

223 2485 348 2522 των
374 2466 477 2518 ἐπὶ
511 2463 621 2529 τὰς
651 2461 918 2530 κορυφὰς
955 2459 1073 2513 τῶν
1100 2459 1283 2527 ὀρέων
1307 2455 1688 2521 ἐξαλοῦνται,
1727 2451 1824 2506 καὶ

221 2560 307 2624 ὡς
335 2554 512 2626 φωνὴ
545 2553 776 2624 φλογὸς
805 2552 995 2620 πυρός
1037 2551 1480 2615 κατεσθιούσης
1520 2545 1822 2614 καλάμην,

225 2652 329 2706 καὶ
358 2650 446 2716 ὡς
479 2647 632 2714 λαὸς
664 2645 857 2711 πολὺς
886 2644 981 2698 καὶ
1007 2640 1256 2711 ἰσχυρὸς
1289 2639 1825 2708 παρατασσόμενος

223 2745 318 2810 εις
347 2742 648 2808 πόλεμον.

301 2839 406 2890 1Ζ’.
442 2833 556 2903 Τὴν
585 2831 806 2901 ἀκρίδα,
844 2829 938 2882 καὶ
968 2827 1059 2881 τὸν
1101 2825 1347 2897 βροῦχον,
1396 2824 1444 2876 εἰ
1481 2824 1546 2894 δὴ
1576 2821 1826 2893 φέροιντο

235 2927 382 2983 κατά
414 2923 616 2997 χωρῶν
672 2923 767 2976 καὶ
801 2921 1028 2982 πόλεων,
1051 2917 1199 2971 οὐδὲν
1227 2919 1286 2970 ὲν
1326 2914 1501 2987 μείοσί
1523 2931 1686 2984 φησιν
1717 2913 1826 2965 ἔσε-

227 3017 354 3070 σθαι
383 3017 562 3069 ἵππου
595 3012 698 3081 τῆς
737 3008 1153 3081 μαχιμωτάτης.
1187 3005 1343 3059 Οὕτω
1385 3005 1492 3075 γὰρ
1525 3021 1824 3074 κατασκιρ-

223 3108 388 3177 τήσει
418 3103 522 3173 τῆς
559 3101 683 3172 γῆς,
719 3101 794 3163 ὡς
827 3100 966 3168 τάχα
989 3116 1092 3150 που
1123 3097 1216 3150 καὶ
1237 3096 1498 3166 ἁρμάτων
1522 3096 1824 3166 ιῖιοτομιμεῖ⁴

227 3197 356 3251 σθαι
381 3194 612 3248 κτύπον.
651 3191 914 3252 ’Λπάσαις
935 3206 992 3242 τε
1014 3190 1123 3260 γὰρ
1144 3187 1543 3258 ὲπιθρώσκουσι
1560 3189 1824 3257 κορυφαῖς

227 3289 428 3362 ὀρέων,
464 3286 834 3339 καθίπτανται
864 3281 919 3335 δὲ
946 3282 1038 3334 καὶ
1063 3279 1253 3351 βουνοῦ
1275 3277 1496 3342 παντὸς,
1517 3278 1610 3331 καὶ
1630 3277 1826 3347 φλογὸς

229 3382 599 3438 ἀποτελοῦσιν
639 3380 778 3450 ἠχὴν
829 3375 1302 3447 καταπιμπράσης
1366 3373 1640 3444 καλάμην.
1689 3371 1826 3424 Φασὶ

227 3479 339 3548 γὰρ
409 3476 476 3528 οὐ
539 3473 663 3542 δίχα
713 3471 921 3524 κτύπου
977 3465 1311 3540 πράττεσθαι
1363 3465 1490 3536 παρ’
1540 3463 1718 3518 αὐτῶν
1769 3464 1825 3514 ἐν

233 3573 425 3641 ἀγροῖς
454 3568 553 3639 τὴν
573 3566 955 3619 κατάπτωσιν·
1009 3561 1128 3633 ἠχὼ
1177 3561 1232 3614 δέ
1272 3575 1391 3612 τινα
1440 3557 1548 3610 τῶν
1602 3557 1826 3609 ὀδόντων

232 3660 622 3717 ἀποτελεῖσθαι
674 3657 942 3729 βληχρὰν,
981 3650 1462 3726 περιθραυομένων
1495 3649 1684 3709 αὐταῖς
1721 3645 1826 3699 τῶν

236 3752 633 3816 πεπτωκότων,
664 3751 738 3813 ὡς
775 3748 977 3818 ἀνέμου
1022 3745 1190 3814 φλόγα
1247 3738 1702 3813 διαρριπεζοντος.
1763 3735 1825 3788 EI

235 3847 289 3900 δὲ
339 3846 429 3898 δεῖ
459 3842 738 3910 πολεμίων
789 3838 930 3908 ὄχλῳ
964 3835 1134 3905 αὐτὴν
1184 3829 1632 3904 παρεικάξεσθαι.
1667 3825 1826 3879 πάλιν

238 3940 294 3993 τὸ
321 3936 562 3998 ἀπεικὸς
593 3935 746 3988 οὐδέν
768 3950 782 3964 ·
822 3932 972 4003 ᾄττει
999 3929 1107 3999 γὰρ
1137 3927 1278 3980 κατά
1311 3923 1539 3994 πληθὺν,
1559 3921 1654 3974 καὶ
1672 3918 1826 3987 ὀλίγα

237 4031 344 4092 τοῖς
367 4024 783 4097 ἀνδριζομένοις
817 4022 874 4072 ὲν
912 4020 1113 4090 μάχαις
1157 4013 1492 4085 παραχωρεῖ.
1524 4007 1689 4078 Βορδν
1719 4005 1826 4097 γάρ

241 4121 295 4172 τὸ
315 4095 540 4190 χρῆμα,
561 4116 654 4168 καὶ
677 4115 764 4168 διὰ.
799 4111 1006 4181 πληθὺν
1033 4107 1341 4180 ἀμέτρητον
1376 4103 1477 4155 οὐκ
1513 4095 1828 4190 εὐκαταγω-

241 4187 449 4275 “ci-.59,
495 4207 697 4278 μᾶλλον
743 4205 800 4258 δὲ
833 4204 929 4257 κοιλ⁸
969 4201 1320 4268 δυσάντητον.
1357 4195 1415 4248 ’0
1454 4191 1615 4254 αὐτὸς
1663 4189 1706 4241 δ’
1761 4187 1827 4240 ἂν

245 4305 458 4372 γένοιτο
484 4301 580 4354 καὶ
601 4298 728 4369 περὶ
759 4297 867 4349 τῶν
895 4292 1196 4365 ’Δσσυρίων
1217 4290 1403 4356 λόγος·
1433 4285 1482 4337 εἰ
1506 4283 1562 4336 δὲ
1590 4279 1829 4372 βούλοιτό

1932 445 2071 512 dios,
2127 458 2182 500 et
2229 447 2409 500 diurni
2477 445 2696 500 huninis
2763 449 3099 515 repentinum
3153 465 3216 504 ac
3276 450 3505 520 primum

1930 535 2293 604 splendorem,
2323 536 2412 606 qui
2456 537 2507 588 in
2532 536 2675 605 jugis
2711 537 2969 590 montium
3003 539 3152 606 prius
3181 540 3508 608 expanditur

1928 638 1982 679 ct
2012 626 2172 696 215
2207 641 2474 695 purpurea
2505 627 2622 680 lucc
2659 628 2820 681 colles
2865 630 3148 683 convestit.
3186 629 3275 684 Sic
3304 631 3380 684 ait
3413 647 3504 684 su-

1927 733 2024 786 per
2051 724 2259 772 montes
2289 716 2402 771 fore
2429 718 2677 786 populum
2729 717 2945 783 fortem,
3001 720 3256 786 locustas,
3319 723 3502 784 credo,

1929 819 2016 863 aut
2047 825 2110 862 ex
2149 808 2501 862 similitudine
2540 809 2802 877 ipsarum,
2833 811 3198 881 Assyriorum,
3230 827 3324 880 per
3371 812 3505 865 mul-

1930 901 2210 955 titudiuem
2264 902 2739 969 incomparabilem
2795 903 3211 957 intellecturum.
3277 901 3506 972 Suhjicit

1926 994 2068 1048 cnim
2102 1009 2247 1059 mox,
2277 1011 2294 1044 ι
2334 991 2538 1048 Similis
2572 996 2618 1047 ei
2648 1011 2748 1047 nou
2803 994 2903 1048 fuit
2932 1010 2962 1048 a
3031 996 3255 1058 saeculo,
3282 1006 3334 1049 et
3386 1005 3504 1064 post

1925 1100 2045 1139 eum
2075 1099 2180 1138 non
2211 1083 2366 1140 erit.)
2397 1085 2660 1150 Quoniam
2691 1094 2868 1138 autem
2902 1086 3228 1140 locustarum
3254 1087 3506 1157 irruptio-

1926 1175 2083 1230 uibus
2129 1175 2269 1244 quod
2311 1175 2547 1229 occurrit
2605 1173 2892 1229 confestim
2935 1179 3289 1240 consumitur,
3341 1189 3396 1230 et
3458 1177 3502 1230 si

1925 1266 2118 1321 alicubi
2145 1266 2415 1336 quidpiam
2448 1267 2586 1322 forte
2611 1266 2955 1336 superfuerit,
2992 1268 3219 1338 idipsum
3248 1285 3366 1337 quae
3391 1272 3500 1338 pri-

1925 1372 2042 1411 mas
2082 1367 2380 1428 sequuntur
2413 1358 2730 1424 absumunt,
2773 1359 2945 1428 tignis
2976 1373 3318 1423 consumens,
3362 1380 3381 1412 ι
3419 1362 3502 1413 in~

1923 1449 2058 1517 quit,
2091 1463 2154 1503 ea
2186 1465 2306 1518 quae
2358 1459 2486 1505 ante
2515 1449 2712 1520 ipsum,
2745 1447 2961 1504 ﬂamma
3017 1461 3192 1505 autem
3249 1466 3504 1505 succensa

1925 1541 1976 1594 in
2008 1541 2111 1605 his,
2145 1556 2265 1610 quae
2289 1549 2410 1610 post
2439 1541 2634 1607 ipsum,
2673 1549 2726 1595 et
2751 1543 3122 1609 sequentibus.
3172 1540 3286 1596 Iloc
3331 1543 3505 1611 ipsum

1926 1631 2142 1696 facient,
2174 1636 2319 1700 puto,
2351 1643 2404 1685 et
2463 1632 2680 1685 hostiles
2725 1635 2912 1700 c0piie.
2943 1631 3106 1686 Plane
3139 1634 3282 1686 enim
3312 1648 3508 1702 prace-

1856 1707 1895 1762 Β
1925 1723 2169 1776 dentium
2219 1723 2526 1790 superbiam
2565 1731 2617 1775 et
2672 1724 3042 1790 arrogantiam
3115 1724 3503 1787 imitabuntur,

1925 1815 2014 1883 qui
2065 1828 2229 1882 parvo
2277 1812 2563 1868 intervallo
2591 1824 3010 1880 consequentur.
3057 1814 3282 1868 Facient
3322 1825 3502 1868 autem

1929 1916 2129 1974 terram
2177 1913 2234 1958 ut
2265 1905 2570 1974 paradisum
2620 1903 2928 1973 voluptatis,
2954 1905 3164 1974 penitus
3213 1905 3504 1974 spoliantes

1925 2012 2066 2063 eam,
2108 2006 2164 2051 et
2208 1996 2562 2066 voluptariam
2621 1996 2867 2051 viventes
2912 1997 3075 2051 vitam
3125 1997 3177 2051 in
3220 1997 3327 2061 his,
3385 2013 3504 2067 qua:

1926 2090 1977 2143 in
2006 2104 2068 2144 ea
2104 2090 2427 2144 invenerint.
2456 2088 2568 2144 Hoc
2611 2101 2790 2143 verum
2822 2099 2902 2144 est
2924 2131 2939 2155 ,
2967 2089 3127 2144 etiam
3170 2089 3212 2144 si
3242 2089 3307 2144 de
3356 2089 3503 2144 Iocu-

1926 2181 2025 2237 stis
2054 2181 2454 2248 pronuntietur.

2000 2271 2160 2326 Vens.
2194 2271 2257 2336 4,
2295 2270 2346 2325 5.
2385 2269 2533 2324 Sicut
2570 2271 2698 2324 visio
2732 2285 2979 2338 equorum
3013 2279 3250 2336 aspectus
3284 2283 3461 2320 eorum
3485 2304 3501 2328 ,

1924 2375 1970 2418 et
1998 2366 2128 2417 sicut
2156 2364 2372 2433 equites,
2399 2363 2473 2415 sic
2501 2372 2894 2432 persequentur.
2915 2358 3062 2413 Sicut
3095 2375 3193 2412 vox
3217 2358 3505 2427 quadriga-

1926 2473 2040 2508 rum
2083 2471 2240 2523 super
2276 2450 2488 2508 vei’tices
2535 2453 2793 2505 montium
2833 2451 3100 2515 exsilieut,
3144 2461 3190 2503 et
3233 2450 3363 2502 sicut
3408 2465 3506 2502 v0.1:

1923 2548 2152 2614 ﬂmnma:
2191 2545 2326 2614 ignis
2367 2544 2662 2597 deuorautis
2703 2543 2980 2609 stipulam,
3023 2550 3071 2595 et
3112 2543 3243 2594 sicut
3281 2540 3502 2610 populus

1924 2636 2117 2690 multus
2143 2647 2188 2690 et
2222 2635 2375 2704 fortis
2406 2644 2626 2704 paratus
2657 2636 2725 2686 ad
2757 2633 3014 2700 prcclium.

1992 2811 2154 2865 XVII.
2195 2811 2477 2867 Locustam
2510 2821 2563 2865 et
2593 2812 2878 2877 bruchum,
2909 2811 2952 2866 si
2985 2809 3036 2864 iu
3070 2825 3226 2880 agros
3255 2821 3310 2865 et
3339 2811 3501 2865 urbes

1927 2903 2163 2968 irruant,
2216 2919 2330 2963 non.
2385 2905 2562 2958 minus
2614 2903 2796 2958 valere
2852 2903 2930 2956 ait
2985 2918 3146 2972 quam
3207 2903 3503 2971 equitatuut

1926 2996 2415 3051 bellicosissimum.
2446 2993 2536 3048 Sic
2567 2996 2710 3049 enim
2743 3010 2772 3049 e
2805 3003 2947 3048 terra
2977 2994 3250 3058 exsilient,
3279 3005 3336 3046 ut
3370 3008 3507 3062 pene

1927 3098 1979 3145 ct
2011 3088 2394 3158 quadrigarum
2426 3087 2660 3141 sonitum
2695 3087 2996 3141 imitentur.
3025 3087 3091 3140 Et
3122 3101 3286 3154 super
3309 3100 3505 3141 omnes

1927 3181 2191 3235 montium
2218 3179 2449 3235 vertices
2475 3178 2873 3244 subsultabunt,
2903 3188 2957 3232 et
2984 3179 3049 3234 de
3079 3181 3222 3232 orunl
3250 3179 3386 3232 colle
3410 3180 3506 3232 de-

1927 3274 2212 3338 volabunt,
2252 3282 2306 3326 et
2332 3270 2576 3326 ‘Ilammae
2619 3272 2882 3340 crepitum
2929 3270 3180 3337 stipulam
3227 3273 3506 3325 exurentis

1926 3366 2107 3418 edent.
2133 3363 2337 3418 Ferunt
2361 3362 2506 3416 enim
2537 3377 2640 3415 nou
2669 3361 2807 3416 citra
2836 3361 3117 3428 strepitum
3145 3375 3238 3414 eas
3265 3360 3316 3413 in
3348 3375 3506 3430 agros

1928 3457 2207 3521 decidere,
2241 3463 2296 3509 et
2329 3454 2569 3509 sonitum
2607 3468 2712 3505 non
2750 3461 2966 3506 tenuem
3005 3451 3178 3504 audiri
3215 3451 3340 3504 dum
3379 3467 3506 3522 pro-

1928 3559 2125 3602 stratas
2144 3547 2325 3618 fruges
2343 3546 2592 3600 dentibus
2609 3543 2962 3609 commolunt,
2983 3558 3079 3598 ceu
3097 3541 3328 3599 llammis
3346 3553 3507 3598 vento

1928 3639 2260 3694 dil‘fundente
2301 3636 2712 3708 crepitantibus.
2749 3635 2901 3702 Quod
2935 3636 2980 3690 si
3014 3651 3108 3691 eas
3141 3636 3374 3692 hostium
3410 3652 3506 3690 cu-

1931 3733 2046 3786 neis
2080 3745 2394 3800 comparare
2427 3730 2689 3794 velimus,
2727 3728 2859 3782 nihil
2894 3729 3185 3783 absurdum
3223 3729 3505 3783 faciemus.

1929 3822 2137 3878 Nocent
2172 3823 2316 3877 enim
2354 3821 2730 3885 multitudine,
2764 3830 2818 3874 et
2849 3821 2982 3874 viris
3017 3820 3070 3873 in
3109 3833 3281 3888 pugna
3316 3834 3506 3888 parum

1929 3916 2145 3970 cedunt.
2173 3914 2278 3970 Res
2304 3915 2462 3977 edax,
2489 3923 2541 3968 et
2569 3923 2787 3982 propter
2812 3914 3129 3967 immensam
3158 3909 3368 3978 copiam
3400 3925 3506 3963 non

1931 4007 2086 4062 facile
2119 4006 2522 4076 expugnabilis,
2564 4005 2646 4059 vel
2689 4005 2869 4074 potius
2907 4012 3213 4072 Oppugnatu
3251 3998 3504 4054 dillicilis.

1934 4097 2044 4152 Hoc
2073 4097 2216 4151 idem
2249 4097 2313 4150 de
2338 4096 2580 4165 Assyriis
2609 4095 2787 4149 dicere
2819 4094 2966 4147 licet.
2997 4092 3147 4157 Quod
3179 4091 3223 4145 si
3253 4090 3336 4144 cui
3366 4089 3508 4143 forte

1931 4189 2124 4257 placet,
2156 4187 2296 4240 idem
2333 4187 2399 4239 de
2434 4186 2798 4238 Romanorum
2835 4183 3077 4236 exercitu
3113 4195 3219 4235 non
3254 4179 3392 4235 male
3425 4179 3507 4231 af-

1933 4278 2142 4342 ﬁrmet,
2193 4275 2282 4345 qui
2332 4275 2506 4329 instar
2550 4273 2774 4329 locustae
2823 4270 3075 4327 lsraelem
3128 4271 3182 4326 in
3231 4269 3504 4326 Christum

243 4365 322 4457 τις
375 4393 525 4460 τάχα
567 4365 802 4444 που-καὶ
849 4386 978 4456 περὶ
1031 4382 1200 4452 αὐτῆς
1249 4379 1348 4446 τῆς
1383 4374 1492 4428 τῶν
1541 4371 1826 4460 Ῥωμαίων

1936 4367 2250 4424 sceleratum
2281 4365 2491 4436 depasti
2523 4374 2668 4420 sunt.

248 4459 574 4544 στοατεῖας,
615 4479 664 4532 οἳ
715 4477 869 4547 δίκην
905 4474 1123 4546 ἀκρίδος
1159 4471 1248 4524 τὸν
1301 4466 1517 4538 Ἰσραὴλ
1551 4459 1832 4531 κατεδηδό-

248 4592 406 4628 κασιν
424 4574 507 4634 εἰς
532 4569 766 4641 Χριστὸν
783 4563 1308 4644 π-επλημμεληκότα,
1331 4555 1597 4612 οὐδὀὖτω
1625 4552 1830 4614 κακῶς.

328 4665 475 4720 Ἀπὸ
512 4661 838 4730 προσώπου
866 4656 1054 4712 αὑτοῦ
1077 4651 1579 4722 συντριϐήσονται
1605 4645 1742 4700 λαοί
1748 4683 1762 4696 .

318 4756 433 4808 ιη’.
467 4756 510 4806 Χ
521 4753 670 4824 ρῆμα
691 4751 821 4821 γὰρ,
841 4749 915 4810 ὡς
939 4747 1098 4816 ἔφην,
1131 4744 1342 4816 ἄμαχον
1367 4741 1462 4795 καὶ⁵
1483 4733 1833 4803 δυσκαταγώ-

252 4864 432 4899 νιστον
490 4842 771 4903 παντελῶς
821 4836 1164 4909 ἀνθρώποις,
1225 4834 1450 4906 βρούχου
1493 4831 1584 4884 καὶ
1617 4827 1837 4898 ἀκρίδας

254 4941 278 4993 ὲ
285 4939 458 5010 μῦολή
469 4978 480 4989 .

323 5030 456 5085 Πᾶν
487 5029 810 5097 πρόσωπον
829 5024 910 5090 ὡς
937 5024 1294 5091 πρόσκαυμα
1329 5018 1564 5086 χύτρας.

325 5125 430 5176 18'.
451 5119 698 5189 James;
732 5117 861 5188 γὰρ,
883 5116 967 5169 ὅτι
1003 5112 1216 5184 δείμασί
1246 5127 1303 5164 τε
1352 5107 1448 5162 καὶ
1474 5105 1686 5191 λύπαις·
1719 5106 1837 5166 ταῖς

262 5216 553 5286 ἀφορήτοις
578 5211 688 5264 ἔσθ’
711 5211 798 5263 ὅτε
817 5207 913 5261 καὶ
940 5207 975 5277 ἡ
1002 5205 1109 5258 τῶν
1131 5199 1438 5275 προσώπων
1464 5197 1598 5267 ἄνθη
1617 5285 1624 5286 7
1642 5195 1838 5266 μαραί-

261 5285 431 5364 νεται,
464 5303 558 5357 καὶ
595 5295 1056 5369 καταμελαῖνεταί
1097 5310 1212 5356 πως
1260 5292 1339 5354 εἰς
1368 5289 1430 5341 τὸ
1473 5285 1704 5348 ἀκαλλὲς
1726 5288 1837 5347 τοῖς

263 5396 323 5446 ὲκ
346 5393 438 5447 νοῦ
469 5389 719 5462 θορύϐοις
751 5385 1030 5458 μονονουχὶ
1063 5377 1567 5454 μεταχρωννυμένη.

344 5596 442 5658 Ὦς
465 5591 725 5661 μαχηταὶ
759 5583 1236 5661 διαδραμοῦγται,
1271 5581 1365 5661 καὶ
1403 5578 1482 5644 ὡς
1507 5575 1719 5643 ἄνδρες
1739 5591 1838 5627 πο-

266 5651 993 5732 λεμισὲαὶ’ἀναϐήσονται
1022 5654 1116 5707 ἐπὶ
1155 5653 1224 5705 τὰ
1248 5651 1436 5716 τείχη.

2007 4633 2170 4687 Vens.
2205 4631 2258 4686 6.
2295 4631 2335 4684 Α
2372 4630 2504 4698 facie
2536 4631 2648 4700 ejus
2680 4637 3014 4682 conterentur
3039 4629 3236 4696 populi.

2009 4723 2188 4778 XVIII.
2227 4723 2322 4777 Est
2360 4722 2534 4786 enim,
2575 4729 2636 4776 ut
2680 4720 2823 4785 dixi,
2861 4719 3288 4787 inexpugnabilis
3329 4728 3383 4772 et
3425 4719 3506 4771 iu-

1935 4815 2254 4885 superabilis
2281 4814 2444 4883 216
2469 4813 2691 4868 omnino
2720 4810 3027 4866 hominibus
3055 4809 3244 4864 bruchi
3275 4818 3330 4863 et
3357 4808 3507 4865 locu-

1937 4917 2033 4960 stae
2061 4905 2307 4973 irruptio.

2012 4996 2195 5051 Omnis
2224 4994 2394 5049 vultus
2423 4993 2556 5047 sicut
2589 4991 2795 5043 adustio
2823 4989 2964 5043 οιιω.

2011 5087 2151 5141 XIX.
2189 5086 2389 5140 Verum
2420 5093 2503 5138 est
2530 5084 2672 5137 enim
2707 5080 3000 5134 terroribus
3025 5088 3080 5134 et
3109 5079 3342 5136 tristitiis
3368 5082 3504 5138 into-

1941 5177 2250 5234 lerabilibus
2289 5173 2576 5242 aliquando
2615 5180 2670 5226 et
2710 5170 2895 5226 florem
2933 5171 3110 5226 vultus
3147 5187 3498 5231 marcescere.

1939 5281 1992 5323 et
2018 5263 2288 5336 denigrari
2316 5262 2715 5334 quodammodo
2741 5263 2808 5316 ad
2834 5263 3227 5318 deformitatem
3245 5304 3260 5328 ,
3287 5265 3390 5319 illis
3418 5276 3500 5318 tu-

1942 5361 2194 5417 multibus
2243 5363 2452 5411 tantum
2503 5370 2606 5410 non
2662 5355 2716 5410 in
2769 5353 2930 5409 alium
2978 5356 3212 5410 colorem
3260 5370 3501 5416 commu-

1944 5464 2132 5508 IlIIllm.

2015 5544 2176 5598 Vens.
2206 5541 2260 5596 7.
2293 5539 2439 5595 Sicut
2477 5547 2787 5608 pugnatores
2821 5539 3133 5602 discurrent,
3163 5545 3208 5588 et
3242 5533 3373 5586 sicut
3409 5529 3504 5584 vin
3566 5555 3568 5558 -

1945 5637 2215 5690 bellatores
2253 5633 2527 5686 ascemleut
2565 5647 2718 5700 super
2749 5646 2942 5682 muros.
