3950 6200
410 292 514 348 559
1398 281 1455 334 S.
1499 278 1768 334 CYRILLI
1806 273 2269 334 ALEXANDIIIM
2309 274 2630 334 ARCHII'P.

3549 272 3652 336 360

487 403 607 462 XX.
647 401 999 459 lurursahunt
1035 398 1175 453 enim
1213 399 1382 452 instar
1415 397 1978 459 bellicosissimorum,

2160 399 2242 450 K'.
2266 395 2723 468 Καταοἐ[υ]σουσι
2752 393 2819 462 γὲ
2829 411 2858 464 ρ
2879 394 2935 446 ἐν
2959 392 3056 461 ἴσῳ
3085 391 3193 454 τοῖς
3215 390 3616 462 μαχιμωτάτοις
3640 410 3654 423 ·

415 496 714 550 terroribus
745 504 796 545 et
828 492 1038 560 pigritia
1072 488 1376 558 superiores
1399 525 1414 550 ,
1441 495 1500 540 ct
1526 500 1686 554 super
1712 485 1823 554 ipsa
1853 499 1986 538 moe-

417 588 502 641 nia
551 601 608 640 se
651 585 873 646 tollent,
914 581 1065 652 quasi
1113 580 1372 633 audacem
1417 577 1768 648 irruptionem
1815 575 1988 629 medi-

417 688 610 733 tantes.

486 790 652 843 Vens.
687 788 739 843 8.
776 787 840 840 Et
875 785 1226 854 unusquisque
1258 782 1312 834 in
1348 780 1429 834 via
1461 793 1558 832 sua
1592 776 1911 840 ambulabit,
1941 786 1986 828 et

417 899 521 936 non
548 881 879 935 declinabunt
903 896 931 931 α
956 875 1150 930 semitis
1173 873 1304 938 suis,
1327 884 1370 925 et
1396 873 1749 941 unusquisque
1772 885 1802 920 ιι
1827 868 1989 936 fratre

417 990 511 1026 suo
545 990 647 1026 non
681 973 903 1023 recedet.

488 1085 629 1140 XXI.
667 1085 866 1139 Carent
891 1081 1033 1136 enim
1061 1096 1188 1149 rege
1214 1080 1462 1143 locustae,
1489 1085 1543 1130 et
1567 1074 1856 1130 ordinatim
1885 1089 1991 1127 uno

418 1180 564 1236 velut
604 1181 759 1249 signo
800 1179 925 1232 dato
970 1175 1022 1228 itt
1063 1173 1454 1242 expeditionem
1497 1177 1717 1224 exeunt.
1753 1167 1993 1220 Narrant

421 1282 596 1328 autem
627 1286 722 1327 eas
754 1269 896 1324 serie
923 1267 1184 1336 quadam,
1216 1273 1270 1318 et
1300 1263 1454 1332 quasi
1488 1277 1582 1328 per
1610 1259 1756 1313 acies
1783 1257 1990 1322 volare,

421 1365 748 1432 minimeque
774 1359 1003 1429 seiungi,
1029 1367 1084 1410 et
1111 1356 1190 1409 sic
1215 1355 1453 1408 vicissim
1479 1350 1715 1406 oﬂiciosc
1741 1347 1992 1419 prosequi

421 1467 476 1509 et
509 1453 764 1510 asscctari
783 1492 798 1516 ,
826 1467 890 1506 ac
919 1454 964 1506 si
994 1463 1209 1505 sorores
1236 1454 1446 1509 essent,
1481 1452 1724 1498 mutuum
1755 1454 1992 1495 amorem

424 1557 614 1602 natura
648 1546 751 1600 illis
781 1545 1143 1614 dispensante.

491 1658 775 1730 Aggravati
809 1658 861 1710 in
895 1655 1056 1708 armis
1088 1654 1196 1707 suis
1226 1651 1394 1706 ibunt.

493 1841 658 1897 XXII.
693 1841 879 1903 Arma,
902 1810 960 1891 ut
983 1835 1240 1896 arbitror,
1263 1831 1451 1885 dentes
1477 1826 1706 1883 fortasse
1730 1823 1996 1887 nominat,

425 1935 622 2009 quibus
650 1933 845 1987 bellum
876 1938 1091 2000 gerunt,
1121 1935 1175 1982 et
1201 1925 1350 1978 velut
1383 1923 1435 1976 in
1467 1933 1643 1990 pugna
1670 1917 1839 1973 edunt
1870 1916 1998 1970 faci-

427 2007 588 2092 nora,
619 2031 934 2091 consumpta
973 2019 1175 2078 herba.
1209 2023 1387 2086 segete
1421 2019 1687 2083 prostrata
1718 2019 1772 2063 et
1803 2007 2002 2078 plantis

426 2119 700 2175 arefactis.

501 2233 564 2286 Et
598 2233 652 2285 in
673 2226 873 2300 jaculis
901 2225 1010 2282 suis
1038 2222 1248 2287 cadent,
1276 2230 1322 2273 et
1355 2235 1457 2272 non
1485 2223 1880 2272 consumentur.

498 2430 685 2487 XXIII.
738 2427 984 2484 Locusta:
1020 2437 1121 2487 non
1167 2420 1380 2490 quidem
1421 2417 1648 2472 telorum
1693 2413 2003 2483 cuspidibus

428 2523 713 2578 vulnerant
745 2533 884 2588 quos
912 2521 1245 2586 oppugnant,
1273 2525 1372 2565 nec
1403 2523 1561 2562 arcus
1591 2507 1841 2561 alicunde
1872 2519 2004 2558 cou-

431 2615 675 2672 tendunt.
705 2610 812 2666 Sed
843 2609 971 2674 dum
1001 2616 1124 2676 apta
1157 2603 1272 2660 esui
1307 2601 1557 2671 perdunt,
1587 2598 1730 2653 fame
1755 2606 1809 2652 et
1838 2610 2004 2665 penu~

429 2708 525 2762 ria:
562 2703 860 2760 terroribus
896 2699 1075 2768 aliquo
1115 2695 1274 2750 modo
1310 2692 1659 2748 interﬁciunt.
1700 2689 1810 2744 Nec
1846 2700 2005 2757 porro

431 2798 499 2855 ad
537 2797 694 2852 talem
732 2793 1093 2848 calamitatem
1137 2786 1374 2842 redactis
1409 2782 1689 2840 couunoda
1731 2780 1844 2834 ruri
1885 2793 2005 2846 per-

432 2892 560 2946 iisse
602 2889 735 2943 satis
772 2885 925 2940 erit:
961 2884 1178 2950 insuper
1220 2879 1272 2932 in
1314 2877 1455 2932 mdes
1495 2883 1551 2928 et
1593 2873 1756 2927 urbes
1799 2874 2006 2939 ingres-

432 2999 574 3049 sum,
599 2990 654 3036 et
681 2978 938 3033 atrociter
967 2975 1272 3028 turbantem
1303 2969 1630 3024 locustarum
1657 2961 2006 3019 sustinebunt

433 3073 752 3129 exercitum.
779 3071 885 3122 Aut
907 3065 1066 3122 etiam
1096 3063 1270 3131 ipsum
1293 3058 1573 3128 Assyrium
1601 3055 1684 3111 bis
1709 3052 1887 3108 verbis
1913 3052 2006 3103 de-

433 3169 720 3228 monstrat,
747 3177 767 3212 ι
795 3157 862 3213 Et
884 3172 988 3211 nou
1013 3160 1353 3209 consument.
1381 3168 1400 3202 ι
1429 3147 1660 3204 Perinde
1681 3159 1745 3199 ac
1771 3145 1814 3199 si
1841 3142 2007 3205 dicat,

433 3271 534 3312 ttec
559 3256 662 3310 iste
691 3251 812 3306 linis
834 3249 939 3304 erit
965 3248 1079 3313 irae,
1107 3246 1248 3302 ultra
1273 3242 1417 3300 enim
1445 3237 1724 3312 procedet.
1755 3233 2011 3304 Sequitur

435 3361 664 3417 namque
696 3366 710 3403 :

505 3545 668 3598 Vsus.
699 3541 756 3608 9,
790 3541 875 3596 IO.
907 3537 1098 3594 Urbem
1128 3531 1512 3606 apprehendent
1531 3567 1546 3593 ,
1577 3536 1625 3582 et
1657 3541 1810 3595 super
1835 3538 2012 3576 muros

436 3636 761 3695 discurrent,
799 3646 954 3697 super
985 3632 1167 3682 domos
1205 3623 1516 3684 ascendent,
1552 3627 1602 3672 et
1637 3633 1728 3686 per
1759 3614 2014 3683 fenestras

435 3725 706 3780 intrabunt
745 3723 876 3775 sicut
915 3720 1078 3787 fures.
1117 3717 1250 3770 Ante
1291 3715 1479 3784 [aciem
1515 3710 1628 3780 ejus
1667 3706 2016 3776 confundetur

437 3828 576 3871 terra
593 3859 607 3879 ,
631 3825 679 3870 et
704 3811 1106 3868 commovebitur
1123 3807 1340 3870 cretum;
1365 3805 1442 3859 sol
1462 3815 1507 3858 et
1533 3803 1656 3855 (una
1676 3797 2016 3855 contenebra-

438 3909 653 3970 tuntur,
679 3915 726 3960 et
755 3905 922 3958 stetlce
951 3902 1148 3957 mittent
1178 3899 1234 3953 in
1264 3911 1508 3951 occasum
1538 3894 1712 3948 lumen
1739 3905 1915 3946 suum.

508 4101 669 4172 217
703 4097 892 4154 XXIV.
929 4097 1097 4152 Audis
1134 4093 1506 4157 devolaturas,
1541 4097 1596 4145 et
1636 4102 1798 4158 super
1832 4100 2016 4142 muros

441 4195 588 4265 ipsos
619 4193 787 4254 urbis,
820 4199 875 4245 et
903 4201 959 4243 ut
989 4187 1208 4242 herbam
1240 4184 1662 4254 depraedaturas,
1693 4181 1836 4235 sicut
1864 4191 2016 4246 gras-

439 4295 647 4338 satores
671 4281 1008 4337 vestimentis
1031 4281 1268 4332 viatores
1295 4277 1518 4331 nudant.
1547 4274 1610 4327 Et
1637 4287 1732 4343 per
1755 4271 2018 4325 fenestras

2089 488 2248 540 5κνου
2285 505 2345 540 τε
2377 489 2640 558 ’ἀμείνους
2697 487 3039 556 ὑπάρχουσαι
3102 485 3195 536 καὶ
3228 483 3516 553 δειμάτων,
3569 485 3663 547 καὶ

2089 575 2267 627 αὐτῶν
2303 575 2770 644 ὑπεραρθὴσονται
2799 575 2908 626 τῶν
2940 572 3155 644 τειχῶν,
3187 572 3444 642 θρασεῖαν
3470 570 3663 642 ὥσπερ

2088 665 2210 718 τινὰ
2243 665 2541 734 μελετῶσαι
2570 668 2668 736 τὴν
2697 664 2952 735 ἐμϐολήν.

2159 778 2266 832 Καὶ
2299 779 2555 843 ἕκαστος
2582 778 2651 832 ἐν
2673 769 2747 846 τῇ
2776 777 2892 842 ὀδῷ
2917 775 3105 831 αὐτοῦ
3139 776 3493 844 πορεύσεται
3527 816 3541 836 ,
3570 773 3667 826 καί

2092 872 2162 923 οὐ
2190 872 2276 939 μὴ
2309 871 2673 924 ἐκκλίνωσιν
2706 869 2814 936 τὰς
2866 871 3103 937 τρίϐους
3143 868 3362 932 αὐτῶν,
3397 868 3494 921 καί
3528 866 3669 920 ἐκα-

2089 979 2236 1029 στος
2266 963 2384 1018 ἀπὸ
2411 963 2517 1018 τοῦ
2549 963 2817 1032 ἀδελφοῦ
2847 965 2959 1018 οὐκ
2989 961 3294 1032 ἀφέξεται.

2163 1073 2292 1130 KA'.
2338 1074 2716 1129 Ἀϐασίλευτον
2744 1073 2912 1146 γὰρή
2943 1068 3137 1146 ἀκρίςδ
3173 1074 3527 1145 ἐκστρατεύει
3569 1073 3673 1144 μὲν

2091 1167 2202 1236 γὰρ
2240 1167 2298 1232 ἔξ
2332 1167 2450 1231 ἐνὸς
2487 1169 2768 1231 εὐτάκτως
2800 1166 3190 1236 κελεύσματος.
3225 1163 3363 1221 Φασὶ
3412 1167 3468 1220 δὲ
3500 1168 3673 1230 αὑτὰς

2095 1257 2369 1328 στοιχηδὸν
2401 1259 2557 1323 ἰέναι,
2578 1259 2672 1312 καὶ
2697 1259 2772 1323 ὡς
2797 1259 2856 1312 ἐν
2881 1259 3033 1325 τάξει
3063 1257 3393 1319 διίπτασθαι,
3422 1261 3516 1313 καὶ
3544 1262 3674 1330 ῆκιι

2097 1367 2194 1405 στα
2221 1351 2318 1420 μὲν
2364 1351 2846 1420 ἁπονοσφίξεσθαι,
2901 1349 3188 1421 περιέπειν
3227 1349 3284 1404 δὲ
3314 1349 3487 1413 οὕτως
3506 1351 3639 1420 ἀλλή
3659 1383 3672 1390 -

2095 1439 2212 1504 λας,
2242 1442 2442 1494 ὡσανεὶ
2462 1443 2556 1497 καὶ
2576 1443 2823 1513 ἀδελφαὶ,
2850 1441 3066 1512 φύσεως
3098 1441 3270 1511 αὐτῆς
3301 1441 3673 1514 βραϐευούσης

2095 1531 2156 1584 τὸ
2179 1531 2517 1604 φιλάλληλον.

2168 1645 2720 1718 Καταὸαρυνόμενοι
2745 1647 2815 1701 ἐν
2843 1646 2968 1712 τοῖς
2989 1642 3202 1712 ὅπλοις
3227 1643 3425 1700 αὐτῶν
3462 1647 3675 1714 πορεύ-

2025 1728 2068 1787 Β
2097 1751 2327 1793 vortat.

2173 1829 2299 1880 KB'.
2320 1827 2498 1881 Ὅπλα
2516 1827 2593 1888 δὲ,
2620 1821 2777 1899 οἶμαί
2810 1843 2935 1894 που,
2956 1830 3081 1892 τοὺς
3097 1825 3314 1892 ὀδόντας
3338 1825 3493 1899 φησὶ,
3511 1831 3577 1884 δι’
3602 1825 3681 1883 ὧν

2101 1919 2293 1982 αὑταῖς
2313 1920 2341 1971 ὁ
2366 1919 2622 1989 πόλεμος,
2643 1921 2824 1974 καὶτὰ
2849 1921 2925 1983 ὡς
2947 1922 3004 1973 ὲν
3029 1920 3229 1990 μάχαις
3256 1920 3676 1990 κατορθώματα.

2099 2007 2496 2080 δαπανωμένης
2527 2008 2624 2078 μὲν
2656 2009 2813 2072 πόας,
2842 2009 2995 2078 ληΐου
3025 2009 3082 2063 δὲ
3117 2007 3425 2073 πίπτοντος,
3453 2011 3545 2064 καὶ
3573 2030 3679 2080 φυ-

2100 2097 2210 2151 τῶν
2237 2098 2626 2170 ἀναινομένων.

2173 2209 2282 2264 Kal
2320 2209 2390 2263 ἐν
2411 2209 2536 2277 τοῖς
2559 2210 2812 2276 βέλεσιν
2839 2203 3036 2269 αὐτῶν
3082 2204 3429 2277 πεσοῦνται,
3463 2213 3564 2268 καὶ
3602 2217 3680 2269 οὐ

2097 2298 2185 2369 μὴ
2215 2299 2723 2357 συντελεσθῶσιν.

2177 2413 2307 2467 Kl".
2338 2412 2599 2468 Βάλλουσι
2633 2415 2731 2484 μὲν
2778 2413 2996 2485 ἀκρίδες
3041 2416 3101 2470 οὐ
3153 2414 3322 2486 βελῶν
3369 2415 3520 2470 ἀκίσι
3551 2415 3687 2478 τοὺς

2105 2505 2560 2576 πολεμουμένους,
2602 2505 2716 2559 ἀλλ’
2766 2505 2888 2559 οὐδὲ
2935 2501 3090 2573 τόξον
3143 2509 3332 2571 αὐταῖς
3385 2507 3683 2561 ἐντείνεται

2107 2596 2293 2662 ποθεν,
2327 2596 2740 2650 κατακτείνωσι
2765 2592 2822 2650 δὲ
2853 2599 3042 2668 ῶσπερ
3076 2597 3184 2651 τῶν
3218 2597 3490 2668 ἐδωδίμων
3513 2615 3683 2651 κατα-

2108 2686 2356 2757 φθοραῖς,
2385 2686 2611 2750 καὶτοῖς
2640 2687 2836 2758 λιμοῖς,
2869 2689 2964 2741 καὶ
3007 2688 3214 2752 ἐνδείας
3248 2687 3514 2760 δείμασιν.
3558 2689 3683 2741 Ὀτι

2105 2775 2163 2828 δὲ
2195 2777 2289 2829 καὶ
2336 2777 2519 2840 αὐτοῖς
2565 2780 2674 2840 τοῖς
2723 2779 2826 2830 ὑπὸ
2877 2779 3088 2832 τοιάνδε
3119 2781 3345 2834 πεσοῦσι
3396 2782 3685 2852 συμφορὰν

2107 2865 2206 2918 οὐκ
2239 2865 2303 2919 ἂν
2332 2865 2643 2937 ἐξαρκέσειε
2670 2867 2730 2920 τὸ
2761 2868 3054 2923 ἀπολέσθαι
3098 2869 3164 2924 τὰ
3207 2871 3264 2924 ὲν
3293 2871 3511 2940 ἀγροῖς,
3548 2872 3687 2926 ἀλλὰ

2107 2960 2217 3031 γὰρ
2261 2961 2354 3014 καὶ
2379 2961 2550 3024 οἴκοις
2594 2963 2774 3026 αὐτοῖς
2805 2963 2897 3014 καὶ
2944 2963 3164 3016 πόλεσιν
3205 2961 3686 3034 είσπεφοιτηκότα.

2035 3074 2077 3132 C
2110 3054 2204 3103 καὶ
2234 3051 2670 3125 παρενοχλοῦντα
2686 3051 2892 3120 δεινῶς,
2910 3053 3000 3106 τὸν
3031 3055 3097 3106 ἐκ
3120 3054 3226 3106 τῶν
3250 3054 3484 3124 ἀκρίδων
3503 3052 3690 3118 ἕξουσι

2113 3140 2360 3212 στρατόν.
2393 3144 2597 3210 ’Ἡγουν
2631 3143 2725 3196 καὶ
2771 3143 2933 3196 αὐτὸν
2977 3143 3069 3197 τὸν
3107 3144 3390 3216 Ἀσσύριον
3436 3147 3691 3218 παρέδειι

2117 3232 2230 3299 ξεν,
2271 3233 2439 3286 εἰπών
2465 3251 2478 3264 °
2523 3233 2665 3287 «Καὶ
2697 3234 2757 3288 οὗ
2792 3235 2866 3306 μὴ
2899 3235 3340 3290 συντελέσωσιν.»
3373 3237 3597 3306 Ὅμοιον
3613 3239 3690 3302 ὡς

2114 3327 2161 3376 εί
2196 3325 2364 3392 λέγοι.
2402 3323 2505 3378 Kal.
2536 3325 2693 3378 τοῦτο
2729 3327 2829 3378 οὐκ
2854 3327 3007 3379 ἔσται
3059 3327 3121 3379 τὸ
3149 3327 3251 3398 τῆς
3292 3329 3460 3399 ὀργῆς
3487 3327 3687 3401 πέρας,

2115 3415 2369 3486 παρέλθοι
2389 3416 2446 3469 δὲ
2484 3417 2575 3470 καὶ
2605 3417 2879 3470 ἐπέκειναο
2904 3417 3038 3489 φησὶ
3060 3419 3190 3489 γάρ*

2191 3524 2307 3596 Τῆς
2342 3529 2574 3594 πόλεως
2604 3528 3029 3596 ἐπιλήψονται,
3049 3529 3146 3584 καί
3177 3529 3280 3583 ἐπὶ
3307 3530 3424 3586 τῶν
3447 3531 3692 3600 τειχέων

2115 3619 2501 3690 δραμοῦνται,
2534 3620 2633 3673 καὶ
2670 3620 2767 3674 ἐπὶ
2794 3620 2901 3687 τὰς
2920 3620 3108 3687 οίκίιις
3140 3620 3570 3690 ἀναϐήσονται,
3593 3623 3691 3678 καὶ

2116 3712 2212 3766 διὰ
2264 3711 2519 3781 θυρίδων
2578 3713 3031 3767 εἰσελεύσονται
3099 3712 3181 3780 ὡς
3245 3715 3516 3770 κλέπται.
3568 3716 3692 3785 Πρὸ

2116 3803 2441 3870 προσώπου
2462 3802 2648 3857 αὐτοῦ
2669 3804 3120 3874 συγχυθήσεται
3146 3807 3185 3874 ἠ
3208 3806 3305 3878 γῆ,
3335 3808 3432 3862 καὶ
3453 3809 3694 3878 σεισθή-

2116 3908 2282 3945 σεται
2313 3895 2347 3946 ὁ
2379 3894 2653 3961 οὐρανός.
2710 3894 2772 3948 '0
2802 3894 2972 3962 ἥλιος
3000 3895 3099 3948 καὶ
3128 3897 3165 3964 ἠ
3207 3897 3440 3966 σελήνη
3466 3915 3694 3954 συσκο-

2117 3982 2395 4044 τάσουσι,
2413 3984 2511 4037 καὶ
2543 3986 2610 4040 τὰ
2633 3985 2824 4056 ἄστρα
2853 3986 3114 4049 δύσουσι
3138 3988 3206 4041 τὸ
3231 3989 3452 4060 φέγγος
3471 3989 3688 4046 αὐτῶν.

2191 4096 2317 4149 KA'.
2367 4095 2610 4160 Ἀκούεις
2637 4097 2718 4151 ὅτι
2765 4099 3206 4170 καταπτὴσονται
3261 4102 3360 4173 μὲν
3397 4104 3489 4157 καὶ
3512 4104 3691 4159 αὐτῶν

2118 4187 2226 4241 τῶν
2251 4189 2466 4258 τειχῶν,
2495 4189 2590 4242 καὶ
2616 4183 2729 4242 οἷον
2754 4189 2924 4259 αὐτὴν
2953 4191 3318 4264 καταδῃοῦσαι
3337 4195 3438 4264 τὴν
3458 4196 3612 4258 πόαν,
3635 4200 3691 4251 ἐν

2121 4281 2222 4351 ίσῳ
2253 4281 2366 4343 τοῖς
2397 4279 2613 4333 εἰωθόσι
2652 4280 3002 4346 λωποδυτεῖν,
3037 4285 3132 4337 καὶ
3151 4281 3242 4338 διὰ
3262 4279 3496 4356 θυρίδων
3521 4286 3692 4357 ἐμϐαι

441 4378 670 4439 irruent,
694 4385 749 4429 et
775 4373 997 4443 populos
1025 4370 1444 4431 conturbabunt,
1469 4376 1674 4421 tantum
1703 4379 1807 4419 non
1834 4362 2007 4417 omnia

2123 4369 2291 4432 λοῦσι,
2329 4369 2531 4439 δήμους
2560 4371 2906 4440 συγχέουσαι,
2941 4371 3035 4425 καὶ
3068 4375 3352 4443 μονονουχὶ
3391 4375 3693 4430 διακυκλῶο

443 4466 752 4526 miscentes,
779 4470 838 4514 ut
861 4461 969 4530 jam
997 4467 1051 4512 et
1081 4459 1254 4527 ipsum
1280 4457 1476 4512 ccelum
1503 4454 1713 4509 concuti
1742 4453 2014 4512 videatur,

441 4566 499 4611 et
521 4555 633 4618 sol,
659 4567 720 4606 ac
741 4552 862 4604 luna
879 4589 895 4614 ,
920 4559 1083 4618 atque
1102 4548 1265 4602 etiam
1293 4545 1461 4601 stellae
1484 4559 1638 4599 suunt
1664 4543 1840 4597 lumen
1865 4541 2017 4612 quasi

445 4647 710 4701 inhibere.
738 4642 794 4695 In
824 4640 908 4694 his
937 4653 1100 4709 porro
1127 4652 1341 4692 rursum
1369 4636 1543 4690 oratio
1567 4635 1718 4706 quod
1740 4635 1862 4688 addi
1895 4648 2021 4701 pos-

445 4740 536 4800 sit,
572 4734 706 4790 nihil
741 4733 1017 4801 relinquit,
1052 4730 1107 4784 et
1143 4738 1301 4784 terra:
1334 4727 1726 4783 habitatoribus
1761 4724 2020 4780 intolera-

448 4828 606 4883 bilem
637 4841 702 4881 ac
728 4824 973 4879 dolorum
1005 4820 1258 4875 refertam
1287 4817 1649 4873 calamitatem
1680 4825 1804 4871 ante
1833 4814 2020 4870 oculos

450 4918 618 4986 ponit.
649 4916 744 4970 Est
777 4925 955 4970 autem
987 4928 1135 4977 vera,
1171 4909 1418 4980 quamvis
1453 4908 1521 4963 de
1556 4909 1831 4962 hominum
1865 4922 2024 4962 exer-

447 5007 556 5059 citu
593 5005 910 5075 accipiatur,
942 5019 1065 5059 cum
1101 5003 1354 5073 regiones
1384 5009 1438 5056 et
1472 4999 1634 5055 urbes
1666 4999 2017 5053 incursarint.

450 5094 624 5148 Iustar
651 5093 976 5147 locustarum
1005 5094 1149 5147 enim
1180 5092 1362 5146 omnia
1393 5089 1724 5160 aperientes,
1753 5088 1901 5158 agris
1927 5089 2022 5142 de-

451 5184 752 5240 trimentosi
776 5193 920 5248 sunt,
941 5184 1185 5237 civitates
1203 5192 1416 5249 vexant,
1441 5197 1622 5238 muros
1645 5181 2019 5241 ascendentes,

451 5283 508 5330 et
539 5273 592 5328 in
627 5272 815 5328 domos
852 5273 1164 5328 invadentes
1185 5313 1201 5337 ,
1243 5273 1564 5344 feritateque
1599 5288 1723 5331 cum
1766 5271 2021 5328 horriﬁco

455 5371 614 5422 terra:
639 5371 786 5418 motu
813 5372 956 5418 certa
965 5371 1079 5416 utes
1089 5400 1102 5414 .

524 5559 689 5618 Vns.
730 5558 816 5614 Η.
860 5555 928 5612 Et
969 5556 1220 5611 Dominus
1267 5557 1411 5610 dabit
1455 5574 1626 5612 vocem
1671 5568 1790 5612 ante
1831 5559 2019 5627 facient

463 5652 782 5720 lortitudt'nis
810 5665 952 5716 stur;
979 5649 1104 5714 auia
1135 5648 1299 5702 multa
1334 5658 1452 5702 sunt
1491 5647 1646 5702 nimis
1675 5659 1850 5703 castra
1883 5651 2018 5717 ejus,

2123 4476 2212 4514 σαι
2231 4459 2292 4512 τὸ
2321 4461 2447 4520 πᾶν,
2473 4459 2550 4524 ὡς
2569 4461 2669 4532 ⁴ἤδη
2705 4461 2880 4516 δοκεῖν
2919 4463 3011 4516 καὶ
3044 4461 3208 4517 αὑτὸν
3246 4464 3561 4536 δεδονῆσθαι
3605 4467 3694 4521 τὸν

2122 4551 2351 4622 οὐρανὸν
2376 4593 2389 4617 ,
2443 4551 2595 4620 ἣλιον
2634 4552 2689 4604 δὲ
2744 4553 2839 4606 καὶ
2899 4552 3167 4625 σελήνην,
3225 4556 3319 4610 καὶ
3373 4557 3559 4628 μέντοι
3601 4559 3696 4613 καὶ

2117 4642 2293 4710 ἄστρα
2315 4641 2373 4694 τὸ
2411 4644 2608 4695 οἰκεῖον
2645 4641 2834 4714 ὥσπερ
2883 4645 3152 4715 ἀνακόψαι
3192 4647 3371 4711 σέλας.
3412 4648 3606 4717 Γέγονε
3641 4649 3696 4704 δὲ

2120 4730 2283 4784 πάλιν
2317 4731 2375 4783 ὲν
2405 4729 2610 4794 τούτοις
2626 4733 2759 4802 ἡμῖν
2789 4731 2891 4786 ὑπε
2901 4733 3148 4805 ρὸολικὸς
3167 4737 3194 4789 ὁ
3212 4735 3391 4804 λόγος,
3416 4736 3695 4793 δύσοιστον

2118 4836 2177 4872 τε
2224 4820 2318 4872 καὶ
2346 4819 2620 4892 πολυαλγῆ
2651 4823 2762 4886 τοῖς
2791 4822 2887 4893 τὴν
2913 4824 3015 4893 γῆν
3042 4825 3250 4879 οἰκοῦσι
3280 4826 3379 4896 τὴν
3409 4831 3696 4898 συμφορὰν

2119 4907 2451 4976 ἀποφαίνων.
2492 4910 2752 4982 Ἀτρεκὴς
2775 4912 2831 4965 δὲ
2849 4914 2876 4966 ὁ
2892 4912 3070 4983 λόγος,
3092 4916 3195 4971 κᾶν
3213 4919 3261 4971 εί
3287 4920 3372 4971 ἐπ’
3390 4919 3697 4992 ἀνθρώπων

2122 4999 2402 5067 στρατιαῖς
2430 4999 2605 5052 νοοῖτο
2639 4999 2822 5066 πάλιν,
2882 5004 2931 5055 εί
2982 5005 3234 5058 καταθεῖν
3278 5007 3482 5061 ἕλοιντο
3512 5008 3698 5081 χώραν

2121 5103 2179 5140 τε
2208 5090 2303 5141 καὶ
2353 5089 2558 5154 πόλεις.
2601 5091 2688 5144 Ἐν
2721 5094 2819 5164 ῐσῳ
2862 5094 2968 5165 γὰρ
2999 5097 3118 5158 ταῖς
3165 5097 3352 5167 ἀκρίσι
3392 5099 3461 5152 τὰ
3517 5101 3700 5154 πάντα

2122 5181 2534 5251 περιχεύμενοι,
2584 5181 3024 5254 διαλυμαίνονται
3068 5186 3169 5256 μὲν
3233 5189 3471 5259 ἀγροὺς,
3531 5208 3700 5246 κατα·

2123 5267 2364 5322 θλίϐουσι
2398 5269 2454 5322 δὲ
2490 5270 2582 5323 καὶ
2613 5272 2818 5335 πόλεις,
2848 5273 3044 5342 τειχῶν
3105 5276 3561 5348 ὑπεραιρόμενοι,
3604 5282 3700 5333 καὶ

2122 5358 2292 5422 οἴκοις
2349 5361 2530 5425 αὐτοῖς
2582 5364 2976 5426 ὲπεισθέοντες,
3025 5365 3120 5418 καὶ
3168 5370 3287 5431 ταῖς
3329 5369 3438 5423 ἀπὸ
3468 5371 3698 5442 σεισμοῦ

2120 5447 2336 5517 δείμασι
2358 5449 2784 5517 φιλονεικοῦντες
2812 5453 2890 5515 είς
2916 5453 3234 5525 ἀγριότητα.

2193 5563 2301 5618 Καὶ
2339 5565 2372 5617 ὁ
2424 5564 2636 5633 Κύριος
2666 5563 2845 5620 δώσει
2884 5567 3092 5635 φωνὴν
3141 5571 3330 5625 αὐτοῦ
3353 5572 3470 5641 πρὸ
3506 5588 3700 5642 προσ-

2122 5653 2286 5730 ώπου
2309 5653 2616 5726 δυνάμεως
2635 5657 2842 5713 αὐτοῦ·
2868 5657 2955 5711 ὅτι
2983 5661 3185 5728 πολλή
3223 5663 3354 5718 ἐστι
3387 5665 3628 5734 σφόδρα
3654 5665 3697 5736 ἡ
