3898 6212
220 227 311 284 561

1100 217 1655 276 COMMENTARIUS
1695 216 1759 271 IN
1801 215 2066 273 JOELEM
2101 213 2545 271 PROPHETAM.

3372 225 3478 281 562

218 343 557 415 παρεμϐολὴ
585 341 797 405 αὑτοῦ,
835 341 923 394 ὅτι
961 339 1182 409 ισχυρὰ
1207 339 1350 409 ἔργα
1378 340 1574 407 λόγων
1590 337 1795 392 αὑτοῦ·

1923 337 2148 396 maniam
2187 336 2348 404 fortia
2386 350 2545 403 opera
2586 350 2882 389 sermonum
2922 334 3087 403 illius,
3125 339 3250 408 quia
3290 358 3480 412 magna

219 439 357 493 διότι
391 434 628 506 μεγάλη
677 434 718 503 ὴ
750 430 939 503 ἡμέρα
966 431 1187 499 Κυρίου
1208 473 1222 497 ,
1251 428 1505 500 μεγάλη,
1536 429 1634 483 καὶ
1681 429 1803 483 ἑπι-

220 527 409 599 φανὴς
434 526 697 595 σφόδρα.

285 619 411 671 KE'.
450 619 633 687 Ἐφην
667 615 769 687 ἥδη
797 613 1031 684 φθάσας,
1084 614 1167 667 ὅτι
1195 612 1398 676 σκοπὸς
1422 611 1501 684 τῷ
1552 611 1805 685 προφήτῃ

220 710 388 781 δεινὴν
421 709 521 764 καὶ
563 708 1017 778 δυσδιακόμιστον
1045 707 1322 776 ἀποφῆναι
1350 705 1451 777 τὴν
1499 703 1806 775 συμφορὰν,

225 802 302 856 ἵνα
337 801 405 872 δὴ
440 801 811 871 μεταχωροίεν
844 798 937 851 ἐπὶ
964 796 1026 850 τὸ
1058 796 1267 849 ἐθέλειν
1295 795 1365 849 τὰ
1389 796 1601 866 ἀμείνω
1621 810 1681 847 τε
1704 793 1805 865 ἤδη

220 895 365 965 δρᾷν,
384 893 483 945 καὶ
512 890 620 962 μὴν
640 890 735 944 καὶ
763 887 1111 959 βουλεύεσθαι
1137 887 1601 958 σωφρονέστερον,
1614 886 1664 938 οἱ
1683 887 1807 948 ταῖς

222 986 294 1046 εἰς
321 981 639 1052 φαυλότητα
659 981 1041 1051 παρατροπαίς
1073 977 1439 1047 λελυπηκότες
1459 978 1552 1030 τὸν
1582 976 1807 1047 νομοθέ-

220 1094 334 1146 την.
368 1070 496 1127 Οἵδε
522 1073 653 1142 γὰρ,
691 1067 797 1123 οἶδε
823 1071 856 1140 η
894 1070 1004 1123 τῶν
1034 1069 1369 1140 ἀλγημάτων
1401 1068 1676 1140 ὑπερϐολὴ
1711 1085 1809 1140 με-

222 1162 546 1232 τακομίζειν
580 1159 817 1222 εὐκόλως
846 1158 999 1221 τινὰς
1047 1157 1123 1220 ὡς
1169 1156 1227 1223 ἐξ
1255 1156 1500 1226 ἀνάγκης
1539 1155 1630 1209 ἐπί
1658 1171 1720 1223 γε
1747 1154 1809 1207 τὸ

222 1254 437 1308 ἑλέσθαι
459 1253 594 1324 δρᾷν
614 1251 682 1305 τὰ
705 1251 1004 1305 ἁνδάνοντα
1050 1247 1235 1301 λοιπὸν
1267 1247 1345 1317 τῷ
1371 1246 1563 1312 σώζειν
1595 1246 1807 1300 εἰωθότι

222 1348 308 1400 καὶ
335 1345 704 1398 ἀπαλλάττειν
731 1340 993 1412 ἰσχύοντι.
1051 1358 1069 1390 ι
1094 1338 1263 1392 Δώσει
1292 1339 1356 1409 δὴ
1407 1334 1498 1393 οὖν
1543 1341 1571 1391 ὁ
1602 1338 1808 1409 Κύριος

220 1438 311 1507 τὴν
343 1435 535 1505 φωνὴν
566 1432 730 1486 αὑτοῦ
760 1432 867 1502 πρὸ
898 1426 1190 1500 προσώπου
1231 1429 1517 1500 δυνάμεως
1540 1429 1707 1483 αὐτοῦ
1728 1468 1743 1494 ,
1782 1446 1801 1479 ι

222 1528 515 1600 μονονουχὶ
589 1523 912 1597 στρατηγῶν
942 1563 957 1588 ,
1012 1524 1107 1577 καὶ
1168 1522 1508 1593 παραθήγων
1572 1522 1646 1586 ὡς
1721 1521 1808 1575 ἐπ’

219 1620 469 1691 ἐχθρούς.
501 1618 713 1689 Πρέποι
740 1618 849 1689 γὰρ
876 1616 941 1670 ἂν
973 1618 1072 1687 οὐχ
1096 1616 1269 1688 ἑτέρῳ
1297 1631 1374 1687 τῳ
1417 1615 1637 1686 μᾶλλον,
1669 1616 1807 1683 πλὴν

220 1820 322 1865 νοις
354 1803 422 1855 τὸ
450 1800 742 1870 διεγείρειν
772 1799 830 1851 τὸ
856 1798 1117 1868 μάχιμον,
1172 1798 1266 1850 καὶ
1313 1796 1518 1850 οἰκείαν
1560 1796 1809 1867 ἡγεῖσθαι

220 1893 307 1962 τὴν
337 1890 729 1962 παρεμϐολήν.
778 1890 1142 1960 ’Υπεμφαίνει
1166 1889 1222 1941 δὲ
1249 1887 1339 1941 διὰ
1358 1888 1583 1952 τούτων,
1618 1888 1698 1940 ὅτι
1735 1890 1810 1958 μὴ

218 1984 535 2053 αὐτόματον
570 1980 684 2049 ἔχει
716 1979 814 2051 τὴν
843 1978 1031 2047 ἔφοδον
1078 1978 1150 2030 τὰ
1197 1971 1367 2040 δεινὰ,
1426 1978 1562 2047 μήτε
1606 1978 1713 2048 μὴν
1746 1980 1810 2031 ὲκ

218 2076 303 2128 τοῦ
337 2073 760 2145 παρατυχόντος
793 2069 1142 2141 συμϐέϐηκεν
1172 2068 1384 2131 ἁπλῶς,
1422 2068 1639 2122 ἀλλ’ὅτι
1676 2070 1811 2140 μᾶλ-

218 2171 299 2222 λον
331 2167 497 2236 παρὰ
527 2165 662 2218 Θεοῦ
700 2163 1080 2234 ὲπενήνεκται,
1126 2162 1500 2233 λελυπημένου
1529 2163 1773 2233 δηλονότι
1793 2202 1810 2228 ,

217 2260 306 2313 καὶ
337 2256 515 2319 ὁσίως
548 2256 649 2326 ἤδη
681 2252 1023 2318 κολάζοντος.
1049 2254 1365 2309 Καταπτοεῖ
1392 2252 1449 2305 δὲ
1481 2253 1679 2323 μᾶλλον
1710 2253 1808 2306 αὑ-

217 2356 361 2418 τοὺς,
408 2352 678 2421 πλείστην
708 2367 767 2402 τε
791 2350 923 2422 ὅσην
954 2347 1092 2403 εἶναι
1113 2350 1287 2419 λέγων
1310 2351 1408 2420 τὴν
1435 2350 1809 2422 παρεμϐολὴν,

218 2446 302 2499 καὶ
331 2446 427 2497 δτι
481 2443 683 2512 ἰσχυρὰ
729 2441 868 2512 ἔργα
898 2439 1071 2509 λόγων
1128 2440 1317 2494 αὑτοῦ.
1367 2440 1671 2511 ’Δμήχανον
1703 2440 1811 2511 γὰρ

221 2534 293 2604 μὴ
344 2532 576 2594 πάντως
627 2532 707 2593 εἰς
755 2529 930 2601 πέρας
982 2528 1196 2594 ἐλθεῖν,
1252 2529 1390 2600 ὅπερ
1441 2529 1507 2584 ἂν
1556 2529 1812 2599 γενέσθαι

219 2624 540 2696 προστάττῃ
566 2621 719 2685 Θεός.
749 2621 861 2674 Καὶ
894 2620 1025 2689 γοῦν
1060 2620 1163 2690 ἔφη
1195 2621 1333 2692 πρὸς
1355 2638 1478 2673 τινα
1511 2620 1620 2675 τῶν
1640 2620 1812 2690 ἁγίων

222 2715 549 2787 προφητῶν,
595 2713 865 2785 Ἱερεμίας
891 2707 1044 2776 οὗτος
1094 2708 1182 2783 ἦν·
1234 2730 1252 2763 ι
1290 2712 1403 2782 Οὐχ
1445 2712 1494 2764 οἱ
1531 2711 1679 2781 λόγοι
1708 2730 1810 2783 μου

220 2808 408 2877 ὥσπερ
468 2805 583 2877 πῦρ
639 2803 858 2873 φλέγον,
903 2802 1053 2870 λέγει
1106 2801 1336 2873 Κύριος,
1389 2801 1484 2855 καὶ
1542 2801 1616 2864 ὡς
1643 2800 1813 2867 πέλυξ

222 2900 445 2953 κόπτων
476 2897 729 2965 stt-51pm»;
769 2912 788 2946 ι
825 2896 1121 2947 Διῖκνεῖται
1150 2894 1259 2963 γὰρ
1296 2892 1486 2964 ὥσπερ
1522 2893 1813 2955 διαπαντὸς

219 2991 356 3045 ὀτοῦ
390 2987 536 3043 Θεοῦ
567 2988 744 3055 λόγος,
797 2986 891 3039 καὶ
924 2978 1004 3049 οἷς
1039 2985 1105 3039 ἂν
1132 2984 1423 3053 φθέγξαιτο
1453 2984 1513 3038 τὸ
1557 2985 1812 3039 ἀντιστα-

222 3084 341 3139 τοῦν
376 3082 566 3145 οὐδὲν,
594 3078 734 3133 εἴκει
762 3078 817 3131 δὲ
854 3078 1077 3148 μᾶλλον,
1110 3078 1295 3132 καὶτὰ
1333 3077 1563 3150 σκληρὰ,
1590 3078 1687 3132 καὶ
1722 3080 1819 3132 ἀν-

222 3178 426 3231 τίτυπα
478 3172 888 3247 καταθραύεται
929 3170 1186 3237 εὐκόλως,
1222 3170 1455 3234 καὶτοῖς
1484 3171 1821 3237 δεσποτικοῖς

1906 430 2018 483 dies
2047 428 2277 483 Domini.
2301 439 2349 483 et
2381 428 2600 483 illustris
2627 428 2795 482 valde.

1981 602 2145 659 XXV.
2190 605 2307 659 Dixi
2335 605 2445 674 jam
2477 607 2751 676 prophetae
2780 608 3065 663 consilium
3096 626 3217 666 esse
3246 623 3486 669 atrocem

1906 706 1961 753 et
1990 696 2381 757 intolerandam
2413 698 2775 752 calamitatem
2802 701 3115 767 ostendere;
3146 712 3204 757 ut
3234 705 3484 760 nimirum

1908 790 2045 845 bene
2075 803 2236 859 agere
2264 789 2401 843 velle
2432 789 2715 858 incipiant,
2738 800 2790 846 et
2807 792 3127 862 prudentius
3157 795 3257 850 sibi
3290 812 3488 852 consu-

1908 880 2020 935 lant
2064 881 2155 950 qui
2194 879 2261 935 ad
2300 880 2700 948 improbitatem
2746 884 2963 952 detorti,
3003 884 3366 956 legislatorem
3405 889 3491 944 of-

1912 971 2219 1026 fenderunt.
2274 969 2422 1025 Solet
2470 970 2647 1037 enim,
2698 972 2836 1027 solet
2882 973 3127 1029 dolorum
3176 976 3493 1046 magnitudo

1911 1062 2070 1117 facile
2087 1061 2395 1129 nonnullos,
2418 1069 2473 1117 et
2495 1060 2641 1117 velut
2667 1063 2988 1119 necessitate
3011 1068 3268 1135 quadam,
3288 1080 3354 1121 eo
3370 1082 3494 1137 per.

1909 1156 2135 1219 vehere,
2175 1163 2233 1208 ut
2265 1155 2331 1208 de
2366 1163 2565 1208 caetero
2601 1153 2820 1223 cupiant
2856 1154 3036 1210 facere
3072 1156 3147 1211 illi
3203 1166 3353 1226 grata
3397 1157 3491 1227 qui

1909 1248 2121 1302 salvare
2147 1246 2452 1312 consuevit,
2475 1253 2531 1301 et
2557 1244 2789 1300 liberare
2813 1261 2840 1298 a
2871 1246 3026 1301 malis
3053 1260 3249 1317 petest.
3281 1268 3300 1300 ι
3332 1247 3493 1303 Dabit

1911 1341 2078 1409 igitur
2101 1340 2359 1394 Dominus
2381 1352 2566 1393 vocem
2590 1346 2715 1392 ante
2738 1336 2929 1392 faciem
2954 1336 3290 1394 fortitudinis
3311 1354 3443 1407 sure,
3469 1359 3490 1393 ι

1910 1443 2118 1486 tantum
2164 1447 2269 1486 non
2313 1431 2425 1499 ipse
2464 1431 2570 1485 dux
2608 1431 2881 1485 exercitus
2919 1444 3152 1498 eumque
3189 1430 3244 1485 in
3285 1430 3493 1487 hostem

1911 1539 2134 1579 acuens.
2172 1522 2289 1576 Non
2332 1523 2474 1577 enim
2518 1522 2641 1577 aliis
2696 1524 2876 1591 potius
2921 1541 3083 1594 quam
3129 1533 3495 1595 propugnato-

1915 1615 2067 1669 ribus
2102 1613 2169 1666 'et
2207 1612 2434 1665 aliorum
2475 1610 2704 1666 ducibus
2740 1612 2939 1667 milites
2971 1616 3037 1669 ad
3076 1629 3307 1684 pugnam
3345 1615 3497 1669 exci—

219 1715 293 1765 ᾶτι
328 1715 451 1774 τοῖς
481 1710 902 1781 προασπίζουσι,
944 1708 1038 1760 καὶ
1088 1707 1197 1760 τῶν
1227 1707 1402 1760 ἄλλων
1432 1705 1809 1777 προτεταγμέ-

1923 1717 2051 1773 tare,
2081 1715 2137 1760 et
2169 1715 2346 1761 castra
2380 1721 2475 1759 sua
2510 1706 2709 1761 ducere
2743 1706 3013 1761 convenit.
3051 1707 3367 1762 Subindicat
3402 1722 3499 1775 per

1914 1801 2057 1865 hazc,
2088 1814 2194 1853 non
2226 1813 2322 1866 per
2347 1812 2405 1853 se
2434 1799 2693 1853 advenire
2723 1797 2891 1863 mala,
2927 1812 3026 1852 nec
3054 1805 3259 1852 temere
3290 1814 3353 1852 ac
3384 1798 3498 1852 for-

1913 1890 2047 1945 tuito
2084 1890 2357 1953 accidere;
2399 1888 2492 1943 sed
2532 1903 2561 1941 a
2602 1887 2712 1942 Deo
2748 1889 3087 1954 potissimum
3130 1889 3330 1958 inIligi,
3371 1891 3498 1944 laeso

1910 1982 2180 2046 videlicet,
2206 1987 2259 2035 et
2276 1980 2422 2051 juste
2447 1990 2633 2050 pennas
2658 1989 2996 2049 reposcente.
3018 1979 3294 2035 Portet-ret
3315 1991 3497 2035 autem

1911 2086 2005 2128 eos
2032 2072 2231 2141 magis,
2265 2072 2429 2125 nimis
2459 2072 2623 2124 multa
2652 2080 2833 2125 castra
2861 2085 2981 2125 esse
3008 2070 3224 2136 dicens,
3253 2081 3308 2130 et
3339 2070 3497 2126 fortia

1911 2178 2076 2233 opera
2111 2178 2421 2219 sermonum
2456 2161 2592 2231 ejus.
2627 2161 2770 2215 Fieri
2807 2161 3076 2230 sit‘ptidem
3133 2160 3276 2215 haud
3323 2171 3502 2231 potest
3540 2184 3545 2189 ι

1914 2267 1973 2311 ιιι
2009 2271 2114 2310 non
2150 2254 2364 2325 penitus
2400 2254 2563 2307 linem
2594 2262 2970 2323 consequatur
3021 2254 3164 2322 quod
3203 2253 3347 2308 Deus
3382 2255 3500 2309 fieri

1914 2350 2267 2403 mandaverit.
2296 2348 2482 2418 Itaque
2507 2348 2725 2417 quidam
2754 2358 3064 2402 sanctorum
3092 2346 3498 2417 prophetarum,

1910 2438 2210 2507 Jeremias,
2250 2441 2503 2510 inquam,
2537 2441 2614 2493 ait
2651 2458 2664 2494 :
2697 2462 2715 2491 ι
2749 2439 3001 2509 Nunquid
3040 2454 3145 2493 non
3181 2438 3346 2492 verba
3383 2451 3504 2491 mea

1913 2532 2067 2601 quasi
2110 2532 2246 2600 ignis
2286 2532 2515 2597 ardens,
2553 2532 2686 2586 dicit
2729 2530 3014 2596 Dominus,
3054 2531 3221 2601 218
3254 2541 3310 2586 et
3345 2532 3502 2601 quasi

1914 2624 2137 2679 malleus
2172 2632 2459 2679 conterens
2493 2631 2699 2694 petram
2718 2622 2809 2675 “?
2844 2641 2863 2674 ι
2898 2621 3155 2676 Pervadit
3187 2623 3331 2677 enim
3368 2637 3504 2692 quo-

1914 2714 2200 2769 dummodo
2226 2714 2407 2770 omnia
2436 2714 2528 2769 Dei
2556 2715 2802 2779 verbum,
2832 2721 2886 2767 et
2915 2726 3036 2783 qua:
3067 2713 3286 2769 locutus
3316 2713 3499 2778 fuerit,

1914 2806 2047 2861 nihil
2083 2806 2190 2861 illis
2230 2805 2455 2872 resistit,
2497 2805 2606 2860 imo
2646 2804 2792 2859 cedit
2832 2805 3034 2874 potius,
3074 2812 3127 2859 et
3166 2806 3299 2859 dura
3339 2814 3505 2875 atque

1915 2913 2105 2969 aspera
2137 2898 2283 2954 nullo
2314 2898 2530 2965 negotio
2558 2896 2875 2967 confringit,
2904 2906 2958 2951 et
2989 2895 3287 2953 Dominica:
3314 2897 3504 2953 volun-

1920 2991 2016 3044 tati
2050 2991 2212 3045 etiam
2252 2990 2489 3044 uolentia
2524 2991 2917 3058 obsequuntur.
2960 3007 2980 3041 ι
3023 2988 3214 3059 Magna
3251 2989 3418 3061 igitur
3448 2998 3505 3046 et

1921 3082 2147 3137 illustris
2178 3082 2314 3148 dies,
2353 3100 2373 3134 ι
2411 3082 2607 3151 inquit,
2642 3090 2864 3151 propter
2890 3081 3090 3136 famam
3122 3092 3409 3152 vagantem
3438 3082 3507 3137 de
3576 3130 3583 3135 .

1923 3174 2079 3228 malis
2103 3174 2157 3228 in
2185 3188 2373 3229 omnes
2400 3174 2648 3229 homines
2673 3173 3013 3228 invehendis.

225 3272 499 3343 θελήμασι
524 3270 623 3323 καὶ¹
646 3269 744 3339 οὐχ
767 3268 962 3322 ἑκόντα
987 3272 1325 3341 παραχωρεῖ.
1373 3288 1390 3321 ι
1420 3270 1647 3342 Μεγάλη
1687 3271 1750 3342 δὴ
1782 3269 1875 3326 οὖν
1914 3274 2007 3327 καὶ
2046 3274 2318 3345 ἐπιφανὴς
2354 3275 2387 3345 ἡ
2422 3273 2626 3345 ἡμέρα,
2658 3291 2676 3325 s
2711 3273 2868 3344 φησὶ,
2902 3273 2992 3327 διὰ
3020 3272 3119 3342 τὴν
3143 3272 3224 3337 εἰς
3257 3271 3505 3338 ἅπαντας

223 3365 553 3434 ἀνθρώπους
584 3362 694 3416 τῶν
720 3362 1182 3435 ὲπαχθησομένων
1209 3364 1398 3418 δεινῶν
1428 3365 1815 3438 διατρέχουσαν
1854 3370 2058 3441 φήμην.

287 3462 400 3517 Καὶ
434 3461 532 3524 τίς
559 3459 732 3512 ἔσται
776 3460 982 3526 ἱκανὸς
1017 3459 1172 3529 αὐτῇ
1192 3476 1210 3523 ;

293 3555 450 3621 καί.
486 3551 804 3617 Τουτέστιν,
846 3551 1022 3615 οὐδεὶς
1053 3551 1119 3605 ἂν
1167 3553 1379 3621 γένοιτο
1412 3554 1521 3607 τῶν
1571 3554 1664 3607 ἐπὶ
1713 3554 1820 3626 γῆς

228 3646 524 3715 ἀτεράμων
561 3641 737 3705 οὕτως
782 3643 876 3696 καὶ
907 3642 1185 3714 εὐσθενὴς,
1208 3644 1283 3707 ὡς
1310 3646 1626 3713 ἁντεξάγειν
1657 3646 1819 3701 δύνα-

233 3738 346 3791 σθαι
376 3739 507 3798 ταῖς
539 3735 709 3797 θείαις
737 3734 948 3806 ὀργαῖς.
988 3735 1098 3789 Καὶ
1152 3736 1315 3805 σοφὸς
1343 3731 1411 3807 ἦν
1443 3738 1582 3802 ἄγαν
1607 3739 1635 3789 ὁ
1659 3736 1821 3790 Δαϐὶδ

233 3830 361 3901 πρὸς
412 3828 552 3880 Θεὸν
591 3826 1010 3897 ἁνακεκραγώςο
1054 3846 1070 3877 ι
1098 3828 1167 3880 Σὺ
1194 3826 1423 3898 φοϐερὸς
1474 3817 1545 3894 εἷ,
1601 3829 1694 3882 καὶ
1739 3828 1822 3892 τίς

233 3919 615 3991 ἀντιστήσεται
640 3935 722 3971 σοι
745 3919 852 3973 ἀπὸ
873 3920 971 3991 τῆς
1004 3919 1175 3991 ὀργῆς
1205 3937 1332 3987 σου;
1371 3939 1390 3972 ι

296 4013 405 4066 Καὶ
444 4010 569 4064 νῦν
592 4010 756 4079 λέγει
782 4011 997 4078 Κύριος
1046 4014 1077 4064 d
1106 4010 1246 4077 Θεὸς
1274 4010 1462 4081 ἡμῶν-ο
1505 4011 1820 4081 Ἐπιστρα-

233 4122 376 4172 gnte
414 4102 574 4171 πρὸς
623 4103 703 4171 μὲ
750 4102 823 4166 ἐξ
878 4100 1027 4168 ὅλης
1070 4102 1181 4170 τῆς
1227 4103 1472 4172 καρδίας
1517 4103 1719 4174 ὑμῶν,
1750 4104 1821 4157 ἐν

232 4196 509 4262 νηστείᾳ,
562 4194 661 4248 καὶ
696 4192 1017 4262 κλαυθμῷ,
1067 4194 1165 4247 καὶ
1205 4195 1455 4259 κοπετῷ,
1512 4196 1609 4248 καὶ
1653 4196 1818 4265 διαρ-

228 4287 457 4354 ρἠατε
503 4286 614 4351 τὰς
666 4286 917 4354 καρδίας
976 4284 1162 4354 ὑμῶν,
1216 4286 1314 4339 καὶ
1362 4286 1445 4355 μὴ
1506 4287 1577 4340 τὰ
1621 4286 1819 4357 ἱμάτια

1994 3467 2063 3520 Et
2093 3468 2209 3537 quis
2239 3468 2338 3522 erit
2369 3466 2626 3537 sufﬁciens
2653 3467 2744 3520 ei?

1993 3558 2181 3614 XXVI.
2220 3559 2332 3615 Iloc
2356 3569 2465 3626 cst,
2491 3573 2652 3615 nemo
2680 3557 2991 3613 mortalium
3020 3557 3155 3613 adeo
3184 3556 3507 3629 praefractus

1922 3662 1977 3706 et
2005 3653 2257 3707 robustus
2284 3652 2468 3717 fuerit,
2494 3660 2554 3706 ut
2582 3666 2643 3707 se
2666 3651 2859 3705 divinae
2886 3650 2984 3705 irae
3011 3650 3183 3720 possit
3207 3662 3503 3720 opponere.

1926 3741 2209 3811 Sapienter
2233 3742 2398 3796 Deum
2427 3743 2713 3812 compellat
2737 3740 2901 3795 David
2929 3756 2943 3795 :
2976 3758 2995 3792 ι
3026 3739 3107 3795 Tu
3138 3739 3398 3795 terribilis
3422 3753 3503 3803 es,

1924 3845 1979 3891 et
2006 3834 2128 3905 quis
2160 3834 2379 3891 resistet
2409 3835 2506 3890 tibi
2538 3834 2606 3890 ab
2637 3834 2717 3889 ira
2747 3846 2841 3889 tua
2863 3833 2949 3887 "il
2982 3851 3001 3885 ο

1998 4013 2162 4069 Vsus.
2194 4012 2377 4068 12-14.
2410 4012 2477 4068 Et
2510 4028 2647 4066 nunc
2674 4011 2798 4065 dicit
2833 4009 3083 4064 Dominus
3117 4007 3254 4061 Deus
3284 4016 3460 4061 noster
3483 4020 3505 4060 :

1924 4105 2297 4160 Convertimini
2329 4106 2398 4158 ad
2430 4121 2510 4159 me
2540 4120 2605 4159 ea:
2637 4113 2745 4157 toto
2783 4103 2938 4156 corde
2971 4112 3159 4165 vestro,
3191 4100 3244 4152 in
3271 4099 3499 4169 jejunio,

1923 4208 1974 4252 et
2001 4198 2152 4266 ﬂetu,
2179 4206 2227 4252 et
2256 4196 2494 4265 planctu,
2522 4206 2570 4249 et
2600 4193 2882 4261 dirumpite
2910 4193 3072 4245 corda
3103 4202 3290 4255 vestra,
3319 4201 3368 4245 et
3401 4205 3506 4243 non

1925 4288 2225 4342 vestimenta
2251 4296 2439 4341 vestra.
2465 4286 2531 4339 Et
2553 4284 2916 4339 convertimini
2938 4283 3007 4335 ad
3029 4281 3312 4335 Dominum
3338 4281 3507 4335 Deum

470 4350 1025 4445 Kalémo’tpdgonrs
1061 4373 1212 4443 arde
1254 4350 1474 4445 Κύριοοο
1524 4350 1812 4432 τὸν-Θεὸν

1923 4389 2179 4442 vestrum,
2214 4380 2336 4448 quia
2369 4379 2661 4433 misericors
2691 4383 2741 4432 et
2777 4378 3054 4430 miserator
3081 4386 3187 4441 est,
3220 4377 3426 4446 patiens
3456 4384 3508 4428 et

236 4469 419 4537 ὑμῶν,
444 4467 539 4521 ὅτι
569 4466 843 4535 ἐλεήμων
866 4467 965 4520 καὶ
1012 4469 1331 4538 οἰκτίρμων
1353 4470 1505 4536 ἐστὶ,
1521 4471 1826 4539 μακροθυ-

1920 4469 2102 4524 multa:
2135 4470 2547 4534 misericordiae,
2578 4478 2629 4524 et
2655 4470 2905 4539 paenitens
2936 4484 3093 4537 super
3116 4466 3353 4522 malitiis.
3373 4464 3505 4531 Quis

233 4577 379 4627 μσς,
443 4558 547 4613 καὶ
604 4558 937 4624 πολυέλεος
960 4597 976 4623 ,
1039 4560 1136 4613 καὶ
1184 4559 1494 4629 μετανοῶν
1548 4562 1646 4614 ἐπὶ
1695 4560 1812 4628 ταῖς

1923 4561 2039 4626 scit,
2076 4560 2122 4614 si
2158 4570 2459 4624 revertetur,
2493 4567 2546 4614 et
2584 4557 2851 4628 paenitebit
2883 4573 3024 4623 eum,
3059 4566 3104 4609 et
3128 4555 3351 4607 dimittet
3388 4561 3504 4619 post

236 4652 491 4719 κακίαις.
540 4652 636 4717 Τίς
687 4646 850 4703 οἶδεν
901 4652 953 4703 εί
993 4649 1374 4720 ἐπιστρέψει,
1432 4652 1528 4706 καὶ
1571 4669 1822 4721 μετανο-

235 4741 393 4809 ήσει,
445 4743 545 4795 καί
597 4743 981 4810 ὑπολήψεται
1028 4743 1222 4796 ὀπίσω
1262 4743 1448 4797 αὐτοῦ
1498 4746 1820 4813 εὐλογίαν,

238 4835 337 4887 καὶ
367 4834 611 4898 θυσίαν,
650 4832 750 4885 καὶ
774 4832 1057 4900 σπονδὴν
1084 4834 1280 4901 Κυρίῳ
1314 4832 1391 4898 τῷ
1423 4834 1544 4899 Θεῴ
1580 4834 1782 4903 ὑμῶνς

310 4929 441 4980 KZ'.
473 4925 758 4978 Ἐντεῦθεν
818 4924 885 4978 ἂν
919 4924 1132 4994 μάθοις,
1168 4925 1263 4978 καὶ
1305 4926 1451 4995 μάλα
1504 4926 1713 4994 σαφῶς,
1743 4926 1819 4989 ὡς

239 5020 337 5089 οὐχ
357 5019 547 5088 ἐτέρου
576 5017 736 5086 χάριν
761 5014 907 5079 τινὸς
928 5016 1062 5085 ὑψοῦ
1085 5017 1182 5087 μὲν
1208 5018 1274 5070 τὰ
1297 5017 1604 5088 διηγημένα
1627 5017 1816 5071 ἐτίθει.

236 5112 489 5181 ὶκληράν
551 5111 609 5163 δὲ
669 5110 851 5172 αὐτοῖς
877 5146 893 5172 ,
964 5110 1060 5163 καὶ
1118 5110 1563 5181 δυσδιακόμιστον
1618 5113 1814 5185 κομιδῇ

238 5202 617 5275 προανεφὼνει
648 5203 743 5273 τὴν
765 5201 1072 5273 συμφορὰν,
1104 5203 1137 5273 ἢ
1174 5203 1314 5257 ὥστε
1340 5204 1525 5257 λοιπὸν
1550 5206 1822 5275 μεταστῆ-

235 5311 331 5348 σαι
366 5295 593 5356 τούτους
619 5295 700 5356 εἰς
735 5293 1096 5363 μετάγνωσιν.
1137 5294 1559 5363 ’Λπογινώσκειν
1589 5296 1698 5367 γὰρ
1724 5296 1822 5349 οὐκ

235 5387 321 5455 ἐᾷ.
350 5385 773 5439 Διαὸεὸαιοῦται
825 5386 903 5453 δὲ,
958 5387 1053 5439 καὶ
1101 5387 1246 5457 μάλα
1281 5387 1488 5457 σαφῶς,
1544 5389 1619 5452 ὠς
1664 5390 1822 5460 εἴπερ

233 5479 447 5532 ἕλοιντο
476 5479 699 5549 φρονεῖν
730 5477 797 5530 τὰ
824 5477 1037 5547 βελτίω,
1081 5479 1175 5533 xa‘l
1215 5479 1314 5544 τὰς
1373 5481 1507 5546 ἰδίας
1542 5482 1693 5546 ὀδοὺς
1721 5481 1822 5535 κᾶν

306 5657 357 5689 θ’
397 5657 505 5713 Jer.
550 5673 708 5723 mn,
744 5656 834 5712 29.
908 5659 952 5690 ⁹²
992 5656 1133 5712 Psal.
1167 5674 1324 5724 mxv,
1347 5659 1398 5713 8.

442 5753 718 5812 PATROL.
776 5754 892 5813 (in.
945 5754 1159 5813 LXXI.

1920 4670 1975 4707 se
2006 4643 2435 4718 benedictionem,
2464 4661 2512 4706 et
2544 4651 2883 4719 sacriﬁcium,
2929 4658 2977 4702 et
3021 4646 3245 4701 libamen
3278 4643 3506 4699 Domino

1923 4746 2032 4801 Deo
2060 4748 2265 4802 vestro?

1995 4926 2209 4985 XXVII.
2240 4927 2400 4991 Hinc,
2424 4933 2479 4980 et
2498 4923 2712 4993 quidem
2736 4921 3023 4975 admodum
3045 4918 3193 4974 clare
3216 4917 3506 4987 intelliges,

1925 5037 2044 5091 qum
2070 5035 2230 5089 supra
2262 5026 2477 5072 narrata
2506 5024 2661 5081 sunt,
2694 5027 2801 5067 non
2833 5011 2901 5066 ob
2934 5010 3079 5065 aliud
3114 5010 3279 5065 fuisse
3311 5012 3504 5081 posita.

1925 5113 2161 5177 Duram,
2204 5119 2259 5164 et
2309 5123 2429 5178 qua;
2470 5107 2562 5161 vix
2609 5103 2935 5176 perferatur,
2985 5103 3351 5159 calamitatem
3403 5102 3510 5157 illis

1923 5201 2324 5273 praenuntiavit,
2360 5208 2419 5253 ut
2453 5213 2548 5254 eos
2588 5196 2795 5253 scilicet
2834 5196 3090 5265 deinceps
3130 5195 3198 5249 ad
3239 5193 3509 5263 paeniten-

1924 5293 2053 5348 tiam
2079 5293 2390 5346 adduceret.
2417 5290 2714 5361 Desperare
2736 5289 2879 5342 enim
2907 5302 3015 5341 non
3039 5286 3188 5341 sinit.
3210 5285 3509 5339 Confirmat

1924 5396 2125 5453 autem,
2150 5385 2311 5456 idque
2334 5384 2662 5456 planissimis
2681 5382 2883 5447 verbis,
2907 5380 2952 5435 si
2977 5380 3298 5448 resipiscere
3317 5374 3504 5436 velint,

1924 5486 1980 5534 et
2014 5478 2221 5534 animas
2251 5492 2378 5536 suas
2412 5476 2805 5548 posterioribus
2839 5472 3027 5531 saltem
3063 5467 3303 5527 consiliis
3332 5462 3507 5518 corri-

3116 5743 3177 5805 12
