3898 6212
387 240 493 294 5(ῖό

1377 236 1435 291 S.
1476 235 1752 292 CYRILLI
1793 233 2259 292 ALEXANDRINI
2298 232 2614 290 ARCHIEP.

3543 234 3648 291 564

388 370 547 426 gere,
590 362 647 408 ut
689 354 797 408 Deo
837 353 1114 423 placeant,
1152 360 1206 408 et
1246 367 1470 421 prorsus
1513 353 1749 407 desitura
1792 368 1822 406 a
1868 352 1965 407 Dec

2078 352 2207 421 γοῦν
2232 354 2340 415 τοῖς
2368 350 2637 421 δευτέροις
2669 349 2999 421 ἐπανορθοῦν
3028 351 3105 412 εἰς
3124 348 3187 402 τὸ
3220 349 3471 419 ἀρέσκειν
3492 349 3613 419 Θεῷ
3633 391 3648 414 ,

388 448 711 501 cxacerbato
731 445 1015 514 supplicia,
1040 454 1092 500 et
1111 445 1291 499 omnia
1317 460 1439 499 mox
1469 445 1520 499 in
1547 458 1793 513 magnam
1821 456 1965 497 tran-

389 538 708 609 quillitatcm
754 552 817 591 ac
861 537 1208 593 securitatem
1258 545 1651 591 commutatum
1701 536 1801 601 iri;
1847 537 1966 605 quis

389 639 569 682 autem
618 637 673 683 et
719 628 1087 683 conversionis
1140 628 1415 696 ipsorum,
1467 636 1522 680 et
1572 626 1967 695 deprecationis

392 722 582 776 modus
613 734 731 775 esse
769 721 980 786 debeat,
1023 721 1223 787 liquido
1262 720 1440 774 subdit
1474 718 1558 771 his
1587 718 1765 772 verbis
1796 736 1810 771 :
1846 737 1864 769 ι
1903 718 1968 772 Ει

393 830 536 868 nunc
569 814 699 867 dicit
738 813 998 868 Dominus
1036 813 1175 867 Deus
1211 822 1392 866 noster
1425 828 1437 864 :
1472 808 1864 864 Convertimini
1899 811 1967 864 ad

393 922 479 961 me
508 906 560 959 in
593 916 706 960 toto
731 904 893 959 corde
919 914 1116 959 vestro.
1151 923 1168 954 ι
1199 902 1575 971 Projiciantur,
1605 901 1797 971 inquit,
1826 916 1966 970 pra:-

395 999 549 1053 terita
570 1039 584 1061 ,
617 1008 672 1052 et
700 1011 822 1063 quae
850 1003 1262 1049 antecesserunt
1297 993 1349 1047 in
1381 990 1705 1047 oblivionem
1740 990 1966 1052 abeant.

392 1090 679 1159 vobisipsis
740 1087 990 1143 meliores
1025 1098 1309 1156 apparete;
1348 1082 1738 1155 posterioribus
1800 1082 1967 1137 Deum

392 1185 654 1252 mitigate.
679 1180 883 1251 jejunio
908 1190 964 1234 et
991 1178 1355 1241 aﬂlictatione,
1383 1177 1592 1246 ploratu
1619 1184 1672 1230 et
1697 1175 1966 1230 lamentis.

392 1274 556 1328 Plane
583 1273 725 1327 enim
746 1309 763 1338 ,
790 1271 879 1342 qui
913 1271 986 1323 ita
1019 1268 1199 1323 facere
1229 1266 1598 1333 instituerint,
1627 1266 1681 1320 in
1713 1265 1971 1322 felicitate

391 1365 705 1432 deliciisque
733 1362 1111 1418 versabuntur.
1144 1358 1298 1413 Sicut
1324 1359 1466 1413 enim
1499 1357 1712 1412 fortuna
1746 1357 1967 1411 nimium

2076 445 2289 507 πάντως
2332 442 2669 495 πεπαύσεται
2722 442 2789 494 τὰ
2824 442 2883 508 ἐξ
2925 441 3115 512 ὀργῆς,
3167 441 3262 493 καὶ
3315 441 3395 503 εἰς
3449 440 3653 503 πλάτος

2075 534 2237 595 εὐθὺς
2267 533 2531 603 εὐθυμίας
2569 533 2946 603 μεταχωρήσει
2984 532 3050 584 τὰ
3102 532 3425 602 πράγματα.
3460 530 3559 593 Τίς
3606 530 3652 583 δ’

2073 625 2138 679 ἂν
2158 626 2369 694 γένοιτο
2399 625 2501 695 τῆς
2524 641 2583 677 τε
2624 624 2959 694 ἐπιστροφῆς
2986 622 3172 687 αὐτοῦ,
3199 623 3293 676 καὶ
3318 624 3346 675 6
3370 621 3472 691 τῆς
3498 620 3655 691 λιτῆς

2073 718 2294 784 τρόπος,
2324 717 2644 788 καθίστησιν
2672 716 2918 786 ἐναργὲς,
2954 715 3096 768 οὕτω
3127 714 3321 782 λέγων·
3360 731 3379 764 ι
3412 712 3524 765 Καὶ
3556 710 3655 764 νῦν

2074 809 2219 877 λέγει
2278 808 2483 879 Κύριος
2510 808 2538 862 6
2570 808 2703 871 Θεὸς
2749 806 2923 877 ἡμῶν·
2964 805 3371 877 Ἐπιστρὰφητε
3413 805 3549 876 πρὸς
3586 805 3656 875 μδ

2075 901 2135 965 ἐξ
2165 900 2292 971 ὅλης
2321 901 2418 969 τῆς
2467 899 2695 971 καρδίας
2737 897 2910 968 ὑμῶν.
2952 916 2972 949 ι
3048 896 3347 969 Ἐρῤίφθω,
3394 896 3549 967 φησὶ,
3585 896 3656 949 τὰ

2078 992 2464 1062 παρῳχηκότα,
2513 989 2609 1044 καὶ¹
2646 989 2997 1060 ἀποδημείτω
3038 989 3175 1059 πρὸς
3210 987 3381 1058 λήθην
3409 988 3478 1042 τὰ
3511 987 3656 1057 φθά-

2077 1100 2265 1137 σαντα·
2297 1081 2506 1137 ἑαυτῶν
2548 1082 2804 1152 ὰμείνους
2833 1080 3069 1152 ὸφθητε·
3102 1083 3213 1144 τοῖς
3255 1079 3532 1152 δευτέροις
3568 1082 3662 1134 ἑκ-

2080 1175 2420 1245 μειλίσσεσθε
2464 1176 2617 1238 Θεὸν,
2657 1174 2901 1245 νηστείᾳ,
2947 1174 3045 1227 καὶ
3096 1173 3267 1239 πόνῳ,
3320 1171 3555 1244 κωκυτῷ
3594 1189 3657 1225 τε

2076 1270 2169 1322 κα)⁸
2202 1267 2439 1338 ὀδυρμῷ.
2471 1267 2701 1337 "Ed/stat
2728 1266 2837 1338 γὰρ
2864 1266 3080 1329 πάντως
3106 1265 3275 1319 ταῦτα
3300 1264 3433 1335 δρᾷν
3451 1264 3661 1338 ᾑρημέ-

2077 1376 2185 1423 νοις
2206 1359 2265 1412 τὸ
2293 1360 2488 1430 χρῆναι
2506 1359 2693 1412 λοιπὸν
2719 1360 2777 1411 ὲν
2804 1358 3071 1429 εὐπαθείᾳ
3116 1352 3255 1411 εἷναι
3302 1358 3397 1411 καὶ
3443 1359 3653 1428 τρυφῇ.

391 1456 695 1520 blandiens,
725 1464 779 1510 et
812 1454 919 1509 vita
947 1452 1311 1520 voluptatibus
1344 1450 1395 1504 in
1430 1450 1672 1505 honestis
1702 1449 1882 1503 dedita
1915 1449 1968 1503 in

388 1548 621 1615 gemitus
658 1554 711 1600 et
766 1543 1025 1614 supplicia
1079 1542 1293 1595 tandem
1334 1538 1565 1605 desinit,
1606 1540 1678 1593 ita
1715 1538 1965 1594 bonitatis

2080 1546 2160 1608 εἰς
2193 1545 2390 1615 ἡδονὰς
2437 1544 2807 1617 καταστρέφει
2855 1546 3073 1608 πάντως
3129 1544 3211 1607 εἰς
3252 1542 3500 1614 οἰμωγὰς
3553 1544 3653 1599 καὶ

392 1648 447 1692 et
494 1638 736 1692 laborum
786 1634 1234 1706 pmnitentialinm
1277 1632 1455 1685 exitus
1498 1640 1583 1685 est
1623 1630 1798 1701 ampla
1852 1629 1965 1683 feli-

2078 1637 2319 1691 κόλασιν·
2351 1637 2492 1691 οῦτω
2520 1637 2619 1705 τῆς
2647 1636 2969 1702 ἐπιεικείας,
3008 1637 3098 1690 καὶ
3129 1636 3239 1690 τῶν
3280 1637 3373 1690 ἐπὶ
3403 1638 3525 1700 ταῖς
3557 1654 3657 1708 με·

386 1731 550 1784 citas.
574 1727 739 1798 219
762 1724 1022 1781 Conducit
1058 1724 1222 1793 igitur
1246 1721 1445 1777 deﬂere
1475 1730 1694 1792 peccata
1716 1759 1731 1784 ,
1760 1732 1814 1776 et
1844 1736 1965 1775 con-

2076 1727 2380 1794 ταγνώσεσι
2426 1726 2663 1797 πόνωνή
2720 1725 2946 1789 ἔκϐασις
2992 1728 3073 1789 είς
3110 1726 3170 1779 τὸ
3202 1726 3303 1796 τῆς
3352 1725 3659 1798 εὐημερίας

393 1821 596 1875 tristari
624 1816 918 1875 secundum
949 1815 1143 1871 Deum.
1173 1813 1305 1868 Nam
1336 1823 1394 1869 ut
1422 1824 1505 1869 est
1533 1815 1670 1883 apud
1698 1812 1920 1867 Paulum
1951 1830 1964 1867 :

2072 1816 2273 1879 πλάτος
2304 1816 2541 1886 ἔρχεται.
2598 1816 2883 1887 Χρήσιμον
2925 1811 3018 1870 οὖν
3056 1817 3165 1886 ἄρα
3210 1816 3271 1868 τὸ
3321 1816 3526 1870 κλαίειν
3567 1815 3659 1885 ἔφ’

393 1932 414 1965 ι
450 1911 690 1968 Tristitia
720 1908 1011 1966 secundum
1040 1909 1230 1972 Deum,
1257 1906 1625 1974 paenitentiam
1656 1906 1707 1959 in
1739 1906 1965 1960 salutem

2072 1907 2396 1977 ἁμαρτίαις,
2425 1909 2517 1961 καὶ
2542 1907 2832 1962 λυπεῖσθαι
2876 1910 3018 1962 κατὰ
3046 1908 3200 1961 Θεόν.
3242 1908 3330 1971 Ὧς
3362 1907 3472 1978 γὰρ
3500 1908 3658 1962 Παῦ-

392 2020 493 2058 non
520 2003 882 2073 paenitendam
902 2000 1233 2071 cperatur".
1262 2019 1281 2051 ι
1304 1999 1449 2053 Beati
1469 2013 1683 2069 quoque
1702 2014 1731 2051 a
1752 1997 1965 2053 Christo

2072 1996 2157 2062 λος
2201 1998 2441 2069 γράφει,
2472 2016 2492 2051 ι
2535 2000 2600 2053 Ἡ
2658 2000 2802 2053 κατὰ
2838 2000 2971 2053 Θεὸν
3034 1999 3178 2069 λύπη
3233 2001 3519 2070 μετάνοιαν
3573 2000 3662 2061 εἰς

2078 1453 2289 1523 Ὥσπερ
2316 1452 2426 1523 γὰρ
2446 1452 2543 1523 τῆς
2561 1450 2844 1523 ῥᾳστώνης
2865 1451 2925 1503 τὸ
2948 1450 3123 1516 τέλος,
3145 1451 3240 1504 καί⁸
3253 1449 3315 1503 τὸ
3339 1449 3659 1504 διαπίπτειν

389 2094 822 2165 pronuntiantur,
849 2111 866 2143 ι
912 2092 1004 2161 qui
1041 2090 1257 2159 lugent;
1295 2088 1546 2158 quoniam
1582 2087 1682 2157 ipsi
1717 2086 1965 2142 consola-

390 2184 666 2239 buntur”.
700 2203 718 2235 ι
741 2182 878 2248 Quin
902 2190 956 2237 et
976 2182 1193 2249 sapiens
1216 2179 1468 2235 Salomon
1496 2178 1601 2234 tale
1621 2179 1769 2248 quid,
1797 2194 1967 2248 quan-

389 2291 548 2343 quam
579 2274 679 2329 sub
708 2275 1097 2343 integumento,
1130 2271 1261 2327 dicit
1305 2289 1320 2325 :
1367 2289 1385 2322 ι
1438 2270 1627 2326 Melius
1662 2279 1747 2325 est
1783 2269 1862 2325 ire
1901 2270 1967 2323 ad

389 2371 604 2422 domum
631 2365 836 2429 luctus,
862 2380 1023 2434 quam
1052 2364 1118 2418 ad
1148 2364 1364 2418 domum
1394 2362 1626 2418 convivii
1647 2363 1712 2416 ⁸⁸.
1749 2381 1768 2415 ι
1798 2362 1968 2417 Caete-

390 2475 505 2513 rum
536 2457 664 2511 illud
691 2456 1141 2512 considerandum
1154 2463 1236 2509 est
1252 2454 1564 2523 diligenter,
1586 2463 1846 2524 quantum
1873 2468 1965 2507 va-

388 2552 489 2607 leat
526 2548 809 2619 jejunium.
852 2548 1131 2603 Dominum
1175 2546 1563 2612 mansuefacit,
1607 2546 1741 2599 iram
1786 2546 1965 2607 sedat,

385 2658 601 2713 pinnam
645 2641 802 2697 tollit.
840 2640 1209 2709 Nosmetipsos
1261 2646 1464 2693 tantum
1510 2652 1613 2693 non
1654 2636 1969 2691 verberibus

385 2737 588 2792 acriter
612 2734 973 2804 accipientes,
1008 2731 1360 2787 ferocientem
1394 2738 1447 2784 et
1476 2729 1743 2785 furentem
1778 2741 1966 2783 contra

386 2842 485 2881 nos
525 2828 659 2881 iram
706 2825 941 2879 divinam
984 2822 1268 2878 commode
1310 2820 1608 2885 flectimus,
1652 2832 1709 2877 et
1748 2836 1965 2876 manum

384 2916 737 2985 percutientis
772 2930 877 2968 non
915 2912 1198 2968 dilliculter
1232 2913 1567 2968 cobibemus.
1601 2914 1657 2967 Si
1694 2912 1836 2968 enim
1871 2927 1964 2967 ve-

386 3022 503 3062 rmn
545 3014 659 3071 est,
704 3019 802 3058 nos
839 3002 1012 3059 solum
1055 3012 1273 3072 peccata
1316 3012 1500 3058 nostra
1541 3002 1861 3059 conﬁtentes
1895 3004 1962 3071 ",

386 3097 676 3151 miserante
714 3092 854 3159 Deo,
884 3091 1203 3161 iustificari,
1240 3092 1462 3162 quinam
1502 3092 1777 3149 dubitetur
1809 3094 1959 3163 quin,
1991 3130 2032 3188 ο

385 3187 635 3244 asceticis
662 3186 943 3242 laboribus
972 3200 1068 3240 nos
1096 3194 1457 3251 macerantes,
1483 3193 1537 3240 et
1564 3194 1819 3254 tanquam
1847 3199 1961 3253 pos-

384 3296 482 3337 nas
511 3296 539 3335 a
566 3278 835 3334 nobismet
862 3278 1160 3347 exigentes,
1186 3285 1529 3347 peccatorum
1555 3275 1766 3330 veniam
1794 3290 1824 3329 a
1856 3274 1965 3328 Deo

385 3370 775 3444 impetremus?
820 3369 1029 3439 Lugere
1075 3370 1241 3439 igitur
1280 3367 1467 3439 jubet,
1512 3375 1566 3421 et
1614 3366 1963 3421 tliscindenda

390 3465 609 3532 quidem
632 3461 955 3517 vestimenta
984 3459 1231 3523 minime;
1262 3457 1439 3527 potius
1467 3465 1646 3511 autem
1674 3454 1817 3526 quod
1846 3470 1967 3524 per-

385 3557 488 3628 ripi
519 3555 703 3610 animo
730 3563 784 3608 et
814 3552 1139 3623 cogitatione
1164 3560 1378 3622 potest,
1407 3550 1614 3604 immite
1640 3564 1705 3603 ac
1731 3563 1929 3603 saevum
1948 3589 1962 3614 ,

378 3659 437 3705 ct
482 3654 871 3703 commutatum
924 3659 1019 3698 seu
1073 3644 1380 3697 induratum
1427 3656 1523 3697 cor
1568 3640 1964 3696 dissolvendum

380 3750 546 3809 atque
567 3735 972 3807 explicandum,
998 3748 1108 3803 quo
1136 3733 1229 3787 Dei
1261 3734 1424 3787 timor
1448 3733 1799 3803 ingrediatur.
1819 3730 1964 3786 Scri-

386 3834 518 3887 hcns
534 3831 697 3899 igitur
719 3829 783 3883 ad
799 3826 1113 3882 Corinthios
1130 3823 1327 3879 Paulus
1350 3842 1362 3878 :
1391 3841 1411 3875 ι
1445 3822 1561 3879 Non
1579 3822 1961 3894 angustiamini

380 3924 439 3977 in
459 3922 632 3987 nobis,
659 3940 678 3973 ι
700 3921 905 3989 inquit;
931 3936 948 3969 ι
972 3916 1347 3985 angustiamini
1366 3927 1544 3970 autem
1580 3915 1632 3968 in
1664 3914 1965 3969 visceribus

386 4015 598 4071 vestris.
634 4013 888 4068 Eamdem
924 4021 1103 4065 autem
1139 4009 1402 4064 habentes
1434 4006 1962 4071 remunerationem,

390 4116 640 4174 tanquam
679 4102 801 4157 filiis
835 4102 978 4163 dico,
1015 4099 1314 4153 dilatamini
1355 4110 1407 4153 et
1441 4112 1538 4152 vos
1560 4098 1628 4151 ³⁷.
1671 4115 1689 4147 ι
1731 4096 1968 4151 Dilatare

386 4210 514 4268 ergo
550 4209 647 4251 cor
678 4202 924 4263 Oportet,
964 4201 1219 4262 tanquam
1261 4189 1399 4249 Deo.
1434 4196 1484 4242 et
1527 4202 1693 4258 prope
1728 4196 1965 4242 mentem

386 4293 743 4359 disrumpere,
775 4297 833 4340 ut
866 4284 1009 4353 quod
1038 4283 1152 4351 ejus
1183 4291 1283 4347 est,
1314 4282 1562 4352 recipiat.
1590 4279 1723 4335 Nam
1756 4279 1964 4334 moesti-

389 4383 519 4436 tiam
554 4380 787 4451 ﬁngere,
826 4378 995 4447 ruptis
1031 4376 1228 4430 frustra
1266 4391 1328 4428 ac
1367 4385 1568 4429 temere
1598 4373 1965 4437 vestimentis,

2072 2089 2340 2161 σωτηρίαν
2376 2091 2861 2163 ἀναμεταμέλητον
2899 2090 3319 2161 κατεργάζεται.
3362 2109 3381 2143 ι
3409 2091 3663 2163 Μακαρί-

2070 2180 2149 2245 (at
2179 2181 2236 2234 δὲ
2266 2181 2359 2235 καὶ
2388 2182 2550 2244 αὐτὸς
2581 2185 2608 2236 6
2660 2182 2896 2253 Χριστὸς
2943 2200 2962 2232 ι
2995 2182 3124 2245 τοὺς
3162 2182 3523 2246 πενθοῦντας,
3570 2184 3662 2237 ὅτι

2071 2276 2224 2329 αὐτοὶ
2257 2276 2793 2347 παρακληθήσονται.
2836 2296 2855 2326 ι
2890 2277 2999 2330 Καὶ
3024 2276 3129 2348 μὴν
3151 2278 3246 2329 καὶ
3270 2275 3299 2328 6
3328 2276 3489 2345 σοφὸς
3522 2278 3664 2347 ἡμῖν

2070 2365 2320 2436 Σολομῶν
2342 2365 2583 2419 τοιοῦτόν
2615 2367 2668 2419 τί
2701 2384 2864 2437 φησιν
2894 2368 3327 2437 αἰνιγματωδῶς·
3363 2385 3381 2419 ι
3426 2368 3665 2437 Ἀγαθὸν

2068 2458 2129 2510 τὸ
2162 2458 2494 2529 πορευθῆναι
2519 2461 2599 2523 εἰς
2624 2455 2772 2513 οἰκον
2791 2459 3041 2524 πένθους,
3070 2460 3103 2529 ἢ
3136 2460 3197 2513 τὸ
3218 2458 3547 2531 πορευθῆναι
3574 2461 3665 2526 εἰς

2070 2544 2219 2602 οἰκον
2256 2536 2443 2603 πότου.
2489 2569 2506 2601 ι
2538 2550 2685 2621 Πλὴν
2738 2551 2913 2605 ἐκεῖνο
2962 2551 3276 2621 περιαθρεῖν
3320 2551 3665 2620 ἀναγκαῖον,

2071 2642 2171 2710 ὅση
2200 2658 2283 2705 τις
2306 2641 2422 2693 ἐστὶ
2452 2642 2551 2712 τῆς
2576 2642 2827 2712 νηστείας
2876 2645 2908 2712 ἡ
2957 2642 3210 2713 δύναμις.
3248 2642 3538 2713 Ἐξημεροῖ
3561 2643 3669 2696 τὸν

2068 2732 2365 2803 Δεσπότην,
2398 2733 2714 2797 κατευνάζει
2747 2734 2846 2804 τὴν
2897 2734 3086 2805 ὀργὴν,
3127 2734 3421 2806 ἀνατρέπει
3444 2735 3543 2806 τὴν
3572 2735 3672 2788 κό-

2069 2822 2242 2877 λασιν.
2286 2823 2543 2886 Ἑαυτοὺς
2572 2823 2681 2895 γὰρ
2710 2822 3064 2893 αἰκιζόμενοι,
3102 2825 3381 2895 μονονουχὶ
3403 2824 3672 2895 ἀγριαίν-

2069 2931 2216 2978 οντα,
2264 2913 2359 2967 καὶ
2384 2914 2749 2984 λελυττηκότα
2778 2915 2868 2968 τὸν
2893 2914 3033 2968 θεῖον
3066 2914 3187 2967 καθ’
3214 2915 3371 2985 ἡμῶν
3412 2911 3469 2969 εὖ
3507 2916 3669 2986 μάλα

2067 3005 2426 3076 δυσωποῦμεν
2455 3005 2647 3075 θυμὸν,
2681 3005 2775 3058 καὶ
2803 3005 2900 3077 τὴν
2927 3009 3085 3077 χεῖρα
3127 3006 3221 3060 τοῦ
3254 3006 3669 3073 καταπαίοντος

2068 3095 2303 3158 εὐκόλως
2336 3094 2715 3164 συστέλλομεν.
2754 3096 2815 3148 Εἰ
2858 3096 2969 3166 γάρ
3014 3098 3161 3151 ἐστιν
3191 3097 3412 3169 ἀληθὲς,
3446 3100 3530 3152 ὅτι
3566 3102 3671 3154 καὶ

2070 3187 2229 3256 μόνον
2267 3185 2659 3255 ὁμολογοῦντες
2709 3186 2809 3250 τὰς
2860 3188 3135 3257 ἁμαρτίας
3188 3189 3672 3260 κατοικτείροντος

2066 3273 2201 3328 Θεοῦ
2239 3274 2615 3346 δικαιούμεθα,
2648 3275 2764 3338 πῶς
2796 3274 2861 3329 ἂν
2897 3276 3189 3331 ὲνδοιόισειέ
3224 3296 3309 3342 τις
3347 3280 3428 3333 ὅτι
3456 3282 3572 3344 τοῖς
3606 3282 3672 3348 ἐξ

2068 3367 2350 3437 ἀσκήσεως
2408 3370 2589 3431 πόνοις
2629 3368 2857 3431 ἑαυτοὺς
2914 3370 3343 3440 κατατήκοντες,
3390 3372 3485 3425 καὶ
3541 3369 3672 3428 οἷον

2067 3458 2342 3521 αἰτοῦντες
2367 3458 2541 3525 δίκας,
2576 3459 2728 3530 παρὰ
2759 3459 2894 3513 Θεοῦ
2941 3461 3048 3513 τῶν
3085 3462 3491 3533 ἡμαρτημένων
3528 3482 3671 3538 κερ·

2066 3550 2328 3621 δινοῦμεν
2360 3551 2459 3621 τὴν
2499 3553 2725 3620 ἄφεσιν;
2770 3552 2992 3605 Πενθεῖν
3015 3549 3107 3607 οὖν
3128 3554 3237 3624 ἄρα
3270 3555 3504 3622 κελεύει,
3563 3559 3672 3612 καὶ

2066 3642 2456 3715 διαρῤηγνῦναι
2499 3646 2661 3712 σφᾶς,
2698 3645 2901 3716 ἥκιστα
2930 3644 3030 3714 μὲν
3053 3645 3121 3699 τὰ
3157 3646 3356 3716 ἄμφια,
3390 3647 3674 3702 διαπτύσ-

2070 3752 2182 3788 σειν
2210 3736 2265 3788 δὲ
2298 3734 2499 3806 μᾶλλον
2542 3736 2747 3805 νοητῶς
2797 3736 2897 3807 τὴν
2950 3737 3175 3807 καρδίαν
3225 3737 3323 3809 τὴν
3353 3739 3534 3809 ἀπηνῆ
3563 3743 3674 3796 καὶ

2076 3825 2453 3895 πεπιλημένην
2508 3827 2587 3889 εἰς
2639 3826 2704 3896 ἥν
2760 3828 2790 3879 ὁ
2848 3826 2988 3891 θεῖος
3020 3826 3119 3880 οὐκ
3147 3827 3412 3882 εἰσδύεται
3467 3828 3666 3897 φόϐος.

2082 3915 2414 3969 Ἐπιστέλλει
2472 3911 2564 3970 οὖν
2621 3917 2928 3987 Κορινθίοις
2980 3919 3007 3970 6
3046 3916 3289 3981 Παῦλος·
3344 3938 3363 3971 ι
3396 3920 3469 3973 Οὐ
3527 3937 3668 3975 στε-

2069 4009 2393 4079 νοχωρεῖσθε
2430 4012 2487 4062 ὲν
2514 4012 2673 4080 ἡμῖν,
2696 4010 3117 4082 στενοχωρεῖσθε
3150 4011 3204 4065 δὲ
3230 4014 3288 4064 ὲν
3313 4014 3425 4076 τοῖς
3446 4012 3667 4084 σπλάγ-

2070 4116 2214 4169 χνοις
2270 4100 2440 4170 ὑμῶν.
2482 4100 2592 4171 Τὴν
2628 4102 2683 4155 δὲ
2734 4103 2904 4173 αὐτὴν
2954 4102 3301 4173 ἀντιμισθίαν
3336 4104 3412 4167 ὼς
3442 4105 3667 4171 τέκνοις

2069 4192 2229 4260 λέγω,
2249 4192 2585 4262 πλατύνθητε
2605 4194 2697 4246 καὶ
2713 4195 2888 4263 ὑμεῖς,
2904 4212 2921 4245 ι
2940 4194 3060 4265 Χρὴ
3072 4191 3163 4249 οὖν
3184 4195 3291 4266 ἄρα
3305 4196 3668 4267 κατευρύνειν

2075 4282 2174 4353 μὲν
2204 4282 2393 4352 ὥσπερ
2417 4284 2535 4353 Θεῴ
2567 4284 2664 4354 τὴν
2700 4284 2946 4355 καρδίαν,
2974 4287 3068 4338 καὶ
3101 4288 3382 4357 μονονουχὶ
3413 4287 3506 4340 τὸν
3529 4289 3666 4343 νοῦν

2072 4372 2522 4443 περιρρηγνῦναι,
2586 4375 2651 4426 ἵν’
2678 4374 2977 4441 εἰσδέξαιτο
3024 4376 3083 4428 τὸ
3136 4376 3323 4431 αὐτοῦ.
3362 4378 3668 4449 Τοιγάρτοι

388 4473 522 4527 nihil
556 4471 661 4525 illis
720 4469 983 4540 profuerit
1022 4468 1113 4535 qui
1150 4466 1199 4519 id
1237 4465 1480 4520 fecerint.
1510 4463 1624 4517 Non
1654 4463 1759 4518 vile
1788 4471 1965 4517 autem

2078 4466 2407 4520 πλάττεσθαι
2446 4467 2639 4536 λύπην,
2676 4468 3216 4538 καταρῤηγνυμένων
3251 4471 3374 4541 εἰκῇ
3412 4471 3506 4524 καὶ
3549 4474 3668 4542 μά·

388 4566 596 4621 lucrum
636 4560 959 4632 apportabit,
1002 4559 1215 4627 aperire
1256 4571 1349 4611 cor
1391 4555 1524 4621 Deo,
1563 4564 1616 4609 et
1658 4554 1767 4609 illic
1806 4569 1961 4624 repo-

389 4672 517 4711 nere
544 4654 688 4726 quod
710 4652 783 4707 illi
809 4650 1011 4721 placet;
1037 4649 1301 4704 condncet
1346 4648 1489 4701 enim
1517 4662 1601 4701 res
1623 4646 1686 4699 ad
1712 4644 1962 4700 salutem.

390 4747 504 4801 Non
546 4757 721 4803 autem
769 4759 865 4813 spe
907 4758 1001 4797 sua
1043 4743 1292 4810 lapsuros
1338 4738 1650 4806 suppliciter
1691 4746 1963 4808 rogantes,

388 4838 650 4907 propheta
710 4836 1023 4900 conﬁrmat,
1061 4831 1313 4903 inquiens
1360 4829 1639 4882 Dominum
1683 4828 1962 4882 universo-

390 4944 509 4984 rum
540 4943 659 4984 esse
687 4927 1001 4999 benignum,
1032 4936 1089 4982 et
1118 4923 1297 4977 multa:
1330 4921 1744 4985 misericordia,
1775 4929 1829 4973 et
1858 4919 1963 4971 mi-

391 4998 706 5084 seratorem,
728 5030 786 5074 et
815 4998 1037 5083 bonum,
1066 5025 1115 5071 et
1146 5014 1497 5085 pmniteutem
1528 5026 1690 5083 super
1717 5009 1961 5065 malitiis.

390 5108 524 5163 Nam
566 5109 667 5163 etsi
714 5118 1029 5179 peccatores
1072 5105 1309 5175 afﬂigere
1347 5103 1594 5173 cmperit,
1638 5111 1814 5157 tamen
1860 5114 1964 5154 non

392 5200 482 5263 diu
527 5207 648 5267 post
695 5196 945 5260 lenietur,
986 5194 1249 5263 facileque
1298 5194 1362 5248 ad
1412 5193 1799 5262 benignitatem
1847 5205 1968 5246 sese

395 5284 707 5342 transferet.
752 5283 864 5338 lloc
901 5291 1029 5353 puto
1072 5296 1191 5335 esse
1234 5300 1252 5333 ι
1301 5282 1568 5351 ptenitere
1610 5297 1772 5352 super
1810 5281 1965 5335 mali-

394 5381 504 5437 tiis.
541 5398 560 5433 ι
598 5379 834 5446 Salutem
865 5387 1026 5443 porro
1058 5373 1487 5443 desperantibus,
1522 5374 1779 5443 propheta
1817 5372 1964 5427 utili-

396 5484 475 5528 ter
497 5470 852 5541 cogitationes
872 5475 925 5520 et
948 5464 1172 5519 consilia
1199 5465 1412 5531 pmpria
1441 5464 1759 5532 prmcidcns,
1784 5482 1801 5515 ι
1834 5465 1965 5530 Quis

2083 4572 2202 4624 την,
2243 4558 2485 4625 ὀνήσειεν
2527 4557 2591 4610 ἂν
2626 4558 2778 4611 οὐδὲν
2815 4559 2941 4622 τοὺς
2974 4560 3132 4613 τοῦτο
3164 4560 3296 4631 δρᾷν
3323 4562 3663 4632 ᾑρημένους.

2088 4647 2393 4719 Ἐμποιήσῃ
2430 4648 2472 4699 δ’
2525 4648 2590 4700 ἂν
2637 4651 2697 4701 οὐ
2743 4649 2916 4720 βραχύ
2944 4651 3003 4703 τὸ
3034 4652 3222 4722 κέρδος
3250 4654 3310 4706 τὸ
3342 4654 3666 4722 ἀνοιγνύναι

2074 4740 2322 4809 καρδίαν,
2348 4741 2439 4793 καὶ
2468 4740 2884 4795 ὲναποτίθεσθαι
2912 4742 2973 4795 τὸ
2994 4742 3182 4795 δοκοῦν
3205 4743 3280 4812 τῷ
3314 4744 3456 4816 Θεῷ.
3503 4748 3668 4802 Ἀπο-

2075 4834 2255 4902 κομιεῖ
2282 4833 2387 4902 γὰρ
2430 4832 2490 4885 τὸ
2537 4833 2724 4904 χρῆμα
2776 4834 2909 4905 πρὸς
2944 4836 3239 4907 σωτηρίαν.
3284 4838 3407 4891 Ὅτι
3454 4839 3511 4893 δὲ
3554 4842 3667 4895 οὐκ

2074 4922 2458 4987 ἀποτεύξονται
2526 4924 2620 4976 τοῦ
2685 4926 2891 4979 σκοποῦ
2949 4928 3262 4997 ποιούμενοι
3308 4929 3406 4993 τὰς
3467 4930 3663 4998 λιτὰς,

2072 5014 2299 5086 ὲμπεδοῖ
2351 5017 2545 5085 λέγων,
2600 5018 2676 5081 ὼς
2729 5018 2813 5088 εἴη
2846 5018 3131 5089 μὲνὸτῶν
3182 5020 3319 5075 ὅλων
3375 5024 3668 5098 Δεσπότης

2073 5106 2451 5177 φιλάνθρωπός
2473 5125 2550 5173 τε,
2573 5111 2665 5164 καὶ
2687 5110 2948 5179 φιλέλεος,
2968 5112 3287 5183 οἰκτίρμων,
3310 5114 3403 5168 καὶ
3426 5116 3666 5184 ἀγαθὸς,

2074 5193 2168 5248 καὶ
2199 5196 2475 5265 μετανοῶν
2499 5198 2590 5250 ἐπὶ
2623 5202 2741 5263 ταῖς
2776 5199 3015 5262 κακίαις.
3042 5200 3105 5254 Εἰ
3130 5202 3239 5274 γὰρ
3270 5202 3335 5273 δὴ
3361 5206 3451 5257 καὶ
3480 5206 3668 5261 ἕλοιτο

2075 5286 2275 5341 κακοῦν
2298 5291 2419 5351 τοὺς
2440 5292 2849 5361 ἡμαρτηκότας,
2875 5291 2987 5344 ἀλλ’
3026 5290 3120 5346 οὖν
3153 5294 3307 5348 ἔσται
3334 5298 3530 5367 πρᾶος,
3562 5301 3668 5355 καὶ

2073 5380 2173 5432 οὐκ
2193 5380 2249 5442 ἐς
2284 5380 2520 5451 μακράν.
2564 5384 2885 5454 Μεταχωρεῖ
2909 5384 3017 5456 γὰρ
3052 5386 3292 5450 εὐκόλως
3332 5390 3427 5442 ἐπὶ
3448 5390 3509 5443 τὸ
3533 5389 3668 5459 βου-

2072 5468 2322 5525 λεύεσθαι
2346 5472 2412 5525 τὰ
2440 5474 2671 5545 χρηστά.
2701 5473 2870 5527 Τοῦτο
2894 5471 3033 5530 εἷναί
3064 5494 3207 5547 φημι
3228 5479 3288 5532 τὸ
3328 5498 3346 5532 ι
3373 5483 3666 5551 μετανοεῖν

465 5648 507 5679 ν³
562 5650 604 5706 ιι
660 5652 781 5707 Cor.
823 5667 916 5719 vn,
955 5648 1036 5703 l0.
1094 5648 1137 5679 "
1169 5645 1354 5700 Matth.
1411 5661 1460 5711 ν,
1510 5645 1559 5697 5.
1639 5646 1682 5677 ’⁸
1722 5646 1893 5704 Ecclc.
1964 5667 1965 5671 π

2092 5653 2143 5708 ’5.
2220 5656 2265 5687 ⁹⁶
2331 5656 2542 5711 lJoan.
2598 5673 2633 5723 ι,
2683 5658 2733 5711 9.
2810 5658 2851 5687 ⁵⁷
2894 5656 2934 5711 ιι
2993 5660 3113 5714 Cor.
3154 5676 3230 5729 vi,
3296 5661 3375 5727 l2,
3434 5662 3521 5718 l3.
