3898 6212
293 284 390 342 565

291 402 378 455 ἐπὶ
412 401 536 465 ταῖς
595 399 838 466 κακίαις.
868 420 886 453 ι
943 400 1413 473 Ύποτεμνόμενος
1438 402 1494 457 δὲ
1524 402 1810 473 χρησίμως
1836 402 1865 453 ό
1894 437 1941 492 Α

292 494 575 564 προφήτης
605 494 715 547 τῶν
737 496 836 566 τήν
858 495 1130 567 σωτηρίαν
1152 495 1551 563 ἀπεγνωκότων
1571 495 1632 547 τὸ
1664 494 1866 547 εἰκαιό-

292 583 498 648 6ουλον,
522 602 541 634 ι
578 584 675 647 Τίς
696 580 1065 655 οῖδερφησὶν,
1096 605 1114 638 ι
1139 587 1189 640 εί
1221 586 1565 658 μετανοήσει,
1600 584 1694 639 καὶ⁸
1741 586 1867 637 imo-

288 675 518 744 λήψεται
546 675 721 729 ὀπίσω
746 677 910 730 αὐτοῦ
932 679 1182 747 εὐλογίαν
1208 694 1222 743 ;
1263 697 1281 730 ι
1309 678 1403 732 καὶ
1434 676 1504 731 τὰ
1524 678 1671 749 ἑξῆς.
1699 677 1865 731 Τουτ-

288 766 423 823 ἐστι.
452 766 618 821 δώσει
638 770 750 832 τοῖς
774 768 1160 840 ἐπιστρέφουσι
1188 770 1250 823 τὸ
1280 770 1569 841 μετασχεῖν
1592 770 1861 839 εὐλογίαν,

288 858 425 914 ὥστε
458 862 556 915 καὶ
577 862 808 935 σπονδήν
851 864 946 917 καὶ
976 862 1168 920 Θυσίαν
1190 864 1469 920 ἀναθεῖναι
1494 865 1657 919 πάλιν
1714 864 1893 936 αὐτῷ,

290 954 565 1026 ριστήρια.

356 1045 711 1099 Σαλπίσατε
744 1045 1037 1118 σάλπιγγι
1077 1048 1146 1103 ἐν
1190 1048 1377 1117 Σιὼν,
1429 1049 1718 1120 ἁγιάσατε
1759 1065 1867 1117 νη-

283 1139 519 1201 στείαν,
548 1138 846 1208 κηρύξατε
894 1140 1236 1209 θεραπείαν,
1276 1140 1647 1211 συναγάγετε
1687 1142 1865 1207 λαὸν,

282 1229 574 1299 ἁγιάσατε
620 1232 1013 1299 Ἐκκλησίαν,
1042 1232 1375 1297 ἐκλέξασθε
1404 1231 1865 1301 πρεσϐυτέρους,

282 1321 581 1389 συνάγετε
614 1321 802 1389 νήπια
848 1322 1184 1390 θηλάζοντα
1224 1326 1511 1394 μαστούς.
1549 1324 1870 1389 Ἐξελθέτω

280 1414 545 1481 νυμφίος
593 1412 663 1466 ἐκ
710 1413 818 1467 τοῦ
874 1412 1178 1480 κοιτῶνος,
1235 1415 1333 1469 καί
1378 1416 1586 1485 νύμφη
1632 1415 1701 1468 ἐκ
1753 1414 1861 1469 τοῦ

280 1502 523 1559 παστοῦ
544 1503 754 1573 αὐτῆς.
801 1504 1127 1574 Ἀναμέσον
1162 1504 1272 1575 τῆς
1302 1507 1590 1574 κρηπίδος
1633 1505 1730 1559 καί
1754 1504 1859 1559 τοῦ

279 1595 719 1662 θυσιαστηρίου
770 1596 1142 1651 κλαύσονται
1188 1600 1243 1651 οι
1293 1597 1485 1665 ίερεῖς,
1512 1601 1565 1652 ot
1596 1600 1863 1667 λειτουρ-

1175 280 1723 338 COMMENTARIUS
1761 278 1826 333 IN
1872 278 2137 335 JOELEM
2177 280 2618 339 PROPHETAM.

3436 284 3540 339 566

1969 402 2169 469 novit,»
2191 402 2416 472 inquit,¢
2434 403 2479 458 si
2510 402 2789 474 paenitebit
2817 417 2961 468 eum,
2992 412 3044 459 et
3073 403 3306 459 dimittet
3334 412 3454 472 post
3479 419 3539 457 se

1969 494 2468 549 benedictionem?»
2486 505 2618 562 ctc.;
2643 495 2695 549 id
2721 504 2821 559 cst,
2849 494 2994 549 dabit
3019 492 3455 549 convertentibus
3481 506 3540 547 se

1969 584 2353 641 benedictionis
2384 585 2500 641 fieri
2538 586 2860 656 participes,
2892 596 2949 639 ut
2981 585 3209 639 libamen
3242 595 3297 640 et
3327 583 3540 638 sacrillo

1969 674 2109 730 cium
2139 675 2331 730 iterum
2360 675 2459 746 ipsi
2487 676 2683 732 olTerre
2708 685 2927 744 queant,
2953 674 3254 746 gaudioqne
3278 684 3330 730 et
3356 674 3538 730 laetitia

1974 767 2312 823 exsultantes
2340 767 2633 836 gratiarum
2663 769 2903 823 actiones
2930 767 3235 822 decantent.

1930 862 2220 936 χαίροντας
2253 879 2311 916 τε
2345 862 2441 916 καὶ
2497 862 2957 933 εὐφραινομένους
2980 861 3291 934 ἀναμέλψαι
3327 861 3395 915 τὰ
3440 878 3539 932 χα-

2036 1040 2200 1111 220
2245 1037 2408 1093 Vsus.
2438 1036 2621 1092 15-17.
2654 1035 2892 1107 Clangite
2920 1039 3043 1094 tuba
3074 1039 3129 1093 in
3162 1037 3313 1108 Sion,
3339 1045 3537 1098 sancti.

1966 1132 2118 1200 ﬁcate
2134 1129 2416 1200 jejunium,
2439 1127 2721 1195 prwdicate
2744 1129 3087 1196 curationem,
3110 1142 3416 1202 congregate
3437 1150 3539 1201 pa-

1965 1222 2163 1291 pnlum,
2183 1220 2507 1288 sanctiﬁcate
2528 1220 2836 1285 Ecclesiam,
2855 1221 3028 1292 eligite
3048 1224 3297 1288 seniores,
3313 1239 3532 1293 congre-

1966 1324 2084 1383 gate
2115 1310 2358 1381 parvulos
2391 1321 2627 1381 sugentes
2662 1311 2844 1366 ubera.
2876 1311 3195 1382 Egrediatur
3219 1329 3437 1381 sponsus
3470 1314 3535 1365 de

1968 1405 2129 1458 cubili
2163 1421 2278 1470 suo,
2312 1414 2359 1459 et
2395 1422 2588 1474 sponsa
2622 1406 2685 1460 de
2718 1408 2949 1462 thalamo
2980 1423 3097 1461 suo.
3134 1405 3281 1462 Inter
3312 1410 3537 1478 crepidi-

1966 1513 2081 1550 nem
2116 1505 2166 1550 et
2198 1498 2366 1551 altare
2397 1498 2675 1567 plorabant
2710 1501 3009 1554 sacerdotes
3046 1499 3398 1554 ministrantes
3434 1500 3541 1553 Do-

1967 1588 2130 1653 mino,
2164 1598 2211 1641 et
2249 1589 2418 1642 dicent
2453 1605 2472 1643 :
2506 1588 2695 1654 Parce,
2730 1590 2973 1655 Domine,
3008 1590 3200 1661 populo
3242 1601 3355 1655 tuo,
3386 1600 3436 1646 et
3478 1608 3541 1645 ne

278 1684 534 1752 γοῦντες
576 1686 793 1755 Κυρίῳ,
825 1686 922 1741 καὶ
955 1688 1222 1755 ἐροῦσινο
1264 1688 1492 1755 Φεῖσαι,
1521 1690 1716 1757 Κύριε,
1757 1688 1855 1743 τοῦ

1966 1678 2055 1732 des
2084 1676 2439 1731 hereditatem
2470 1688 2615 1731 tuam
2648 1680 2700 1732 in
2730 1678 3086 1747 opprobrium,
3120 1690 3177 1733 ut
3206 1683 3542 1736 dominentur

275 1775 432 1829 λαοῦ
467 1791 587 1829 σου
613 1816 629 1841 ,
688 1778 785 1830 καί
828 1778 914 1848 μὴ
962 1777 1081 1844 δῷς
1136 1778 1251 1847 τὴν
1292 1781 1699 1849 κληρονομίαν
1746 1794 1862 1835 σου

288 1871 373 1933 εἱς
436 1867 671 1935 ὄνειδος
717 1868 825 1923 τοῦ
893 1868 1181 1937 κατάρξαι
1222 1870 1421 1924 αὐτῶν
1466 1870 1644 1939 ἔθνη,
1702 1870 1863 1937 ὅπως

270 1958 351 2026 μὴ
386 1958 653 2012 εἴπωσιν
691 1959 761 2012 ἐν
802 1958 927 2023 τοῖς
969 1958 1197 2025 ἔθνεσι,
1238 1959 1365 2015 Ποῦ
1411 1960 1584 2014 ἐστιν
1629 1962 1663 2014 ό
1717 1960 1863 2027 Θεὸς

273 2050 478 2107 αὐτῶν
494 2048 514 2113 ξ

340 2141 629 2196 κη’-κοί.
653 2142 995 2213 Διανίστησιν
1038 2138 1097 2195 εὖ
1127 2142 1274 2214 μάλα
1298 2144 1391 2199 καὶ
1424 2141 1513 2197 διὰ
1530 2142 1733 2198 τούτων
1763 2144 1861 2197 αὐ-

272 2235 400 2296 τοὺς
438 2234 520 2295 είς
576 2233 938 2302 μετάγνωσιν,
991 2233 1086 2286 καὶ
1146 2234 1346 2304 τρόπον
1399 2234 1586 2288 οὐδένα
1645 2234 1745 2305 τῆς
1780 2235 1861 2298 είς

276 2327 439 2379 τοῦτο
473 2325 710 2394 σπουδῆς
760 2325 1199 2395 ἀνεπιτήδευτον,
1239 2328 1334 2398 ὲᾷν
1366 2326 1643 2380 ἐπιτάττει
1668 2326 1858 2397 χρησί-

275 2435 413 2488 μως.
440 2418 563 2469 Δεῖν
578 2416 685 2486 γάρ
724 2416 826 2486 ἔφη
848 2417 1085 2489 λαμπρῷ
1112 2419 1205 2471 καὶ
1228 2418 1518 2491 διαπρεπεῖ
1542 2419 1858 2491 κηρύγματι

274 2508 684 2579 κεχρημένους,
714 2510 963 2576 ἀγιάζειν
991 2511 1089 2580 μὲν
1123 2511 1397 2582 νηστείαν,
1426 2512 1662 2583 κηρύξαι
1689 2512 1745 2565 δὲ
1772 2511 1858 2566 θε-

275 2601 536 2669 ραπείαν,
587 2602 681 2653 καὶ
743 2601 1084 2670 συναγείρειν
1112 2602 1169 2654 ἐν
1213 2603 1514 2674 Ἐκκλησία
1541 2605 1665 2667 τοὺς
1698 2602 1858 2674 θερα-

272 2694 402 2746 πεύε
414 2713 465 2746 ιν
494 2693 831 2761 ὀφείλοντας,
867 2693 1023 2764 δῆλον
1054 2693 1111 2746 δὲ
1134 2694 1218 2747 ὅτι
1238 2692 1613 2764 λελυπημένον
1636 2693 1728 2747 τὸν
1748 2692 1856 2747 τῶν

271 2786 407 2838 ὅλων
450 2786 611 2837 Θεόν.
645 2780 769 2837 Εἶεν
806 2785 849 2837 δ’
872 2786 938 2838 ἂν
974 2780 1119 2839 οὗτοι
1143 2785 1435 2849 νεανίσκοι,
1455 2786 1548 2839 καὶ
1574 2785 1853 2857 παρθένοι,

271 2876 647 2949 πρεσϐύτεροι
684 2876 825 2947 μετά
850 2877 1155 2947 νεωτέρων,
1190 2878 1361 2948 νήπιά
1391 2895 1448 2930 τε
1484 2878 1622 2948 πρὸς
1648 2878 1857 2943 τούτοις

266 2968 565 3032 ἀρτιγενῆ,
604 2968 699 3021 καὶ
725 2967 1005 3032 ὐπότιτθα,
1053 2970 1148 3021 καὶ
1177 2968 1282 3032 μὴν
1314 2969 1408 3022 καὶ
1451 2969 1706 3032 νυμφίοι,
1758 2969 1856 3024 καὶ

304 2968 565 3037 ρτιγενῆ,
604 2968 699 3021 καὶ
725 2968 1005 3033 ὐπότιτθα,
1053 2970 1148 3021 καὶ
1177 2968 1282 3039 μὴν
1314 2969 1408 3022 καὶ
1451 2969 1706 3039 νυμφίοι,
1758 2969 1856 3024 καὶ
1880 3012 1926 3074 Γ
1957 2968 2232 3022 coronatis
2270 2979 2643 3034 excurrentcs,
2680 2978 2737 3023 et
2779 2969 3031 3024 lectulum
3078 2971 3344 3040 genialem
3385 2972 3535 3028 dese-

304 3060 576 3131 ρτίγαμοι
627 3058 805 3129 κόραι,
836 3059 979 3129 τάχα
1010 3076 1113 3112 που
1144 3059 1597 3129 κατεστεμμένων
1640 3059 1719 3113 ἔτι
1750 3076 1853 3114 πα·
1907 3051 1927 3076 ⁴
1960 3068 2163 3123 rentes,
2193 3058 2627 3129 voluptatemque
2652 3068 2705 3113 et
2733 3059 2919 3129 epulas
2944 3060 3320 3131 despicientes,
3347 3071 3402 3116 et
3427 3062 3535 3116 vita

267 3060 576 3131 ἀρτίγαμοι
627 3058 805 3129 κόραι,
836 3059 979 3129 τάχα
1010 3076 1113 3112 που
1144 3059 1597 3129 κατεστεμμένων
1640 3059 1719 3113 ἔτι
1750 3076 1853 3114 πα-

270 3151 414 3205 στῶν
439 3150 755 3214 ὲκθέουσαι,
806 3150 901 3202 καὶ
945 3149 1252 3219 γαμηλίους
1288 3150 1448 3213 εὐνάς
1484 3149 1813 3220 ἀρνούμεναι
1836 3191 1852 3217 ,

268 3243 484 3313 τρυφῆς
514 3258 600 3307 τε,
630 3242 727 3294 καὶ
754 3240 916 3294 πότου
942 3240 1045 3292 ὐπε
1056 3239 1311 3311 ρορῶσαι,
1342 3241 1437 3293 καὶ
1456 3239 1855 3310 ἀλλασσόμεναι

268 3332 361 3404 τὴν
424 3331 859 3403 σκληραγωγίαν
925 3331 1155 3403 (κρότου
1214 3331 1710 3403 περιεσταλμένου,
1760 3332 1856 3385 καί⁵

268 3424 540 3493 ᾀσμάτων
577 3422 951 3493 ἠρεμούντων,
994 3425 1089 3477 καὶ
1116 3423 1421 3496 εὐφημιῶν,
1450 3423 1515 3487 ἃς
1564 3422 1684 3487 ἐθος
1712 3424 1854 3477 τισὶν

270 3516 538 3569 ἀνάπτειν
559 3514 769 3568 ἐσθ’ὅτε
786 3519 898 3579 τοῖς
915 3517 1303 3587 γεγαμηκόσι),
1318 3516 1414 3569 καὶ
1440 3514 1575 3585 όμοῦ
1598 3516 1853 3586 νυμφίοις

268 3605 693 3676 ὀλοφυρόμεναι.
739 3606 852 3660 Καὶ
887 3608 995 3677 γάρ
1022 3608 1171 3661 ἐστιν
1215 3606 1414 3678 ἀληθὲς
1461 3607 1597 3677 ὅπερ
1626 3605 1730 3678 ἔφη
1767 3623 1855 3671 τις

268 3695 370 3747 τῶν
412 3694 552 3765 παρ’
589 3697 722 3765 ἡμῖν
759 3697 957 3766 σοφῶν·
996 3698 1285 3750 (Μουσικά
1304 3698 1361 3750 ὲν
1386 3697 1591 3761 πένθει,
1624 3696 1853 3767 ἄκαιρος

268 3786 1012 3858 διήγησις.ιῈπηρτημὲνης
1040 3789 1103 3859 δὴ
1151 3785 1243 3843 οὖν
1294 3790 1426 3860 ἡμῖν
1463 3788 1611 3852 Θείας
1642 3787 1813 3860 ὀργῆς
1834 3828 1849 3853 ,

270 3878 487 3931 πενθεῖν
536 3878 869 3945 ἀναγκαῖον,
917 3880 1041 3949 οὐχὶ
1100 3880 1286 3943 πότοις
1341 3897 1400 3932 τε
1468 3880 1563 3933 καὶ
1619 3881 1852 3951 τρυφαῖς

268 3968 658 4039 ὲνευρύνεσθαι
692 3971 887 4039 φιλεῖν.
916 3972 1039 4023 Ὅτι
1077 3970 1186 4041 γάρ
1238 3971 1338 4023 οὐκ
1393 3971 1743 4041 ἀμοιρήσειεν
1784 3970 1851 4023 ἂν

275 4062 495 4129 μομφῆς
526 4077 610 4125 τε,
649 4063 742 4116 καὶ
769 4062 925 4132 δίκης
953 4062 1014 4115 τὸ
1035 4064 1136 4116 οὐκ
1181 4064 1240 4116 ἐν
1268 4063 1447 4134 καιρῷ
1481 4064 1715 4134 τρυφᾷν,
1756 4079 1851 4114 σα-

270 4154 452 4222 φηνιεῖ
480 4169 570 4214 τις
590 4151 701 4205 τῶν
737 4153 908 4220 ἁγίων
940 4154 1255 4224 προφητῶν,
1285 4154 1459 4222 λέγων
1498 4153 1627 4223 περὶ
1652 4152 1760 4206 τῶν
1792 4152 1854 4218 ἐξ

278 4241 521 4312 Ἰσραήλ·
570 4260 587 4291 ι
610 4244 721 4297 Καὶ
750 4244 975 4297 ἐκάλεσε
998 4245 1198 4314 Κύριος
1222 4245 1448 4298 Σαϐαὼθ
1479 4246 1538 4298 ὲν
1570 4247 1634 4315 τῇ
1664 4245 1850 4317 ἡμέρᾳ

1964 1784 2142 1821 eorum
2178 1779 2371 1838 gentes,
2405 1778 2461 1822 ut
2498 1786 2601 1824 non
2635 1770 2813 1823 dicant
2851 1771 2906 1824 in
2941 1772 3241 1827 nationibus
3273 1787 3291 1827 :
3325 1771 3426 1827 Ubi
3461 1782 3540 1827 est

1968 1858 2102 1913 Deus
2136 1874 2313 1914 eorum
2328 1861 2353 1913 .’

2029 2139 2467 2198 XXVIII-XXIX.
2510 2143 2683 2199 Etiam
2722 2144 2805 2200 bis
2828 2160 2921 2202 eos
2943 2146 3008 2199 ad
3030 2145 3401 2215 pmniteutiam
3452 2161 3540 2201 rc-

1960 2230 2198 2287 clissime
2214 2234 2581 2295 exsuscitat,et
2602 2235 2786 2289 modos
2801 2251 2989 2291 omnes
3005 2235 3171 2291 inboc
3186 2237 3363 2292 studio
3377 2252 3544 2308 expe-

1962 2321 2054 2376 riri
2077 2322 2366 2379 salubriter
2390 2325 2650 2394 praecipit.
2665 2324 2927 2396 Oportere
2944 2328 3112 2393 enim,
3130 2328 3323 2397 inquit,
3343 2326 3541 2400 insigni

1958 2424 2014 2468 et
2039 2416 2320 2470 excellenti
2342 2416 2745 2473 denuntiatione
2766 2418 3004 2473 adhibita
3036 2421 3376 2475 sanctilicare
3395 2420 3541 2490 jeju-

1958 2506 2127 2571 nium,
2154 2508 2447 2575 praedicare
2473 2511 2833 2575 curationem,
2851 2518 3246 2581 etcongregare
3272 2512 3324 2567 in
3355 2510 3541 2567 Eccle-

1957 2597 2114 2662 siam,
2133 2599 2223 2666 qui
2248 2599 2411 2653 Deum
2431 2598 2693 2654 offensum
2717 2602 3029 2670 prepittent,
3051 2616 3242 2671 nempe
3308 2601 3538 2671 juvenes

1956 2699 2007 2745 et
2040 2692 2310 2761 virgines,
2343 2706 2502 2746 senes
2536 2708 2657 2746 cum
2686 2694 2992 2762 junioribus
3016 2693 3085 2759 ",
3182 2694 3416 2749 infantes
3452 2695 3537 2748 in-

1956 2799 2118 2853 super
2142 2786 2301 2840 modo
2330 2786 2539 2854 genitos
2563 2786 2606 2849 ¹,
2633 2795 2684 2840 et
2716 2786 2892 2840 adhuc
2922 2787 3023 2841 sub
3053 2787 3239 2851 ubere,
3272 2798 3535 2857 praeterea

1955 2891 2182 2947 sponsos
2208 2886 2263 2933 et
2291 2893 2458 2933 novas
2489 2889 2701 2949 nuptas,
2732 2881 2982 2935 nimirum
3008 2896 3039 2936 e
3071 2882 3323 2937 thalamis
3354 2883 3534 2938 adhuc

1957 2967 2232 3022 coronatis
2270 2979 2643 3034 excurrentcs,
2680 2978 2737 3023 et
2779 2969 3031 3024 lectulum
3078 2971 3344 3040 genialem
3385 2972 3539 3028 dese-

1959 3152 2255 3207 austeriore
2284 3162 2674 3206 commutantes
2705 3152 2927 3222 (plausu
2962 3166 3295 3221 compresso,
3325 3154 3538 3223 epitba-

1959 3239 2136 3296 lamiis
2175 3240 2478 3305 silentibus,
2516 3250 2569 3295 et
2609 3241 2764 3295 bonis
2804 3242 3095 3306 ominibus,
3136 3244 3330 3311 quibus
3371 3258 3536 3298 novus

1958 3332 2215 3402 conjuges
2238 3333 2455 3402 quidam
2486 3332 2737 3401 prosequi
2765 3333 2987 3400 solent),
3013 3338 3067 3385 et
3092 3348 3194 3385 una
3220 3348 3339 3386 cum
3367 3346 3527 3401 spon~

1956 3426 2033 3481 sis
2076 3426 2452 3480 lamentantes.
2492 3422 2688 3477 Verum
2754 3422 3018 3490 siquidem
3069 3438 3207 3477 unus
3253 3438 3283 3478 e
3333 3424 3532 3478 nostris

1956 3514 2293 3583 sapientibus
2322 3514 2457 3568 dixit
2485 3530 2502 3569 :
2539 3531 2559 3565 ι
2596 3511 2798 3566 Musica
2832 3512 2883 3565 in
2914 3510 3081 3577 luctu,
3111 3523 3195 3567 est
3226 3513 3496 3581 importun

1956 3605 2250 3660 narratio'.
2278 3623 2298 3656 ι
2323 3603 2674 3674 Opprimente
2698 3602 2860 3672 igitur
2878 3617 2977 3658 nos
3000 3604 3077 3657 ira
3099 3602 3297 3664 divina,
3323 3601 3528 3671 lugere,

1956 3710 2061 3749 non
2088 3695 2351 3750 conviviis
2372 3704 2426 3749 et
2449 3694 2658 3749 deliciis
2682 3694 2859 3748 soluto
2887 3693 3070 3748 animo
3095 3710 3288 3750 vacare
3314 3690 3533 3750 necesse

1952 3798 2054 3843 est.
2080 3787 2214 3842 Nam
2244 3787 2621 3857 intempestive
2648 3786 2777 3841 dare
2806 3800 3026 3855 operam
3052 3787 3330 3857 voluptati,
3358 3795 3410 3840 et
3444 3802 3531 3841 re-

1906 3878 1925 3885 "
1955 3881 2367 3950 prehensionem
2398 3890 2453 3937 et
2482 3896 2696 3951 poenam
2729 3881 2948 3945 mereri,
2980 3882 3198 3950 quidam
3231 3884 3296 3935 de
3324 3883 3529 3939 sanctis

1955 3974 2232 4042 prophetis
2259 3974 2515 4036 ostendit,
2545 3973 2630 4026 bis
2656 3972 2834 4026 verbis
2862 3972 2928 4027 de
2957 3972 3227 4025 Israelitis
3257 3972 3481 4041 loquens
3510 3991 3527 4027 ε
3622 3976 3625 3977 ⁷

1960 4084 1979 4117 ι
2018 4065 2083 4118 Et
2109 4065 2321 4119 vocavit
2356 4065 2612 4119 Dominus
2640 4062 2880 4117 Sabaoth
2911 4063 2963 4115 in
2992 4062 3080 4117 die
3112 4062 3198 4115 illa
3230 4061 3446 4128 ﬂetum,
3473 4074 3531 4119 et

1952 4154 2247 4223 planctum,
2272 4161 2325 4207 ct
2354 4154 2647 4218 calvitium,
2677 4162 2730 4207 et
2760 4153 3061 4207 cincturam
3092 4167 3397 4219 saccorum;
3428 4154 3529 4221 ipsi

1952 4256 2129 4301 autem
2156 4246 2396 4299 fecerunt
2418 4244 2680 4309 lmtiliam,
2708 4243 3052 4298 immolantes
3072 4243 3266 4298 vitulos
3288 4255 3340 4299 et
3363 4246 3530 4299 sacri-

265 4332 449 4403 ἐκείνῃ
501 4332 803 4404 κλαυθμὸν,
835 4335 927 4387 καὶ
972 4337 1237 4399 κοπετὸν,
1296 4337 1391 4389 καὶ
1443 4336 1701 4407 ξύρησιν,
1751 4336 1845 4389 καὶ

1958 4338 2177 4392 licantes
2203 4352 2359 4400 oves;
2391 4336 2461 4389 ita
2490 4345 2547 4389 ut
2580 4334 2927 4388 comederent
2955 4349 3166 4396 carnes.
3198 4346 3252 4389 et
3282 4336 3529 4389 biberent

266 4425 427 4489 ζῶσιν
465 4428 879 4493 σάκκων,αὐτοὶ
899 4430 956 4483 δε
979 4432 1305 4503 ἐποιήσαντο
1334 4431 1691 4501 εὐφροσύνας,
1708 4430 1843 4499 σφά-

263 4518 451 4583 ζοντες
488 4521 696 4592 μόσχου
712 4539 739 4585 ς
757 4562 772 4585 ,
797 4522 885 4574 καὶ
910 4522 1126 4585 θύοντες
1160 4522 1429 4594 πρόϐατα,
1454 4524 1547 4576 καὶ
1575 4522 1846 4590 λέγοντες·

262 4611 559 4681 ⁴ιὲιγωμεν,
591 4614 687 4665 καὶ
721 4613 955 4683 πίωμεν,
999 4613 1186 4687 αὐριον
1214 4614 1324 4683 γὰρ
1354 4612 1791 4687 ἀποθνήσκομεν.
1824 4632 1842 4666 ι

264 4703 541 4774 Ζητητέω
591 4700 685 4757 οὖν
744 4704 994 4777 θρήνους,
1052 4706 1147 4759 καὶ
1201 4705 1409 4776 δάκρυα
1464 4704 1850 4775 ὲπηρτημένης

262 4792 453 4863 ὀργῆς.
485 4793 599 4847 Καὶ
639 4794 936 4866 διερῤίφθω
980 4795 1157 4859 πότος.
1200 4799 1319 4849 Δεῖν
1364 4796 1421 4849 δέ
1454 4813 1617 4866 φησιν
1658 4799 1686 4849 ὁ
1714 4812 1848 4867 προ-

262 4886 439 4954 φήτης
468 4886 565 4937 καὶ
594 4886 725 4938 αὐτὸ
748 4890 856 4950 τοῖς
881 4887 1135 4941 πενθοῦσι
1170 4888 1230 4940 τὸ
1274 4888 1418 4959 ἱερὸν
1444 4887 1841 4941 ἀναπλέκεσθαι

261 4976 352 5026 καὶ
372 4977 679 5029 ἀπόλεκτον
729 4979 908 5046 γένος,
964 4980 1056 5033 καὶ
1081 4980 1144 5050 δὴ
1177 4982 1311 5050 πρὸς
1367 4981 1560 5042 αὐταῖς
1609 4983 1840 5050 κρηπῖσι

256 5065 348 5117 τοῦ
381 5066 538 5130 ναοῦ,
568 5069 662 5121 καὶ
683 5070 956 5140 ἀναμέσον
994 5070 1089 5123 τοῦ
1127 5070 1513 5141 θυσιαστηρίου
1559 5070 1841 5124 κατολολύ-

259 5155 370 5217 ζειν
403 5159 643 5224 ἐκτενῶς
678 5160 1114 5227 ἀνακωκύοντας,
1140 5163 1233 5215 καὶ
1270 5162 1547 5231 λέγοντας·
1586 5182 1604 5214 ι
1633 5163 1839 5228 Φεῖσαι,

258 5246 454 5317 Κύριε,
478 5250 576 5303 τοῦ
612 5250 742 5304 λαοῦ
780 5270 897 5319 σου,
934 5254 1030 5307 καὶ
1080 5255 1156 5325 μὴ
1201 5254 1306 5323 δῷς
1334 5253 1432 5325 τὴν
1482 5254 1845 5325 κληρονομίαν

257 5355 351 5392 σου
389 5344 472 5405 εἰς
502 5344 729 5409 ὄνειδος,
780 5346 875 5399 τοῦ
909 5346 1177 5418 κατάρξαι
1228 5345 1408 5399 αὐτῶν
1433 5345 1580 5417 ἔθνη,
1637 5346 1847 5417 μήποτε

251 5428 455 5485 εἴπωσι
491 5434 560 5487 τά
600 5434 752 5505 ἔθνη,
798 5436 909 5489 Ποῦ
962 5438 1156 5491 ἕστινὸ
1199 5436 1327 5500 Θεὸς
1385 5436 1598 5502 αὐτῶν;
1626 5454 1644 5487 ι
1706 5436 1846 5490 Ἀλλ’

250 5519 418 5591 εἴπερ
459 5524 621 5595 μόνον
650 5528 799 5598 αὐτῷ
841 5530 941 5601 τῆς
982 5530 1201 5600 ἀκρίδος
1247 5529 1405 5598 λόγος
1449 5526 1537 5599 ἦν,
1583 5528 1699 5591 πῶς
1728 5527 1848 5597 οὐχὶ

318 5704 369 5735 ⁹’
438 5703 576 5760 Psal.
611 5721 830 5771 chvnt,
887 5706 968 5759 12.
1050 5706 1066 5736 ¹
1123 5706 1140 5761 l
1200 5705 1342 5762 Petr.
1410 5721 1465 5770 ιι,
1506 5703 1560 5757 2.
1640 5705 1659 5734 ’
1708 5702 1871 5759 Eccli.

1950 4433 2171 4495 vinum,
2220 4430 2463 4482 dicentes
2508 4446 2522 4481 :
2575 4426 2937 4482 Comedamus
2981 4436 3036 4482 et
3084 4427 3359 4493 bibamus,
3405 4441 3528 4482 cras

1944 4523 2089 4576 enim
2139 4519 2457 4574 morimur'.
2504 4537 2523 4571 ι
2568 4518 2648 4572 Αι]
2682 4518 2917 4572 lamenta
2962 4518 3125 4589 igitur
3165 4528 3218 4573 et
3260 4518 3527 4591 lacrymas

1944 4611 2358 4681 confugiendum
2388 4618 2472 4665 est
2503 4610 2587 4665 bis
2643 4610 2694 4663 in
2725 4625 2861 4679 quos
2888 4609 3128 4665 cmlestis
3155 4610 3234 4665 ira
3266 4611 3525 4666 incubue-

1946 4705 2036 4759 rit.
2060 4704 2243 4773 Apage
2271 4718 2391 4757 cum
2420 4702 2703 4758 conviviis.
2732 4701 3060 4773 Lugentibus
3086 4717 3247 4772 porro
3272 4711 3517 4756 sanctum

1945 4804 2000 4851 et
2025 4794 2253 4850 electum
2281 4808 2449 4865 genus
2475 4795 2806 4849 miscendum
2836 4796 2930 4858 ait,
2957 4804 3011 4848 et
3040 4794 3159 4847 ideo
3190 4793 3328 4848 inter
3350 4794 3520 4848 vesti-

1947 4886 2129 4941 bulum
2178 4886 2355 4955 templi
2401 4895 2456 4940 et
2496 4886 2664 4940 altare
2709 4884 3012 4955 ploraturos
3058 4885 3295 4951 impense
3336 4898 3521 4939 sacer-

1951 4981 2129 5046 dotes,
2164 4988 2217 5034 et
2252 4995 2371 5033 cum
2408 4978 2611 5032 ululatu
2648 4978 2885 5032 dicturos
2920 4995 2932 5031 :
2973 4996 2991 5029 ι
3032 4975 3230 5045 Parce,
3262 4977 3515 5045 Domine,

1950 5072 2146 5141 pOpulo
2177 5080 2288 5136 tuo,
2321 5077 2375 5124 et
2409 5086 2476 5125 ne
2512 5071 2606 5123 des
2641 5068 3012 5123 ba‘reditatem
3051 5079 3194 5123 tuam
3234 5070 3286 5123 in
3324 5085 3521 5141 oppro-

1948 5163 2161 5225 brium,
2203 5174 2260 5214 ut
2303 5162 2649 5215 dominentur
2690 5174 2877 5214 eorum
2923 5160 3203 5226 nationes,
3247 5159 3404 5230 221
3455 5178 3523 5217 ne

1944 5254 2080 5309 forte
2104 5254 2286 5309 dicant
2312 5261 2498 5321 gentes
2529 5270 2542 5306 :
2576 5252 2675 5307 Ubi
2706 5263 2788 5306 est
2818 5252 2959 5309 Deus
2988 5254 3210 5309 eorum?
3240 5276 3259 5306 ρ
3290 5254 3440 5321 Quod
3474 5256 3519 5310 si

1946 5356 2151 5401 tantum
2187 5348 2256 5401 de
2291 5345 2495 5400 locusta
2532 5345 2789 5415 loquitur,
2828 5348 3099 5417 quomodo
3135 5364 3239 5402 non
3275 5349 3453 5417 potius
3488 5364 3517 5401 a

1944 5439 2082 5493 fame
2125 5449 2179 5493 et
2229 5439 2407 5509 inopia
2450 5439 2667 5493 liberari
2715 5440 2937 5508 petunt?
2980 5424 3211 5493 Timent.
3241 5449 3417 5491 autem
3460 5437 3515 5489 in

1944 5547 2135 5588 manus
2157 5531 2393 5587 hostium
2421 5530 2678 5598 incidere,
2697 5540 2752 5586 et
2775 5531 3078 5586 irrisionem
3102 5540 3262 5599 atque
3283 5526 3517 5585 dedecus

1918 5719 2052 5768 un,
2080 5703 2131 5758 6.
2209 5703 2229 5735 ³
2281 5702 2387 5758 lsa.
2458 5718 2595 5769 χχιι,
2632 5702 2715 5769 l2,
2752 5703 2834 5756 t3.
