3948 6208
414 272 518 331 367

1406 265 1463 319 S.
1508 263 1777 319 CYRlLLI
1820 260 2285 317 ALEXANDRINI
2322 258 2640 316 ARCHIEP.

3557 253 3656 309 568

417 389 795 456 deprecantur.
847 380 1133 436 Probabile
1179 388 1262 435 est
1310 392 1465 447 ergo,
1515 379 1657 447 quod
1708 388 1761 433 et
1800 392 1983 433 vermu

2094 376 2291 446 μᾶλλον
2321 372 2619 444 λιμοῦ,κα⁸ι
2650 369 2853 433 ἐνδείας
2875 370 3115 424 αἰτοῦσιν
3147 369 3500 442 ἀπαλλαγήν;
3540 371 3658 423 Ἐκ-

417 478 682 541 dixerim,
722 473 821 529 sub
860 473 1082 527 locusta:
1120 470 1335 527 nomine
1372 470 1708 539 aenigmatice
1747 478 1801 525 et
1839 479 1987 524 recte

420 562 665 620 hostile-tn
710 562 1052 631 Assyriorum
1103 560 1391 615 adventum
1443 559 1696 615 describi.
1743 557 1895 625 Quod
1941 561 1986 614 si

417 652 540 719 quis
572 650 735 703 etiam
776 646 842 703 de
874 648 1008 719 ipsis
1045 647 1268 709 locustis
1305 647 1418 703 haec
1452 647 1794 718 interpretari
1829 648 1983 712 velit,

419 739 613 794 merito
649 738 1085 809 propheticorum
1122 737 1464 793 oraculorum
1503 740 1857 794 oeconomiam
1892 740 1987 794 ad-

420 834 665 889 miretur.
700 831 819 904 lpse
857 848 1090 903 namque
1127 834 1376 904 supplicii
1413 834 1601 888 modus
1639 843 1844 887 tantum
1880 848 1985 887 non

416 925 676 981 adversus
716 925 1078 985 Israelitarum
1120 926 1442 980 dementiam
1478 933 1534 979 et
1568 924 1986 979 imbecillitatem

418 1016 705 1070 exclamat.
737 1014 1015 1069 Mutabant
1041 1015 1186 1069 enim
1216 1023 1270 1069 et
1297 1014 1692 1069 venerabantur
1718 1011 1847 1067 deos
1893 1014 1986 1082 qui

416 1123 521 1160 non
556 1115 682 1159 sunt
717 1105 813 1170 dii,
842 1104 1324 1173 universorumque
1355 1103 1462 1158 Deo
1494 1103 1701 1171 relicto,
1730 1102 1857 1157 Baal
1887 1104 1986 1157 ad-

414 1198 662 1253 orabant.
698 1195 801 1251 Sed
837 1210 965 1251 ecce
1000 1196 1219 1251 locusta:
1250 1211 1371 1251 cum
1408 1194 1746 1251 intolerando
1776 1194 1988 1266 agmine

410 1298 890 1355 eastrametantur,
918 1288 1155 1343 bruchus
1187 1296 1448 1351 armatur,
1472 1297 1527 1343 et
1548 1302 1577 1341 a
1600 1286 1987 1343 commentitiis

415 1375 729 1434 numinibus
752 1379 866 1434 suis
892 1378 1037 1433 nullo
1063 1378 1176 1432 fulti
1202 1377 1404 1433 auxilio
1431 1386 1765 1433 sternuntur.
1791 1376 1985 1432 Bruchi

417 1483 596 1526 autem
636 1481 691 1527 et
729 1471 950 1526 locustae
980 1472 1164 1537 victis,
1198 1480 1253 1526 et
1288 1472 1417 1527 deos
1452 1470 1784 1534 colentibus,
1813 1484 1985 1539 quau-

420 1574 747 1631 tumcunque
781 1562 956 1615 adhuc
990 1558 1348 1630 profuissent,
1383 1560 1428 1615 si
1466 1569 1658 1615 contra
1690 1559 1873 1614 hostes
1905 1557 1987 1611 di-

420 1653 734 1721 micasscnt,
762 1662 816 1707 et
845 1666 874 1706 a
918 1651 1271 1722 phalangibus
1309 1651 1738 1706 adversariorum
1781 1648 1987 1705 obsessi

419 1742 666 1799 fuissent.

2086 470 2288 524 δεδίασι
2336 467 2392 520 δὲ
2430 466 2490 519 τὸ
2540 467 2726 517 πεσεῖν
2764 466 2841 527 εἰς
2892 464 3076 533 χεῖρας
3106 462 3338 534 ἐχθρῶν,
3385 462 3485 517 καὶ
3515 479 3660 533 παρ..

2086 559 2358 613 αιτοῦνται
2401 558 2643 626 γέλωτα,
2690 556 2781 608 καὶ
2837 555 3157 624 όνειδισμόν.
3201 553 3363 617 Εἰκὸς
3418 549 3533 618 οὖν,
3580 554 3663 608 ὅτι

2088 652 2251 721 φαίην
2272 650 2336 703 ἂν
2366 649 2459 702 καὶ
2481 647 2699 718 ἀληθὲς,
2732 646 2808 709 ὡς
2849 647 2906 698 ἐν
2933 646 3046 706 τοῖς
3073 642 3357 714 αἰνίγμασι
3395 645 3508 703 τοῖς
3536 642 3664 712 περὶ

2085 740 2186 809 τῆς
2232 739 2451 810 ἀκρίδος
2501 740 2534 808 ὴ
2597 736 2705 790 τῶν
2779 735 3077 806 Ἀσσυρίων
3130 734 3315 802 ἔφοδος
3362 732 3663 803 λεληθότως

2086 831 2375 902 ἐγράφετο.
2412 830 2475 881 Εἰ
2523 829 2579 880 δέ
2625 826 2688 897 δὴ
2744 826 2983 897 βούλοιτό
3009 843 3093 889 τις
3119 826 3214 878 καὶ
3258 826 3347 879 ἐπ’
3368 826 3537 895 αὐτῆς
3562 826 3663 895 τῆς

2086 917 2306 989 ἀκρίδος
2356 915 2425 969 τὰ
2473 915 2699 969 τοιαῦτα
2744 917 2908 982 νοεῖν,
2956 914 3433 985 καταθαυμάσειεν
3462 915 3529 968 ἂν
3554 915 3662 968 τῶν

2089 1007 2439 1080 προφητικῶν
2472 1006 2855 1077 θεσπισμάτων
2911 1007 3133 1070 εἰκότως
3180 1006 3279 1079 τὴν
3327 1005 3661 1076 οἰκονομίαν.

2086 1102 2256 1166 Αὐτὸς
2295 1101 2403 1171 γὰρ
2447 1102 2475 1153 ὁ
2522 1099 2619 1170 τῆς
2649 1098 2920 1162 κολάσεως
2946 1098 3148 1169 τρόπος
3178 1098 3460 1169 μονονουχὶ
3488 1115 3664 1151 κατα-

2087 1194 2328 1263 κέκραγε
2353 1191 2450 1261 τῆς
2476 1190 2570 1243 τοῦ
2613 1189 2831 1260 Ἰσραὴλ
2877 1188 3156 1255 ἀϐουλίας,
3185 1190 3279 1243 καὶ
3304 1188 3531 1260 προσέτι
3561 1189 3667 1260 τῆς

2088 1284 2311 1355 ἐνούσης
2352 1284 2533 1347 αὐτοῖς
2587 1281 2893 1346 ἀσθενείας.
2937 1280 3268 1348 Ἠλλάξαντο
3299 1282 3407 1353 γὰρ
3429 1280 3585 1346 θεοὺς
3614 1281 3666 1335 οἳ

2086 1376 2186 1430 οὒκ
2228 1377 2334 1429 εἰσι
2366 1374 2499 1438 θεοὶ,
2526 1372 2735 1428 καὶτὸν
2786 1373 2893 1428 τῶν
2937 1373 3072 1428 ὅλων
3117 1372 3249 1427 Θεὸν
3299 1372 3550 1442 ἀφέντες,
3584 1372 3668 1443 τῷ

2089 1467 2236 1521 Βάαλ
2257 1467 2784 1536 προσκεκυνήκασιν.
2815 1462 2953 1516 Ἀλλ’
2978 1464 3084 1518 ἰδοὺ
3116 1466 3172 1517 αἰ
3207 1463 3427 1533 ἀκρίδες
3454 1462 3669 1535 ἀφόρη-

2088 1576 2180 1611 τον
2202 1556 2481 1610 ποιοῦνται
2528 1556 2626 1627 τὴν
2666 1554 3037 1626 παρεμϐολὴν,
3078 1555 3303 1627 βροῦχος
3346 1554 3666 1619 ὁπλίζεται,

2090 1647 2184 1701 καὶ
2216 1645 2567 1700 πεπτώκασιν
2595 1645 2847 1715 οὐδεμίαν
2878 1645 3089 1715 ἔχοντες
3109 1646 3429 1716 ἐπικουρίαν
3462 1646 3528 1699 ἐκ
3555 1644 3669 1698 τῶν

2016 1730 2058 1785 Β
2087 1739 2451 1810 ψευδωνύμων
2490 1737 2672 1792 αὐτῶν
2727 1737 2885 1792 θεῶν.
2951 1738 3015 1791 Οἱ
3071 1737 3129 1790 δέ
3188 1738 3252 1809 δὴ
3299 1738 3517 1810 βροῦχοι
3569 1735 3669 1790 καὶ

415 1838 634 1909 ἀκρίδες
666 1837 997 1910 ἡττωμένοις
1030 1837 1191 1892 ποίαν
1215 1836 1293 1891 ἔτι
1318 1840 1429 1900 τοῖς
1465 1836 1862 1908 προσκυνοῦσιν
1910 1835 2090 1898 αὐτοῖς
2150 1835 2382 1889 ἐπιδοίεν
2416 1831 2515 1902 τὴν
2584 1834 2774 1888 ἄκεσιν
2821 1834 2869 1887 εἰ
2899 1834 3156 1904 μάχοιντο
3218 1833 3355 1904 πρὸς
3408 1832 3666 1905 ἐχθροὺς,

416 1931 510 1985 καὶ
539 1931 657 1993 ταῖς
681 1926 790 1982 τῶν
816 1926 1069 1981 ἐναντίων
1102 1926 1470 1996 πολιορκοῖντο
1492 1926 1775 1995 φάλαγξιν.

592 2059 841 2150 ΤΟΜ
868 2060 1000 2148 US
1089 2055 1810 2149 POSTERIOB.

487 2210 651 2266 Vens.
680 2207 766 2275 18,
797 2208 882 2263 19.
914 2204 983 2261 Et
1026 2209 1206 2262 zelavit
1243 2206 1493 2263 Dominus
1523 2218 1713 2263 terram
1743 2225 1916 2274 suam,
1939 2220 1988 2264 et

417 2299 639 2369 pepercit
671 2297 860 2368 populo
886 2314 1001 2352 suo.
1024 2297 1092 2350 Et
1126 2299 1387 2366 respondit
1440 2298 1714 2364 Dominus,
1751 2311 1798 2355 et
1852 2301 1988 2355 dixit

416 2389 610 2458 populo
644 2405 781 2445 suo:
816 2388 948 2443 Ecce
999 2405 1092 2459 ego
1133 2391 1337 2443 mittant
1380 2390 1520 2445 vobis
1575 2392 1916 2459 frumentum,
1939 2402 1988 2448 et

418 2480 612 2543 vinum,
644 2489 694 2531 et
728 2476 920 2541 oleum,
963 2486 1011 2530 et
1037 2475 1386 2545 implebimini
1405 2478 1511 2542 eis;
1533 2488 1578 2531 et
1602 2494 1705 2531 non
1750 2478 1884 2531 dabo
1905 2493 1988 2531 vos

418 2570 559 2623 ultra
573 2568 627 2623 in
645 2567 976 2637 opprobrium
1004 2568 1057 2622 in
1070 2567 1326 2637 gentibus.
1343 2566 1409 2620 Et
1424 2583 1539 2622 eum
1555 2569 1644 2638 qui
1668 2568 1731 2623 ob
1750 2567 1990 2639 aquilone

415 2660 660 2729 repellam
681 2674 712 2713 a
737 2658 900 2715 vobis.

490 2859 658 2914 XXX.
690 2857 824 2914 Vide
853 2868 1162 2914 currentem
1217 2870 1247 2911 e
1272 2856 1503 2927 vestigio
1532 2854 1984 2913 misericordiam.

420 2950 899 3013 Praevertitenim,
955 2950 1168 3019 Opinor,
1222 2946 1427 3002 luctum
1483 2948 1772 3012 serenitas,
1803 2956 1858 3002 et
1912 2945 1989 2999 la—

418 3060 634 3117 erymas
664 3044 1015 3114 paenitentiae,
1056 3042 1228 3113 gratia
1258 3044 1591 3099 miserantis.
1640 3042 1848 3111 Quippe
1880 3057 1986 3098 non

420 3134 594 3191 solum
621 3131 989 3187 misericordia
1008 3141 1376 3187 commovetur
1405 3146 1531 3203 erga
1579 3131 1844 3197 miseros;
1894 3133 1987 3187 sed

420 3219 585 3275 etiam
618 3219 733 3275 zelo
750 3218 982 3283 ducitur,
1016 3226 1075 3273 ut
1112 3219 1195 3273 his
1231 3230 1545 3276 succenseat
1578 3221 1672 3291 qui
1712 3236 1806 3278 eos
1836 3222 1989 3277 laese-

2333 2046 2717 2134 ΤΟΜΟΣ
2796 2044 3381 2133 ΔΕΥΤΕΡΟΣ.

2160 2199 2267 2253 Καὶ
2299 2197 2602 2270 ἐζῆλωσεν
2650 2201 2682 2253 ὀ
2730 2201 2947 2269 Κύριος
2978 2200 3095 2268 τὴν
3140 2199 3260 2269 γῆν
3288 2201 3499 2268 αὐτοῦ,
3560 2204 3669 2259 καί

2088 2288 2368 2358 ἐφείσατο
2396 2289 2503 2343 τοῦ
2540 2289 2695 2343 λαοῦ
2733 2289 2939 2344 αὑτοῦ.
3000 2289 3108 2343 Καὶ
3137 2292 3425 2359 ἀπεκρίθη
3459 2295 3493 2346 ὁ
3540 2296 3669 2348 Κύ-

2082 2398 2234 2449 ριος,
2264 2380 2361 2435 καί
2399 2376 2529 2435 εἶπε
2580 2380 2661 2446 τῷ
2704 2378 2832 2446 λαῷ
2880 2382 3103 2437 αὑτοῦ·
3157 2382 3309 2437 Ἰδοὺ
3361 2384 3476 2453 ἐγὼ
3521 2385 3673 2440 ἀπο-

2090 2472 2328 2526 στέλλω
2380 2472 2524 2541 ὑμῖν
2551 2472 2659 2527 τὸν
2706 2472 2899 2538 σῖτον,
2942 2474 3039 2528 καὶ
3076 2475 3182 2529 τὸν·
3219 2474 3404 2541 οἶνον,
3466 2477 3565 2531 καί
3596 2478 3671 2533 τὸ

2090 2563 2316 2626 ἔλαιον,
2349 2564 2447 2617 καὶ
2474 2564 2986 2634 ἐμπλησθήσεσθε
3015 2566 3234 2631 αὐτῶν,
3260 2568 3358 2622 καὶ
3391 2570 3462 2621 οὐ
3489 2568 3672 2623 δώσω

2092 2653 2246 2723 ὑμᾶς
2270 2658 2381 2709 οὐκ
2411 2654 2496 2707 ἐτι
2531 2657 2618 2722 εἰς
2650 2654 2995 2725 ὀνειδισμὸν
3014 2657 3083 2710 ἐν
3114 2658 3236 2725 τοῖς
3268 2659 3527 2713 ἔθνεσιν.
3552 2662 3672 2716 Καὶ

2092 2746 2198 2799 τὸν
2219 2746 2336 2800 ἀπὸ
2357 2745 2552 2815 ,βορῤᾶ
2588 2745 2845 2811 ἐκδιώξω
2874 2749 2973 2816 ἀφ’
2998 2747 3185 2818 ὑμῶν.

2163 2860 2242 2913 Λ’.
2293 2858 2480 2930 Ἀθρει
2512 2857 2599 2929 ¹δὴ
2651 2860 2913 2929 τρέχοντα
2956 2861 3097 2915 κατά
3137 2863 3300 2927 πόδας
3350 2863 3441 2917 τὸν
3491 2863 3673 2923 ἔλεον.

2091 2950 2284 3005 Φθάνει
2307 2950 2435 3019 γὰρ,
2458 2945 2631 3021 οἶμαι,
2656 2950 2719 3004 τὸ
2741 2951 2934 3015 πένθος
2958 2954 2992 3023 ἡ
3021 2954 3343 3024 γαληνότης,
3373 2958 3548 3012 καὶτὸ
3570 2959 3679 3014 ἐπὶ

2091 3043 2211 3106 ταῖς
2243 3038 2619 3111 μεταγνώσεσι
2640 3041 2875 3114 δάκρυον
2896 3045 2930 3114 ἡ
2953 3044 3111 3116 χάρις
3136 3044 3232 3099 τοῦ
3259 3048 3679 3120 κατοικτείραν-

2091 3152 2204 3199 τος.
2249 3135 2323 3189 Οὐ
2367 3136 2477 3206 γὰρ
2518 3135 2676 3205 μόνον
2705 3136 2848 3188 ἐλεεῖ
2890 3137 3017 3199 τοὺς
3055 3140 3403 3209 πεπραχότας
3434 3140 3675 3209 ἀθλίως,

2094 3226 2248 3297 ζηλοῖ
2264 3226 2321 3280 δέ
2347 3227 2569 3297 μᾶλλον,
2593 3226 2669 3291 ὡς
2690 3226 2783 3280 καὶ
2803 3229 2892 3279 ἐπι
2901 3226 3125 3297 μηνίσαι
3152 3232 3263 3293 τοῖς
3282 3229 3678 3304 λελυπηκόσιν,

421 3318 571 3376 runt,
607 3319 663 3366 et
695 3325 793 3380 per
824 3324 961 3379 quos
998 3309 1051 3364 in
1098 3309 1457 3366 calamitatem
1517 3311 1845 3368 inciderunt.
1880 3311 1988 3368 Re-

2094 3318 2137 3371 οἳ
2175 3318 2270 3371 καὶ
2294 3317 2393 3388 τῆς
2418 3316 2856 3388 ἐπενηνεγμένης
2888 3318 3067 3380 αὐτοῖς
3098 3319 3409 3392 ἀθλιότητος
3435 3324 3679 3392 γεγόνα-

414 3402 703 3474 prehendit
737 3411 917 3457 autem
944 3401 1268 3473 Babylonios
1297 3402 1672 3459 universorum
1706 3403 1986 3468 Dominus,

412 3491 566 3564 quod
600 3490 875 3548 crudelius
932 3491 1206 3561 aliquanto
1263 3506 1424 3561 quam
1478 3494 1736 3564 oportuit,
1801 3496 1852 3551 in
1892 3510 1987 3552 eos

421 3582 621 3653 quibus
656 3582 771 3652 ipse
806 3582 1153 3647 irasceretur,
1184 3583 1497 3640 debacchati
1524 3584 1653 3639 sint.
1684 3585 1773 3639 Ait
1801 3586 1945 3640 enim
1971 3604 1985 3641 :

415 3695 447 3728 4
488 3676 601 3745 Ego
630 3673 750 3730 illos
779 3673 901 3728 dedi
936 3674 989 3727 in
1024 3688 1216 3728 manus
1242 3682 1481 3743 vestras;
1514 3690 1609 3731 vos
1638 3676 1744 3733 illis
1778 3678 1991 3733 miseri-

413 3766 663 3823 cordiam
697 3780 805 3821 non
850 3764 1078 3821 dedistis
1107 3764 1149 3819 ⁵.
1193 3783 1213 3818 ι
1247 3764 1566 3821 Zachariam
1596 3768 1723 3823 item
1760 3768 1839 3824 sic
1858 3770 1989 3826 allo-

424 3858 652 3927 quitur:
694 3874 713 3909 s
759 3855 883 3911 Haec
917 3855 1052 3911 dicit
1105 3855 1409 3913 Dominus:
1455 3858 1633 3914 Zelavi
1692 3858 1988 3917 Jerusalem

412 3959 477 4004 et
500 3948 632 4005 Sion
664 3948 779 4004 zelo
808 3962 1025 4016 magno,
1054 3957 1109 4003 et
1136 3947 1213 4003 ira
1248 3963 1440 4021 magna
1476 3964 1577 4018 ego
1602 3950 1805 4006 irascor
1829 3967 1992 4022 super

421 4049 613 4111 gentes
640 4052 761 4109 quae
783 4052 993 4094 mecum
1016 4040 1442 4109 superimposita:
1465 4049 1611 4108 sunt;
1645 4056 1740 4111 pro
1758 4057 1822 4098 eo
1848 4044 1990 4113 quod

421 4148 522 4203 ego
544 4133 762 4204 quidem
804 4133 973 4187 iratus
998 4147 1139 4196 sum,
1170 4131 1264 4187 sed
1292 4133 1583 4199 modicum,
1615 4133 1716 4203 ipsi
1740 4149 1867 4190 vero
1918 4135 1992 4191 si-

424 4223 535 4277 mul
567 4223 969 4294 superimpositi
1001 4233 1131 4279 sunt
1153 4223 1205 4278 in
1236 4223 1435 4279 malum
1463 4225 1506 4280 ⁵.
1542 4243 1559 4278 ι
1594 4224 1789 4283 Zelaus
1815 4226 1994 4297 itaque

421 4313 674 4385 populum
715 4329 894 4380 suum,
929 4317 995 4369 ad
1019 4315 1181 4368 vitam
1208 4314 1504 4385 degendam
1537 4317 1794 4386 requisita
1821 4316 1994 4372 abun-

425 4407 617 4459 danter
642 4405 1105 4476 suppeditaturum
1129 4419 1208 4471 se,
1240 4412 1297 4458 et
1338 4402 1547 4459 cladem
1595 4407 1991 4473 praecedentem

426 4495 605 4550 laetitia
624 4505 1115 4565 compensaturum,
1133 4492 1518 4561 esculentaque
1598 4495 1664 4548 ad
1689 4495 1992 4549 satietatem

426 4588 738 4657 largiturum
768 4584 1072 4656 pollicetur.
1098 4583 1260 4652 222
1288 4584 1509 4652 Insuper
1530 4584 1899 4649 securitatem,
1935 4594 1995 4639 ut

2092 3424 2177 3460 σιν
2204 3407 2489 3479 ὑπουργοί.
2526 3408 2887 3477 Ἐπισκήπτει
2923 3409 2980 3463 δέ
3014 3426 3116 3462 που
3139 3412 3253 3474 τοῖς
3303 3412 3677 3479 Βαϐυλωνίοις

2090 3501 2243 3555 ὁτῶν
2292 3501 2427 3554 ὅλων
2475 3500 2627 3566 Θεὸς,
2660 3500 2735 3565 ὡς
2764 3500 3133 3573 ἀπηνέστερόν
3159 3520 3276 3566 πως
3317 3503 3350 3574 ἦ
3405 3505 3512 3576 χρὴ
3552 3510 3677 3571 τοῖς

2092 3594 2196 3647 ὑπὸ
2248 3592 2397 3646 θείαν
2444 3593 2614 3664 ὀργὴν
2656 3593 3129 3664 ἐπενηνεγμένοις.
3184 3595 3329 3665 Ἔφη
3380 3597 3525 3669 γὰρ,
3586 3599 3677 3652 ὅτι

2096 3704 2116 3736 ‹
2152 3685 2368 3739 Δέδωκα
2411 3684 2608 3747 αὐτοὺς
2653 3684 2733 3748 εἰς
2783 3684 2882 3748 τάς
2940 3687 3127 3755 χεῖράς
3188 3702 3304 3749 σου,
3358 3688 3422 3741 σὺ
3475 3687 3531 3740 δὲ
3561 3690 3677 3742 οὐκ

2091 3776 2298 3839 ἔδωκας
2319 3775 2501 3838 αὐτοῖς
2530 3774 2699 3837 ἔλεος.
2733 3793 2752 3827 ι
2795 3775 2905 3828 Καὶ
2936 3775 3042 3846 μὴν
3069 3776 3164 3830 καὶ
3197 3776 3335 3848 πρὸς
3364 3777 3675 3848 Ζαχαρίαν·

2097 3884 2115 3916 ι
2155 3864 2289 3919 Τάδε
2336 3864 2482 3933 λέγει
2535 3863 2757 3935 Κύριος·
2816 3864 3093 3935 Ἐζήλωσα
3162 3865 3260 3936 τὴν
3314 3865 3677 3938 Ἰερουσαλὴμ

2092 3955 2186 4008 καὶ
2225 3954 2324 4023 τὴν
2365 3952 2504 4007 Σιὼν
2534 3953 2692 4022 ζῆλον
2729 3953 2920 4023 μέγαν,
2955 3953 3048 4007 καὶ
3082 3952 3240 4024 θυμῷ
3295 3954 3515 4026 μεγάλῳ
3550 3955 3678 4025 ἐγω

2091 4044 2382 4115 ὀργίζομαι
2408 4044 2502 4097 ἐπὶ
2534 4044 2601 4096 τὰ
2633 4043 2759 4115 ἔθνη
2780 4044 2850 4096 τὰ
2872 4043 3347 4114 συνεπιτεθειμένα
3381 4063 3490 4115 μοι.
3522 4047 3675 4101 Ἀνθ’

2093 4130 2168 4192 ὦν
2204 4137 2305 4209 μὲν
2336 4136 2447 4205 ἐγὼ
2493 4134 2771 4207 ὠργίσθην
2816 4133 2993 4201 ὀλίγα,
3018 4134 3173 4187 αὐτοὶ
3215 4134 3273 4188 δὲ
3309 4135 3677 4190 συνεπέθεντο

2093 4230 2172 4293 εἰς
2196 4228 2412 4283 κακίαν.
2444 4246 2462 4279 ι
2492 4226 2750 4296 Ζηλώσας
2773 4224 2836 4295 δὴ
2859 4222 2951 4278 οὖν
2978 4225 3066 4280 τὸν
3086 4222 3211 4278 λαδν
3245 4224 3432 4289 αὐτοῦ,
3463 4243 3676 4280 κατεπ-

2092 4322 2417 4391 αγγέλλεται
2466 4321 2563 4391 μὲν
2611 4319 2861 4387 ἀφθόνως
2914 4319 3243 4390 χορηγήσειν
3294 4318 3365 4372 τὰ
3405 4318 3671 4392 ζωαρκῆ,

2094 4413 2313 4483 καὶτῆς
2345 4410 2721 4482 προλαϐούσης
2773 4411 3055 4480 συμφορᾶς
3097 4406 3327 4479 ἰσοπαλῆ
3373 4409 3471 4479 τὴν
3507 4410 3678 4464 εὐθυ-

2099 4505 2246 4575 μίαν,
2281 4504 2374 4556 καὶ
2429 4503 2509 4566 εἰς
2562 4502 2721 4572 κόρον
2767 4500 2836 4554 τὰ
2894 4499 3149 4569 ἐδώδιμαο
3182 4500 3319 4570 πρὸς
3356 4499 3584 4563 ¹τούτοις
3614 4502 3675 4555 δὲ

2094 4594 2391 4663 ἀσφάλειαν
2419 4592 2511 4646 τοῦ
2535 4592 2610 4662 μὴ
2642 4593 2719 4656 εἰς
2746 4594 2933 4662 χεῖρας
2956 4591 3274 4661 δοθήσεσθαι
3296 4592 3401 4647 τῶν
3426 4592 3671 4664 ἐχθρῶν,

419 4680 475 4733 in
510 4692 699 4733 manus
728 4676 962 4733 hostium
994 4689 1101 4730 non
1141 4673 1438 4737 tradantur,
1472 4688 1571 4728 nec
1596 4674 1760 4730 vitam
1786 4676 1838 4730 in
1868 4689 1987 4731 ser-

2094 4690 2230 4757 μήτε
2250 4687 2356 4756 μὴν
2376 4684 2749 4747 ὑποπεσόντας
2775 4682 2986 4754 δουλείᾳ
3013 4685 3079 4753 τῇ
3105 4681 3399 4744 ἐπάὑτοὺς
3425 4681 3668 4753 οἰκτρὸν,

424 4772 593 4825 vitute
622 4770 871 4825 miseram
911 4776 965 4823 et
994 4779 1349 4822 aerumnosam
1384 4767 1582 4821 vivant.
1610 4768 1691 4819 Ad
1727 4766 1841 4822 base
1869 4783 1987 4838 pro-

425 4860 592 4914 mittit
625 4859 927 4929 l‘ugaturum
951 4872 1075 4913 eum
1104 4855 1195 4926 qui
1227 4856 1294 4909 ab
1307 4855 1578 4926 aquilone.
1610 4856 1711 4912 hoc
1736 4869 1840 4923 eat,
1865 4872 1987 4913 eum

422 4950 516 5019 qui
540 4950 747 5006 vicinus
777 4960 861 5007 est
888 4949 1165 5021 aquiloni;
1197 4948 1378 5019 potius
1407 4948 1550 5004 enim
1601 4948 1668 5003 ad
1727 4949 1988 5006 orientem

423 5040 515 5093 siti
541 5050 667 5094 sunt
693 5041 921 5111 Assyrii.
969 5041 1121 5107 Quod
1157 5040 1200 5095 si
1235 5039 1356 5109 quis
1383 5040 1680 5103 existimat,
1706 5041 1867 5096 etiam
1922 5056 1988 5096 ex

423 5130 597 5200 magis
661 5130 1065 5199 aquilonaribus
1116 5130 1315 5186 Judaaze
1366 5133 1604 5201 partibus
1658 5132 1987 5188 locustarum

425 5219 833 5291 impressionem
866 5218 1083 5284 factam,
1148 5220 1281 5275 nihil
1342 5223 1647 5291 prohibebit
1704 5226 1991 5294 quominus

425 5312 715 5384 esplicatio
738 5312 840 5367 ista
873 5309 1151 5380 probetur.

493 5400 613 5459 Jam
652 5402 698 5457 si
734 5401 819 5456 cui
846 5408 1265 5467 corrumpuntur
1286 5404 1446 5456 etiam
1498 5404 1636 5460 bona
1669 5407 1846 5464 cordis
1881 5409 1989 5474 sui,

422 5506 479 5556 et
507 5513 624 5570 qua:
639 5495 961 5567 cogitatione
986 5502 1280 5552 cernuntur
1298 5494 1567 5549 fructuum
1595 5497 1987 5555 uberrimorum

508 5677 535 5711 ⁵
572 5678 673 5733 lsa.
714 5693 874 5747 XLVII,
906 5677 957 5731 6.
1033 5678 1053 5708 ⁸
1091 5674 1255 5729 Zach.
1290 5689 1328 5743 ι,
1364 5673 1444 5741 ιι,
1481 5672 1563 5727 15.

2090 4779 2180 4833 καὶ
2210 4780 2268 4831 ἐν
2297 4777 2572 4847 ἀθλιότητι
2626 4777 2785 4847 ζῆσαι
2837 4775 2969 4846 βίον.
3010 4774 3387 4843 Ὑπισχνεῖται
3433 4773 3491 4827 δὲ
3528 4775 3672 4847 πρὸς

2087 4864 2294 4928 τούτοις
2344 4865 2593 4933 ἀφανιεῖν
2648 4864 2738 4917 τὸν
2798 4864 2905 4917 ἀπὸ
2967 4862 3173 4933 βορρᾶ,
3228 4861 3510 4927 τουτέστι,
3568 4862 3669 4918 τὸν

2090 4956 2448 5027 βορειότερον,
2481 4956 2616 5026 πρὸς
2638 4957 2830 5009 ἀκτῖνα
2858 4953 2965 5025 γάρ
2994 4954 3177 5016 αὐτοῖς
3204 4952 3457 5025 μᾶλλονή
3482 4953 3663 5025 χώρα.

2089 5048 2152 5101 Εἰ
2179 5047 2235 5101 δὲ
2263 5046 2325 5117 δή
2362 5064 2443 5109 τις
2480 5045 2645 5099 οἴοιτο
2675 5045 2769 5099 καὶ
2820 5045 2885 5097 ἐκ
2930 5043 3036 5097 τῶν
3083 5042 3434 5114 βορειοτέρων
3474 5043 3668 5115 μερῶν

2088 5138 2188 5209 τῆς
2225 5137 2506 5199 Ἰουδαίας,
2552 5139 2649 5207 τῆς
2695 5135 2911 5206 ἀκρίδος
2931 5134 3182 5203 γενέσθαι
3209 5134 3308 5205 τὴν
3350 5132 3566 5203 ἔφοδον,
3604 5136 3675 5209 τὸ

2091 5194 2299 5280 κωλύον
2352 5194 2504 5279 οὐδέν
2546 5194 2721 5298 ὀρθῶς
2774 5194 2917 5295 ἐχειν
2942 5194 3177 5277 ὀἴεσθαι
3232 5194 3326 5278 καὶ
3373 5194 3517 5278 οὕτω
3551 5194 3675 5278 ’τόν

1952 5409 1963 5418 .
2000 5333 2054 5411 s
2090 5314 2265 5418 “7.3":

2161 5407 2225 5460 El
2254 5406 2311 5460 δὲ
2349 5406 2412 5478 δή
2445 5423 2552 5461 τισι
2604 5404 3018 5475 καταφθείροιτο
3067 5405 3162 5458 καί⁹
3209 5406 3276 5459 τά
3324 5407 3404 5469 εἰς
3436 5404 3677 5475 καρδίαν

2091 5495 2291 5565 ἀγαθὰ,
2333 5498 2425 5551 καὶ
2450 5500 2548 5569 τῆς
2570 5494 2766 5569 νοητῆς
2812 5494 3115 5564 εὐκαρπίας
3146 5500 3175 5553 ό
3210 5497 3439 5561 πλοῦτος
3466 5490 3674 5567 οἷάπερ
