3948 6208
296 349 390 405 369

1182 344 1732 405 COMMENTARIUS
1771 347 1838 403 IN
1878 347 2139 407 JOELEM
2178 349 2621 409 PROPHETAM.

3436 365 3539 419 37!}

289 463 501 535 ἀκρίδος
531 462 715 526 αὐτοῖς
746 458 1096 533 ἐπιπηδὼσης
1131 462 1229 533 τῆς
1273 462 1384 517 τῶν
1430 463 1701 535 δαιμόνων
1730 464 1861 534 ἀγέο

1986 468 2185 537 livitiae,
2216 472 2443 541 proinde
2464 482 2521 529 ut
2549 471 3045 529 locustainsilicnte
3102 473 3154 529 in
3207 476 3349 547 ipsas
3383 495 3542 552 grege

288 562 394 625 λης,
445 554 543 607 καὶ
574 552 957 609 καταθεουσῶν
1005 552 1210 623 ἀρχῶν,
1244 553 1522 625 δυνάμεων
1564 557 1659 609 καὶ
1711 556 1862 620 ἐξουο

290 646 410 698 σιῶν
440 644 641 715 (δῆλον
667 643 725 697 δέ
744 644 826 697 ὅτι
856 644 1172 715 πονηρῶν),
1193 644 1414 698 ποιείτω
1433 645 1494 698 τὸ
1514 646 1733 713 πένθος,
1766 664 1862 718 με-

289 738 489 791 λετάτω
528 738 630 808 τὴν
692 738 1054 808 μετάγνωσιν,
1104 738 1472 811 δακρυροείτω
1514 741 1651 811 πρὸς
1706 741 1857 797 Θεόν.

300 828 618 883 Ἀκούσεται
650 829 759 899 γὰρ
810 829 974 893 εὐθὺς
1021 831 1087 883 ἐκ
1138 829 1547 902 φιλανθρωπίας
1588 830 1861 900 λέγοντοςο

292 938 308 969 ι
351 917 483 971 Ἰδοὺ
518 916 633 986 ἐγὼ
658 916 850 995 δίδωμι
883 918 1011 988 ὑμῖν
1031 917 1121 972 τὸν
1148 920 1312 979 σῖτον,
1342 920 1437 972 καὶ
1460 919 1551 972 τὸν
1574 915 1735 985 οἶνον,
1768 920 1863 973 καὶ

287 1008 341 1060 τὸ
377 1006 586 1062 ἔλαιον.
625 1025 645 1059 ι
706 1007 1003 1077 ’Δποφανεῖ
1032 1007 1141 1079 γὰρ
1186 1007 1285 1077 τὴν
1325 1006 1491 1061 αὐτοῦ
1534 1009 1761 1081 καρδίαν
1788 1010 1863 1074 ὡς

287 1096 554 1168 εὕσταχυν
576 1097 704 1166 γῆν,
740 1098 817 1161 ὡς
846 1098 1110 1168 πρέμνοις
1139 1096 1359 1169 ὡραίοις
1382 1099 1637 1171 κομῶντα
1666 1100 1862 1171 κῆπον,

288 1188 357 1251 ὡς
403 1187 673 1258 εύὸοτρυν
723 1186 1046 1258 ἀμπελῶνα,
1075 1188 1169 1241 καὶ
1203 1187 1312 1261 μὴν
1351 1189 1445 1243 καὶ
1496 1189 1662 1261 ἐλαίῳ
1691 1207 1863 1244 κατα-

288 1280 489 1335 πιανεῖ.
554 1296 575 1330 ι
623 1276 915 1341 Ἐλίπανας
952 1279 1010 1332 ἐν
1054 1279 1219 1350 ἐλαίῳ
1262 1280 1362 1351 τὴν
1390 1281 1630 1353 κεφαλήν
1680 1298 1806 1351 μου.
1841 1302 1859 1335 ι

299 1368 578 1433 Ἐξελάσει
628 1369 685 1422 δὲ
729 1369 824 1423 ἀπ’
864 1369 1029 1423 αὐτοῦ
1077 1371 1170 1425 τὸν
1202 1371 1310 1425 ἀπὸ
1356 1371 1547 1445 βορρᾶ,
1580 1372 1824 1426 τουτέστι
1848 1415 1863 1437 ,

288 1460 373 1513 τὸν
428 1459 785 1530 ἀποψύχοντα
831 1462 1099 1526 Σατανᾶν,
1149 1463 1245 1517 καὶ
1294 1463 1392 1535 ζῇν
1433 1465 1535 1519 οὐκ
1585 1465 1760 1521 ἐῶντα
1789 1466 1867 1535 τῷ

288 1541 564 1622 πνεύματι
581 1552 709 1615 τοὺς
729 1552 820 1604 ὑπ’
849 1554 999 1626 αύτῷ
1020 1556 1366 1627 γενομένους.
1402 1556 1791 1629 Ψυχθήσεσθαι
1811 1558 1868 1612 δέ

287 1646 314 1696 ό
340 1645 555 1715 Κύριος
597 1644 699 1716 τὴν
742 1646 963 1716 ἀγάπην
999 1646 1108 1702 τῶν
1152 1649 1361 1704 πολλῶν
1422 1652 1627 1719 ἔφασκε
1680 1652 1768 1705 διά
1808 1654 1871 1706 τὸ

290 1736 664 1807 πληθυνθῆναι
701 1738 800 1810 τὴν
826 1738 1075 1809 ἀνομίαν.
1124 1741 1265 1795 Ἀλλ’
1297 1744 1415 1812 οἶγε
1460 1744 1698 1814 Χριστοῦ
1724 1744 1869 1811 γνώ-

1975 561 2305 631 dzemonum,
2329 573 2382 619 et
2419 564 2819 621 incursantibus
2869 566 3285 637 principatibus,
3327 572 3542 627 virtuti-

1962 654 2083 717 bus,
2120 656 2476 723 potestatibus
2524 657 2707 728 (malis
2745 657 2975 729 utique),
3017 658 3185 715 luctui
3235 676 3295 717 se
3357 663 3541 729 dedat,

1966 745 2339 812 paenitentiam
2362 758 2635 813 exerceat,
2665 748 2733 803 ad
2778 747 2947 803 Deum
2982 750 3248 822 lacrymas
3281 752 3541 819 ell‘undat,

1963 843 2018 888 et
2045 833 2227 888 statim
2266 850 2363 904 pro
2386 836 2995 907 benignitaledicentem
3031 841 3215 896 audiet
3250 858 3264 895 :
3322 860 3343 895 ι
3408 844 3545 900 Ecce

1964 938 2063 993 ego
2092 925 2160 979 do
2194 926 2346 981 vobis
2382 924 2735 995 frumentum,
2773 938 2826 984 et
2889 932 3077 986 vinum
3108 972 3124 996 ,
3174 942 3230 987 et
3273 928 3477 988 oleum.
3519 955 3539 987 ι

1966 1017 2173 1072 Reddet
2194 1018 2341 1072 enim
2364 1032 2460 1073 cor
2484 1019 2601 1089 ejus
2631 1030 2691 1074 ut
2737 1036 2922 1092 agrum
2955 1025 3119 1094 spicis
3173 1024 3454 1091 refertum,
3487 1038 3546 1080 ut

1965 1111 2181 1165 hortum
2210 1110 2467 1180 stirpibus
2489 1119 2814 1176 comantem,
2845 1121 2903 1167 ut
2934 1114 3143 1170 vineam
3204 1115 3373 1171 botris
3428 1115 3542 1185 ple-

1965 1200 2273 1268 nam.Quin
2317 1210 2372 1257 et
2423 1200 2545 1256 oleo
2579 1201 2947 1271 pinguel'aciet
2982 1218 2997 1256 :
3034 1222 3053 1255 ‹
3096 1203 3442 1274 lmpinguasti
3492 1204 3545 1257 in

1966 1294 2084 1349 oleo
2113 1304 2275 1365 caput
2321 1312 2498 1350 meum
2537 1299 2578 1352 ⁸.
2622 1316 2639 1349 ι
2675 1298 2921 1367 Expellet
2949 1298 3181 1367 denique
3227 1299 3296 1353 ab
3354 1313 3418 1353 eo
3451 1314 3544 1353 ve-

1968 1384 2200 1440 nientem
2220 1386 2287 1441 ab
2303 1387 2575 1456 aquilone,
2605 1388 2655 1443 id
2673 1396 2774 1453 est,
2808 1387 3237 1459 frigefacientem
3264 1387 3544 1451 Satanam,

1968 1489 2066 1530 nec
2097 1476 2361 1531 sinentem
2402 1480 2592 1548 spiritu
2622 1481 2805 1535 vivere
2844 1496 2981 1549 quos
3037 1481 3331 1551 subegerit.
3370 1479 3548 1535 Refri-

1967 1574 2209 1636 geratum
2238 1583 2400 1636 porro
2436 1570 2501 1623 iri
2530 1569 2822 1625 multorum
2879 1571 3227 1637 charitatem,
3292 1573 3557 1643 quoniam

1968 1656 2261 1714 abundabit
2312 1660 2621 1729 iniquitas',
2683 1660 2943 1718 Dominus
3023 1672 3272 1719 testatur.
3347 1664 3548 1719 Verum

1969 1748 2183 1805 Christo
2214 1751 2329 1806 noli
2363 1751 2576 1807 fervent
2596 1754 2811 1823 spiritu,
2842 1764 2898 1809 et
2951 1755 3265 1825 neutiquam
3321 1754 3548 1825 refrige-

289 1846 437 1899 ριμοι
481 1829 563 1899 τῷ
616 1829 884 1901 πνεύματι
917 1829 1154 1895 ζέουσιν.
1201 1831 1507 1904 Ἀνέχονται
1536 1834 1593 1887 δέ
1618 1834 1867 1904 οὐδαμῶς

1986 1854 2122 1895 scere
2144 1842 2412 1899 sustinent
2436 1845 2503 1899 ad
2536 1855 2719 1915 turpes
2746 1845 3074 1913 voluptates,
3116 1845 3332 1916 quando
3366 1865 3385 1897 ι
3425 1860 3548 1900 car-

288 1920 341 1972 τὺ
362 1920 752 1992 ἀποψύχεσθαί
786 1939 875 1975 ποι
903 1922 1040 1993 πρὸς
1063 1924 1164 1987 τὰς
1182 1924 1445 1989 ἐκτύπους
1474 1926 1685 1997 ἡδονάς.
1714 1945 1733 1978 ι
1758 1927 1871 1997 Τὴν

288 2010 471 2082 σάρκα
491 2012 604 2084 γὰρ
635 2013 843 2067 ἑαυτῶν
872 2014 1226 2085 ἐσταύρωσαν
1267 2016 1365 2071 σὺν
1393 2018 1503 2081 τοῖς
1552 2016 1869 2089 παθήμασι,

286 2103 374 2156 καὶ
414 2106 543 2167 ταῖς
572 2104 913 2175 ἐπιθυμίαις.
957 2123 977 2157 ι

348 2196 469 2250 Καὶ
493 2195 705 2260 ὲξώσω
740 2196 927 2251 αὑτὸν
948 2199 1035 2264 είς
1063 2197 1181 2267 γῆν
1198 2196 1483 2267 ἄνυδρον,
1509 2198 1607 2253 καὶ
1639 2200 1873 2269 ἀφανιῶ

284 2287 345 2340 τὸ
372 2288 720 2355 πρόσωπον
744 2289 933 2344 αὐτοῦ
953 2291 1041 2355 είς
1073 2289 1190 2357 τὴν
1211 2288 1537 2345 θάλασσαν
1562 2289 1677 2359 τὴν
1722 2289 1874 2359 πρώ-

284 2394 417 2446 την,
452 2377 557 2431 καὶ
579 2378 655 2431 τὰ
685 2378 879 2433 ὀπίσω
925 2379 1110 2433 αὐτοῦ
1142 2382 1230 2446 εἰς
1256 2380 1373 2448 τὴν
1405 2380 1729 2436 θάλασσαν
1760 2380 1877 2449 τὴν

286 2465 582 2535 ἐσχάτην.
612 2466 722 2521 Kal
751 2466 1120 2537 ἀναϐήσεται
1154 2468 1193 2535 ἠ
1234 2469 1463 2536 σαι-τρια
1502 2467 1689 2521 αὐτοῦ
1710 2507 1725 2533 ,
1775 2469 1875 2521 καὶ

284 2557 665 2629 ἀναϐήσεται
694 2562 727 2614 ό
762 2560 994 2630 βρόμος
1033 2560 1243 2629 αὐτοῦ,
1277 2560 1366 2615 ὅτι
1406 2557 1776 2630 ἐμεγάλυνεν
1803 2558 1876 2612 τὰ

287 2652 431 2719 ἔργα
465 2649 677 2707 αὐτοῦ.

349 2742 490 2796 AA'.
536 2741 1006 2814 Διαπλαττόμενον
1029 2743 1124 2798 καὶ
1145 2742 1224 2797 ἐτι
1249 2743 1343 2797 τοῦ
1366 2742 1526 2812 λόγου
1565 2742 1625 2796 τὸ
1665 2745 1871 2815 σχῆμα,

288 2832 477 2896 καθὼς
500 2832 597 2887 καὶ
626 2835 686 2887 ἐν
707 2835 904 2906 ἀρχαῖς
931 2835 1006 2900 ὡς
1037 2837 1125 2889 ἐπ’
1147 2836 1389 2907 ἀκρίδος,
1421 2836 1517 2889 καὶ
1549 2835 1802 2907 βρούχου,
1842 2836 1878 2890 ἃ

290 2925 377 2978 καὶ
406 2925 893 2997 ἀφανισθήσεσθαι
919 2944 1082 2999 φησιν
1098 2966 1114 2992 ,
1140 2928 1557 2998 ἀπενηνεγμένα
1579 2927 1725 2981 κατά
1756 2926 1879 2999 βού-

294 3014 452 3086 λησιν
486 3015 629 3070 Θεοῦ
658 3017 796 3090 πρὸς
816 3019 985 3083 αὑτάς
1026 3035 1129 3072 που
1161 3019 1304 3089 τάχα
1347 3020 1446 3089 τῆς
1488 3019 1755 3074 Ἰουδαίων
1779 3020 1881 3089 γῆς

290 3105 385 3169 τὰς
407 3105 699 3175 ἐσχατιὰς,
727 3108 824 3161 καὶ
850 3108 929 3171 είς
952 3106 1111 3161 τοῦτο
1146 3108 1411 3172 δυσωδίας
1459 3109 1657 3173 ἐλθεῖν,
1685 3108 1760 3173 ὡς
1789 3110 1884 3163 καὶ

1971 1945 2092 1986 nem
2120 1948 2272 1988 suam
2303 1935 2829 1993 cruciﬁ'xeruntcum
2859 1938 3004 1994 vitiis
3017 1946 3072 1994 et
3097 1936 3550 2009 concupiscentiis

1971 2023 2083 2079 suis
2106 2023 2151 2079 ⁸.
2187 2042 2207 2077 s

2044 2199 2207 2258 Vens.
2243 2202 2332 2259 20.
2362 2202 2432 2259 Et
2467 2206 2720 2273 expellam
2751 2222 2869 2262 eum
2911 2209 2964 2263 in
3002 2216 3197 2263 terram
3229 2208 3345 2262 sine
3390 2224 3550 2278 aqua,

1971 2302 2018 2346 et
2047 2294 2347 2363 disperdam
2370 2296 2559 2366 [aciem
2596 2297 2711 2368 ejus
2739 2300 2792 2353 in
2840 2315 2987 2354 mare
3029 2301 3279 2369 primum,
3305 2308 3356 2353 et
3384 2311 3551 2367 poste-

1974 2387 2115 2440 riora
2142 2386 2255 2457 ejus
2282 2388 2337 2441 in
2374 2405 2519 2444 mare
2559 2391 2919 2448 novissimum.
2954 2391 3019 2446 Et
3062 2392 3304 2447 ascendet
3335 2392 3552 2460 putredo

1973 2478 2108 2545 ejus,
2127 2487 2173 2533 et
2201 2480 2443 2534 ascendet
2460 2481 2662 2535 sonitus
2704 2481 2867 2547 illius,
2906 2484 3154 2553 quoniam
3203 2482 3554 2553 magniﬁcavit

1974 2583 2131 2624 onera
2151 2586 2282 2639 ejus.

2046 2744 2236 2800 XXXI.
2275 2744 2555 2802 Sermonis
2585 2746 2807 2818 ﬂguram
2869 2747 3068 2811 adhuc,
3095 2746 3240 2803 sicut
3273 2746 3340 2803 ab
3370 2747 3552 2814 initio,

1979 2851 2266 2905 usurpans,
2300 2838 2446 2893 velut
2495 2838 2562 2894 de
2610 2840 2817 2893 locusta
2871 2848 2925 2893 et
2962 2839 3166 2894 brueho
3212 2839 3473 2908 loquitur,
3502 2850 3557 2894 et

1980 2926 2300 2995 dissipatum
2328 2926 2392 2980 iri
2424 2927 2578 2992 dicit,
2609 2928 2854 2983 sublatos
2885 2929 3178 2983 secundum
3211 2927 3304 2982 Dei
3363 2929 3555 2984 volun—

1985 3025 2149 3072 tatem
2177 3016 2432 3073 celeriter
2471 3018 2538 3074 ad
2554 3032 2681 3074 oras
2703 3018 2899 3074 Judmae
2925 3018 3144 3074 ultimas
3162 3018 3301 3074 forte
3319 3019 3562 3089 adeoque

1986 3116 2184 3164 tetrum
2204 3109 2426 3166 odorem
2464 3119 2573 3165 tota
2609 3110 2830 3179 regione
2892 3109 3208 3177 diffusuros,
3261 3120 3322 3164 ut
3374 3110 3561 3165 incolae

290 3197 566 3268 φορτικὴν
594 3198 693 3268 τὴν
735 3198 971 3253 διάδοσιν
1010 3199 1261 3268 γενέσθαι
1298 3202 1411 3264 τοῖς
1439 3200 1544 3254 ἀνὰ
1569 3202 1751 3255 πᾶσαν
1780 3200 1878 3273 τὴν

1986 3200 2282 3257 molestiam
2315 3216 2565 3270 magnam
2599 3202 2851 3256 sentiant.
2878 3199 2987 3257 Nec
3017 3210 3189 3255 mutat
3244 3215 3425 3255 sermo
3453 3199 3562 3255 ullo

292 3292 502 3364 χώραν.
538 3292 847 3365 Μεθίστησι
875 3293 933 3346 δέ
953 3293 1206 3364 οὐδαμῶς
1232 3295 1261 3347 ό
1292 3293 1450 3363 λόγος
1473 3294 1569 3348 τοῦ
1606 3295 1714 3366 χρὴ
1743 3298 1884 3350 νοεῖν

292 3382 382 3434 καὶ
411 3381 492 3434 τὰ
516 3381 696 3436 τοιάδε
727 3382 889 3436 πάλιν
915 3382 990 3445 ὡς
1022 3382 1114 3435 ἐπί
1160 3399 1225 3450 γε
1258 3381 1366 3436 τῶν
1397 3383 1886 3441 Βαϐυλωνίων.Ὲν

296 3473 393 3541 μὲν
419 3472 539 3546 γὰρ
566 3476 682 3539 τοῖς
700 3475 893 3539 νοτίοις
944 3474 1134 3547 μέρεσι
1182 3475 1281 3546 τῆς
1316 3474 1670 3548 Ἰερουσαλὴμ
1696 3477 1887 3547 βαθεῖά

292 3583 372 3629 τις
394 3566 617 3637 ἕρημος
652 3565 1021 3638 ἐξευρύνεται,
1047 3564 1434 3637 τερματίζεται
1486 3583 1552 3637 γε
1604 3568 1710 3639 μὴν
1750 3569 1887 3640 πρὸς

294 3663 372 3731 ἠῶ
395 3680 488 3726 τε,
511 3661 610 3716 καὶ
635 3660 790 3713 νότον
822 3657 1115 3727 πελάγεσιν
1156 3659 1399 3723 Ἰνδικοῖς
1418 3697 1432 3723 ,
1489 3659 1628 3731 πρὸς
1664 3659 1816 3712 δύσιν
1840 3660 1886 3713 δ’

296 3751 383 3819 αὖ,
419 3755 523 3810 καὶ
566 3752 639 3807 τὰ
683 3751 981 3822 βορῤότερα
1033 3752 1100 3820 τῇ
1143 3750 1516 3807 Παλαιστινῶν
1551 3752 1754 3821 γείτονι
1791 3751 1889 3807 θαι

298 3845 501 3918 λάσσῃ,
535 3843 635 3897 καὶ
664 3843 848 3905 αὐτοῖς
874 3842 931 3894 δὲ
965 3840 1384 3914 προσκλυζούσῃ
1404 3843 1518 3905 τοῖς
1546 3842 1885 3911 Αἰγυπτίοις.

309 3938 459 3991 ἐκεῖ
490 3937 587 3991 τὸν
638 3933 869 4006 βροῦχον
918 3935 1012 3988 καὶ
1053 3934 1153 4005 τὴν
1200 3934 1396 4006 ἀκρίδα
1442 3934 1681 3989 διολέσαι
1728 3935 1885 4005 φησὶ,

242 4054 245 4055 ν
300 4027 547 4099 δυσαχθῆ
567 4026 627 4080 δέ
646 4026 899 4095 γενέσθαι
928 4027 1019 4079 τὸν
1043 4026 1243 4099 βρόμον
1269 4026 1469 4080 αὐτῶν.
1490 4026 1635 4098 Πλὴν
1661 4025 1891 4098 ἀνῄρην-

298 4121 514 4173 unici.
533 4119 587 4173 οί
616 4116 969 4183 Βαϐυλώνιοι,
1017 4118 1115 4189 τὴν
1162 4118 1506 4189 βορειοτέραν
1545 4117 1754 4189 χώραν,
1794 4119 1890 4173 καὶ

300 4213 437 4282 πρὸς
457 4211 545 4281 ἠῶ
572 4209 835 4281 κειμένην
862 4210 1157 4275 οἰκοῦντες.
1187 4210 1314 4280 Ἀνῄ
1323 4227 1513 4283 ρηνται
1533 4209 1591 4263 δέ
1606 4212 1665 4264 ἐν
1682 4212 1891 4281 καιροῖς

297 4305 395 4374 τῆς
454 4303 705 4373 Ἐζεκίου
764 4302 1073 4372 βασιλείας,
1131 4302 1223 4356 καὶ
1265 4297 1334 4373 ἦν
1399 4301 1733 4372 δυσφόρητος
1781 4301 1891 4355 τῶν

299 4394 627 4467 πτωμάτων
653 4394 875 4466 βρόμος,
899 4394 976 4458 ὡς
1000 4393 1399 4466 καθαρισθῆναι
1432 4392 1585 4465 μόλις
1623 4394 1682 4446 ἐν
1724 4394 1893 4447 ἐπτα-

1985 3292 2161 3357 modo,
2197 3293 2325 3362 quin
2354 3300 2409 3346 et
2464 3291 2579 3347 haec
2634 3292 2700 3346 de
2720 3291 3044 3361 Babyloniis
3107 3303 3322 3345 rursum
3357 3289 3560 3345 intelli-

1985 3384 2157 3454 genda
2180 3385 2307 3439 sint.
2339 3382 2472 3437 Nam
2500 3398 2605 3453 qua
2633 3381 3005 3455 Hierosolyma
3029 3391 3274 3437 austrum
3318 3381 3557 3453 respicit,

1986 3474 2215 3530 solitudo
2259 3474 2415 3546 longa
2470 3472 2791 3540 intenditur,
2825 3488 2945 3544 quae
2997 3475 3060 3528 ad
3105 3473 3565 3530 orientemetau—

1987 3575 2158 3620 strum
2189 3567 2329 3621 mari
2374 3565 2558 3622 Iudico
2594 3566 2937 3633 terminatur,
2990 3566 3057 3621 ad
3114 3566 3457 3622 occidentem
3512 3576 3571 3622 et

1988 3657 2311 3726 aquilonem,
2343 3658 2484 3713 mari
2512 3659 2689 3714 vicino
2724 3658 3028 3714 Palmstinaa
3077 3657 3238 3728 223
3286 3667 3342 3713 et
3394 3658 3571 3727 ipsam

1988 3748 2279 3819 Egyptum
2308 3750 2562 3805 alluente.
2593 3750 2672 3806 lbi
2702 3750 2968 3805 bruchum
3014 3759 3067 3805 et
3099 3749 3359 3804 locustam
3395 3749 3566 3804 inter-

1990 3841 2120 3896 iisse
2153 3840 2250 3895 ait.
2285 3842 2484 3897 Eorum
2509 3856 2673 3912 porro
2712 3840 2949 3896 sonitum
2981 3852 3271 3893 onerosum
3307 3852 3371 3893 ac
3397 3838 3567 3893 mole-

1989 3942 2132 3987 stum
2158 3933 2453 3990 exstitisse.
2492 3933 2755 3989 Caeterum
2792 3931 2954 3986 ablati
2989 3941 3114 3985 sunt
3139 3930 3302 3984 etiam
3332 3944 3363 3985 e
3389 3929 3568 3984 medio

1991 4024 2293 4096 Babylonii,
2358 4024 2598 4093 aquiloni
2668 4023 2984 4078 viciniorem
3043 4023 3342 4091 regionem,
3396 4029 3451 4075 et
3501 4021 3568 4074 ad

1990 4114 2253 4169 orientem
2285 4114 2514 4182 positam
2550 4112 2877 4176 habitantes,
2904 4124 3012 4179 quo
3035 4117 3283 4178 tempore
3304 4110 3569 4165 Ezechias

1994 4206 2240 4275 regnavit
2267 4206 2309 4271 ’,
2327 4212 2551 4273 eratque
2577 4202 2928 4258 intolerabilis
2960 4201 3285 4257 cadaverum
3310 4202 3468 4267 fetor,
3511 4212 3571 4255 ut

1993 4298 2085 4352 vix
2137 4305 2342 4365 septem
2375 4294 2650 4350 mensibus
2695 4304 2838 4348 terra
2870 4301 3214 4364 purgaretur,
3244 4304 3298 4349 et
3330 4309 3358 4349 a
3382 4303 3568 4363 putre-

1992 4388 2119 4443 dine
2146 4401 2433 4457 corporum
2465 4395 2802 4442 mortuorum
2867 4386 3272 4449 liberaretur",
3314 4393 3373 4439 ut
3429 4386 3583 4454 apud

301 4487 466 4556 μήνῳ
498 4485 605 4556 τὴν
630 4485 755 4555 γῆν,
782 4486 878 4540 καὶ
905 4487 1005 4556 τῆς
1034 4483 1143 4538 τῶν
1167 4484 1479 4555 πτωμάτων
1506 4483 1878 4554 ἀπαλλαγῆναι

1997 4477 2331 4534 Ezechielem
2360 4478 2610 4549 legimus.
2649 4476 3063 4549 Babyloniorum
3090 4485 3270 4532 autem
3296 4477 3569 4545 regionem

298 4578 570 4648 σαπρίας.
597 4576 756 4631 Οὕτω
778 4576 887 4648 γάρ
922 4593 1088 4648 φησιν
1124 4575 1404 4648 ἰεζεχιήλ.
1435 4576 1558 4629 Ὀτι
1586 4574 1643 4627 δέ
1665 4574 1894 4647 προσκέ-

296 4669 490 4723 κλιται
513 4670 632 4731 τοῖς
658 4667 1016 4740 βορειοτέροις
1038 4667 1148 4721 τῶν
1167 4665 1525 4720 Βαϐυλωνίων
1550 4666 1583 4736 ἡ
1610 4666 1704 4736 γῆ,
1724 4666 1895 4736 σαφὲς

296 4759 366 4811 ἂν
401 4760 660 4827 γένοιτο,
701 4759 950 4826 λέγοντος
998 4758 1134 4812 Θεοῦ
1167 4758 1257 4812 διά
1286 4760 1470 4829 φωνῆς
1509 4758 1679 4827 ἁγίων
1700 4760 1811 4821 τοῖς
1834 4756 1893 4824 ἐξ

296 4851 540 4921 αἵματος
596 4849 813 4921 Ἰσραὴλ
864 4849 1330 4921 ἀπενηνεγμένοις
1390 4850 1450 4902 ἐν
1507 4848 1891 4920 αἰχμαλωσίᾳο

303 4961 322 4991 ι
364 4943 459 5006 ‘0,
490 4941 575 5010 ὣ,
605 4942 837 5011 φεύγετε
863 4944 928 4995 ἐκ
950 4943 1051 5013 γῆς
1082 4941 1255 5014 βορρᾶ
1276 4983 1292 5009 ,
1327 4941 1478 5010 λέγει
1520 4939 1757 5009 Κύριος·
1812 4939 1892 5003 είς

299 5034 448 5088 Σιὼν
478 5034 850 5100 ἀνασώζεσθε,
889 5036 940 5088 oi
967 5034 1349 5100 κατοικοῦντες
1397 5033 1673 5106 θυγατέρα
1719 5033 1898 5085 Βαϐυ-

298 5123 556 5187 lima.»

386 5216 689 5282 Ἐξελάσας
707 5217 763 5271 δὲ
798 5219 892 5272 καὶ
918 5217 977 5283 ἐξ
1005 5218 1163 5289 ἡμῶν
1196 5216 1378 5271 αὐτῶν
1414 5216 1513 5286 τὴν
1540 5213 1734 5287 ἀκρίδα
1762 5214 1897 5283 Χρι-

298 5306 458 5370 στος,
503 5309 649 5378 φημὶ
693 5308 759 5379 δὴ
798 5309 897 5379 τὴν
934 5308 1150 5380 νοητὴν,
1190 5307 1260 5361 τὰ
1305 5307 1679 5378 παμμόχθηρα
1730 5305 1891 5375 στίφη

296 5398 413 5450 τῶν
440 5398 743 5469 δαιμονίων
783 5400 1044 5471 δηλονότι,
1074 5399 1423 5454 κατέκλεισεν
1454 5398 1594 5452 αύτά
1626 5400 1704 5462 εἰς
1742 5397 1891 5468 ᾅδου,

297 5488 398 5539 καὶ
432 5487 501 5539 ἐν
523 5492 637 5552 τοῖς
675 5490 775 5561 τῆς
810 5490 1048 5543 ἀϐύσσου
1097 5492 1285 5561 μυχοῖς
1313 5490 1668 5561 κατηφάνισε,
1707 5486 1895 5547 καθεὶς

376 5684 597 5763 ‘__Ps_al.
627 5703 760 5763 xxi},
795 5690 846 5745 5.
957 5693 975 5725 ⁷
1014 5691 1200 5749 Matth.
1234 5707 1379 5763 XXIV,
1420 5692 1503 5747 l9...

303 5758 350 5789 “
396 5754 574 5812 Zach.
608 5772 672 5828 II,
699 5760 753 5812 6.

1606 5692 1625 5723 ⁸
1668 5690 1843 5745 Cnlat.
1904 5705 1954 5756 ν,
1994 5688 2062 5742 24

1998 4583 2223 4640 vergere
2251 4584 2442 4625 versus
2473 4567 2781 4638 aquilonem
2810 4568 3155 4638 perspicuum
3184 4567 3242 4621 lit
3293 4580 3365 4619 ex-
3391 4564 3583 4619 verbis-

1999 4660 2237 4726 Domini,
2266 4674 2385 4729 quae
2402 4669 2708 4716 sanctorum
2737 4673 2868 4714 voce
2893 4658 3101 4713 locutus
3124 4665 3209 4712 est
3241 4656 3308 4712 iis
3354 4656 3446 4724 qui
3504 4657 3571 4710 de

1998 4753 2262 4824 sanguine
2314 4750 2480 4808 Israel
2535 4751 2587 4805 in
2621 4750 2988 4821 captivitatem
3039 4749 3254 4803 abducti
3307 4747 3566 4801 fuerant:

2004 4864 2023 4899 ι
2061 4844 2126 4911 0,
2158 4860 2211 4909 ο.
2243 4844 2413 4915 fugite
2441 4844 2507 4899 de
2529 4852 2673 4898 terra
2726 4839 3160 4910 aquilonis,dicit
3200 4839 3479 4895 Dominus.
3515 4839 3581 4894 ln

1999 4936 2129 4992 Sion
2184 4932 2508 4999 salvamini,
2566 4928 2668 5001 qui.
2748 4927 3004 4984 habitatis
3097 4925 3263 4983 llliam
3340 4926 3572 4998 Babylo-

1999 5027 2085 5083 nis
2119 5027 2185 5080 “.
2227 5044 2248 5077 ι

2066 5201 2315 5258 Christus
2345 5212 2473 5254 vero
2510 5197 2675 5252 etiam
2700 5210 2732 5251 e
2761 5194 2916 5250 nobis
2958 5194 3093 5265 ipsis
3144 5193 3407 5250 locustam
3452 5206 3572 5260 quae

1998 5304 2179 5350 mente
2215 5293 2427 5347 videtur
2466 5289 2712 5360 expulit,
2783 5288 3306 5357 improbissimorum
3365 5284 3567 5338 daemo-

2000 5403 2124 5443 num
2153 5393 2400 5441 catervas
2434 5392 2583 5453 puta,
2613 5396 2813 5450 eosque
2850 5379 3061 5436 inferno
3092 5377 3375 5438 conclusit,
3424 5381 3478 5426 et
3516 5373 3569 5424 in

2002 5480 2178 5552 abyssi
2206 5478 2391 5533 intima
2425 5475 2611 5547 procul
2636 5475 2880 5540 removit,
2895 5472 3049 5544 quasi
3078 5470 3123 5525 si
3158 5471 3212 5524 in
3232 5469 3573 5522 altum-mare

2192 5687 2211 5717 ⁹
2244 5682 2307 5738 IV
2348 5682 2477 5750 Reg.
2533 5694 2688 5742 xvm,
2754 5678 2804 5731 ι.
2930 5675 2971 5705 ¹⁶
3002 5668 3199 5725 Ezech.
3241 5678 3425 5731 χχχιχ,
3466 5664 3553 5720 12.
