  <div class='ocr_page' id='page_1' title='image "/cluster/home/n/w/nwhite01/storage/ocr_20150623/71/hvd.32044073502007/191.png"; bbox 0 0 3950 6200; ppageno 0'>
   <div class='ocr_carea' id='block_1_1' title="bbox 383 379 481 436">
    <p class='ocr_par' dir='ltr' id='par_1_1' title="bbox 383 379 481 436">
     <span class='ocr_line' id='line_1_1' title="bbox 383 379 481 436; baseline -0.01 0"><span class='ocrx_word' id='word_1_1' title='bbox 383 379 481 436; x_wconf 71' lang='grc'><strong>371</strong></span> 
     </span>
    </p>
   </div>
   <div class='ocr_carea' id='block_1_2' title="bbox 1395 370 2640 431">
    <p class='ocr_par' dir='ltr' id='par_1_2' title="bbox 1395 370 2640 431">
     <span class='ocr_line' id='line_1_2' title="bbox 1395 370 2640 431; baseline 0.001 -1"><span class='ocrx_word' id='word_1_2' title='bbox 1395 374 1452 430; x_wconf 90' lang='lat' dir='ltr'><strong>S.</strong></span> <span class='ocrx_word' id='word_1_3' title='bbox 1497 371 1765 430; x_wconf 78' lang='lat' dir='ltr'><strong>CYRILLI</strong></span> <span class='ocrx_word' id='word_1_4' title='bbox 1806 370 2276 429; x_wconf 77' lang='lat' dir='ltr'><strong>ALEXANDRINI</strong></span> <span class='ocrx_word' id='word_1_5' title='bbox 2314 374 2640 431; x_wconf 83' lang='lat' dir='ltr'><strong>ARCHIEP.</strong></span> 
     </span>
    </p>
   </div>
   <div class='ocr_carea' id='block_1_3' title="bbox 3544 384 3649 440">
    <p class='ocr_par' dir='ltr' id='par_1_3' title="bbox 3544 384 3649 440">
     <span class='ocr_line' id='line_1_3' title="bbox 3544 384 3649 440; baseline 0 -1"><span class='ocrx_word' id='word_1_6' title='bbox 3544 384 3649 440; x_wconf 67' lang='lat'><strong>572</strong></span> 
     </span>
    </p>
   </div>
   <div class='ocr_carea' id='block_1_4' title="bbox 383 490 1967 568">
    <p class='ocr_par' dir='ltr' id='par_1_4' title="bbox 383 491 1966 566">
     <span class='ocr_line' id='line_1_4' title="bbox 383 491 1966 566; baseline -0.003 -16"><span class='ocrx_word' id='word_1_7' title='bbox 383 509 479 550; x_wconf 82' lang='lat' dir='ltr'><strong>eos</strong></span> <span class='ocrx_word' id='word_1_8' title='bbox 506 493 867 566; x_wconf 82' lang='lat' dir='ltr'><strong>demergeret.</strong></span> <span class='ocrx_word' id='word_1_9' title='bbox 900 491 1159 549; x_wconf 81' lang='lat' dir='ltr'><strong>Ascendit</strong></span> <span class='ocrx_word' id='word_1_10' title='bbox 1177 500 1354 546; x_wconf 88' lang='lat' dir='ltr'><strong>autem</strong></span> <span class='ocrx_word' id='word_1_11' title='bbox 1390 502 1575 561; x_wconf 90' lang='lat' dir='ltr'><strong>postea</strong></span> <span class='ocrx_word' id='word_1_12' title='bbox 1620 503 1778 561; x_wconf 84' lang='lat' dir='ltr'><strong>putor</strong></span> <span class='ocrx_word' id='word_1_13' title='bbox 1803 501 1859 546; x_wconf 91' lang='lat' dir='ltr'><strong>et</strong></span> <span class='ocrx_word' id='word_1_14' title='bbox 1878 505 1966 547; x_wconf 82' lang='lat' dir='ltr'><strong>so-</strong></span> 
     </span>
    </p>
   </div>
   <div class='ocr_carea' id='block_1_5' title="bbox 2074 490 3655 568">
    <p class='ocr_par' dir='ltr' id='par_1_5' title="bbox 2074 490 3655 568">
     <span class='ocr_line' id='line_1_5' title="bbox 2074 490 3655 568; baseline 0.006 -26"><span class='ocrx_word' id='word_1_15' title='bbox 2074 490 2235 543; x_wconf 85' lang='grc' dir='ltr'>οἱονεί</span> <span class='ocrx_word' id='word_1_16' title='bbox 2255 508 2371 557; x_wconf 87' lang='grc' dir='ltr'><strong>πως</strong></span> <span class='ocrx_word' id='word_1_17' title='bbox 2402 493 2483 556; x_wconf 82' lang='grc' dir='ltr'><strong>εἰς</strong></span> <span class='ocrx_word' id='word_1_18' title='bbox 2514 492 2582 545; x_wconf 81' lang='grc' dir='ltr'>τὰ</span> <span class='ocrx_word' id='word_1_19' title='bbox 2609 491 2750 563; x_wconf 83' lang='grc' dir='ltr'><strong>βάθη</strong></span> <span class='ocrx_word' id='word_1_20' title='bbox 2784 496 2883 564; x_wconf 87' lang='grc' dir='ltr'><strong>τῆς</strong></span> <span class='ocrx_word' id='word_1_21' title='bbox 2914 496 3210 565; x_wconf 79' lang='grc' dir='ltr'><strong>θαλάσσης.</strong></span> <span class='ocrx_word' id='word_1_22' title='bbox 3250 495 3441 568; x_wconf 76' lang='grc' dir='ltr'>Ἀνέϐη</span> <span class='ocrx_word' id='word_1_23' title='bbox 3474 496 3532 551; x_wconf 84' lang='grc' dir='ltr'><strong>δέ</strong></span> <span class='ocrx_word' id='word_1_24' title='bbox 3556 498 3655 552; x_wconf 80' lang='grc' dir='ltr'>λοι-</span> 
     </span>
    </p>
   </div>
   <div class='ocr_carea' id='block_1_6' title="bbox 387 580 1971 653">
    <p class='ocr_par' dir='ltr' id='par_1_6' title="bbox 387 580 1971 653">
     <span class='ocr_line' id='line_1_6' title="bbox 387 580 1971 653; baseline -0.002 -14"><span class='ocrx_word' id='word_1_25' title='bbox 387 585 532 639; x_wconf 90' lang='lat' dir='ltr'><strong>nitus</strong></span> <span class='ocrx_word' id='word_1_26' title='bbox 561 599 771 649; x_wconf 90' lang='lat' dir='ltr'><strong>eorum,</strong></span> <span class='ocrx_word' id='word_1_27' title='bbox 806 594 859 638; x_wconf 91' lang='lat' dir='ltr'><strong>et</strong></span> <span class='ocrx_word' id='word_1_28' title='bbox 882 582 1035 638; x_wconf 87' lang='lat' dir='ltr'><strong>nobis</strong></span> <span class='ocrx_word' id='word_1_29' title='bbox 1076 582 1257 653; x_wconf 78' lang='lat' dir='ltr'><strong>gravis</strong></span> <span class='ocrx_word' id='word_1_30' title='bbox 1303 592 1467 652; x_wconf 86' lang='lat' dir='ltr'><strong>atque</strong></span> <span class='ocrx_word' id='word_1_31' title='bbox 1512 580 1731 636; x_wconf 85' lang='lat' dir='ltr'><strong>odiosus</strong></span> <span class='ocrx_word' id='word_1_32' title='bbox 1799 580 1971 636; x_wconf 79' lang='lat' dir='ltr'><strong>lactus</strong></span> 
     </span>
    </p>
   </div>
   <div class='ocr_carea' id='block_1_7' title="bbox 382 671 1967 745">
    <p class='ocr_par' dir='ltr' id='par_1_7' title="bbox 382 671 1967 745">
     <span class='ocr_line' id='line_1_7' title="bbox 382 671 1967 745; baseline -0.002 -15"><span class='ocrx_word' id='word_1_33' title='bbox 382 685 486 739; x_wconf 82' lang='lat' dir='ltr'><strong>est.</strong></span> <span class='ocrx_word' id='word_1_34' title='bbox 510 690 817 745; x_wconf 84' lang='lat' dir='ltr'><strong>quanquam</strong></span> <span class='ocrx_word' id='word_1_35' title='bbox 841 675 972 732; x_wconf 91' lang='lat' dir='ltr'><strong>olim</strong></span> <span class='ocrx_word' id='word_1_36' title='bbox 1008 675 1131 729; x_wconf 87' lang='lat' dir='ltr'><strong>talis</strong></span> <span class='ocrx_word' id='word_1_37' title='bbox 1163 672 1318 729; x_wconf 88' lang='lat' dir='ltr'><strong>nobis</strong></span> <span class='ocrx_word' id='word_1_38' title='bbox 1369 672 1509 728; x_wconf 90' lang='lat' dir='ltr'><strong>baud</strong></span> <span class='ocrx_word' id='word_1_39' title='bbox 1537 672 1829 737; x_wconf 75' lang='lat' dir='ltr'><strong>videretur;</strong></span> <span class='ocrx_word' id='word_1_40' title='bbox 1866 671 1967 728; x_wconf 82' lang='lat' dir='ltr'><strong>Sa-</strong></span> 
     </span>
    </p>
   </div>
   <div class='ocr_carea' id='block_1_8' title="bbox 384 764 1967 838">
    <p class='ocr_par' dir='ltr' id='par_1_8' title="bbox 384 764 1967 838">
     <span class='ocr_line' id='line_1_8' title="bbox 384 764 1967 838; baseline -0.002 -17"><span class='ocrx_word' id='word_1_41' title='bbox 384 777 565 822; x_wconf 88' lang='lat' dir='ltr'><strong>tanam</strong></span> <span class='ocrx_word' id='word_1_42' title='bbox 633 768 899 838; x_wconf 79' lang='lat' dir='ltr'><strong>siquidem</strong></span> <span class='ocrx_word' id='word_1_43' title='bbox 936 767 1104 822; x_wconf 85' lang='lat' dir='ltr'><strong>fetere</strong></span> <span class='ocrx_word' id='word_1_44' title='bbox 1140 780 1245 820; x_wconf 92' lang='lat' dir='ltr'><strong>non</strong></span> <span class='ocrx_word' id='word_1_45' title='bbox 1290 765 1665 821; x_wconf 87' lang='lat' dir='ltr'><strong>credebamus.</strong></span> <span class='ocrx_word' id='word_1_46' title='bbox 1704 764 1773 818; x_wconf 81' lang='lat' dir='ltr'><strong>At</strong></span> <span class='ocrx_word' id='word_1_47' title='bbox 1802 778 1967 830; x_wconf 91' lang='lat' dir='ltr'><strong>nunc,</strong></span> 
     </span>
    </p>
   </div>
   <div class='ocr_carea' id='block_1_9' title="bbox 384 855 1972 929">
    <p class='ocr_par' dir='ltr' id='par_1_9' title="bbox 384 855 1972 929">
     <span class='ocr_line' id='line_1_9' title="bbox 384 855 1972 929; baseline -0.001 -16"><span class='ocrx_word' id='word_1_48' title='bbox 384 869 439 915; x_wconf 88' lang='lat' dir='ltr'><strong>et</strong></span> <span class='ocrx_word' id='word_1_49' title='bbox 473 861 562 914; x_wconf 73' lang='lat' dir='ltr'><strong>vix</strong></span> <span class='ocrx_word' id='word_1_50' title='bbox 607 861 821 914; x_wconf 89' lang='lat' dir='ltr'><strong>tandem</strong></span> <span class='ocrx_word' id='word_1_51' title='bbox 848 860 1009 913; x_wconf 86' lang='lat' dir='ltr'><strong>talem</strong></span> <span class='ocrx_word' id='word_1_52' title='bbox 1045 874 1167 915; x_wconf 86' lang='lat' dir='ltr'><strong>esse</strong></span> <span class='ocrx_word' id='word_1_53' title='bbox 1224 858 1597 929; x_wconf 83' lang='lat' dir='ltr'><strong>cognovimus.</strong></span> <span class='ocrx_word' id='word_1_54' title='bbox 1641 855 1972 921; x_wconf 82' lang='lat' dir='ltr'><strong>Putabamus</strong></span> 
     </span>
    </p>
   </div>
   <div class='ocr_carea' id='block_1_10' title="bbox 383 947 1968 1016">
    <p class='ocr_par' dir='ltr' id='par_1_10' title="bbox 383 947 1968 1016">
     <span class='ocr_line' id='line_1_10' title="bbox 383 947 1968 1016; baseline -0.002 -11"><span class='ocrx_word' id='word_1_55' title='bbox 383 950 526 1006; x_wconf 89' lang='lat' dir='ltr'><strong>cnim</strong></span> <span class='ocrx_word' id='word_1_56' title='bbox 554 952 737 1006; x_wconf 87' lang='lat' dir='ltr'><strong>miseri</strong></span> <span class='ocrx_word' id='word_1_57' title='bbox 768 953 904 1006; x_wconf 85' lang='lat' dir='ltr'><strong>bene</strong></span> <span class='ocrx_word' id='word_1_58' title='bbox 936 950 1102 1014; x_wconf 91' lang='lat' dir='ltr'><strong>olere,</strong></span> <span class='ocrx_word' id='word_1_59' title='bbox 1134 958 1186 1002; x_wconf 88' lang='lat' dir='ltr'><strong>ct</strong></span> <span class='ocrx_word' id='word_1_60' title='bbox 1208 947 1494 1003; x_wconf 84' lang='lat' dir='ltr'><strong>amabilem</strong></span> <span class='ocrx_word' id='word_1_61' title='bbox 1548 962 1697 1011; x_wconf 90' lang='lat' dir='ltr'><strong>esse,</strong></span> <span class='ocrx_word' id='word_1_62' title='bbox 1729 947 1968 1016; x_wconf 83' lang='lat' dir='ltr'><strong>quando,</strong></span> 
     </span>
    </p>
   </div>
   <div class='ocr_carea' id='block_1_11' title="bbox 384 1038 1971 1111">
    <p class='ocr_par' dir='ltr' id='par_1_11' title="bbox 384 1038 1971 1111">
     <span class='ocr_line' id='line_1_11' title="bbox 384 1038 1971 1111; baseline -0.001 -19"><span class='ocrx_word' id='word_1_63' title='bbox 384 1040 613 1096; x_wconf 85' lang='lat' dir='ltr'><strong>vinculis</strong></span> <span class='ocrx_word' id='word_1_64' title='bbox 649 1042 935 1111; x_wconf 85' lang='lat' dir='ltr'><strong>pravitatis</strong></span> <span class='ocrx_word' id='word_1_65' title='bbox 961 1041 1261 1103; x_wconf 87' lang='lat' dir='ltr'><strong>constricti,</strong></span> <span class='ocrx_word' id='word_1_66' title='bbox 1281 1038 1398 1107; x_wconf 76' lang='lat' dir='ltr'><strong>eius</strong></span> <span class='ocrx_word' id='word_1_67' title='bbox 1430 1047 1701 1109; x_wconf 85' lang='lat' dir='ltr'><strong>potestate</strong></span> <span class='ocrx_word' id='word_1_68' title='bbox 1727 1038 1971 1093; x_wconf 87' lang='lat' dir='ltr'><strong>contine-</strong></span> 
     </span>
    </p>
   </div>
   <div class='ocr_carea' id='block_1_12' title="bbox 382 1130 1973 1205">
    <p class='ocr_par' dir='ltr' id='par_1_12' title="bbox 382 1130 1973 1205">
     <span class='ocr_line' id='line_1_12' title="bbox 382 1130 1973 1205; baseline -0.003 -17"><span class='ocrx_word' id='word_1_69' title='bbox 382 1133 597 1189; x_wconf 86' lang='lat' dir='ltr'><strong>bamur.</strong></span> <span class='ocrx_word' id='word_1_70' title='bbox 632 1134 744 1200; x_wconf 60' lang='lat' dir='ltr'><strong>,Sed</strong></span> <span class='ocrx_word' id='word_1_71' title='bbox 780 1144 1065 1205; x_wconf 89' lang='lat' dir='ltr'><strong>postquam</strong></span> <span class='ocrx_word' id='word_1_72' title='bbox 1086 1133 1401 1188; x_wconf 86' lang='lat' dir='ltr'><strong>Emmanuel</strong></span> <span class='ocrx_word' id='word_1_73' title='bbox 1444 1132 1597 1187; x_wconf 90' lang='lat' dir='ltr'><strong>nobis</strong></span> <span class='ocrx_word' id='word_1_74' title='bbox 1631 1130 1900 1201; x_wconf 89' lang='lat' dir='ltr'><strong>apparuit,</strong></span> <span class='ocrx_word' id='word_1_75' title='bbox 1919 1139 1973 1184; x_wconf 91' lang='lat' dir='ltr'><strong>et</strong></span> 
     </span>
    </p>
   </div>
   <div class='ocr_carea' id='block_1_13' title="bbox 382 1221 1969 1294">
    <p class='ocr_par' dir='ltr' id='par_1_13' title="bbox 382 1221 1969 1294">
     <span class='ocr_line' id='line_1_13' title="bbox 382 1221 1969 1294; baseline -0.003 -16"><span class='ocrx_word' id='word_1_76' title='bbox 382 1223 484 1279; x_wconf 90' lang='lat' dir='ltr'><strong>hoc</strong></span> <span class='ocrx_word' id='word_1_77' title='bbox 513 1223 736 1279; x_wconf 88' lang='lat' dir='ltr'><strong>verbum</strong></span> <span class='ocrx_word' id='word_1_78' title='bbox 764 1225 967 1280; x_wconf 86' lang='lat' dir='ltr'><strong>edidit:</strong></span> <span class='ocrx_word' id='word_1_79' title='bbox 1003 1244 1020 1277; x_wconf 79' lang='grc' dir='ltr'><strong>ι</strong></span> <span class='ocrx_word' id='word_1_80' title='bbox 1058 1225 1165 1294; x_wconf 84' lang='lat' dir='ltr'><strong>Ego</strong></span> <span class='ocrx_word' id='word_1_81' title='bbox 1190 1224 1291 1279; x_wconf 86' lang='lat' dir='ltr'><strong>llos</strong></span> <span class='ocrx_word' id='word_1_82' title='bbox 1313 1223 1510 1292; x_wconf 87' lang='lat' dir='ltr'><strong>campi,</strong></span> <span class='ocrx_word' id='word_1_83' title='bbox 1544 1232 1596 1277; x_wconf 91' lang='lat' dir='ltr'><strong>et</strong></span> <span class='ocrx_word' id='word_1_84' title='bbox 1641 1221 1811 1275; x_wconf 87' lang='lat' dir='ltr'><strong>lilium</strong></span> <span class='ocrx_word' id='word_1_85' title='bbox 1838 1235 1969 1275; x_wconf 85' lang='lat' dir='ltr'><strong>con-</strong></span> 
     </span>
    </p>
   </div>
   <div class='ocr_carea' id='block_1_14' title="bbox 382 1312 1967 1385">
    <p class='ocr_par' dir='ltr' id='par_1_14' title="bbox 382 1312 1967 1385">
     <span class='ocr_line' id='line_1_14' title="bbox 382 1312 1967 1385; baseline -0.003 -17"><span class='ocrx_word' id='word_1_86' title='bbox 382 1317 599 1371; x_wconf 88' lang='lat' dir='ltr'><strong>vallium</strong></span> <span class='ocrx_word' id='word_1_87' title='bbox 630 1318 727 1381; x_wconf 71' lang='lat' dir='ltr'><strong>&quot;,t</strong></span> <span class='ocrx_word' id='word_1_88' title='bbox 760 1324 890 1381; x_wconf 88' lang='lat' dir='ltr'><strong>tum,</strong></span> <span class='ocrx_word' id='word_1_89' title='bbox 924 1332 1046 1371; x_wconf 85' lang='lat' dir='ltr'><strong>sero</strong></span> <span class='ocrx_word' id='word_1_90' title='bbox 1072 1317 1195 1371; x_wconf 88' lang='lat' dir='ltr'><strong>licet</strong></span> <span class='ocrx_word' id='word_1_91' title='bbox 1219 1316 1335 1385; x_wconf 87' lang='lat' dir='ltr'><strong>ejus</strong></span> <span class='ocrx_word' id='word_1_92' title='bbox 1356 1314 1707 1383; x_wconf 67' lang='lat' dir='ltr'><strong>ﬂagrantiam</strong></span> <span class='ocrx_word' id='word_1_93' title='bbox 1727 1312 1967 1368; x_wconf 91' lang='lat' dir='ltr'><strong>sentien-</strong></span> 
     </span>
    </p>
   </div>
   <div class='ocr_carea' id='block_1_15' title="bbox 384 1402 1968 1479">
    <p class='ocr_par' dir='ltr' id='par_1_15' title="bbox 384 1402 1968 1479">
     <span class='ocr_line' id='line_1_15' title="bbox 384 1402 1968 1479; baseline -0.004 -17"><span class='ocrx_word' id='word_1_94' title='bbox 384 1418 488 1476; x_wconf 86' lang='lat' dir='ltr'><strong>tes,</strong></span> <span class='ocrx_word' id='word_1_95' title='bbox 528 1407 671 1463; x_wconf 89' lang='lat' dir='ltr'><strong>illius</strong></span> <span class='ocrx_word' id='word_1_96' title='bbox 725 1407 1031 1479; x_wconf 84' lang='lat' dir='ltr'><strong>(daemonis)</strong></span> <span class='ocrx_word' id='word_1_97' title='bbox 1081 1407 1503 1478; x_wconf 87' lang='lat' dir='ltr'><strong>graveolentiam</strong></span> <span class='ocrx_word' id='word_1_98' title='bbox 1563 1402 1815 1460; x_wconf 87' lang='lat' dir='ltr'><strong>detestati</strong></span> <span class='ocrx_word' id='word_1_99' title='bbox 1876 1417 1968 1457; x_wconf 61' lang='lat' dir='ltr'><strong>suo</strong></span> 
     </span>
    </p>
   </div>
   <div class='ocr_carea' id='block_1_16' title="bbox 384 1516 524 1555">
    <p class='ocr_par' dir='ltr' id='par_1_16' title="bbox 384 1516 524 1555">
     <span class='ocr_line' id='line_1_16' title="bbox 384 1516 524 1555; baseline -0.007 0"><span class='ocrx_word' id='word_1_100' title='bbox 384 1516 472 1555; x_wconf 87' lang='lat' dir='ltr'><strong>mu</strong></span> <span class='ocrx_word' id='word_1_101' title='bbox 480 1516 524 1554; x_wconf 74' lang='lat'><strong>9.</strong></span> 
     </span>
    </p>
   </div>
   <div class='ocr_carea' id='block_1_17' title="bbox 459 1589 1968 1663">
    <p class='ocr_par' dir='ltr' id='par_1_17' title="bbox 459 1589 1968 1663">
     <span class='ocr_line' id='line_1_17' title="bbox 459 1589 1968 1663; baseline -0.004 -16"><span class='ocrx_word' id='word_1_102' title='bbox 459 1592 620 1651; x_wconf 72' lang='lat' dir='ltr'><strong>Vens.</strong></span> <span class='ocrx_word' id='word_1_103' title='bbox 655 1592 849 1649; x_wconf 61' lang='lat'><strong>21-24.</strong></span> <span class='ocrx_word' id='word_1_104' title='bbox 891 1592 1128 1663; x_wconf 72' lang='lat' dir='ltr'><strong>Con/ide,</strong></span> <span class='ocrx_word' id='word_1_105' title='bbox 1160 1602 1322 1658; x_wconf 85' lang='lat' dir='ltr'><strong>terra,</strong></span> <span class='ocrx_word' id='word_1_106' title='bbox 1356 1592 1525 1661; x_wconf 85' lang='lat' dir='ltr'><strong>gaude</strong></span> <span class='ocrx_word' id='word_1_107' title='bbox 1547 1600 1596 1645; x_wconf 84' lang='lat' dir='ltr'><strong>et</strong></span> <span class='ocrx_word' id='word_1_108' title='bbox 1625 1589 1968 1657; x_wconf 70' lang='lat' dir='ltr'><strong>la’tare,quia</strong></span> 
     </span>
    </p>
   </div>
   <div class='ocr_carea' id='block_1_18' title="bbox 383 1683 1970 1756">
    <p class='ocr_par' dir='ltr' id='par_1_18' title="bbox 383 1683 1970 1756">
     <span class='ocr_line' id='line_1_18' title="bbox 383 1683 1970 1756; baseline -0.001 -20"><span class='ocrx_word' id='word_1_109' title='bbox 383 1684 737 1756; x_wconf 72' lang='lat' dir='ltr'><strong>magni/ienuit</strong></span> <span class='ocrx_word' id='word_1_110' title='bbox 781 1685 1035 1739; x_wconf 79' lang='lat' dir='ltr'><strong>Dominus</strong></span> <span class='ocrx_word' id='word_1_111' title='bbox 1081 1696 1137 1739; x_wconf 87' lang='lat' dir='ltr'><strong>ut</strong></span> <span class='ocrx_word' id='word_1_112' title='bbox 1182 1685 1395 1755; x_wconf 74' lang='lat' dir='ltr'><strong>faceret.</strong></span> <span class='ocrx_word' id='word_1_113' title='bbox 1421 1683 1970 1752; x_wconf 85' lang='lat' dir='ltr'><strong>Conﬁdite,jumenta</strong></span> 
     </span>
    </p>
   </div>
   <div class='ocr_carea' id='block_1_19' title="bbox 385 1774 1970 1846">
    <p class='ocr_par' dir='ltr' id='par_1_19' title="bbox 385 1774 1970 1846">
     <span class='ocr_line' id='line_1_19' title="bbox 385 1774 1970 1846; baseline -0.001 -18"><span class='ocrx_word' id='word_1_114' title='bbox 385 1776 837 1845; x_wconf 78' lang='lat' dir='ltr'><strong>campi,quom‘am</strong></span> <span class='ocrx_word' id='word_1_115' title='bbox 856 1777 1272 1846; x_wconf 86' lang='lat' dir='ltr'><strong>germinaverunt</strong></span> <span class='ocrx_word' id='word_1_116' title='bbox 1304 1777 1475 1843; x_wconf 82' lang='lat' dir='ltr'><strong>campi</strong></span> <span class='ocrx_word' id='word_1_117' title='bbox 1503 1774 1829 1840; x_wconf 78' lang='lat' dir='ltr'><strong>solitudinis,</strong></span> <span class='ocrx_word' id='word_1_118' title='bbox 1844 1776 1970 1843; x_wconf 86' lang='lat' dir='ltr'><strong>quia</strong></span> 
     </span>
    </p>
   </div>
   <div class='ocr_carea' id='block_1_20' title="bbox 2072 582 3658 660">
    <p class='ocr_par' dir='ltr' id='par_1_20' title="bbox 2072 582 3658 660">
     <span class='ocr_line' id='line_1_20' title="bbox 2072 582 3658 660; baseline 0.006 -25"><span class='ocrx_word' id='word_1_119' title='bbox 2072 582 2174 636; x_wconf 76' lang='grc' dir='ltr'><strong>πὸν</strong></span> <span class='ocrx_word' id='word_1_120' title='bbox 2209 585 2242 655; x_wconf 81' lang='grc' dir='ltr'>ἡ</span> <span class='ocrx_word' id='word_1_121' title='bbox 2270 583 2497 656; x_wconf 87' lang='grc' dir='ltr'>σαπρία,</span> <span class='ocrx_word' id='word_1_122' title='bbox 2520 586 2615 639; x_wconf 77' lang='grc' dir='ltr'>καὶ</span> <span class='ocrx_word' id='word_1_123' title='bbox 2636 587 2665 639; x_wconf 88' lang='grc' dir='ltr'><strong>ό</strong></span> <span class='ocrx_word' id='word_1_124' title='bbox 2691 584 2895 657; x_wconf 83' lang='grc' dir='ltr'><strong>βρόμος</strong></span> <span class='ocrx_word' id='word_1_125' title='bbox 2918 587 3120 655; x_wconf 81' lang='grc' dir='ltr'>αὐτῶν,</span> <span class='ocrx_word' id='word_1_126' title='bbox 3149 588 3243 643; x_wconf 83' lang='grc' dir='ltr'>καὶ</span> <span class='ocrx_word' id='word_1_127' title='bbox 3281 588 3503 658; x_wconf 83' lang='grc' dir='ltr'>γέγονεν</span> <span class='ocrx_word' id='word_1_128' title='bbox 3525 591 3658 660; x_wconf 77' lang='grc' dir='ltr'>ἡμῖν</span> 
     </span>
    </p>
   </div>
   <div class='ocr_carea' id='block_1_21' title="bbox 2071 676 3658 751">
    <p class='ocr_par' dir='ltr' id='par_1_21' title="bbox 2071 676 3658 751">
     <span class='ocr_line' id='line_1_21' title="bbox 2071 676 3658 751; baseline 0.003 -23"><span class='ocrx_word' id='word_1_129' title='bbox 2071 676 2327 747; x_wconf 85' lang='grc' dir='ltr'>φορτικός</span> <span class='ocrx_word' id='word_1_130' title='bbox 2359 693 2441 743; x_wconf 87' lang='grc' dir='ltr'><strong>τε,</strong></span> <span class='ocrx_word' id='word_1_131' title='bbox 2482 676 2578 730; x_wconf 80' lang='grc' dir='ltr'>καὶ</span> <span class='ocrx_word' id='word_1_132' title='bbox 2622 678 3121 749; x_wconf 85' lang='grc' dir='ltr'>κατεστυγημένος,</span> <span class='ocrx_word' id='word_1_133' title='bbox 3168 679 3344 734; x_wconf 87' lang='grc' dir='ltr'>καίτοι</span> <span class='ocrx_word' id='word_1_134' title='bbox 3382 680 3551 733; x_wconf 83' lang='grc' dir='ltr'>πάλαι</span> <span class='ocrx_word' id='word_1_135' title='bbox 3581 681 3658 751; x_wconf 80' lang='grc' dir='ltr'>μὴ</span> 
     </span>
    </p>
   </div>
   <div class='ocr_carea' id='block_1_22' title="bbox 2070 762 3648 840">
    <p class='ocr_par' dir='ltr' id='par_1_22' title="bbox 2070 762 3648 840">
     <span class='ocr_line' id='line_1_22' title="bbox 2070 762 3648 840; baseline 0.004 -23"><span class='ocrx_word' id='word_1_136' title='bbox 2070 765 2309 830; x_wconf 83' lang='grc' dir='ltr'>τοιοῦτος</span> <span class='ocrx_word' id='word_1_137' title='bbox 2335 762 2471 819; x_wconf 78' lang='grc' dir='ltr'>εἶναι</span> <span class='ocrx_word' id='word_1_138' title='bbox 2494 766 2688 821; x_wconf 74' lang='grc' dir='ltr'>δοκῶνο</span> <span class='ocrx_word' id='word_1_139' title='bbox 2726 766 2938 839; x_wconf 83' lang='grc' dir='ltr'><strong>δυσώδη</strong></span> <span class='ocrx_word' id='word_1_140' title='bbox 2960 769 3071 840; x_wconf 87' lang='grc' dir='ltr'><strong>γὰρ</strong></span> <span class='ocrx_word' id='word_1_141' title='bbox 3095 770 3226 825; x_wconf 75' lang='grc' dir='ltr'>ὄντα</span> <span class='ocrx_word' id='word_1_142' title='bbox 3255 770 3349 825; x_wconf 83' lang='grc' dir='ltr'>τὸν</span> <span class='ocrx_word' id='word_1_143' title='bbox 3375 772 3648 835; x_wconf 78' lang='grc' dir='ltr'>Σατανᾶν,</span> 
     </span>
    </p>
   </div>
   <div class='ocr_carea' id='block_1_23' title="bbox 2072 856 3650 933">
    <p class='ocr_par' dir='ltr' id='par_1_23' title="bbox 2072 856 3650 933">
     <span class='ocr_line' id='line_1_23' title="bbox 2072 856 3650 933; baseline 0.004 -24"><span class='ocrx_word' id='word_1_144' title='bbox 2072 856 2169 909; x_wconf 80' lang='grc' dir='ltr'>νῦν</span> <span class='ocrx_word' id='word_1_145' title='bbox 2219 856 2300 921; x_wconf 85' lang='grc' dir='ltr'>δὲ,</span> <span class='ocrx_word' id='word_1_146' title='bbox 2352 859 2447 912; x_wconf 81' lang='grc' dir='ltr'>καὶ</span> <span class='ocrx_word' id='word_1_147' title='bbox 2486 859 2643 929; x_wconf 83' lang='grc' dir='ltr'>μόλις</span> <span class='ocrx_word' id='word_1_148' title='bbox 2685 859 2767 913; x_wconf 85' lang='grc' dir='ltr'>ὅτι</span> <span class='ocrx_word' id='word_1_149' title='bbox 2817 860 3058 925; x_wconf 78' lang='grc' dir='ltr'>τοιοῦτός</span> <span class='ocrx_word' id='word_1_150' title='bbox 3102 863 3250 916; x_wconf 84' lang='grc' dir='ltr'>ἐστιν</span> <span class='ocrx_word' id='word_1_151' title='bbox 3297 862 3650 933; x_wconf 76' lang='grc' dir='ltr'><strong>ἐγνώκαμεν.</strong></span> 
     </span>
    </p>
   </div>
   <div class='ocr_carea' id='block_1_24' title="bbox 2084 946 3660 1023">
    <p class='ocr_par' dir='ltr' id='par_1_24' title="bbox 2084 946 3660 1023">
     <span class='ocr_line' id='line_1_24' title="bbox 2084 946 3660 1023; baseline 0.004 -23"><span class='ocrx_word' id='word_1_152' title='bbox 2084 946 2313 1017; x_wconf 81' lang='grc' dir='ltr'>ᾯόμεθα</span> <span class='ocrx_word' id='word_1_153' title='bbox 2352 948 2461 1019; x_wconf 85' lang='grc' dir='ltr'>γὰρ</span> <span class='ocrx_word' id='word_1_154' title='bbox 2483 950 2531 1001; x_wconf 76' lang='lat' dir='ltr'><strong>oi</strong></span> <span class='ocrx_word' id='word_1_155' title='bbox 2567 949 2798 1014; x_wconf 87' lang='grc' dir='ltr'>τάλανες</span> <span class='ocrx_word' id='word_1_156' title='bbox 2837 950 3012 1021; x_wconf 82' lang='grc' dir='ltr'><strong>εὐώδη</strong></span> <span class='ocrx_word' id='word_1_157' title='bbox 3035 969 3093 1005; x_wconf 88' lang='grc' dir='ltr'><strong>τε</strong></span> <span class='ocrx_word' id='word_1_158' title='bbox 3131 949 3291 1018; x_wconf 76' lang='grc' dir='ltr'>εἶναι,</span> <span class='ocrx_word' id='word_1_159' title='bbox 3318 954 3414 1007; x_wconf 73' lang='grc' dir='ltr'>καὶ</span> <span class='ocrx_word' id='word_1_160' title='bbox 3445 953 3660 1023; x_wconf 79' lang='grc' dir='ltr'><strong>ἀξιέρα·</strong></span> 
     </span>
    </p>
   </div>
   <div class='ocr_carea' id='block_1_25' title="bbox 2074 1041 3659 1116">
    <p class='ocr_par' dir='ltr' id='par_1_25' title="bbox 2074 1041 3659 1116">
     <span class='ocr_line' id='line_1_25' title="bbox 2074 1041 3659 1116; baseline 0.004 -24"><span class='ocrx_word' id='word_1_161' title='bbox 2074 1056 2216 1103; x_wconf 88' lang='grc' dir='ltr'>στον,</span> <span class='ocrx_word' id='word_1_162' title='bbox 2249 1041 2337 1094; x_wconf 83' lang='grc' dir='ltr'>ὅτε</span> <span class='ocrx_word' id='word_1_163' title='bbox 2362 1044 2475 1105; x_wconf 83' lang='grc' dir='ltr'>τοῖς</span> <span class='ocrx_word' id='word_1_164' title='bbox 2506 1041 2725 1112; x_wconf 84' lang='grc' dir='ltr'><strong>δεσμοῖς</strong></span> <span class='ocrx_word' id='word_1_165' title='bbox 2761 1042 3158 1114; x_wconf 82' lang='grc' dir='ltr'>ὑπειλημμένοι</span> <span class='ocrx_word' id='word_1_166' title='bbox 3190 1044 3291 1116; x_wconf 89' lang='grc' dir='ltr'><strong>τῆς</strong></span> <span class='ocrx_word' id='word_1_167' title='bbox 3323 1044 3659 1114; x_wconf 83' lang='grc' dir='ltr'>φαυλότητος</span> 
     </span>
    </p>
   </div>
   <div class='ocr_carea' id='block_1_26' title="bbox 2073 1130 3660 1208">
    <p class='ocr_par' dir='ltr' id='par_1_26' title="bbox 2073 1130 3660 1208">
     <span class='ocr_line' id='line_1_26' title="bbox 2073 1130 3660 1208; baseline 0.005 -25"><span class='ocrx_word' id='word_1_168' title='bbox 2073 1130 2177 1184; x_wconf 83' lang='grc' dir='ltr'><strong>ὑπὸ</strong></span> <span class='ocrx_word' id='word_1_169' title='bbox 2217 1134 2376 1203; x_wconf 88' lang='grc' dir='ltr'>χεῖρα</span> <span class='ocrx_word' id='word_1_170' title='bbox 2415 1133 2514 1203; x_wconf 82' lang='grc' dir='ltr'>τὴν</span> <span class='ocrx_word' id='word_1_171' title='bbox 2561 1132 2771 1186; x_wconf 89' lang='grc' dir='ltr'>ἐκείνου</span> <span class='ocrx_word' id='word_1_172' title='bbox 2809 1133 3201 1206; x_wconf 83' lang='grc' dir='ltr'>πεπτώκαμεν.</span> <span class='ocrx_word' id='word_1_173' title='bbox 3264 1136 3479 1208; x_wconf 83' lang='grc' dir='ltr'><strong>Ἐπειδὴ</strong></span> <span class='ocrx_word' id='word_1_174' title='bbox 3528 1136 3586 1190; x_wconf 86' lang='grc' dir='ltr'>δὲ</span> <span class='ocrx_word' id='word_1_175' title='bbox 3625 1138 3660 1190; x_wconf 82' lang='grc' dir='ltr'><strong>ὁ</strong></span> 
     </span>
    </p>
   </div>
   <div class='ocr_carea' id='block_1_27' title="bbox 2084 1223 3659 1301">
    <p class='ocr_par' dir='ltr' id='par_1_27' title="bbox 2084 1223 3659 1301">
     <span class='ocr_line' id='line_1_27' title="bbox 2084 1223 3659 1301; baseline 0.006 -27"><span class='ocrx_word' id='word_1_176' title='bbox 2084 1223 2431 1294; x_wconf 81' lang='grc' dir='ltr'>Ἐμμανουὴλ</span> <span class='ocrx_word' id='word_1_177' title='bbox 2480 1224 2749 1293; x_wconf 80' lang='grc' dir='ltr'>ἐπέφανεν</span> <span class='ocrx_word' id='word_1_178' title='bbox 2794 1227 2948 1296; x_wconf 82' lang='grc' dir='ltr'>ἡμῖν,</span> <span class='ocrx_word' id='word_1_179' title='bbox 2996 1228 3392 1301; x_wconf 85' lang='grc' dir='ltr'>ἀνακεκραγὼς</span> <span class='ocrx_word' id='word_1_180' title='bbox 3434 1246 3514 1296; x_wconf 90' lang='grc' dir='ltr'><strong>τε,</strong></span> <span class='ocrx_word' id='word_1_181' title='bbox 3558 1229 3659 1283; x_wconf 76' lang='grc' dir='ltr'>καὶ</span> 
     </span>
    </p>
   </div>
   <div class='ocr_carea' id='block_1_28' title="bbox 2071 1312 3659 1391">
    <p class='ocr_par' dir='ltr' id='par_1_28' title="bbox 2071 1312 3659 1391">
     <span class='ocr_line' id='line_1_28' title="bbox 2071 1312 3659 1391; baseline 0.006 -26"><span class='ocrx_word' id='word_1_182' title='bbox 2071 1312 2244 1381; x_wconf 84' lang='grc' dir='ltr'>λέγων</span> <span class='ocrx_word' id='word_1_183' title='bbox 2270 1329 2284 1344; x_wconf 73' lang='grc' dir='ltr'><strong>ο</strong></span> <span class='ocrx_word' id='word_1_184' title='bbox 2320 1333 2338 1367; x_wconf 83' lang='grc' dir='ltr'><strong>ι</strong></span> <span class='ocrx_word' id='word_1_185' title='bbox 2386 1315 2526 1383; x_wconf 86' lang='grc' dir='ltr'><strong>Ἐγὼ</strong></span> <span class='ocrx_word' id='word_1_186' title='bbox 2566 1316 2726 1380; x_wconf 79' lang='grc' dir='ltr'>ἄνθος</span> <span class='ocrx_word' id='word_1_187' title='bbox 2746 1316 2841 1371; x_wconf 83' lang='grc' dir='ltr'>τοῦ</span> <span class='ocrx_word' id='word_1_188' title='bbox 2873 1318 3083 1386; x_wconf 81' lang='grc' dir='ltr'><strong>πεδίου,</strong></span> <span class='ocrx_word' id='word_1_189' title='bbox 3117 1320 3299 1391; x_wconf 90' lang='grc' dir='ltr'>κρίνον</span> <span class='ocrx_word' id='word_1_190' title='bbox 3334 1320 3441 1374; x_wconf 82' lang='grc' dir='ltr'><strong>τῶν</strong></span> <span class='ocrx_word' id='word_1_191' title='bbox 3468 1322 3659 1375; x_wconf 82' lang='grc' dir='ltr'>κοιλά-</span> 
     </span>
    </p>
   </div>
   <div class='ocr_carea' id='block_1_29' title="bbox 2071 1404 3657 1484">
    <p class='ocr_par' dir='ltr' id='par_1_29' title="bbox 2071 1404 3657 1484">
     <span class='ocr_line' id='line_1_29' title="bbox 2071 1404 3657 1484; baseline 0.007 -28"><span class='ocrx_word' id='word_1_192' title='bbox 2071 1404 2193 1469; x_wconf 90' lang='grc' dir='ltr'>δων,</span> <span class='ocrx_word' id='word_1_193' title='bbox 2226 1423 2245 1456; x_wconf 74' lang='grc' dir='ltr'><strong>ι</strong></span> <span class='ocrx_word' id='word_1_194' title='bbox 2276 1405 2396 1458; x_wconf 85' lang='grc' dir='ltr'>τότε</span> <span class='ocrx_word' id='word_1_195' title='bbox 2426 1407 2490 1477; x_wconf 82' lang='grc' dir='ltr'>δὴ</span> <span class='ocrx_word' id='word_1_196' title='bbox 2535 1407 2689 1475; x_wconf 84' lang='grc' dir='ltr'><strong>μόλις</strong></span> <span class='ocrx_word' id='word_1_197' title='bbox 2714 1408 3079 1482; x_wconf 77' lang='grc' dir='ltr'>ἐπῃσθόμενοι</span> <span class='ocrx_word' id='word_1_198' title='bbox 3121 1412 3224 1483; x_wconf 86' lang='grc' dir='ltr'><strong>τῆς</strong></span> <span class='ocrx_word' id='word_1_199' title='bbox 3263 1412 3488 1484; x_wconf 77' lang='grc' dir='ltr'><strong>ἐνούσης</strong></span> <span class='ocrx_word' id='word_1_200' title='bbox 3511 1415 3657 1467; x_wconf 83' lang='grc' dir='ltr'>εὐω-</span> 
     </span>
    </p>
   </div>
   <div class='ocr_carea' id='block_1_30' title="bbox 2071 1498 3512 1575">
    <p class='ocr_par' dir='ltr' id='par_1_30' title="bbox 2071 1498 3512 1575">
     <span class='ocr_line' id='line_1_30' title="bbox 2071 1498 3512 1575; baseline 0.005 -24"><span class='ocrx_word' id='word_1_201' title='bbox 2071 1498 2189 1562; x_wconf 89' lang='grc' dir='ltr'>δίας</span> <span class='ocrx_word' id='word_1_202' title='bbox 2217 1499 2386 1570; x_wconf 74' lang='grc' dir='ltr'>αὐτῷ,</span> <span class='ocrx_word' id='word_1_203' title='bbox 2410 1500 2509 1570; x_wconf 85' lang='grc' dir='ltr'><strong>τῆς</strong></span> <span class='ocrx_word' id='word_1_204' title='bbox 2534 1502 2741 1554; x_wconf 88' lang='grc' dir='ltr'>ἐκείνου</span> <span class='ocrx_word' id='word_1_205' title='bbox 2773 1503 3200 1575; x_wconf 83' lang='grc' dir='ltr'>κατεγνώκαμεν</span> <span class='ocrx_word' id='word_1_206' title='bbox 3232 1504 3512 1569; x_wconf 75' lang='grc' dir='ltr'><strong>δυσωδίας.</strong></span> 
     </span>
    </p>
   </div>
   <div class='ocr_carea' id='block_1_31' title="bbox 2144 1590 3659 1666">
    <p class='ocr_par' dir='ltr' id='par_1_31' title="bbox 2144 1590 3659 1666">
     <span class='ocr_line' id='line_1_31' title="bbox 2144 1590 3659 1666; baseline 0.005 -21"><span class='ocrx_word' id='word_1_207' title='bbox 2144 1590 2383 1659; x_wconf 82' lang='grc' dir='ltr'><strong>Θάρσει,</strong></span> <span class='ocrx_word' id='word_1_208' title='bbox 2413 1591 2507 1662; x_wconf 79' lang='grc' dir='ltr'><strong>γῆ,</strong></span> <span class='ocrx_word' id='word_1_209' title='bbox 2550 1593 2719 1663; x_wconf 83' lang='grc' dir='ltr'><strong><em>χαῖρε</em></strong></span> <span class='ocrx_word' id='word_1_210' title='bbox 2746 1595 2845 1649; x_wconf 81' lang='grc' dir='ltr'><strong>καί</strong></span> <span class='ocrx_word' id='word_1_211' title='bbox 2866 1597 3214 1665; x_wconf 69' lang='grc' dir='ltr'><strong>εὐφραίνου,</strong></span> <span class='ocrx_word' id='word_1_212' title='bbox 3253 1597 3341 1651; x_wconf 81' lang='grc' dir='ltr'><strong>δτι</strong></span> <span class='ocrx_word' id='word_1_213' title='bbox 3366 1596 3659 1666; x_wconf 70' lang='grc' dir='ltr'>ἐμεγάλυ-</span> 
     </span>
    </p>
   </div>
   <div class='ocr_carea' id='block_1_32' title="bbox 2071 1685 3657 1757">
    <p class='ocr_par' dir='ltr' id='par_1_32' title="bbox 2071 1685 3657 1757">
     <span class='ocr_line' id='line_1_32' title="bbox 2071 1685 3657 1757; baseline 0.004 -21"><span class='ocrx_word' id='word_1_214' title='bbox 2071 1699 2179 1736; x_wconf 79' lang='grc' dir='ltr'><strong>νεν</strong></span> <span class='ocrx_word' id='word_1_215' title='bbox 2199 1685 2411 1753; x_wconf 82' lang='grc' dir='ltr'>Κύριος</span> <span class='ocrx_word' id='word_1_216' title='bbox 2432 1685 2539 1739; x_wconf 83' lang='grc' dir='ltr'><strong>τοῦ</strong></span> <span class='ocrx_word' id='word_1_217' title='bbox 2572 1685 2842 1755; x_wconf 83' lang='grc' dir='ltr'>ποιῆσαι·</span> <span class='ocrx_word' id='word_1_218' title='bbox 2874 1688 3166 1756; x_wconf 83' lang='grc' dir='ltr'>θαρσεῖτε,</span> <span class='ocrx_word' id='word_1_219' title='bbox 3195 1688 3384 1757; x_wconf 81' lang='grc' dir='ltr'><strong>κτήνη</strong></span> <span class='ocrx_word' id='word_1_220' title='bbox 3409 1688 3515 1742; x_wconf 86' lang='grc' dir='ltr'><strong>τοῦ</strong></span> <span class='ocrx_word' id='word_1_221' title='bbox 3547 1706 3657 1742; x_wconf 83' lang='grc' dir='ltr'><strong>πε-</strong></span> 
     </span>
    </p>
   </div>
   <div class='ocr_carea' id='block_1_33' title="bbox 2071 1774 3659 1849">
    <p class='ocr_par' dir='ltr' id='par_1_33' title="bbox 2071 1774 3659 1849">
     <span class='ocr_line' id='line_1_33' title="bbox 2071 1774 3659 1849; baseline 0.002 -21"><span class='ocrx_word' id='word_1_222' title='bbox 2071 1774 2227 1840; x_wconf 82' lang='grc' dir='ltr'>δίου,</span> <span class='ocrx_word' id='word_1_223' title='bbox 2279 1775 2375 1830; x_wconf 71' lang='grc' dir='ltr'>ὅτε</span> <span class='ocrx_word' id='word_1_224' title='bbox 2409 1775 2837 1844; x_wconf 72' lang='grc' dir='ltr'>βεϐλάστηκεν</span> <span class='ocrx_word' id='word_1_225' title='bbox 2886 1778 3063 1831; x_wconf 81' lang='grc' dir='ltr'><strong><em>πεδία</em></strong></span> <span class='ocrx_word' id='word_1_226' title='bbox 3113 1777 3225 1847; x_wconf 83' lang='grc' dir='ltr'><strong>τῆς</strong></span> <span class='ocrx_word' id='word_1_227' title='bbox 3275 1777 3521 1849; x_wconf 80' lang='grc' dir='ltr'><strong>ἐρήμου,</strong></span> <span class='ocrx_word' id='word_1_228' title='bbox 3562 1778 3659 1832; x_wconf 83' lang='grc' dir='ltr'>ὅτι</span> 
     </span>
    </p>
   </div>
   <div class='ocr_carea' id='block_1_34' title="bbox 384 1863 1967 1947">
    <p class='ocr_par' dir='ltr' id='par_1_34' title="bbox 384 1866 1967 1938">
     <span class='ocr_line' id='line_1_34' title="bbox 384 1866 1967 1938; baseline 0.001 -20"><span class='ocrx_word' id='word_1_229' title='bbox 384 1866 584 1937; x_wconf 77' lang='lat' dir='ltr'><strong>lignum</strong></span> <span class='ocrx_word' id='word_1_230' title='bbox 622 1867 804 1921; x_wconf 76' lang='lat' dir='ltr'><strong>attulit</strong></span> <span class='ocrx_word' id='word_1_231' title='bbox 834 1869 1063 1938; x_wconf 81' lang='lat' dir='ltr'><strong>fructum</strong></span> <span class='ocrx_word' id='word_1_232' title='bbox 1096 1885 1271 1931; x_wconf 83' lang='lat' dir='ltr'><strong>suum,</strong></span> <span class='ocrx_word' id='word_1_233' title='bbox 1302 1869 1452 1921; x_wconf 78' lang='lat' dir='ltr'><strong>vinea</strong></span> <span class='ocrx_word' id='word_1_234' title='bbox 1484 1878 1531 1921; x_wconf 84' lang='lat' dir='ltr'><strong>et</strong></span> <span class='ocrx_word' id='word_1_235' title='bbox 1560 1867 1693 1935; x_wconf 80' lang='lat' dir='ltr'><strong>ﬁcus</strong></span> <span class='ocrx_word' id='word_1_236' title='bbox 1715 1867 1967 1921; x_wconf 78' lang='lat' dir='ltr'><strong>dederunt</strong></span> 
     </span>
    </p>
   </div>
   <div class='ocr_carea' id='block_1_35' title="bbox 2074 1863 3658 1947">
    <p class='ocr_par' dir='ltr' id='par_1_35' title="bbox 2074 1863 3658 1935">
     <span class='ocr_line' id='line_1_35' title="bbox 2074 1863 3658 1935; baseline 0.001 -17"><span class='ocrx_word' id='word_1_237' title='bbox 2074 1864 2263 1929; x_wconf 77' lang='grc' dir='ltr'>ξύλον</span> <span class='ocrx_word' id='word_1_238' title='bbox 2313 1863 2571 1934; x_wconf 77' lang='grc' dir='ltr'><strong>ἤνεγκεν</strong></span> <span class='ocrx_word' id='word_1_239' title='bbox 2631 1863 2868 1933; x_wconf 81' lang='grc' dir='ltr'>καρπὸν</span> <span class='ocrx_word' id='word_1_240' title='bbox 2941 1865 3164 1932; x_wconf 85' lang='grc' dir='ltr'>αὐτοῦ,</span> <span class='ocrx_word' id='word_1_241' title='bbox 3216 1866 3485 1935; x_wconf 76' lang='grc' dir='ltr'><strong>ἄμπελος</strong></span> <span class='ocrx_word' id='word_1_242' title='bbox 3552 1866 3658 1919; x_wconf 73' lang='grc' dir='ltr'>καὶ</span> 
     </span>
    </p>
   </div>
   <div class='ocr_carea' id='block_1_36' title="bbox 384 1958 1967 2030">
    <p class='ocr_par' dir='ltr' id='par_1_36' title="bbox 384 1958 1967 2030">
     <span class='ocr_line' id='line_1_36' title="bbox 384 1958 1967 2030; baseline 0 -20"><span class='ocrx_word' id='word_1_243' title='bbox 384 1958 748 2025; x_wconf 71' lang='lat' dir='ltr'><strong>fortitudinem</strong></span> <span class='ocrx_word' id='word_1_244' title='bbox 769 1977 939 2014; x_wconf 82' lang='lat' dir='ltr'><strong>suam.</strong></span> <span class='ocrx_word' id='word_1_245' title='bbox 970 1960 1056 2025; x_wconf 80' lang='lat' dir='ltr'><strong>Et,</strong></span> <span class='ocrx_word' id='word_1_246' title='bbox 1083 1960 1181 2029; x_wconf 80' lang='lat' dir='ltr'><strong>ﬁlii</strong></span> <span class='ocrx_word' id='word_1_247' title='bbox 1208 1960 1680 2030; x_wconf 82' lang='lat' dir='ltr'><strong>Sion,gaudete,et</strong></span> <span class='ocrx_word' id='word_1_248' title='bbox 1708 1958 1967 2012; x_wconf 68' lang='lat' dir='ltr'><strong>la&#39;tamim&#39;</strong></span> 
     </span>
    </p>
   </div>
   <div class='ocr_carea' id='block_1_37' title="bbox 385 2051 1967 2119">
    <p class='ocr_par' dir='ltr' id='par_1_37' title="bbox 385 2051 1967 2119">
     <span class='ocr_line' id='line_1_37' title="bbox 385 2051 1967 2119; baseline -0.001 -15"><span class='ocrx_word' id='word_1_249' title='bbox 385 2053 439 2106; x_wconf 85' lang='lat' dir='ltr'><strong>in</strong></span> <span class='ocrx_word' id='word_1_250' title='bbox 469 2051 694 2107; x_wconf 80' lang='lat' dir='ltr'><strong>Domino</strong></span> <span class='ocrx_word' id='word_1_251' title='bbox 729 2052 836 2107; x_wconf 85' lang='lat' dir='ltr'><strong>Deo</strong></span> <span class='ocrx_word' id='word_1_252' title='bbox 868 2064 1057 2117; x_wconf 81' lang='lat' dir='ltr'><strong>uestro,</strong></span> <span class='ocrx_word' id='word_1_253' title='bbox 1079 2054 1332 2119; x_wconf 86' lang='lat' dir='ltr'><strong>quoniam</strong></span> <span class='ocrx_word' id='word_1_254' title='bbox 1359 2051 1498 2105; x_wconf 83' lang='lat' dir='ltr'><strong>dedit</strong></span> <span class='ocrx_word' id='word_1_255' title='bbox 1540 2051 1680 2105; x_wconf 80' lang='lat' dir='ltr'><strong>vobis</strong></span> <span class='ocrx_word' id='word_1_256' title='bbox 1708 2066 1881 2104; x_wconf 80' lang='lat' dir='ltr'><strong>escam</strong></span> <span class='ocrx_word' id='word_1_257' title='bbox 1910 2052 1967 2104; x_wconf 86' lang='lat' dir='ltr'><strong>iu</strong></span> 
     </span>
    </p>
   </div>
   <div class='ocr_carea' id='block_1_38' title="bbox 377 2144 1963 2214">
    <p class='ocr_par' dir='ltr' id='par_1_38' title="bbox 377 2144 1963 2214">
     <span class='ocr_line' id='line_1_38' title="bbox 377 2144 1963 2214; baseline 0 -18"><span class='ocrx_word' id='word_1_258' title='bbox 377 2144 732 2214; x_wconf 76' lang='lat' dir='ltr'><strong>justitiam,et</strong></span> <span class='ocrx_word' id='word_1_259' title='bbox 763 2145 902 2214; x_wconf 84' lang='lat' dir='ltr'><strong>pluet</strong></span> <span class='ocrx_word' id='word_1_260' title='bbox 934 2144 1079 2198; x_wconf 77' lang='lat' dir='ltr'><strong>vobis</strong></span> <span class='ocrx_word' id='word_1_261' title='bbox 1118 2145 1334 2197; x_wconf 85' lang='lat' dir='ltr'><strong>imbrem</strong></span> <span class='ocrx_word' id='word_1_262' title='bbox 1375 2152 1765 2212; x_wconf 82' lang='lat' dir='ltr'><strong>temporaneum</strong></span> <span class='ocrx_word' id='word_1_263' title='bbox 1808 2152 1856 2195; x_wconf 88' lang='lat' dir='ltr'><strong>et</strong></span> <span class='ocrx_word' id='word_1_264' title='bbox 1880 2159 1963 2196; x_wconf 81' lang='lat' dir='ltr'><strong>se-</strong></span> 
     </span>
    </p>
   </div>
   <div class='ocr_carea' id='block_1_39' title="bbox 384 2234 1965 2305">
    <p class='ocr_par' dir='ltr' id='par_1_39' title="bbox 384 2234 1965 2305">
     <span class='ocr_line' id='line_1_39' title="bbox 384 2234 1965 2305; baseline -0.001 -18"><span class='ocrx_word' id='word_1_265' title='bbox 384 2236 640 2300; x_wconf 79' lang='lat' dir='ltr'><strong>rotinum,</strong></span> <span class='ocrx_word' id='word_1_266' title='bbox 663 2237 798 2289; x_wconf 73' lang='lat' dir='ltr'><strong>sicut</strong></span> <span class='ocrx_word' id='word_1_267' title='bbox 826 2244 1003 2289; x_wconf 86' lang='lat' dir='ltr'><strong>antea.</strong></span> <span class='ocrx_word' id='word_1_268' title='bbox 1038 2234 1106 2289; x_wconf 82' lang='lat' dir='ltr'><strong>Et</strong></span> <span class='ocrx_word' id='word_1_269' title='bbox 1136 2236 1471 2305; x_wconf 83' lang='lat' dir='ltr'><strong>replebuntur</strong></span> <span class='ocrx_word' id='word_1_270' title='bbox 1521 2249 1661 2288; x_wconf 70' lang='lat' dir='ltr'><strong>area:</strong></span> <span class='ocrx_word' id='word_1_271' title='bbox 1696 2234 1892 2299; x_wconf 85' lang='lat' dir='ltr'><strong>tritico,</strong></span> <span class='ocrx_word' id='word_1_272' title='bbox 1916 2241 1965 2287; x_wconf 85' lang='lat' dir='ltr'><strong>et</strong></span> 
     </span>
    </p>
   </div>
   <div class='ocr_carea' id='block_1_40' title="bbox 384 2326 1411 2382">
    <p class='ocr_par' dir='ltr' id='par_1_40' title="bbox 384 2326 1411 2382">
     <span class='ocr_line' id='line_1_40' title="bbox 384 2326 1411 2382; baseline 0.001 -4"><span class='ocrx_word' id='word_1_273' title='bbox 384 2326 749 2382; x_wconf 72' lang='lat' dir='ltr'><strong>redundabant</strong></span> <span class='ocrx_word' id='word_1_274' title='bbox 766 2326 1051 2381; x_wconf 78' lang='lat' dir='ltr'><strong>toreularia</strong></span> <span class='ocrx_word' id='word_1_275' title='bbox 1083 2328 1198 2381; x_wconf 85' lang='lat' dir='ltr'><strong>vino</strong></span> <span class='ocrx_word' id='word_1_276' title='bbox 1216 2336 1263 2380; x_wconf 86' lang='lat' dir='ltr'><strong>et</strong></span> <span class='ocrx_word' id='word_1_277' title='bbox 1280 2326 1411 2379; x_wconf 86' lang='lat' dir='ltr'><strong>oleo.</strong></span> 
     </span>
    </p>
   </div>
   <div class='ocr_carea' id='block_1_41' title="bbox 455 2588 1965 2662">
    <p class='ocr_par' dir='ltr' id='par_1_41' title="bbox 455 2588 1965 2662">
     <span class='ocr_line' id='line_1_41' title="bbox 455 2588 1965 2662; baseline 0.001 -19"><span class='ocrx_word' id='word_1_278' title='bbox 455 2588 679 2646; x_wconf 75' lang='lat' dir='ltr'><strong>XXXII.</strong></span> <span class='ocrx_word' id='word_1_279' title='bbox 715 2589 827 2647; x_wconf 81' lang='lat' dir='ltr'><strong>Mos</strong></span> <span class='ocrx_word' id='word_1_280' title='bbox 856 2600 942 2647; x_wconf 89' lang='lat' dir='ltr'><strong>est</strong></span> <span class='ocrx_word' id='word_1_281' title='bbox 972 2593 1176 2647; x_wconf 87' lang='lat' dir='ltr'><strong>sanctis</strong></span> <span class='ocrx_word' id='word_1_282' title='bbox 1209 2592 1490 2662; x_wconf 86' lang='lat' dir='ltr'><strong>prophetis</strong></span> <span class='ocrx_word' id='word_1_283' title='bbox 1527 2608 1555 2646; x_wconf 89' lang='lat' dir='ltr'><strong>a</strong></span> <span class='ocrx_word' id='word_1_284' title='bbox 1598 2592 1754 2647; x_wconf 88' lang='lat' dir='ltr'><strong>bonis</strong></span> <span class='ocrx_word' id='word_1_285' title='bbox 1796 2592 1965 2658; x_wconf 85' lang='lat' dir='ltr'><strong>parti-</strong></span> 
     </span>
    </p>
   </div>
   <div class='ocr_carea' id='block_1_42' title="bbox 388 2681 1967 2755">
    <p class='ocr_par' dir='ltr' id='par_1_42' title="bbox 388 2681 1967 2755">
     <span class='ocr_line' id='line_1_42' title="bbox 388 2681 1967 2755; baseline 0 -16"><span class='ocrx_word' id='word_1_286' title='bbox 388 2681 665 2740; x_wconf 85' lang='lat' dir='ltr'><strong>cularibus</strong></span> <span class='ocrx_word' id='word_1_287' title='bbox 700 2696 757 2740; x_wconf 87' lang='lat' dir='ltr'><strong>et</strong></span> <span class='ocrx_word' id='word_1_288' title='bbox 784 2685 837 2740; x_wconf 92' lang='lat' dir='ltr'><strong>in</strong></span> <span class='ocrx_word' id='word_1_289' title='bbox 875 2700 1075 2755; x_wconf 90' lang='lat' dir='ltr'><strong>paucos</strong></span> <span class='ocrx_word' id='word_1_290' title='bbox 1105 2685 1322 2741; x_wconf 87' lang='lat' dir='ltr'><strong>collatis</strong></span> <span class='ocrx_word' id='word_1_291' title='bbox 1358 2686 1424 2739; x_wconf 91' lang='lat' dir='ltr'><strong>ad</strong></span> <span class='ocrx_word' id='word_1_292' title='bbox 1462 2686 1865 2740; x_wconf 87' lang='lat' dir='ltr'><strong>universitatem</strong></span> <span class='ocrx_word' id='word_1_293' title='bbox 1913 2692 1967 2739; x_wconf 89' lang='lat' dir='ltr'><strong>et</strong></span> 
     </span>
    </p>
   </div>
   <div class='ocr_carea' id='block_1_43' title="bbox 383 2777 1964 2850">
    <p class='ocr_par' dir='ltr' id='par_1_43' title="bbox 383 2777 1964 2850">
     <span class='ocr_line' id='line_1_43' title="bbox 383 2777 1964 2850; baseline 0 -19"><span class='ocrx_word' id='word_1_294' title='bbox 383 2790 553 2846; x_wconf 75' lang='lat' dir='ltr'><strong>genus</strong></span> <span class='ocrx_word' id='word_1_295' title='bbox 580 2777 752 2846; x_wconf 82' lang='lat' dir='ltr'><strong>ipsum</strong></span> <span class='ocrx_word' id='word_1_296' title='bbox 789 2780 950 2834; x_wconf 86' lang='lat' dir='ltr'><strong>verba</strong></span> <span class='ocrx_word' id='word_1_297' title='bbox 973 2779 1229 2850; x_wconf 77' lang='lat' dir='ltr'><strong>dirigere,</strong></span> <span class='ocrx_word' id='word_1_298' title='bbox 1247 2788 1442 2834; x_wconf 92' lang='lat' dir='ltr'><strong>utsunt</strong></span> <span class='ocrx_word' id='word_1_299' title='bbox 1469 2796 1531 2834; x_wconf 86' lang='lat' dir='ltr'><strong>ea</strong></span> <span class='ocrx_word' id='word_1_300' title='bbox 1550 2794 1670 2848; x_wconf 71' lang='lat' dir='ltr'><strong>quae</strong></span> <span class='ocrx_word' id='word_1_301' title='bbox 1693 2794 1787 2849; x_wconf 90' lang='lat' dir='ltr'><strong>per</strong></span> <span class='ocrx_word' id='word_1_302' title='bbox 1802 2777 1964 2833; x_wconf 83' lang='lat' dir='ltr'><strong>Chri-</strong></span> 
     </span>
    </p>
   </div>
   <div class='ocr_carea' id='block_1_44' title="bbox 383 2869 1963 2939">
    <p class='ocr_par' dir='ltr' id='par_1_44' title="bbox 383 2869 1963 2939">
     <span class='ocr_line' id='line_1_44' title="bbox 383 2869 1963 2939; baseline 0.002 -18"><span class='ocrx_word' id='word_1_303' title='bbox 383 2876 526 2921; x_wconf 90' lang='lat' dir='ltr'><strong>stum</strong></span> <span class='ocrx_word' id='word_1_304' title='bbox 554 2869 833 2924; x_wconf 81' lang='lat' dir='ltr'><strong>consecuti</strong></span> <span class='ocrx_word' id='word_1_305' title='bbox 863 2885 1069 2924; x_wconf 89' lang='lat' dir='ltr'><strong>sumus.</strong></span> <span class='ocrx_word' id='word_1_306' title='bbox 1098 2869 1325 2926; x_wconf 87' lang='lat' dir='ltr'><strong>Horsum</strong></span> <span class='ocrx_word' id='word_1_307' title='bbox 1356 2872 1519 2939; x_wconf 79' lang='lat' dir='ltr'><strong>igitur</strong></span> <span class='ocrx_word' id='word_1_308' title='bbox 1544 2871 1721 2927; x_wconf 89' lang='lat' dir='ltr'><strong>denuo</strong></span> <span class='ocrx_word' id='word_1_309' title='bbox 1771 2884 1963 2939; x_wconf 89' lang='lat' dir='ltr'><strong>proce-</strong></span> 
     </span>
    </p>
   </div>
   <div class='ocr_carea' id='block_1_45' title="bbox 384 2959 1965 3028">
    <p class='ocr_par' dir='ltr' id='par_1_45' title="bbox 384 2959 1965 3028">
     <span class='ocr_line' id='line_1_45' title="bbox 384 2959 1965 3028; baseline 0.002 -14"><span class='ocrx_word' id='word_1_310' title='bbox 384 2959 634 3016; x_wconf 85' lang='lat' dir='ltr'><strong>ditnobis</strong></span> <span class='ocrx_word' id='word_1_311' title='bbox 657 2962 851 3016; x_wconf 89' lang='lat' dir='ltr'><strong>oratio.</strong></span> <span class='ocrx_word' id='word_1_312' title='bbox 888 2963 1112 3028; x_wconf 86' lang='lat' dir='ltr'><strong>Quando</strong></span> <span class='ocrx_word' id='word_1_313' title='bbox 1165 2965 1308 3018; x_wconf 92' lang='lat' dir='ltr'><strong>enim</strong></span> <span class='ocrx_word' id='word_1_314' title='bbox 1342 2964 1525 3017; x_wconf 86' lang='lat' dir='ltr'><strong>datum</strong></span> <span class='ocrx_word' id='word_1_315' title='bbox 1568 2974 1651 3018; x_wconf 89' lang='lat' dir='ltr'><strong>est</strong></span> <span class='ocrx_word' id='word_1_316' title='bbox 1699 2973 1855 3018; x_wconf 69' lang='lat' dir='ltr'><strong>terra:</strong></span> <span class='ocrx_word' id='word_1_317' title='bbox 1907 2973 1965 3017; x_wconf 92' lang='lat' dir='ltr'><strong>ut</strong></span> 
     </span>
    </p>
   </div>
   <div class='ocr_carea' id='block_1_46' title="bbox 384 3050 1964 3126">
    <p class='ocr_par' dir='ltr' id='par_1_46' title="bbox 384 3050 1964 3126">
     <span class='ocr_line' id='line_1_46' title="bbox 384 3050 1964 3126; baseline 0.004 -20"><span class='ocrx_word' id='word_1_318' title='bbox 384 3050 718 3107; x_wconf 70' lang='lat' dir='ltr'><strong>conﬁderet?</strong></span> <span class='ocrx_word' id='word_1_319' title='bbox 748 3052 1007 3118; x_wconf 80' lang='lat' dir='ltr'><strong>Rursum,</strong></span> <span class='ocrx_word' id='word_1_320' title='bbox 1034 3055 1249 3125; x_wconf 87' lang='lat' dir='ltr'><strong>quando</strong></span> <span class='ocrx_word' id='word_1_321' title='bbox 1293 3056 1657 3126; x_wconf 80' lang='lat' dir='ltr'><strong>magniﬁcavit</strong></span> <span class='ocrx_word' id='word_1_322' title='bbox 1707 3057 1964 3113; x_wconf 87' lang='lat' dir='ltr'><strong>Dominus</strong></span> 
     </span>
    </p>
   </div>
   <div class='ocr_carea' id='block_1_47' title="bbox 382 3143 1961 3218">
    <p class='ocr_par' dir='ltr' id='par_1_47' title="bbox 382 3143 1961 3218">
     <span class='ocr_line' id='line_1_47' title="bbox 382 3143 1961 3218; baseline 0.005 -21"><span class='ocrx_word' id='word_1_323' title='bbox 382 3143 607 3201; x_wconf 76' lang='lat' dir='ltr'><strong>facere?</strong></span> <span class='ocrx_word' id='word_1_324' title='bbox 627 3144 791 3218; x_wconf 65' lang='grc'><strong>224</strong></span> <span class='ocrx_word' id='word_1_325' title='bbox 829 3145 931 3200; x_wconf 89' lang='lat' dir='ltr'><strong>nisi</strong></span> <span class='ocrx_word' id='word_1_326' title='bbox 963 3148 1178 3215; x_wconf 86' lang='lat' dir='ltr'><strong>quando</strong></span> <span class='ocrx_word' id='word_1_327' title='bbox 1198 3146 1461 3212; x_wconf 81' lang='lat' dir='ltr'><strong>Verbum,</strong></span> <span class='ocrx_word' id='word_1_328' title='bbox 1485 3152 1627 3217; x_wconf 89' lang='lat' dir='ltr'><strong>quod</strong></span> <span class='ocrx_word' id='word_1_329' title='bbox 1650 3158 1769 3205; x_wconf 89' lang='lat' dir='ltr'><strong>erat</strong></span> <span class='ocrx_word' id='word_1_330' title='bbox 1797 3148 1961 3217; x_wconf 87' lang='lat' dir='ltr'><strong>Deus,</strong></span> 
     </span>
    </p>
   </div>
   <div class='ocr_carea' id='block_1_48' title="bbox 2074 1953 3651 2026">
    <p class='ocr_par' dir='ltr' id='par_1_48' title="bbox 2074 1953 3651 2026">
     <span class='ocr_line' id='line_1_48' title="bbox 2074 1953 3651 2026; baseline 0 -16"><span class='ocrx_word' id='word_1_331' title='bbox 2074 1953 2236 2023; x_wconf 84' lang='grc' dir='ltr'><strong>συκῆ</strong></span> <span class='ocrx_word' id='word_1_332' title='bbox 2277 1954 2510 2010; x_wconf 78' lang='grc' dir='ltr'>ἔδωκαν</span> <span class='ocrx_word' id='word_1_333' title='bbox 2541 1956 2728 2026; x_wconf 78' lang='grc' dir='ltr'><strong>ἰσχὺν</strong></span> <span class='ocrx_word' id='word_1_334' title='bbox 2756 1956 2974 2012; x_wconf 77' lang='grc' dir='ltr'>αὐτῶν.</span> <span class='ocrx_word' id='word_1_335' title='bbox 3000 1958 3111 2011; x_wconf 80' lang='grc' dir='ltr'><strong>Καὶ</strong></span> <span class='ocrx_word' id='word_1_336' title='bbox 3148 1958 3222 2011; x_wconf 86' lang='grc' dir='ltr'>τὰ</span> <span class='ocrx_word' id='word_1_337' title='bbox 3256 1956 3435 2011; x_wconf 79' lang='grc' dir='ltr'>τέκνα</span> <span class='ocrx_word' id='word_1_338' title='bbox 3471 1956 3651 2022; x_wconf 83' lang='grc' dir='ltr'>Σιὼν,</span> 
     </span>
    </p>
   </div>
   <div class='ocr_carea' id='block_1_49' title="bbox 2073 2048 3653 2119">
    <p class='ocr_par' dir='ltr' id='par_1_49' title="bbox 2073 2048 3653 2119">
     <span class='ocr_line' id='line_1_49' title="bbox 2073 2048 3653 2119; baseline 0.001 -17"><span class='ocrx_word' id='word_1_339' title='bbox 2073 2049 2329 2119; x_wconf 79' lang='grc' dir='ltr'><strong>χαίρετε,</strong></span> <span class='ocrx_word' id='word_1_340' title='bbox 2376 2048 2474 2103; x_wconf 80' lang='grc' dir='ltr'>καὶ</span> <span class='ocrx_word' id='word_1_341' title='bbox 2518 2049 2914 2118; x_wconf 71' lang='grc' dir='ltr'><strong>εὐφραίνεσθε</strong></span> <span class='ocrx_word' id='word_1_342' title='bbox 2951 2049 3050 2103; x_wconf 77' lang='grc' dir='ltr'>ἐπὶ</span> <span class='ocrx_word' id='word_1_343' title='bbox 3082 2049 3275 2118; x_wconf 84' lang='grc' dir='ltr'><strong>Κυρίῳ</strong></span> <span class='ocrx_word' id='word_1_344' title='bbox 3310 2048 3430 2115; x_wconf 83' lang='grc' dir='ltr'><strong>Θεῷ</strong></span> <span class='ocrx_word' id='word_1_345' title='bbox 3462 2048 3653 2119; x_wconf 75' lang='grc' dir='ltr'>ὑμῶν,</span> 
     </span>
    </p>
   </div>
   <div class='ocr_carea' id='block_1_50' title="bbox 2072 2140 3653 2213">
    <p class='ocr_par' dir='ltr' id='par_1_50' title="bbox 2072 2140 3653 2213">
     <span class='ocr_line' id='line_1_50' title="bbox 2072 2140 3653 2213; baseline 0.003 -21"><span class='ocrx_word' id='word_1_346' title='bbox 2072 2142 2221 2194; x_wconf 84' lang='grc' dir='ltr'><strong>διότι</strong></span> <span class='ocrx_word' id='word_1_347' title='bbox 2267 2140 2451 2194; x_wconf 80' lang='grc' dir='ltr'>ἔδωκε</span> <span class='ocrx_word' id='word_1_348' title='bbox 2480 2140 2622 2209; x_wconf 81' lang='grc' dir='ltr'><strong>ὑμῖν</strong></span> <span class='ocrx_word' id='word_1_349' title='bbox 2657 2141 2730 2195; x_wconf 88' lang='grc' dir='ltr'>τὰ</span> <span class='ocrx_word' id='word_1_350' title='bbox 2763 2142 3051 2213; x_wconf 80' lang='grc' dir='ltr'>βρώματα</span> <span class='ocrx_word' id='word_1_351' title='bbox 3094 2145 3183 2209; x_wconf 80' lang='grc' dir='ltr'>είς</span> <span class='ocrx_word' id='word_1_352' title='bbox 3231 2141 3653 2210; x_wconf 76' lang='grc' dir='ltr'>δικαιοσύνην,</span> 
     </span>
    </p>
   </div>
   <div class='ocr_carea' id='block_1_51' title="bbox 2073 2230 3648 2302">
    <p class='ocr_par' dir='ltr' id='par_1_51' title="bbox 2073 2230 3648 2302">
     <span class='ocr_line' id='line_1_51' title="bbox 2073 2230 3648 2302; baseline -0.001 -16"><span class='ocrx_word' id='word_1_353' title='bbox 2073 2231 2172 2286; x_wconf 78' lang='grc' dir='ltr'><strong>καί</strong></span> <span class='ocrx_word' id='word_1_354' title='bbox 2209 2230 2417 2299; x_wconf 80' lang='grc' dir='ltr'><strong>,βρέξει</strong></span> <span class='ocrx_word' id='word_1_355' title='bbox 2471 2230 2614 2301; x_wconf 84' lang='grc' dir='ltr'><strong>ὑμῖν</strong></span> <span class='ocrx_word' id='word_1_356' title='bbox 2671 2232 2849 2287; x_wconf 79' lang='grc' dir='ltr'><strong>ὑετὸν</strong></span> <span class='ocrx_word' id='word_1_357' title='bbox 2905 2232 3170 2302; x_wconf 82' lang='grc' dir='ltr'>πρώτμον</span> <span class='ocrx_word' id='word_1_358' title='bbox 3239 2232 3340 2286; x_wconf 78' lang='grc' dir='ltr'>καὶ</span> <span class='ocrx_word' id='word_1_359' title='bbox 3392 2231 3648 2300; x_wconf 66' lang='grc' dir='ltr'>ὄψιμον,</span> 
     </span>
    </p>
   </div>
   <div class='ocr_carea' id='block_1_52' title="bbox 2074 2319 3655 2391">
    <p class='ocr_par' dir='ltr' id='par_1_52' title="bbox 2074 2319 3655 2391">
     <span class='ocr_line' id='line_1_52' title="bbox 2074 2319 3655 2391; baseline -0.003 -16"><span class='ocrx_word' id='word_1_360' title='bbox 2074 2320 2265 2387; x_wconf 83' lang='grc' dir='ltr'>καθὼς</span> <span class='ocrx_word' id='word_1_361' title='bbox 2303 2320 2665 2391; x_wconf 74' lang='grc' dir='ltr'>ἔμπροσθεν.</span> <span class='ocrx_word' id='word_1_362' title='bbox 2697 2320 2805 2374; x_wconf 83' lang='lat' dir='ltr'><strong>Kal</strong></span> <span class='ocrx_word' id='word_1_363' title='bbox 2832 2320 3291 2391; x_wconf 76' lang='grc' dir='ltr'>πλησθήσονται</span> <span class='ocrx_word' id='word_1_364' title='bbox 3331 2322 3392 2373; x_wconf 85' lang='lat' dir='ltr'><strong>al</strong></span> <span class='ocrx_word' id='word_1_365' title='bbox 3422 2319 3655 2383; x_wconf 75' lang='grc' dir='ltr'>ᾶλωνες</span> 
     </span>
    </p>
   </div>
   <div class='ocr_carea' id='block_1_53' title="bbox 2070 2406 3650 2478">
    <p class='ocr_par' dir='ltr' id='par_1_53' title="bbox 2070 2406 3650 2478">
     <span class='ocr_line' id='line_1_53' title="bbox 2070 2406 3650 2478; baseline -0.001 -15"><span class='ocrx_word' id='word_1_366' title='bbox 2070 2410 2276 2473; x_wconf 83' lang='grc' dir='ltr'><strong>σίτου,</strong></span> <span class='ocrx_word' id='word_1_367' title='bbox 2324 2408 2423 2463; x_wconf 81' lang='grc' dir='ltr'>καὶ</span> <span class='ocrx_word' id='word_1_368' title='bbox 2466 2409 3059 2478; x_wconf 80' lang='grc' dir='ltr'>ὑπερεκχυθήσονται</span> <span class='ocrx_word' id='word_1_369' title='bbox 3108 2412 3169 2465; x_wconf 81' lang='lat' dir='ltr'><strong>al</strong></span> <span class='ocrx_word' id='word_1_370' title='bbox 3224 2406 3404 2477; x_wconf 73' lang='grc' dir='ltr'><strong>ληνοὶ</strong></span> <span class='ocrx_word' id='word_1_371' title='bbox 3456 2409 3650 2470; x_wconf 82' lang='grc' dir='ltr'>οινου,</span> 
     </span>
    </p>
   </div>
   <div class='ocr_carea' id='block_1_54' title="bbox 2072 2501 2429 2556">
    <p class='ocr_par' dir='ltr' id='par_1_54' title="bbox 2072 2501 2429 2556">
     <span class='ocr_line' id='line_1_54' title="bbox 2072 2501 2429 2556; baseline -0.006 0"><span class='ocrx_word' id='word_1_372' title='bbox 2072 2502 2171 2556; x_wconf 80' lang='grc' dir='ltr'><strong>καί</strong></span> <span class='ocrx_word' id='word_1_373' title='bbox 2198 2501 2429 2556; x_wconf 70' lang='grc' dir='ltr'>ἐλαίου.</span> 
     </span>
    </p>
   </div>
   <div class='ocr_carea' id='block_1_55' title="bbox 2142 2592 3658 2666">
    <p class='ocr_par' dir='ltr' id='par_1_55' title="bbox 2142 2592 3658 2666">
     <span class='ocr_line' id='line_1_55' title="bbox 2142 2592 3658 2666; baseline -0.002 -17"><span class='ocrx_word' id='word_1_374' title='bbox 2142 2594 2264 2649; x_wconf 86' lang='grc' dir='ltr'><strong>ΛΒ’.</strong></span> <span class='ocrx_word' id='word_1_375' title='bbox 2311 2595 2471 2661; x_wconf 85' lang='grc' dir='ltr'>Ἔθος</span> <span class='ocrx_word' id='word_1_376' title='bbox 2518 2598 2629 2660; x_wconf 87' lang='grc' dir='ltr'>τοῖς</span> <span class='ocrx_word' id='word_1_377' title='bbox 2680 2595 2856 2665; x_wconf 82' lang='grc' dir='ltr'><strong>ἁγίοις</strong></span> <span class='ocrx_word' id='word_1_378' title='bbox 2898 2596 3220 2666; x_wconf 86' lang='grc' dir='ltr'>προφήταις.</span> <span class='ocrx_word' id='word_1_379' title='bbox 3254 2596 3321 2648; x_wconf 87' lang='grc' dir='ltr'><strong>ἐκ</strong></span> <span class='ocrx_word' id='word_1_380' title='bbox 3364 2592 3472 2647; x_wconf 84' lang='grc' dir='ltr'><strong>τῶν</strong></span> <span class='ocrx_word' id='word_1_381' title='bbox 3509 2592 3658 2647; x_wconf 77' lang='grc' dir='ltr'>κατὰ</span> 
     </span>
    </p>
   </div>
   <div class='ocr_carea' id='block_1_56' title="bbox 2075 2685 3657 2760">
    <p class='ocr_par' dir='ltr' id='par_1_56' title="bbox 2075 2685 3657 2760">
     <span class='ocr_line' id='line_1_56' title="bbox 2075 2685 3657 2760; baseline -0.003 -19"><span class='ocrx_word' id='word_1_382' title='bbox 2075 2688 2261 2760; x_wconf 83' lang='grc' dir='ltr'><strong>μέρος,</strong></span> <span class='ocrx_word' id='word_1_383' title='bbox 2295 2690 2391 2742; x_wconf 76' lang='grc' dir='ltr'>καὶ</span> <span class='ocrx_word' id='word_1_384' title='bbox 2420 2690 2558 2759; x_wconf 82' lang='grc' dir='ltr'>πρὸς</span> <span class='ocrx_word' id='word_1_385' title='bbox 2590 2689 2806 2757; x_wconf 85' lang='grc' dir='ltr'><strong>ὀλίγους</strong></span> <span class='ocrx_word' id='word_1_386' title='bbox 2838 2686 3081 2756; x_wconf 79' lang='grc' dir='ltr'><strong>ἀγαθῶν,</strong></span> <span class='ocrx_word' id='word_1_387' title='bbox 3104 2686 3349 2756; x_wconf 75' lang='grc' dir='ltr'><strong>κομίζειν</strong></span> <span class='ocrx_word' id='word_1_388' title='bbox 3376 2685 3467 2739; x_wconf 78' lang='grc' dir='ltr'>τὸν</span> <span class='ocrx_word' id='word_1_389' title='bbox 3494 2685 3657 2752; x_wconf 89' lang='grc' dir='ltr'>λόγον</span> 
     </span>
    </p>
   </div>
   <div class='ocr_carea' id='block_1_57' title="bbox 2072 2776 3657 2851">
    <p class='ocr_par' dir='ltr' id='par_1_57' title="bbox 2072 2776 3657 2851">
     <span class='ocr_line' id='line_1_57' title="bbox 2072 2776 3657 2851; baseline -0.004 -14"><span class='ocrx_word' id='word_1_390' title='bbox 2072 2781 2164 2837; x_wconf 72' lang='grc' dir='ltr'>ἐπὶ</span> <span class='ocrx_word' id='word_1_391' title='bbox 2190 2780 2260 2834; x_wconf 81' lang='grc' dir='ltr'>τὰ</span> <span class='ocrx_word' id='word_1_392' title='bbox 2287 2780 2516 2835; x_wconf 82' lang='grc' dir='ltr'><strong>καθόλου</strong></span> <span class='ocrx_word' id='word_1_393' title='bbox 2543 2797 2599 2833; x_wconf 89' lang='grc' dir='ltr'><strong>τε</strong></span> <span class='ocrx_word' id='word_1_394' title='bbox 2630 2780 2725 2833; x_wconf 67' lang='grc' dir='ltr'>καὶ</span> <span class='ocrx_word' id='word_1_395' title='bbox 2753 2779 3109 2851; x_wconf 82' lang='grc' dir='ltr'>γενικώτερα.</span> <span class='ocrx_word' id='word_1_396' title='bbox 3139 2778 3325 2832; x_wconf 82' lang='grc' dir='ltr'>Ταῦτα</span> <span class='ocrx_word' id='word_1_397' title='bbox 3350 2778 3409 2831; x_wconf 76' lang='grc' dir='ltr'>δέ</span> <span class='ocrx_word' id='word_1_398' title='bbox 3436 2778 3550 2830; x_wconf 86' lang='grc' dir='ltr'>ἐστι</span> <span class='ocrx_word' id='word_1_399' title='bbox 3585 2776 3657 2830; x_wconf 82' lang='grc' dir='ltr'>τὰ</span> 
     </span>
    </p>
   </div>
   <div class='ocr_carea' id='block_1_58' title="bbox 2070 2867 3658 2945">
    <p class='ocr_par' dir='ltr' id='par_1_58' title="bbox 2070 2867 3658 2945">
     <span class='ocr_line' id='line_1_58' title="bbox 2070 2867 3658 2945; baseline -0.005 -17"><span class='ocrx_word' id='word_1_400' title='bbox 2070 2875 2158 2928; x_wconf 82' lang='grc' dir='ltr'><strong>διὰ</strong></span> <span class='ocrx_word' id='word_1_401' title='bbox 2206 2872 2463 2945; x_wconf 81' lang='grc' dir='ltr'><strong>Χριστοῦ.</strong></span> <span class='ocrx_word' id='word_1_402' title='bbox 2518 2873 2741 2944; x_wconf 88' lang='grc' dir='ltr'>Πρόεισι</span> <span class='ocrx_word' id='word_1_403' title='bbox 2779 2872 2843 2944; x_wconf 85' lang='grc' dir='ltr'>δὴ</span> <span class='ocrx_word' id='word_1_404' title='bbox 2872 2867 2967 2927; x_wconf 81' lang='grc' dir='ltr'><strong>οὖν</strong></span> <span class='ocrx_word' id='word_1_405' title='bbox 3005 2873 3084 2934; x_wconf 81' lang='grc' dir='ltr'><strong>είς</strong></span> <span class='ocrx_word' id='word_1_406' title='bbox 3115 2869 3271 2925; x_wconf 83' lang='grc' dir='ltr'>τοῦτο</span> <span class='ocrx_word' id='word_1_407' title='bbox 3320 2869 3485 2924; x_wconf 85' lang='grc' dir='ltr'>πάλιν</span> <span class='ocrx_word' id='word_1_408' title='bbox 3520 2870 3658 2940; x_wconf 79' lang='grc' dir='ltr'>ἡμῖν</span> 
     </span>
    </p>
   </div>
   <div class='ocr_carea' id='block_1_59' title="bbox 2069 2960 3655 3036">
    <p class='ocr_par' dir='ltr' id='par_1_59' title="bbox 2069 2960 3655 3036">
     <span class='ocr_line' id='line_1_59' title="bbox 2069 2960 3655 3036; baseline 0.003 -18"><span class='ocrx_word' id='word_1_409' title='bbox 2069 2966 2097 3018; x_wconf 84' lang='grc' dir='ltr'><strong>ὁ</strong></span> <span class='ocrx_word' id='word_1_410' title='bbox 2125 2965 2298 3033; x_wconf 77' lang='grc' dir='ltr'>λόγος.</span> <span class='ocrx_word' id='word_1_411' title='bbox 2335 2964 2473 3017; x_wconf 84' lang='grc' dir='ltr'>Πότε</span> <span class='ocrx_word' id='word_1_412' title='bbox 2506 2963 2614 3036; x_wconf 86' lang='grc' dir='ltr'>γὰρ</span> <span class='ocrx_word' id='word_1_413' title='bbox 2644 2963 2851 3016; x_wconf 85' lang='grc' dir='ltr'>δέδοται</span> <span class='ocrx_word' id='word_1_414' title='bbox 2880 2962 2939 3015; x_wconf 82' lang='grc' dir='ltr'>τὸ</span> <span class='ocrx_word' id='word_1_415' title='bbox 2971 2962 3166 3033; x_wconf 84' lang='grc' dir='ltr'>χρῆναι</span> <span class='ocrx_word' id='word_1_416' title='bbox 3199 2960 3419 3033; x_wconf 84' lang='grc' dir='ltr'>θαρσεῖν</span> <span class='ocrx_word' id='word_1_417' title='bbox 3449 2962 3515 3030; x_wconf 84' lang='grc' dir='ltr'>τῇ</span> <span class='ocrx_word' id='word_1_418' title='bbox 3541 2961 3655 3029; x_wconf 75' lang='grc' dir='ltr'><strong>γῇς</strong></span> 
     </span>
    </p>
   </div>
   <div class='ocr_carea' id='block_1_60' title="bbox 2070 3050 3655 3125">
    <p class='ocr_par' dir='ltr' id='par_1_60' title="bbox 2070 3050 3655 3125">
     <span class='ocr_line' id='line_1_60' title="bbox 2070 3050 3655 3125; baseline -0.005 -15"><span class='ocrx_word' id='word_1_419' title='bbox 2070 3057 2206 3111; x_wconf 90' lang='grc' dir='ltr'>Πότε</span> <span class='ocrx_word' id='word_1_420' title='bbox 2254 3055 2297 3109; x_wconf 90' lang='grc' dir='ltr'>δ’</span> <span class='ocrx_word' id='word_1_421' title='bbox 2333 3051 2405 3109; x_wconf 76' lang='grc' dir='ltr'>αὖ</span> <span class='ocrx_word' id='word_1_422' title='bbox 2451 3054 2755 3125; x_wconf 87' lang='grc' dir='ltr'>ἐμεγάλυνε</span> <span class='ocrx_word' id='word_1_423' title='bbox 2787 3054 2995 3124; x_wconf 81' lang='grc' dir='ltr'>Κύριος</span> <span class='ocrx_word' id='word_1_424' title='bbox 3040 3052 3137 3107; x_wconf 81' lang='grc' dir='ltr'><strong>τοῦ</strong></span> <span class='ocrx_word' id='word_1_425' title='bbox 3183 3055 3436 3122; x_wconf 74' lang='grc' dir='ltr'>ποιήσαις</span> <span class='ocrx_word' id='word_1_426' title='bbox 3485 3051 3536 3103; x_wconf 86' lang='grc' dir='ltr'><strong>εί</strong></span> <span class='ocrx_word' id='word_1_427' title='bbox 3575 3050 3655 3121; x_wconf 80' lang='grc' dir='ltr'>μὴ</span> 
     </span>
    </p>
   </div>
   <div class='ocr_carea' id='block_1_61' title="bbox 2069 3143 3659 3217">
    <p class='ocr_par' dir='ltr' id='par_1_61' title="bbox 2069 3143 3659 3217">
     <span class='ocr_line' id='line_1_61' title="bbox 2069 3143 3659 3217; baseline -0.005 -14"><span class='ocrx_word' id='word_1_428' title='bbox 2069 3151 2178 3215; x_wconf 86' lang='grc' dir='ltr'>ὅτε,</span> <span class='ocrx_word' id='word_1_429' title='bbox 2226 3148 2359 3213; x_wconf 85' lang='grc' dir='ltr'>Θεὸς</span> <span class='ocrx_word' id='word_1_430' title='bbox 2392 3147 2487 3215; x_wconf 84' lang='grc' dir='ltr'>ὢν,</span> <span class='ocrx_word' id='word_1_431' title='bbox 2518 3150 2547 3201; x_wconf 89' lang='grc' dir='ltr'><strong>ό</strong></span> <span class='ocrx_word' id='word_1_432' title='bbox 2594 3147 2767 3217; x_wconf 81' lang='grc' dir='ltr'>Λόγος</span> <span class='ocrx_word' id='word_1_433' title='bbox 2797 3148 3019 3216; x_wconf 83' lang='grc' dir='ltr'>γέγονεν</span> <span class='ocrx_word' id='word_1_434' title='bbox 3065 3143 3372 3217; x_wconf 76' lang='grc' dir='ltr'>ἄνθρωπος,</span> <span class='ocrx_word' id='word_1_435' title='bbox 3406 3143 3494 3197; x_wconf 79' lang='grc' dir='ltr'><strong>ἵνα</strong></span> <span class='ocrx_word' id='word_1_436' title='bbox 3535 3144 3659 3205; x_wconf 86' lang='grc' dir='ltr'>τοῖς</span> 
     </span>
    </p>
   </div>
   <div class='ocr_carea' id='block_1_62' title="bbox 383 3236 1967 3312">
    <p class='ocr_par' dir='ltr' id='par_1_62' title="bbox 383 3237 1962 3311">
     <span class='ocr_line' id='line_1_62' title="bbox 383 3237 1962 3311; baseline 0.004 -20"><span class='ocrx_word' id='word_1_437' title='bbox 383 3237 676 3291; x_wconf 86' lang='lat' dir='ltr'><strong>humanam</strong></span> <span class='ocrx_word' id='word_1_438' title='bbox 713 3247 961 3293; x_wconf 88' lang='lat' dir='ltr'><strong>naturam</strong></span> <span class='ocrx_word' id='word_1_439' title='bbox 982 3238 1174 3305; x_wconf 89' lang='lat' dir='ltr'><strong>induit,</strong></span> <span class='ocrx_word' id='word_1_440' title='bbox 1204 3247 1263 3293; x_wconf 89' lang='lat' dir='ltr'><strong>ut</strong></span> <span class='ocrx_word' id='word_1_441' title='bbox 1291 3238 1450 3294; x_wconf 86' lang='lat' dir='ltr'><strong>bonis</strong></span> <span class='ocrx_word' id='word_1_442' title='bbox 1478 3241 1727 3311; x_wconf 85' lang='lat' dir='ltr'><strong>supernis</strong></span> <span class='ocrx_word' id='word_1_443' title='bbox 1764 3250 1962 3297; x_wconf 89' lang='lat' dir='ltr'><strong>terram</strong></span> 
     </span>
    </p>
   </div>
   <div class='ocr_carea' id='block_1_63' title="bbox 2074 3236 3657 3312">
    <p class='ocr_par' dir='ltr' id='par_1_63' title="bbox 2074 3236 3657 3309">
     <span class='ocr_line' id='line_1_63' title="bbox 2074 3236 3657 3309; baseline -0.005 -12"><span class='ocrx_word' id='word_1_444' title='bbox 2074 3242 2271 3298; x_wconf 72' lang='lat' dir='ltr'><strong>ivwbev</strong></span> <span class='ocrx_word' id='word_1_445' title='bbox 2318 3239 2627 3304; x_wconf 68' lang='grc' dir='ltr'>ἐπικλύζων</span> <span class='ocrx_word' id='word_1_446' title='bbox 2668 3239 2895 3309; x_wconf 81' lang='grc' dir='ltr'>ἀγαθοῖς</span> <span class='ocrx_word' id='word_1_447' title='bbox 2942 3239 3044 3309; x_wconf 80' lang='grc' dir='ltr'><strong>τὴν</strong></span> <span class='ocrx_word' id='word_1_448' title='bbox 3090 3238 3182 3292; x_wconf 80' lang='grc' dir='ltr'><strong>ὑπ’</strong></span> <span class='ocrx_word' id='word_1_449' title='bbox 3224 3236 3473 3309; x_wconf 79' lang='grc' dir='ltr'>οὐρανὸν,</span> <span class='ocrx_word' id='word_1_450' title='bbox 3500 3236 3657 3306; x_wconf 77' lang='grc' dir='ltr'>εὑρί-</span> 
     </span>
    </p>
   </div>
   <div class='ocr_carea' id='block_1_64' title="bbox 385 3329 1965 3396">
    <p class='ocr_par' dir='ltr' id='par_1_64' title="bbox 385 3329 1965 3396">
     <span class='ocr_line' id='line_1_64' title="bbox 385 3329 1965 3396; baseline 0.004 -14"><span class='ocrx_word' id='word_1_451' title='bbox 385 3329 676 3396; x_wconf 86' lang='lat' dir='ltr'><strong>inundans,</strong></span> <span class='ocrx_word' id='word_1_452' title='bbox 724 3329 1059 3385; x_wconf 82' lang='lat' dir='ltr'><strong>inveniretur</strong></span> <span class='ocrx_word' id='word_1_453' title='bbox 1090 3331 1143 3385; x_wconf 90' lang='lat' dir='ltr'><strong>in</strong></span> <span class='ocrx_word' id='word_1_454' title='bbox 1171 3345 1230 3386; x_wconf 89' lang='lat' dir='ltr'><strong>se</strong></span> <span class='ocrx_word' id='word_1_455' title='bbox 1267 3331 1616 3387; x_wconf 88' lang='lat' dir='ltr'><strong>credentibus</strong></span> <span class='ocrx_word' id='word_1_456' title='bbox 1666 3341 1720 3387; x_wconf 90' lang='lat' dir='ltr'><strong>ut</strong></span> <span class='ocrx_word' id='word_1_457' title='bbox 1773 3334 1965 3388; x_wconf 75' lang='lat' dir='ltr'><strong>ﬂuvius</strong></span> 
     </span>
    </p>
   </div>
   <div class='ocr_carea' id='block_1_65' title="bbox 383 3422 1965 3493">
    <p class='ocr_par' dir='ltr' id='par_1_65' title="bbox 383 3422 1965 3493">
     <span class='ocr_line' id='line_1_65' title="bbox 383 3422 1965 3493; baseline 0.004 -18"><span class='ocrx_word' id='word_1_458' title='bbox 383 3424 559 3490; x_wconf 87' lang='lat' dir='ltr'><strong>pacis,</strong></span> <span class='ocrx_word' id='word_1_459' title='bbox 586 3430 646 3476; x_wconf 93' lang='lat' dir='ltr'><strong>ut</strong></span> <span class='ocrx_word' id='word_1_460' title='bbox 676 3434 890 3479; x_wconf 84' lang='lat' dir='ltr'><strong>torrens</strong></span> <span class='ocrx_word' id='word_1_461' title='bbox 920 3422 1234 3491; x_wconf 85' lang='lat' dir='ltr'><strong>voluptatis,</strong></span> <span class='ocrx_word' id='word_1_462' title='bbox 1264 3432 1322 3477; x_wconf 91' lang='lat' dir='ltr'><strong>ut</strong></span> <span class='ocrx_word' id='word_1_463' title='bbox 1348 3432 1725 3493; x_wconf 84' lang='lat' dir='ltr'><strong>temporaneus</strong></span> <span class='ocrx_word' id='word_1_464' title='bbox 1768 3434 1824 3480; x_wconf 86' lang='lat' dir='ltr'><strong>et</strong></span> <span class='ocrx_word' id='word_1_465' title='bbox 1875 3439 1965 3481; x_wconf 83' lang='lat' dir='ltr'><strong>se-</strong></span> 
     </span>
    </p>
   </div>
   <div class='ocr_carea' id='block_1_66' title="bbox 385 3511 1968 3586">
    <p class='ocr_par' dir='ltr' id='par_1_66' title="bbox 385 3511 1968 3586">
     <span class='ocr_line' id='line_1_66' title="bbox 385 3511 1968 3586; baseline 0.003 -19"><span class='ocrx_word' id='word_1_466' title='bbox 385 3511 599 3567; x_wconf 81' lang='lat' dir='ltr'><strong>rotinus</strong></span> <span class='ocrx_word' id='word_1_467' title='bbox 636 3512 831 3577; x_wconf 86' lang='lat' dir='ltr'><strong>imber,</strong></span> <span class='ocrx_word' id='word_1_468' title='bbox 852 3522 907 3568; x_wconf 91' lang='lat' dir='ltr'><strong>et</strong></span> <span class='ocrx_word' id='word_1_469' title='bbox 959 3515 1128 3568; x_wconf 88' lang='lat' dir='ltr'><strong>totius</strong></span> <span class='ocrx_word' id='word_1_470' title='bbox 1182 3513 1446 3569; x_wconf 88' lang='lat' dir='ltr'><strong>ubertatis</strong></span> <span class='ocrx_word' id='word_1_471' title='bbox 1497 3514 1743 3586; x_wconf 79' lang='lat' dir='ltr'><strong>largitor.</strong></span> <span class='ocrx_word' id='word_1_472' title='bbox 1817 3514 1968 3571; x_wconf 88' lang='lat' dir='ltr'><strong>Tunc</strong></span> 
     </span>
    </p>
   </div>
   <div class='ocr_carea' id='block_1_67' title="bbox 385 3602 1965 3678">
    <p class='ocr_par' dir='ltr' id='par_1_67' title="bbox 385 3602 1965 3678">
     <span class='ocr_line' id='line_1_67' title="bbox 385 3602 1965 3678; baseline 0.004 -22"><span class='ocrx_word' id='word_1_473' title='bbox 385 3602 532 3657; x_wconf 79' lang='lat' dir='ltr'><strong>enim</strong></span> <span class='ocrx_word' id='word_1_474' title='bbox 562 3602 650 3657; x_wconf 87' lang='lat' dir='ltr'><strong>vel</strong></span> <span class='ocrx_word' id='word_1_475' title='bbox 683 3604 1143 3672; x_wconf 86' lang='lat' dir='ltr'><strong>insipientissimis</strong></span> <span class='ocrx_word' id='word_1_476' title='bbox 1162 3606 1277 3676; x_wconf 91' lang='lat' dir='ltr'><strong>(qui</strong></span> <span class='ocrx_word' id='word_1_477' title='bbox 1306 3606 1553 3675; x_wconf 89' lang='lat' dir='ltr'><strong>jumenta</strong></span> <span class='ocrx_word' id='word_1_478' title='bbox 1576 3607 1751 3678; x_wconf 90' lang='lat' dir='ltr'><strong>campi</strong></span> <span class='ocrx_word' id='word_1_479' title='bbox 1775 3607 1965 3662; x_wconf 86' lang='lat' dir='ltr'><strong>dicun-</strong></span> 
     </span>
    </p>
   </div>
   <div class='ocr_carea' id='block_1_68' title="bbox 387 3692 1966 3768">
    <p class='ocr_par' dir='ltr' id='par_1_68' title="bbox 387 3692 1966 3768">
     <span class='ocr_line' id='line_1_68' title="bbox 387 3692 1966 3768; baseline 0.004 -22"><span class='ocrx_word' id='word_1_480' title='bbox 387 3692 501 3763; x_wconf 88' lang='lat' dir='ltr'><strong>tur)</strong></span> <span class='ocrx_word' id='word_1_481' title='bbox 528 3692 905 3749; x_wconf 80' lang='lat' dir='ltr'><strong>intellectualis</strong></span> <span class='ocrx_word' id='word_1_482' title='bbox 936 3694 1101 3750; x_wconf 87' lang='lat' dir='ltr'><strong>herba</strong></span> <span class='ocrx_word' id='word_1_483' title='bbox 1134 3696 1477 3765; x_wconf 88' lang='lat' dir='ltr'><strong>germinavit,</strong></span> <span class='ocrx_word' id='word_1_484' title='bbox 1518 3712 1711 3768; x_wconf 84' lang='lat' dir='ltr'><strong>nempe</strong></span> <span class='ocrx_word' id='word_1_485' title='bbox 1757 3697 1966 3755; x_wconf 82' lang='lat' dir='ltr'><strong>docen-</strong></span> 
     </span>
    </p>
   </div>
   <div class='ocr_carea' id='block_1_69' title="bbox 388 3774 1968 3858">
    <p class='ocr_par' dir='ltr' id='par_1_69' title="bbox 388 3774 1968 3858">
     <span class='ocr_line' id='line_1_69' title="bbox 388 3774 1968 3858; baseline 0.005 -20"><span class='ocrx_word' id='word_1_486' title='bbox 388 3784 524 3840; x_wconf 82' lang='lat' dir='ltr'><strong>tium</strong></span> <span class='ocrx_word' id='word_1_487' title='bbox 552 3799 754 3841; x_wconf 88' lang='lat' dir='ltr'><strong>sermo.</strong></span> <span class='ocrx_word' id='word_1_488' title='bbox 787 3774 940 3841; x_wconf 78' lang='lat' dir='ltr'><strong>Tu&#39;nc</strong></span> <span class='ocrx_word' id='word_1_489' title='bbox 970 3786 1255 3843; x_wconf 90' lang='lat' dir='ltr'><strong>viruerunt</strong></span> <span class='ocrx_word' id='word_1_490' title='bbox 1282 3789 1462 3858; x_wconf 87' lang='lat' dir='ltr'><strong>campi</strong></span> <span class='ocrx_word' id='word_1_491' title='bbox 1511 3789 1844 3847; x_wconf 87' lang='lat' dir='ltr'><strong>solitudinis.</strong></span> <span class='ocrx_word' id='word_1_492' title='bbox 1902 3792 1968 3847; x_wconf 82' lang='lat' dir='ltr'><strong>Et</strong></span> 
     </span>
    </p>
   </div>
   <div class='ocr_carea' id='block_1_70' title="bbox 386 3876 1966 3951">
    <p class='ocr_par' dir='ltr' id='par_1_70' title="bbox 386 3876 1966 3951">
     <span class='ocr_line' id='line_1_70' title="bbox 386 3876 1966 3951; baseline 0.007 -20"><span class='ocrx_word' id='word_1_493' title='bbox 386 3876 732 3934; x_wconf 81' lang='lat' dir='ltr'><strong>solitudinem</strong></span> <span class='ocrx_word' id='word_1_494' title='bbox 767 3878 986 3949; x_wconf 83' lang='lat' dir='ltr'><strong>quidem</strong></span> <span class='ocrx_word' id='word_1_495' title='bbox 1047 3889 1203 3935; x_wconf 85' lang='lat' dir='ltr'><strong>vocat</strong></span> <span class='ocrx_word' id='word_1_496' title='bbox 1264 3879 1758 3951; x_wconf 77' lang='lat' dir='ltr'><strong>Ecclesiam,juxta</strong></span> <span class='ocrx_word' id='word_1_497' title='bbox 1795 3884 1966 3942; x_wconf 88' lang='lat' dir='ltr'><strong>illud:</strong></span> 
     </span>
    </p>
   </div>
   <div class='ocr_carea' id='block_1_71' title="bbox 391 3968 1966 4040">
    <p class='ocr_par' dir='ltr' id='par_1_71' title="bbox 391 3968 1966 4040">
     <span class='ocr_line' id='line_1_71' title="bbox 391 3968 1966 4040; baseline 0.006 -17"><span class='ocrx_word' id='word_1_498' title='bbox 391 3988 413 4022; x_wconf 78' lang='grc' dir='ltr'><strong>ε</strong></span> <span class='ocrx_word' id='word_1_499' title='bbox 441 3968 676 4034; x_wconf 60' lang='lat' dir='ltr'><strong>Laure,</strong></span> <span class='ocrx_word' id='word_1_500' title='bbox 699 3970 975 4027; x_wconf 83' lang='lat' dir='ltr'><strong>desertum</strong></span> <span class='ocrx_word' id='word_1_501' title='bbox 998 3972 1211 4037; x_wconf 86' lang='lat' dir='ltr'><strong>sitiens,</strong></span> <span class='ocrx_word' id='word_1_502' title='bbox 1233 3973 1471 4029; x_wconf 82' lang='lat' dir='ltr'><strong>exsultet</strong></span> <span class='ocrx_word' id='word_1_503' title='bbox 1497 3974 1757 4040; x_wconf 86' lang='lat' dir='ltr'><strong>solitudo,</strong></span> <span class='ocrx_word' id='word_1_504' title='bbox 1789 3986 1844 4032; x_wconf 92' lang='lat' dir='ltr'><strong>et</strong></span> <span class='ocrx_word' id='word_1_505' title='bbox 1866 3976 1966 4032; x_wconf 82' lang='lat' dir='ltr'><strong>llo-</strong></span> 
     </span>
    </p>
   </div>
   <div class='ocr_carea' id='block_1_72' title="bbox 388 4059 1969 4140">
    <p class='ocr_par' dir='ltr' id='par_1_72' title="bbox 388 4059 1969 4140">
     <span class='ocr_line' id='line_1_72' title="bbox 388 4059 1969 4140; baseline 0.008 -25"><span class='ocrx_word' id='word_1_506' title='bbox 388 4069 504 4116; x_wconf 73' lang='lat' dir='ltr'><strong>rest</strong></span> <span class='ocrx_word' id='word_1_507' title='bbox 528 4060 682 4131; x_wconf 86' lang='lat' dir='ltr'><strong>quasi</strong></span> <span class='ocrx_word' id='word_1_508' title='bbox 710 4059 881 4117; x_wconf 83' lang='lat' dir='ltr'><strong>lilium</strong></span> <span class='ocrx_word' id='word_1_509' title='bbox 905 4062 969 4116; x_wconf 73' lang='grc' dir='ltr'>υ.</span> <span class='ocrx_word' id='word_1_510' title='bbox 995 4081 1016 4117; x_wconf 74' lang='grc' dir='ltr'><strong>ι</strong></span> <span class='ocrx_word' id='word_1_511' title='bbox 1065 4062 1253 4135; x_wconf 86' lang='lat' dir='ltr'><strong>Campi</strong></span> <span class='ocrx_word' id='word_1_512' title='bbox 1306 4066 1425 4136; x_wconf 86' lang='lat' dir='ltr'><strong>ejus</strong></span> <span class='ocrx_word' id='word_1_513' title='bbox 1488 4077 1615 4123; x_wconf 86' lang='lat' dir='ltr'><strong>sunt</strong></span> <span class='ocrx_word' id='word_1_514' title='bbox 1648 4070 1969 4140; x_wconf 89' lang='lat' dir='ltr'><strong>populorum</strong></span> 
     </span>
    </p>
   </div>
   <div class='ocr_carea' id='block_1_73' title="bbox 386 4155 1970 4227">
    <p class='ocr_par' dir='ltr' id='par_1_73' title="bbox 386 4155 1970 4227">
     <span class='ocr_line' id='line_1_73' title="bbox 386 4155 1970 4227; baseline 0.009 -20"><span class='ocrx_word' id='word_1_515' title='bbox 386 4162 630 4209; x_wconf 81' lang='lat' dir='ltr'><strong>rectores</strong></span> <span class='ocrx_word' id='word_1_516' title='bbox 687 4164 743 4209; x_wconf 82' lang='lat' dir='ltr'><strong>et</strong></span> <span class='ocrx_word' id='word_1_517' title='bbox 810 4155 1079 4222; x_wconf 89' lang='lat' dir='ltr'><strong>doctores,</strong></span> <span class='ocrx_word' id='word_1_518' title='bbox 1147 4157 1238 4227; x_wconf 91' lang='lat' dir='ltr'><strong>qui</strong></span> <span class='ocrx_word' id='word_1_519' title='bbox 1313 4167 1371 4215; x_wconf 89' lang='lat' dir='ltr'><strong>et</strong></span> <span class='ocrx_word' id='word_1_520' title='bbox 1449 4159 1647 4217; x_wconf 87' lang='lat' dir='ltr'><strong>divinis</strong></span> <span class='ocrx_word' id='word_1_521' title='bbox 1737 4178 1768 4219; x_wconf 90' lang='lat' dir='ltr'><strong>e</strong></span> <span class='ocrx_word' id='word_1_522' title='bbox 1830 4165 1970 4221; x_wconf 75' lang='lat' dir='ltr'><strong>ctelo</strong></span> 
     </span>
    </p>
   </div>
   <div class='ocr_carea' id='block_1_74' title="bbox 386 4242 1972 4325">
    <p class='ocr_par' dir='ltr' id='par_1_74' title="bbox 386 4242 1972 4325">
     <span class='ocr_line' id='line_1_74' title="bbox 386 4242 1972 4325; baseline 0.011 -31"><span class='ocrx_word' id='word_1_523' title='bbox 386 4242 733 4301; x_wconf 69' lang='lat' dir='ltr'><strong>charistnatis</strong></span> <span class='ocrx_word' id='word_1_524' title='bbox 797 4246 1036 4303; x_wconf 88' lang='lat' dir='ltr'><strong>animum</strong></span> <span class='ocrx_word' id='word_1_525' title='bbox 1118 4249 1269 4306; x_wconf 88' lang='lat' dir='ltr'><strong>velut</strong></span> <span class='ocrx_word' id='word_1_526' title='bbox 1352 4261 1649 4308; x_wconf 85' lang='lat' dir='ltr'><strong>scatentem</strong></span> <span class='ocrx_word' id='word_1_527' title='bbox 1730 4265 1787 4312; x_wconf 93' lang='lat' dir='ltr'><strong>et</strong></span> <span class='ocrx_word' id='word_1_528' title='bbox 1853 4257 1972 4325; x_wconf 88' lang='lat' dir='ltr'><strong>pul-</strong></span> 
     </span>
    </p>
   </div>
   <div class='ocr_carea' id='block_1_75' title="bbox 387 4336 1971 4417">
    <p class='ocr_par' dir='ltr' id='par_1_75' title="bbox 387 4336 1971 4417">
     <span class='ocr_line' id='line_1_75' title="bbox 387 4336 1971 4417; baseline 0.007 -26"><span class='ocrx_word' id='word_1_529' title='bbox 387 4336 658 4417; x_wconf 74' lang='lat' dir='ltr'><strong>cherrime</strong></span> <span class='ocrx_word' id='word_1_530' title='bbox 720 4339 957 4409; x_wconf 89' lang='lat' dir='ltr'><strong>undique</strong></span> <span class='ocrx_word' id='word_1_531' title='bbox 1010 4340 1288 4398; x_wconf 81' lang='lat' dir='ltr'><strong>ﬂorentem</strong></span> <span class='ocrx_word' id='word_1_532' title='bbox 1366 4354 1580 4413; x_wconf 86' lang='lat' dir='ltr'><strong>gerunt,</strong></span> <span class='ocrx_word' id='word_1_533' title='bbox 1628 4353 1685 4401; x_wconf 89' lang='lat' dir='ltr'><strong>et</strong></span> <span class='ocrx_word' id='word_1_534' title='bbox 1748 4347 1971 4417; x_wconf 84' lang='lat' dir='ltr'><strong>dogma-</strong></span> 
     </span>
    </p>
   </div>
   <div class='ocr_carea' id='block_1_76' title="bbox 390 4428 1969 4502">
    <p class='ocr_par' dir='ltr' id='par_1_76' title="bbox 390 4428 1969 4502">
     <span class='ocr_line' id='line_1_76' title="bbox 390 4428 1969 4502; baseline 0.006 -18"><span class='ocrx_word' id='word_1_535' title='bbox 390 4439 503 4486; x_wconf 87' lang='lat' dir='ltr'><strong>tum</strong></span> <span class='ocrx_word' id='word_1_536' title='bbox 532 4428 756 4487; x_wconf 76' lang='lat' dir='ltr'><strong>ﬂoribus</strong></span> <span class='ocrx_word' id='word_1_537' title='bbox 780 4433 1078 4502; x_wconf 78' lang='lat' dir='ltr'><strong>spirantem</strong></span> <span class='ocrx_word' id='word_1_538' title='bbox 1137 4437 1393 4500; x_wconf 85' lang='lat' dir='ltr'><strong>suaviter,</strong></span> <span class='ocrx_word' id='word_1_539' title='bbox 1429 4445 1485 4492; x_wconf 90' lang='lat' dir='ltr'><strong>et</strong></span> <span class='ocrx_word' id='word_1_540' title='bbox 1535 4438 1739 4493; x_wconf 85' lang='lat' dir='ltr'><strong>recenti</strong></span> <span class='ocrx_word' id='word_1_541' title='bbox 1797 4439 1969 4493; x_wconf 91' lang='lat' dir='ltr'><strong>herba</strong></span> 
     </span>
    </p>
   </div>
   <div class='ocr_carea' id='block_1_77' title="bbox 389 4521 1970 4592">
    <p class='ocr_par' dir='ltr' id='par_1_77' title="bbox 389 4521 1970 4592">
     <span class='ocr_line' id='line_1_77' title="bbox 389 4521 1970 4592; baseline 0.004 -14"><span class='ocrx_word' id='word_1_542' title='bbox 389 4521 628 4592; x_wconf 78' lang='lat' dir='ltr'><strong>undique</strong></span> <span class='ocrx_word' id='word_1_543' title='bbox 648 4524 1056 4591; x_wconf 87' lang='lat' dir='ltr'><strong>pubescentem.</strong></span> <span class='ocrx_word' id='word_1_544' title='bbox 1087 4524 1149 4579; x_wconf 84' lang='lat' dir='ltr'><strong>lli</strong></span> <span class='ocrx_word' id='word_1_545' title='bbox 1176 4527 1471 4582; x_wconf 86' lang='lat' dir='ltr'><strong>bestiarum</strong></span> <span class='ocrx_word' id='word_1_546' title='bbox 1499 4538 1747 4584; x_wconf 88' lang='lat' dir='ltr'><strong>naturam</strong></span> <span class='ocrx_word' id='word_1_547' title='bbox 1790 4538 1844 4585; x_wconf 93' lang='lat' dir='ltr'><strong>et</strong></span> <span class='ocrx_word' id='word_1_548' title='bbox 1887 4530 1970 4584; x_wconf 87' lang='lat' dir='ltr'><strong>in-</strong></span> 
     </span>
    </p>
   </div>
   <div class='ocr_carea' id='block_1_78' title="bbox 2068 3327 3659 3399">
    <p class='ocr_par' dir='ltr' id='par_1_78' title="bbox 2068 3327 3659 3399">
     <span class='ocr_line' id='line_1_78' title="bbox 2068 3327 3659 3399; baseline -0.005 -10"><span class='ocrx_word' id='word_1_549' title='bbox 2068 3352 2249 3389; x_wconf 83' lang='grc' dir='ltr'>σκοιτο</span> <span class='ocrx_word' id='word_1_550' title='bbox 2285 3337 2401 3397; x_wconf 87' lang='grc' dir='ltr'>τοῖς</span> <span class='ocrx_word' id='word_1_551' title='bbox 2432 3332 2780 3387; x_wconf 84' lang='grc' dir='ltr'>πιστεύουσιν</span> <span class='ocrx_word' id='word_1_552' title='bbox 2808 3334 2889 3396; x_wconf 82' lang='grc' dir='ltr'>εἰς</span> <span class='ocrx_word' id='word_1_553' title='bbox 2920 3331 3081 3385; x_wconf 78' lang='grc' dir='ltr'>αὐτὸν</span> <span class='ocrx_word' id='word_1_554' title='bbox 3104 3331 3179 3392; x_wconf 84' lang='grc' dir='ltr'>ὼς</span> <span class='ocrx_word' id='word_1_555' title='bbox 3222 3327 3466 3399; x_wconf 77' lang='grc' dir='ltr'>ποταμὸς</span> <span class='ocrx_word' id='word_1_556' title='bbox 3498 3328 3659 3399; x_wconf 76' lang='grc' dir='ltr'>εἰρή-</span> 
     </span>
    </p>
   </div>
   <div class='ocr_carea' id='block_1_79' title="bbox 2064 3421 3659 3497">
    <p class='ocr_par' dir='ltr' id='par_1_79' title="bbox 2064 3421 3659 3497">
     <span class='ocr_line' id='line_1_79' title="bbox 2064 3421 3659 3497; baseline -0.004 -17"><span class='ocrx_word' id='word_1_557' title='bbox 2064 3444 2181 3497; x_wconf 87' lang='grc' dir='ltr'>νης,</span> <span class='ocrx_word' id='word_1_558' title='bbox 2219 3426 2297 3489; x_wconf 83' lang='grc' dir='ltr'>ὼς</span> <span class='ocrx_word' id='word_1_559' title='bbox 2325 3426 2659 3497; x_wconf 72' lang='grc' dir='ltr'><strong>χειμάρρους</strong></span> <span class='ocrx_word' id='word_1_560' title='bbox 2688 3424 2920 3495; x_wconf 81' lang='grc' dir='ltr'><strong>τρυφῆς,</strong></span> <span class='ocrx_word' id='word_1_561' title='bbox 2952 3423 3029 3485; x_wconf 86' lang='grc' dir='ltr'>ὡς</span> <span class='ocrx_word' id='word_1_562' title='bbox 3056 3422 3305 3495; x_wconf 85' lang='grc' dir='ltr'>πρώῖμός</span> <span class='ocrx_word' id='word_1_563' title='bbox 3326 3438 3385 3475; x_wconf 87' lang='grc' dir='ltr'><strong>τε</strong></span> <span class='ocrx_word' id='word_1_564' title='bbox 3418 3421 3511 3476; x_wconf 74' lang='grc' dir='ltr'>καὶ</span> <span class='ocrx_word' id='word_1_565' title='bbox 3540 3421 3659 3490; x_wconf 73' lang='grc' dir='ltr'>ὕψι-</span> 
     </span>
    </p>
   </div>
   <div class='ocr_carea' id='block_1_80' title="bbox 2068 3513 3653 3591">
    <p class='ocr_par' dir='ltr' id='par_1_80' title="bbox 2068 3513 3653 3591">
     <span class='ocr_line' id='line_1_80' title="bbox 2068 3513 3653 3591; baseline -0.004 -18"><span class='ocrx_word' id='word_1_566' title='bbox 2068 3537 2168 3591; x_wconf 90' lang='grc' dir='ltr'><strong>μος</strong></span> <span class='ocrx_word' id='word_1_567' title='bbox 2219 3518 2394 3579; x_wconf 82' lang='grc' dir='ltr'>ὑετὸς,</span> <span class='ocrx_word' id='word_1_568' title='bbox 2442 3518 2537 3571; x_wconf 70' lang='grc' dir='ltr'>καὶ</span> <span class='ocrx_word' id='word_1_569' title='bbox 2582 3516 2802 3587; x_wconf 80' lang='grc' dir='ltr'>ἁπάσης</span> <span class='ocrx_word' id='word_1_570' title='bbox 2849 3513 3049 3585; x_wconf 84' lang='grc' dir='ltr'>νοητῆς</span> <span class='ocrx_word' id='word_1_571' title='bbox 3101 3513 3406 3585; x_wconf 82' lang='grc' dir='ltr'>εὐκαρπίας</span> <span class='ocrx_word' id='word_1_572' title='bbox 3458 3513 3653 3583; x_wconf 81' lang='grc' dir='ltr'>δοτήρ.</span> 
     </span>
    </p>
   </div>
   <div class='ocr_carea' id='block_1_81' title="bbox 2066 3602 3654 3682">
    <p class='ocr_par' dir='ltr' id='par_1_81' title="bbox 2066 3602 3654 3682">
     <span class='ocr_line' id='line_1_81' title="bbox 2066 3602 3654 3682; baseline -0.006 -18"><span class='ocrx_word' id='word_1_573' title='bbox 2066 3611 2199 3664; x_wconf 86' lang='grc' dir='ltr'>Τότε</span> <span class='ocrx_word' id='word_1_574' title='bbox 2230 3610 2340 3682; x_wconf 76' lang='grc' dir='ltr'>γὰρ</span> <span class='ocrx_word' id='word_1_575' title='bbox 2368 3609 2593 3672; x_wconf 78' lang='grc' dir='ltr'>καὶτοῖς</span> <span class='ocrx_word' id='word_1_576' title='bbox 2622 3609 2761 3677; x_wconf 76' lang='grc' dir='ltr'>ἄγαν</span> <span class='ocrx_word' id='word_1_577' title='bbox 2788 3604 3217 3668; x_wconf 82' lang='grc' dir='ltr'>ἀσυνετωτάτοις</span> <span class='ocrx_word' id='word_1_578' title='bbox 3244 3604 3316 3676; x_wconf 83' lang='lat' dir='ltr'><strong>(o‘l</strong></span> <span class='ocrx_word' id='word_1_579' title='bbox 3350 3604 3445 3656; x_wconf 77' lang='grc' dir='ltr'>καὶ</span> <span class='ocrx_word' id='word_1_580' title='bbox 3476 3602 3654 3673; x_wconf 82' lang='grc' dir='ltr'>κτήνη</span> 
     </span>
    </p>
   </div>
   <div class='ocr_carea' id='block_1_82' title="bbox 2065 3694 3659 3771">
    <p class='ocr_par' dir='ltr' id='par_1_82' title="bbox 2065 3694 3659 3771">
     <span class='ocr_line' id='line_1_82' title="bbox 2065 3694 3659 3771; baseline -0.004 -17"><span class='ocrx_word' id='word_1_581' title='bbox 2065 3701 2314 3771; x_wconf 83' lang='grc' dir='ltr'>λέγονται</span> <span class='ocrx_word' id='word_1_582' title='bbox 2342 3700 2436 3756; x_wconf 81' lang='grc' dir='ltr'>τοῦ</span> <span class='ocrx_word' id='word_1_583' title='bbox 2469 3700 2675 3767; x_wconf 88' lang='grc' dir='ltr'>πεδίου)</span> <span class='ocrx_word' id='word_1_584' title='bbox 2705 3699 2868 3769; x_wconf 87' lang='grc' dir='ltr'>νοητὴ</span> <span class='ocrx_word' id='word_1_585' title='bbox 2897 3714 2983 3760; x_wconf 89' lang='grc' dir='ltr'><strong>τις</strong></span> <span class='ocrx_word' id='word_1_586' title='bbox 3014 3695 3186 3764; x_wconf 78' lang='grc' dir='ltr'>ἀνέφυ</span> <span class='ocrx_word' id='word_1_587' title='bbox 3220 3696 3346 3760; x_wconf 86' lang='grc' dir='ltr'>πόα,</span> <span class='ocrx_word' id='word_1_588' title='bbox 3374 3694 3482 3748; x_wconf 83' lang='grc' dir='ltr'>τῶν</span> <span class='ocrx_word' id='word_1_589' title='bbox 3507 3694 3659 3748; x_wconf 84' lang='grc' dir='ltr'>διδα-</span> 
     </span>
    </p>
   </div>
   <div class='ocr_carea' id='block_1_83' title="bbox 2069 3785 3659 3861">
    <p class='ocr_par' dir='ltr' id='par_1_83' title="bbox 2069 3785 3659 3861">
     <span class='ocr_line' id='line_1_83' title="bbox 2069 3785 3659 3861; baseline -0.004 -16"><span class='ocrx_word' id='word_1_590' title='bbox 2069 3794 2306 3847; x_wconf 83' lang='grc' dir='ltr'>σκόντων</span> <span class='ocrx_word' id='word_1_591' title='bbox 2363 3794 2391 3847; x_wconf 86' lang='grc' dir='ltr'>ὁ</span> <span class='ocrx_word' id='word_1_592' title='bbox 2431 3792 2609 3861; x_wconf 81' lang='grc' dir='ltr'>λόγος.</span> <span class='ocrx_word' id='word_1_593' title='bbox 2661 3791 2795 3844; x_wconf 86' lang='grc' dir='ltr'>Τότε</span> <span class='ocrx_word' id='word_1_594' title='bbox 2853 3788 3188 3860; x_wconf 76' lang='grc' dir='ltr'>βεϐλάστηκε</span> <span class='ocrx_word' id='word_1_595' title='bbox 3237 3787 3304 3841; x_wconf 80' lang='grc' dir='ltr'>τὰ</span> <span class='ocrx_word' id='word_1_596' title='bbox 3351 3785 3505 3839; x_wconf 83' lang='grc' dir='ltr'>πεδία</span> <span class='ocrx_word' id='word_1_597' title='bbox 3551 3788 3659 3856; x_wconf 80' lang='grc' dir='ltr'><strong>τῆς</strong></span> 
     </span>
    </p>
   </div>
   <div class='ocr_carea' id='block_1_84' title="bbox 2070 3875 3657 3955">
    <p class='ocr_par' dir='ltr' id='par_1_84' title="bbox 2070 3875 3657 3955">
     <span class='ocr_line' id='line_1_84' title="bbox 2070 3875 3657 3955; baseline -0.007 -17"><span class='ocrx_word' id='word_1_598' title='bbox 2070 3886 2302 3955; x_wconf 84' lang='grc' dir='ltr'>ἐρήμου,</span> <span class='ocrx_word' id='word_1_599' title='bbox 2338 3884 2433 3938; x_wconf 77' lang='grc' dir='ltr'>καὶ</span> <span class='ocrx_word' id='word_1_600' title='bbox 2478 3883 2685 3954; x_wconf 72' lang='grc' dir='ltr'>ἔρημον</span> <span class='ocrx_word' id='word_1_601' title='bbox 2720 3883 2819 3952; x_wconf 84' lang='grc' dir='ltr'>μὲν</span> <span class='ocrx_word' id='word_1_602' title='bbox 2863 3878 3120 3951; x_wconf 70' lang='grc' dir='ltr'>ὀνομάζει</span> <span class='ocrx_word' id='word_1_603' title='bbox 3167 3879 3267 3950; x_wconf 80' lang='grc' dir='ltr'>τὴν</span> <span class='ocrx_word' id='word_1_604' title='bbox 3323 3875 3657 3946; x_wconf 84' lang='grc' dir='ltr'>Ἐκκλησίαν</span> 
     </span>
    </p>
   </div>
   <div class='ocr_carea' id='block_1_85' title="bbox 2070 3967 3657 4043">
    <p class='ocr_par' dir='ltr' id='par_1_85' title="bbox 2070 3967 3657 4043">
     <span class='ocr_line' id='line_1_85' title="bbox 2070 3967 3657 4043; baseline -0.005 -16"><span class='ocrx_word' id='word_1_605' title='bbox 2070 3972 2212 4027; x_wconf 81' lang='grc' dir='ltr'>κατὰ</span> <span class='ocrx_word' id='word_1_606' title='bbox 2259 3972 2339 4036; x_wconf 78' lang='grc' dir='ltr'>τὸ,</span> <span class='ocrx_word' id='word_1_607' title='bbox 2372 3989 2391 4023; x_wconf 79' lang='grc' dir='ltr'><strong>ι</strong></span> <span class='ocrx_word' id='word_1_608' title='bbox 2430 3971 2803 4042; x_wconf 83' lang='grc' dir='ltr'>Εὐφράνθητι,</span> <span class='ocrx_word' id='word_1_609' title='bbox 2846 3971 3053 4043; x_wconf 77' lang='grc' dir='ltr'>ἕρημος</span> <span class='ocrx_word' id='word_1_610' title='bbox 3090 3968 3323 4039; x_wconf 68' lang='grc' dir='ltr'>διψῶσα.</span> <span class='ocrx_word' id='word_1_611' title='bbox 3364 3967 3657 4036; x_wconf 80' lang='grc' dir='ltr'>Ἀγαλλιά-</span> 
     </span>
    </p>
   </div>
   <div class='ocr_carea' id='block_1_86' title="bbox 2068 4057 3657 4137">
    <p class='ocr_par' dir='ltr' id='par_1_86' title="bbox 2068 4057 3657 4137">
     <span class='ocr_line' id='line_1_86' title="bbox 2068 4057 3657 4137; baseline -0.006 -18"><span class='ocrx_word' id='word_1_612' title='bbox 2068 4065 2248 4137; x_wconf 79' lang='grc' dir='ltr'>σθωη</span> <span class='ocrx_word' id='word_1_613' title='bbox 2288 4064 2517 4137; x_wconf 74' lang='grc' dir='ltr'>ἔρημος,</span> <span class='ocrx_word' id='word_1_614' title='bbox 2561 4064 2657 4119; x_wconf 74' lang='grc' dir='ltr'>καὶ</span> <span class='ocrx_word' id='word_1_615' title='bbox 2685 4063 2915 4118; x_wconf 87' lang='grc' dir='ltr'>άνθείτω</span> <span class='ocrx_word' id='word_1_616' title='bbox 2957 4062 3035 4125; x_wconf 87' lang='grc' dir='ltr'>ὡς</span> <span class='ocrx_word' id='word_1_617' title='bbox 3066 4063 3272 4133; x_wconf 80' lang='grc' dir='ltr'>κρῖνον.</span> <span class='ocrx_word' id='word_1_618' title='bbox 3314 4078 3334 4112; x_wconf 77' lang='grc' dir='ltr'><strong>ι</strong></span> <span class='ocrx_word' id='word_1_619' title='bbox 3386 4058 3553 4113; x_wconf 88' lang='grc' dir='ltr'>Πεδία</span> <span class='ocrx_word' id='word_1_620' title='bbox 3594 4057 3657 4111; x_wconf 85' lang='grc' dir='ltr'><strong>δέ</strong></span> 
     </span>
    </p>
   </div>
   <div class='ocr_carea' id='block_1_87' title="bbox 2068 4152 3655 4227">
    <p class='ocr_par' dir='ltr' id='par_1_87' title="bbox 2068 4152 3655 4227">
     <span class='ocr_line' id='line_1_87' title="bbox 2068 4152 3655 4227; baseline -0.006 -15"><span class='ocrx_word' id='word_1_621' title='bbox 2068 4158 2248 4213; x_wconf 81' lang='grc' dir='ltr'>αὐτῶν</span> <span class='ocrx_word' id='word_1_622' title='bbox 2296 4158 2432 4212; x_wconf 81' lang='grc' dir='ltr'>εἰσιν</span> <span class='ocrx_word' id='word_1_623' title='bbox 2482 4160 2530 4211; x_wconf 80' lang='lat' dir='ltr'><strong>oi</strong></span> <span class='ocrx_word' id='word_1_624' title='bbox 2574 4156 2720 4211; x_wconf 84' lang='grc' dir='ltr'>λαῶν</span> <span class='ocrx_word' id='word_1_625' title='bbox 2772 4154 3084 4227; x_wconf 80' lang='grc' dir='ltr'>ἡγούμενοι,</span> <span class='ocrx_word' id='word_1_626' title='bbox 3130 4155 3227 4208; x_wconf 73' lang='grc' dir='ltr'>καὶ</span> <span class='ocrx_word' id='word_1_627' title='bbox 3278 4152 3655 4221; x_wconf 84' lang='grc' dir='ltr'>παιδαγωγεῖν</span> 
     </span>
    </p>
   </div>
   <div class='ocr_carea' id='block_1_88' title="bbox 2071 4244 3656 4317">
    <p class='ocr_par' dir='ltr' id='par_1_88' title="bbox 2071 4244 3656 4317">
     <span class='ocr_line' id='line_1_88' title="bbox 2071 4244 3656 4317; baseline -0.005 -14"><span class='ocrx_word' id='word_1_628' title='bbox 2071 4248 2296 4315; x_wconf 86' lang='grc' dir='ltr'>είδότες,</span> <span class='ocrx_word' id='word_1_629' title='bbox 2338 4251 2388 4303; x_wconf 80' lang='grc' dir='ltr'><strong>οἳ</strong></span> <span class='ocrx_word' id='word_1_630' title='bbox 2436 4249 2533 4303; x_wconf 79' lang='grc' dir='ltr'>καὶ</span> <span class='ocrx_word' id='word_1_631' title='bbox 2576 4252 2693 4312; x_wconf 85' lang='grc' dir='ltr'>τοῖς</span> <span class='ocrx_word' id='word_1_632' title='bbox 2741 4247 2906 4311; x_wconf 89' lang='grc' dir='ltr'>θείοις</span> <span class='ocrx_word' id='word_1_633' title='bbox 2948 4246 3008 4312; x_wconf 82' lang='grc' dir='ltr'>ἐξ</span> <span class='ocrx_word' id='word_1_634' title='bbox 3037 4246 3270 4317; x_wconf 81' lang='grc' dir='ltr'>ούρανοῦ</span> <span class='ocrx_word' id='word_1_635' title='bbox 3316 4244 3656 4316; x_wconf 84' lang='grc' dir='ltr'>χαρίσμασιν</span> 
     </span>
    </p>
   </div>
   <div class='ocr_carea' id='block_1_89' title="bbox 2068 4330 3656 4411">
    <p class='ocr_par' dir='ltr' id='par_1_89' title="bbox 2068 4330 3656 4411">
     <span class='ocr_line' id='line_1_89' title="bbox 2068 4330 3656 4411; baseline -0.004 -19"><span class='ocrx_word' id='word_1_636' title='bbox 2068 4340 2231 4394; x_wconf 66' lang='grc' dir='ltr'><strong>οἱονεὶ⁴</strong></span> <span class='ocrx_word' id='word_1_637' title='bbox 2275 4339 2510 4411; x_wconf 66' lang='grc' dir='ltr'>βρύοντά</span> <span class='ocrx_word' id='word_1_638' title='bbox 2548 4354 2630 4402; x_wconf 88' lang='grc' dir='ltr'><strong>τε,</strong></span> <span class='ocrx_word' id='word_1_639' title='bbox 2661 4337 2756 4391; x_wconf 80' lang='grc' dir='ltr'>καὶ</span> <span class='ocrx_word' id='word_1_640' title='bbox 2787 4333 2846 4391; x_wconf 79' lang='grc' dir='ltr'><strong>εὖ</strong></span> <span class='ocrx_word' id='word_1_641' title='bbox 2879 4336 3021 4407; x_wconf 86' lang='grc' dir='ltr'>μάλα</span> <span class='ocrx_word' id='word_1_642' title='bbox 3059 4334 3519 4408; x_wconf 65' lang='grc' dir='ltr'>περιηνθισμένον</span> <span class='ocrx_word' id='word_1_643' title='bbox 3551 4330 3656 4400; x_wconf 75' lang='grc' dir='ltr'><strong>φέ-</strong></span> 
     </span>
    </p>
   </div>
   <div class='ocr_carea' id='block_1_90' title="bbox 2072 4421 3655 4502">
    <p class='ocr_par' dir='ltr' id='par_1_90' title="bbox 2072 4421 3655 4502">
     <span class='ocr_line' id='line_1_90' title="bbox 2072 4421 3655 4502; baseline -0.004 -19"><span class='ocrx_word' id='word_1_644' title='bbox 2072 4447 2227 4502; x_wconf 91' lang='grc' dir='ltr'>ρουσι</span> <span class='ocrx_word' id='word_1_645' title='bbox 2254 4431 2348 4485; x_wconf 83' lang='grc' dir='ltr'>τὸν</span> <span class='ocrx_word' id='word_1_646' title='bbox 2378 4429 2501 4485; x_wconf 82' lang='grc' dir='ltr'>νοῦν</span> <span class='ocrx_word' id='word_1_647' title='bbox 2531 4430 2625 4484; x_wconf 79' lang='grc' dir='ltr'>καὶ</span> <span class='ocrx_word' id='word_1_648' title='bbox 2654 4430 2774 4493; x_wconf 86' lang='grc' dir='ltr'>ταῖς</span> <span class='ocrx_word' id='word_1_649' title='bbox 2815 4427 2925 4482; x_wconf 83' lang='grc' dir='ltr'><strong>τῶν</strong></span> <span class='ocrx_word' id='word_1_650' title='bbox 2968 4428 3254 4497; x_wconf 81' lang='grc' dir='ltr'>δογμάτων</span> <span class='ocrx_word' id='word_1_651' title='bbox 3284 4424 3474 4488; x_wconf 83' lang='grc' dir='ltr'>άνθαις</span> <span class='ocrx_word' id='word_1_652' title='bbox 3517 4421 3655 4477; x_wconf 70' lang='grc' dir='ltr'>πνέ-</span> 
     </span>
    </p>
   </div>
   <div class='ocr_carea' id='block_1_91' title="bbox 2069 4516 3650 4593">
    <p class='ocr_par' dir='ltr' id='par_1_91' title="bbox 2069 4516 3650 4593">
     <span class='ocr_line' id='line_1_91' title="bbox 2069 4516 3650 4593; baseline -0.003 -18"><span class='ocrx_word' id='word_1_653' title='bbox 2069 4521 2200 4576; x_wconf 81' lang='grc' dir='ltr'>οντά</span> <span class='ocrx_word' id='word_1_654' title='bbox 2227 4538 2288 4575; x_wconf 85' lang='grc' dir='ltr'><strong>τε</strong></span> <span class='ocrx_word' id='word_1_655' title='bbox 2332 4522 2454 4593; x_wconf 82' lang='grc' dir='ltr'>ηδὺ,</span> <span class='ocrx_word' id='word_1_656' title='bbox 2494 4522 2588 4575; x_wconf 79' lang='grc' dir='ltr'>καὶ</span> <span class='ocrx_word' id='word_1_657' title='bbox 2620 4522 2910 4592; x_wconf 83' lang='grc' dir='ltr'>ἀρτιφανεϊ</span> <span class='ocrx_word' id='word_1_658' title='bbox 2935 4522 3001 4591; x_wconf 79' lang='grc' dir='ltr'>τῇ</span> <span class='ocrx_word' id='word_1_659' title='bbox 3034 4520 3142 4591; x_wconf 84' lang='grc' dir='ltr'><strong>πόᾳ</strong></span> <span class='ocrx_word' id='word_1_660' title='bbox 3187 4516 3650 4587; x_wconf 82' lang='grc' dir='ltr'>κατεστεμμένον.</span> 
     </span>
    </p>
   </div>
   <div class='ocr_carea' id='block_1_92' title="bbox 389 4605 1967 4690">
    <p class='ocr_par' dir='ltr' id='par_1_92' title="bbox 389 4610 1967 4690">
     <span class='ocr_line' id='line_1_92' title="bbox 389 4610 1967 4690; baseline 0.008 -26"><span class='ocrx_word' id='word_1_661' title='bbox 389 4610 547 4681; x_wconf 83' lang='lat' dir='ltr'><strong>genia</strong></span> <span class='ocrx_word' id='word_1_662' title='bbox 583 4610 856 4667; x_wconf 79' lang='lat' dir='ltr'><strong>imitantes</strong></span> <span class='ocrx_word' id='word_1_663' title='bbox 881 4613 1290 4679; x_wconf 76' lang='lat' dir='ltr'><strong>exhilarant,ut</strong></span> <span class='ocrx_word' id='word_1_664' title='bbox 1312 4618 1473 4672; x_wconf 90' lang='lat' dir='ltr'><strong>etiam</strong></span> <span class='ocrx_word' id='word_1_665' title='bbox 1500 4619 1567 4673; x_wconf 89' lang='lat' dir='ltr'><strong>ad</strong></span> <span class='ocrx_word' id='word_1_666' title='bbox 1630 4620 1967 4690; x_wconf 82' lang='lat' dir='ltr'><strong>prudentiam</strong></span> 
     </span>
    </p>
   </div>
   <div class='ocr_carea' id='block_1_93' title="bbox 2074 4605 3656 4690">
    <p class='ocr_par' dir='ltr' id='par_1_93' title="bbox 2077 4605 3656 4682">
     <span class='ocr_line' id='line_1_93' title="bbox 2077 4605 3656 4682; baseline -0.004 -15"><span class='ocrx_word' id='word_1_667' title='bbox 2077 4608 2235 4669; x_wconf 74' lang='grc' dir='ltr'>Οὗτοι</span> <span class='ocrx_word' id='word_1_668' title='bbox 2264 4613 2374 4667; x_wconf 87' lang='grc' dir='ltr'><strong>τῶν</strong></span> <span class='ocrx_word' id='word_1_669' title='bbox 2404 4611 2902 4682; x_wconf 84' lang='grc' dir='ltr'>ἀποκτηνωθέντων</span> <span class='ocrx_word' id='word_1_670' title='bbox 2928 4611 3017 4665; x_wconf 80' lang='grc' dir='ltr'>τὸν</span> <span class='ocrx_word' id='word_1_671' title='bbox 3052 4609 3177 4663; x_wconf 82' lang='grc' dir='ltr'>γοῦν</span> <span class='ocrx_word' id='word_1_672' title='bbox 3218 4605 3656 4678; x_wconf 80' lang='grc' dir='ltr'>κατευφραίνου-</span> 
     </span>
    </p>
   </div>
   <div class='ocr_carea' id='block_1_94' title="bbox 390 4702 1967 4782">
    <p class='ocr_par' dir='ltr' id='par_1_94' title="bbox 390 4702 1967 4782">
     <span class='ocr_line' id='line_1_94' title="bbox 390 4702 1967 4782; baseline 0.008 -26"><span class='ocrx_word' id='word_1_673' title='bbox 390 4702 610 4759; x_wconf 84' lang='lat' dir='ltr'><strong>homine</strong></span> <span class='ocrx_word' id='word_1_674' title='bbox 630 4704 849 4774; x_wconf 85' lang='lat' dir='ltr'><strong>dignam</strong></span> <span class='ocrx_word' id='word_1_675' title='bbox 871 4719 966 4762; x_wconf 86' lang='lat' dir='ltr'><strong>eos</strong></span> <span class='ocrx_word' id='word_1_676' title='bbox 1009 4706 1302 4764; x_wconf 87' lang='lat' dir='ltr'><strong>adducant.</strong></span> <span class='ocrx_word' id='word_1_677' title='bbox 1340 4709 1432 4765; x_wconf 80' lang='lat' dir='ltr'><strong>Ait</strong></span> <span class='ocrx_word' id='word_1_678' title='bbox 1454 4720 1658 4778; x_wconf 87' lang='lat' dir='ltr'><strong>autem,</strong></span> <span class='ocrx_word' id='word_1_679' title='bbox 1683 4720 1737 4765; x_wconf 91' lang='lat' dir='ltr'><strong>et</strong></span> <span class='ocrx_word' id='word_1_680' title='bbox 1762 4712 1967 4782; x_wconf 90' lang='lat' dir='ltr'><strong>lignum</strong></span> 
     </span>
    </p>
   </div>
   <div class='ocr_carea' id='block_1_95' title="bbox 394 4791 1969 4871">
    <p class='ocr_par' dir='ltr' id='par_1_95' title="bbox 394 4791 1969 4871">
     <span class='ocr_line' id='line_1_95' title="bbox 394 4791 1969 4871; baseline 0.008 -26"><span class='ocrx_word' id='word_1_681' title='bbox 394 4791 586 4849; x_wconf 80' lang='lat' dir='ltr'><strong>tulisse</strong></span> <span class='ocrx_word' id='word_1_682' title='bbox 616 4793 854 4850; x_wconf 80' lang='lat' dir='ltr'><strong>fructum</strong></span> <span class='ocrx_word' id='word_1_683' title='bbox 899 4810 1080 4855; x_wconf 89' lang='lat' dir='ltr'><strong>suum.</strong></span> <span class='ocrx_word' id='word_1_684' title='bbox 1116 4804 1171 4852; x_wconf 87' lang='lat' dir='ltr'><strong>et</strong></span> <span class='ocrx_word' id='word_1_685' title='bbox 1203 4796 1415 4853; x_wconf 86' lang='lat' dir='ltr'><strong>vineam</strong></span> <span class='ocrx_word' id='word_1_686' title='bbox 1450 4808 1614 4869; x_wconf 82' lang='lat' dir='ltr'><strong>atque</strong></span> <span class='ocrx_word' id='word_1_687' title='bbox 1657 4800 1818 4856; x_wconf 75' lang='lat' dir='ltr'><strong>ticum</strong></span> <span class='ocrx_word' id='word_1_688' title='bbox 1843 4818 1969 4871; x_wconf 84' lang='lat' dir='ltr'><strong>pro-</strong></span> 
     </span>
    </p>
   </div>
   <div class='ocr_carea' id='block_1_96' title="bbox 393 4884 1969 4963">
    <p class='ocr_par' dir='ltr' id='par_1_96' title="bbox 393 4884 1969 4963">
     <span class='ocr_line' id='line_1_96' title="bbox 393 4884 1969 4963; baseline 0.006 -26"><span class='ocrx_word' id='word_1_689' title='bbox 393 4884 571 4953; x_wconf 81' lang='lat' dir='ltr'><strong>priam</strong></span> <span class='ocrx_word' id='word_1_690' title='bbox 595 4885 811 4943; x_wconf 87' lang='lat' dir='ltr'><strong>dedisse</strong></span> <span class='ocrx_word' id='word_1_691' title='bbox 843 4889 1125 4956; x_wconf 88' lang='lat' dir='ltr'><strong>virtutem,</strong></span> <span class='ocrx_word' id='word_1_692' title='bbox 1158 4888 1371 4943; x_wconf 74' lang='lat' dir='ltr'><strong>firmum</strong></span> <span class='ocrx_word' id='word_1_693' title='bbox 1402 4904 1467 4944; x_wconf 88' lang='lat' dir='ltr'><strong>ac</strong></span> <span class='ocrx_word' id='word_1_694' title='bbox 1495 4891 1969 4963; x_wconf 88' lang='lat' dir='ltr'><strong>solidum,opinor,</strong></span> 
     </span>
    </p>
   </div>
   <div class='ocr_carea' id='block_1_97' title="bbox 393 4978 1969 5051">
    <p class='ocr_par' dir='ltr' id='par_1_97' title="bbox 393 4978 1969 5051">
     <span class='ocr_line' id='line_1_97' title="bbox 393 4978 1969 5051; baseline 0.007 -23"><span class='ocrx_word' id='word_1_695' title='bbox 393 4978 699 5032; x_wconf 84' lang='lat' dir='ltr'><strong>docentium</strong></span> <span class='ocrx_word' id='word_1_696' title='bbox 738 4996 1071 5047; x_wconf 83' lang='lat' dir='ltr'><strong>sermonem,</strong></span> <span class='ocrx_word' id='word_1_697' title='bbox 1105 4983 1189 5037; x_wconf 86' lang='lat' dir='ltr'><strong>cui</strong></span> <span class='ocrx_word' id='word_1_698' title='bbox 1221 4982 1383 5038; x_wconf 79' lang='lat' dir='ltr'><strong>mista</strong></span> <span class='ocrx_word' id='word_1_699' title='bbox 1412 4993 1496 5038; x_wconf 88' lang='lat' dir='ltr'><strong>est</strong></span> <span class='ocrx_word' id='word_1_700' title='bbox 1524 4983 1772 5051; x_wconf 84' lang='lat' dir='ltr'><strong>dulcedo,</strong></span> <span class='ocrx_word' id='word_1_701' title='bbox 1799 4995 1854 5040; x_wconf 93' lang='lat' dir='ltr'><strong>et</strong></span> <span class='ocrx_word' id='word_1_702' title='bbox 1880 4999 1969 5039; x_wconf 88' lang='lat' dir='ltr'><strong>ra—</strong></span> 
     </span>
    </p>
   </div>
   <div class='ocr_carea' id='block_1_98' title="bbox 394 5067 1967 5147">
    <p class='ocr_par' dir='ltr' id='par_1_98' title="bbox 394 5067 1967 5147">
     <span class='ocr_line' id='line_1_98' title="bbox 394 5067 1967 5147; baseline 0.008 -29"><span class='ocrx_word' id='word_1_703' title='bbox 394 5067 808 5136; x_wconf 81' lang='lat' dir='ltr'><strong>tiodelectandi,</strong></span> <span class='ocrx_word' id='word_1_704' title='bbox 838 5073 1104 5129; x_wconf 78' lang='lat' dir='ltr'><strong>fructibus</strong></span> <span class='ocrx_word' id='word_1_705' title='bbox 1156 5074 1240 5129; x_wconf 80' lang='lat' dir='ltr'><strong>[lci</strong></span> <span class='ocrx_word' id='word_1_706' title='bbox 1286 5083 1341 5130; x_wconf 91' lang='lat' dir='ltr'><strong>et</strong></span> <span class='ocrx_word' id='word_1_707' title='bbox 1396 5076 1569 5132; x_wconf 73' lang='lat' dir='ltr'><strong>vinea:</strong></span> <span class='ocrx_word' id='word_1_708' title='bbox 1622 5092 1967 5147; x_wconf 77' lang='lat' dir='ltr'><strong>comparans.</strong></span> 
     </span>
    </p>
   </div>
   <div class='ocr_carea' id='block_1_99' title="bbox 390 5156 1971 5233">
    <p class='ocr_par' dir='ltr' id='par_1_99' title="bbox 390 5156 1971 5233">
     <span class='ocr_line' id='line_1_99' title="bbox 390 5156 1971 5233; baseline 0.006 -21"><span class='ocrx_word' id='word_1_709' title='bbox 390 5156 718 5212; x_wconf 83' lang='lat' dir='ltr'><strong>Convenerit</strong></span> <span class='ocrx_word' id='word_1_710' title='bbox 748 5169 953 5225; x_wconf 86' lang='lat' dir='ltr'><strong>autem,</strong></span> <span class='ocrx_word' id='word_1_711' title='bbox 986 5177 1084 5217; x_wconf 90' lang='lat' dir='ltr'><strong>nec</strong></span> <span class='ocrx_word' id='word_1_712' title='bbox 1116 5164 1308 5233; x_wconf 86' lang='lat' dir='ltr'><strong>injuria</strong></span> <span class='ocrx_word' id='word_1_713' title='bbox 1364 5180 1515 5232; x_wconf 89' lang='lat' dir='ltr'><strong>sane,</strong></span> <span class='ocrx_word' id='word_1_714' title='bbox 1544 5166 1719 5221; x_wconf 87' lang='lat' dir='ltr'><strong>adhuc</strong></span> <span class='ocrx_word' id='word_1_715' title='bbox 1765 5166 1971 5221; x_wconf 69' lang='lat' dir='ltr'><strong>crassis</strong></span> 
     </span>
    </p>
   </div>
   <div class='ocr_carea' id='block_1_100' title="bbox 391 5246 1967 5322">
    <p class='ocr_par' dir='ltr' id='par_1_100' title="bbox 391 5246 1967 5322">
     <span class='ocr_line' id='line_1_100' title="bbox 391 5246 1967 5322; baseline 0.006 -19"><span class='ocrx_word' id='word_1_716' title='bbox 391 5256 446 5304; x_wconf 88' lang='lat' dir='ltr'><strong>et</strong></span> <span class='ocrx_word' id='word_1_717' title='bbox 476 5246 935 5317; x_wconf 85' lang='lat' dir='ltr'><strong>pecuduminstar</strong></span> <span class='ocrx_word' id='word_1_718' title='bbox 958 5253 1211 5322; x_wconf 85' lang='lat' dir='ltr'><strong>stupidis,</strong></span> <span class='ocrx_word' id='word_1_719' title='bbox 1266 5266 1321 5309; x_wconf 91' lang='lat' dir='ltr'><strong>et</strong></span> <span class='ocrx_word' id='word_1_720' title='bbox 1366 5256 1708 5313; x_wconf 90' lang='lat' dir='ltr'><strong>humiliorem</strong></span> <span class='ocrx_word' id='word_1_721' title='bbox 1762 5259 1967 5313; x_wconf 57' lang='lat' dir='ltr'><strong>doctri4</strong></span> 
     </span>
    </p>
   </div>
   <div class='ocr_carea' id='block_1_101' title="bbox 390 5337 1964 5413">
    <p class='ocr_par' dir='ltr' id='par_1_101' title="bbox 390 5337 1964 5413">
     <span class='ocr_line' id='line_1_101' title="bbox 390 5337 1964 5413; baseline 0.006 -19"><span class='ocrx_word' id='word_1_722' title='bbox 390 5337 731 5402; x_wconf 76' lang='lat' dir='ltr'><strong>nam,veluli</strong></span> <span class='ocrx_word' id='word_1_723' title='bbox 790 5340 1013 5396; x_wconf 86' lang='lat' dir='ltr'><strong>herbam</strong></span> <span class='ocrx_word' id='word_1_724' title='bbox 1064 5344 1116 5397; x_wconf 91' lang='lat' dir='ltr'><strong>in</strong></span> <span class='ocrx_word' id='word_1_725' title='bbox 1169 5360 1334 5413; x_wconf 88' lang='lat' dir='ltr'><strong>parva</strong></span> <span class='ocrx_word' id='word_1_726' title='bbox 1379 5348 1698 5405; x_wconf 90' lang='lat' dir='ltr'><strong>docentibus</strong></span> <span class='ocrx_word' id='word_1_727' title='bbox 1748 5361 1964 5404; x_wconf 87' lang='lat' dir='ltr'><strong>enatam</strong></span> 
     </span>
    </p>
   </div>
   <div class='ocr_carea' id='block_1_102' title="bbox 394 5431 1968 5514">
    <p class='ocr_par' dir='ltr' id='par_1_102' title="bbox 394 5431 1968 5514">
     <span class='ocr_line' id='line_1_102' title="bbox 394 5431 1968 5514; baseline 0.008 -28"><span class='ocrx_word' id='word_1_728' title='bbox 394 5431 683 5502; x_wconf 76' lang='lat' dir='ltr'><strong>impertiri,</strong></span> <span class='ocrx_word' id='word_1_729' title='bbox 715 5432 972 5503; x_wconf 74' lang='lat' dir='ltr'><strong>perlectis</strong></span> <span class='ocrx_word' id='word_1_730' title='bbox 1016 5449 1146 5491; x_wconf 88' lang='lat' dir='ltr'><strong>vero</strong></span> <span class='ocrx_word' id='word_1_731' title='bbox 1194 5439 1440 5497; x_wconf 85' lang='lat' dir='ltr'><strong>sublimis</strong></span> <span class='ocrx_word' id='word_1_732' title='bbox 1478 5443 1862 5514; x_wconf 55' lang='lat' dir='ltr'><strong>intelligentia,</strong></span> <span class='ocrx_word' id='word_1_733' title='bbox 1912 5453 1968 5499; x_wconf 88' lang='lat' dir='ltr'><strong>et</strong></span> 
     </span>
    </p>
   </div>
   <div class='ocr_carea' id='block_1_103' title="bbox 392 5525 1963 5601">
    <p class='ocr_par' dir='ltr' id='par_1_103' title="bbox 392 5525 1963 5601">
     <span class='ocr_line' id='line_1_103' title="bbox 392 5525 1963 5601; baseline 0.008 -24"><span class='ocrx_word' id='word_1_734' title='bbox 392 5533 648 5595; x_wconf 85' lang='lat' dir='ltr'><strong>tauquam</strong></span> <span class='ocrx_word' id='word_1_735' title='bbox 681 5540 714 5581; x_wconf 88' lang='lat' dir='ltr'><strong>e</strong></span> <span class='ocrx_word' id='word_1_736' title='bbox 754 5525 913 5596; x_wconf 87' lang='lat' dir='ltr'><strong>lignis</strong></span> <span class='ocrx_word' id='word_1_737' title='bbox 947 5527 1206 5594; x_wconf 87' lang='lat' dir='ltr'><strong>speciosis</strong></span> <span class='ocrx_word' id='word_1_738' title='bbox 1255 5528 1677 5588; x_wconf 81' lang='lat' dir='ltr'><strong>cﬂloresccntem</strong></span> <span class='ocrx_word' id='word_1_739' title='bbox 1706 5534 1963 5601; x_wconf 81' lang='lat' dir='ltr'><strong>fructum,</strong></span> 
     </span>
    </p>
   </div>
   <div class='ocr_carea' id='block_1_104' title="bbox 394 5618 1964 5690">
    <p class='ocr_par' dir='ltr' id='par_1_104' title="bbox 394 5618 1964 5690">
     <span class='ocr_line' id='line_1_104' title="bbox 394 5618 1964 5690; baseline 0.008 -20"><span class='ocrx_word' id='word_1_740' title='bbox 394 5630 587 5686; x_wconf 83' lang='lat' dir='ltr'><strong>nempe</strong></span> <span class='ocrx_word' id='word_1_741' title='bbox 614 5618 681 5673; x_wconf 85' lang='lat' dir='ltr'><strong>de</strong></span> <span class='ocrx_word' id='word_1_742' title='bbox 712 5626 902 5672; x_wconf 82' lang='lat' dir='ltr'><strong>sancta</strong></span> <span class='ocrx_word' id='word_1_743' title='bbox 936 5626 989 5674; x_wconf 84' lang='lat' dir='ltr'><strong>et</strong></span> <span class='ocrx_word' id='word_1_744' title='bbox 1020 5619 1469 5675; x_wconf 82' lang='lat' dir='ltr'><strong>consubstantiali</strong></span> <span class='ocrx_word' id='word_1_745' title='bbox 1510 5622 1793 5690; x_wconf 79' lang='lat' dir='ltr'><strong>Trinitate,</strong></span> <span class='ocrx_word' id='word_1_746' title='bbox 1852 5628 1964 5682; x_wconf 90' lang='lat' dir='ltr'><strong>sive</strong></span> 
     </span>
    </p>
   </div>
   <div class='ocr_carea' id='block_1_105' title="bbox 467 5788 1422 5860">
    <p class='ocr_par' dir='ltr' id='par_1_105' title="bbox 467 5788 1422 5860">
     <span class='ocr_line' id='line_1_105' title="bbox 467 5788 1422 5860; baseline 0.001 -12"><span class='ocrx_word' id='word_1_747' title='bbox 467 5788 511 5822; x_wconf 77' lang='lat'>&quot;</span> <span class='ocrx_word' id='word_1_748' title='bbox 548 5791 702 5848; x_wconf 81' lang='lat' dir='ltr'><strong>Cant.</strong></span> <span class='ocrx_word' id='word_1_749' title='bbox 739 5809 803 5860; x_wconf 82' lang='grc' dir='ltr'><strong>ιι,</strong></span> <span class='ocrx_word' id='word_1_750' title='bbox 838 5794 883 5848; x_wconf 92' lang='lat' dir='ltr'><strong>l.</strong></span> <span class='ocrx_word' id='word_1_751' title='bbox 966 5795 1006 5827; x_wconf 73' lang='grc'><strong>⁸³</strong></span> <span class='ocrx_word' id='word_1_752' title='bbox 1046 5795 1143 5851; x_wconf 80' lang='lat' dir='ltr'><strong>lsa.</strong></span> <span class='ocrx_word' id='word_1_753' title='bbox 1180 5811 1349 5860; x_wconf 75' lang='lat' dir='ltr'><strong>xxxv,</strong></span> <span class='ocrx_word' id='word_1_754' title='bbox 1374 5796 1422 5849; x_wconf 82' lang='grc'>1.</span> 
     </span>
    </p>
   </div>
   <div class='ocr_carea' id='block_1_106' title="bbox 2072 4696 3649 4770">
    <p class='ocr_par' dir='ltr' id='par_1_106' title="bbox 2072 4696 3649 4770">
     <span class='ocr_line' id='line_1_106' title="bbox 2072 4696 3649 4770; baseline -0.004 -12"><span class='ocrx_word' id='word_1_755' title='bbox 2072 4722 2177 4769; x_wconf 87' lang='grc' dir='ltr'>σιν,</span> <span class='ocrx_word' id='word_1_756' title='bbox 2213 4704 2301 4758; x_wconf 80' lang='grc' dir='ltr'>ἵνα</span> <span class='ocrx_word' id='word_1_757' title='bbox 2346 4704 2441 4757; x_wconf 79' lang='grc' dir='ltr'>καὶ</span> <span class='ocrx_word' id='word_1_758' title='bbox 2487 4704 2568 4766; x_wconf 83' lang='grc' dir='ltr'><strong>είς</strong></span> <span class='ocrx_word' id='word_1_759' title='bbox 2611 4702 2826 4755; x_wconf 86' lang='grc' dir='ltr'>σύνεσιν</span> <span class='ocrx_word' id='word_1_760' title='bbox 2877 4701 3153 4770; x_wconf 82' lang='grc' dir='ltr'>ἀνάγωσιν</span> <span class='ocrx_word' id='word_1_761' title='bbox 3184 4696 3649 4770; x_wconf 85' lang='grc' dir='ltr'>ἁνθρωποπρεπῆ.</span> 
     </span>
    </p>
   </div>
   <div class='ocr_carea' id='block_1_107' title="bbox 2074 4787 3651 4867">
    <p class='ocr_par' dir='ltr' id='par_1_107' title="bbox 2074 4787 3651 4867">
     <span class='ocr_line' id='line_1_107' title="bbox 2074 4787 3651 4867; baseline -0.006 -18"><span class='ocrx_word' id='word_1_762' title='bbox 2074 4797 2216 4867; x_wconf 82' lang='grc' dir='ltr'>Ἔφη</span> <span class='ocrx_word' id='word_1_763' title='bbox 2246 4796 2305 4849; x_wconf 86' lang='grc' dir='ltr'>δὲ</span> <span class='ocrx_word' id='word_1_764' title='bbox 2332 4796 2416 4849; x_wconf 83' lang='grc' dir='ltr'>ὅτι</span> <span class='ocrx_word' id='word_1_765' title='bbox 2458 4795 2553 4849; x_wconf 79' lang='grc' dir='ltr'>καὶ</span> <span class='ocrx_word' id='word_1_766' title='bbox 2596 4793 2752 4859; x_wconf 81' lang='grc' dir='ltr'>ξύλον</span> <span class='ocrx_word' id='word_1_767' title='bbox 2792 4793 3053 4863; x_wconf 79' lang='grc' dir='ltr'>ἐξήνεγκε</span> <span class='ocrx_word' id='word_1_768' title='bbox 3096 4791 3187 4853; x_wconf 78' lang='grc' dir='ltr'>τὸν</span> <span class='ocrx_word' id='word_1_769' title='bbox 3217 4790 3431 4861; x_wconf 81' lang='grc' dir='ltr'>καρπὸν</span> <span class='ocrx_word' id='word_1_770' title='bbox 3460 4787 3651 4852; x_wconf 77' lang='grc' dir='ltr'>αὑτοῦ,</span> 
     </span>
    </p>
   </div>
   <div class='ocr_carea' id='block_1_108' title="bbox 2069 4882 3650 4959">
    <p class='ocr_par' dir='ltr' id='par_1_108' title="bbox 2069 4882 3650 4959">
     <span class='ocr_line' id='line_1_108' title="bbox 2069 4882 3650 4959; baseline -0.006 -17"><span class='ocrx_word' id='word_1_771' title='bbox 2069 4888 2315 4959; x_wconf 70' lang='grc' dir='ltr'>ἄμπελός</span> <span class='ocrx_word' id='word_1_772' title='bbox 2344 4904 2426 4953; x_wconf 82' lang='grc' dir='ltr'><strong>τε,</strong></span> <span class='ocrx_word' id='word_1_773' title='bbox 2471 4888 2565 4941; x_wconf 77' lang='grc' dir='ltr'>καὶ</span> <span class='ocrx_word' id='word_1_774' title='bbox 2608 4886 2748 4957; x_wconf 88' lang='grc' dir='ltr'>συκῆ</span> <span class='ocrx_word' id='word_1_775' title='bbox 2778 4887 2877 4957; x_wconf 81' lang='grc' dir='ltr'>τὴν</span> <span class='ocrx_word' id='word_1_776' title='bbox 2912 4886 3048 4940; x_wconf 79' lang='grc' dir='ltr'>ἰδίαν</span> <span class='ocrx_word' id='word_1_777' title='bbox 3089 4884 3353 4938; x_wconf 73' lang='grc' dir='ltr'>ἐκδέδωκε</span> <span class='ocrx_word' id='word_1_778' title='bbox 3394 4882 3650 4951; x_wconf 87' lang='grc' dir='ltr'>δύναμιν,</span> 
     </span>
    </p>
   </div>
   <div class='ocr_carea' id='block_1_109' title="bbox 2066 4968 3652 5055">
    <p class='ocr_par' dir='ltr' id='par_1_109' title="bbox 2066 4968 3652 5055">
     <span class='ocr_line' id='line_1_109' title="bbox 2066 4968 3652 5055; baseline -0.008 -18"><span class='ocrx_word' id='word_1_779' title='bbox 2066 4984 2159 5038; x_wconf 88' lang='grc' dir='ltr'>τὸν</span> <span class='ocrx_word' id='word_1_780' title='bbox 2184 4984 2427 5055; x_wconf 78' lang='grc' dir='ltr'>στερεὸν,</span> <span class='ocrx_word' id='word_1_781' title='bbox 2455 4979 2631 5053; x_wconf 80' lang='grc' dir='ltr'>οἶμαι,</span> <span class='ocrx_word' id='word_1_782' title='bbox 2659 4981 2771 5037; x_wconf 79' lang='grc' dir='ltr'>τῶν</span> <span class='ocrx_word' id='word_1_783' title='bbox 2804 4980 3159 5035; x_wconf 79' lang='grc' dir='ltr'>διδασκόντων</span> <span class='ocrx_word' id='word_1_784' title='bbox 3216 4977 3395 5046; x_wconf 84' lang='grc' dir='ltr'>λόγον,</span> <span class='ocrx_word' id='word_1_785' title='bbox 3438 4968 3483 5042; x_wconf 83' lang='grc' dir='ltr'>ᾦ</span> <span class='ocrx_word' id='word_1_786' title='bbox 3517 4974 3652 5044; x_wconf 81' lang='grc' dir='ltr'>μέτ-</span> 
     </span>
    </p>
   </div>
   <div class='ocr_carea' id='block_1_110' title="bbox 2075 5065 3652 5149">
    <p class='ocr_par' dir='ltr' id='par_1_110' title="bbox 2075 5065 3652 5149">
     <span class='ocr_line' id='line_1_110' title="bbox 2075 5065 3652 5149; baseline -0.009 -18"><span class='ocrx_word' id='word_1_787' title='bbox 2075 5095 2196 5132; x_wconf 76' lang='grc' dir='ltr'>εστι</span> <span class='ocrx_word' id='word_1_788' title='bbox 2250 5077 2351 5149; x_wconf 90' lang='grc' dir='ltr'><strong>μέν</strong></span> <span class='ocrx_word' id='word_1_789' title='bbox 2380 5076 2444 5130; x_wconf 84' lang='grc' dir='ltr'>τὸ</span> <span class='ocrx_word' id='word_1_790' title='bbox 2488 5076 2685 5147; x_wconf 80' lang='grc' dir='ltr'>γλυκὺ,</span> <span class='ocrx_word' id='word_1_791' title='bbox 2730 5074 2951 5142; x_wconf 81' lang='grc' dir='ltr'>μέτεστι</span> <span class='ocrx_word' id='word_1_792' title='bbox 2997 5072 3055 5126; x_wconf 86' lang='grc' dir='ltr'><strong>δέ</strong></span> <span class='ocrx_word' id='word_1_793' title='bbox 3086 5073 3224 5144; x_wconf 84' lang='grc' dir='ltr'>πρὸς</span> <span class='ocrx_word' id='word_1_794' title='bbox 3268 5071 3442 5138; x_wconf 86' lang='grc' dir='ltr'>τούτῳ</span> <span class='ocrx_word' id='word_1_795' title='bbox 3473 5067 3568 5120; x_wconf 73' lang='grc' dir='ltr'>καὶ</span> <span class='ocrx_word' id='word_1_796' title='bbox 3589 5065 3652 5119; x_wconf 80' lang='grc' dir='ltr'><strong>τὸ</strong></span> 
     </span>
    </p>
   </div>
   <div class='ocr_carea' id='block_1_111' title="bbox 2073 5158 3651 5241">
    <p class='ocr_par' dir='ltr' id='par_1_111' title="bbox 2073 5158 3651 5241">
     <span class='ocr_line' id='line_1_111' title="bbox 2073 5158 3651 5241; baseline -0.01 -16"><span class='ocrx_word' id='word_1_797' title='bbox 2073 5170 2490 5241; x_wconf 81' lang='grc' dir='ltr'>κατευφραίνειν</span> <span class='ocrx_word' id='word_1_798' title='bbox 2542 5170 2702 5237; x_wconf 78' lang='grc' dir='ltr'>ειδὸς,</span> <span class='ocrx_word' id='word_1_799' title='bbox 2750 5169 2849 5239; x_wconf 88' lang='grc' dir='ltr'><strong>τῆς</strong></span> <span class='ocrx_word' id='word_1_800' title='bbox 2887 5167 2995 5221; x_wconf 83' lang='grc' dir='ltr'><strong>ἀπὸ</strong></span> <span class='ocrx_word' id='word_1_801' title='bbox 3039 5166 3229 5236; x_wconf 84' lang='grc' dir='ltr'>συκῆς,</span> <span class='ocrx_word' id='word_1_802' title='bbox 3265 5162 3360 5217; x_wconf 78' lang='grc' dir='ltr'>καὶ</span> <span class='ocrx_word' id='word_1_803' title='bbox 3404 5158 3651 5230; x_wconf 79' lang='grc' dir='ltr'>ἀμπέλου</span> 
     </span>
    </p>
   </div>
   <div class='ocr_carea' id='block_1_112' title="bbox 2072 5248 3652 5335">
    <p class='ocr_par' dir='ltr' id='par_1_112' title="bbox 2072 5248 3652 5335">
     <span class='ocr_line' id='line_1_112' title="bbox 2072 5248 3652 5335; baseline -0.011 -16"><span class='ocrx_word' id='word_1_804' title='bbox 2072 5268 2308 5332; x_wconf 79' lang='grc' dir='ltr'>καρποῖς</span> <span class='ocrx_word' id='word_1_805' title='bbox 2351 5262 2723 5335; x_wconf 81' lang='grc' dir='ltr'>παρεικάζων.</span> <span class='ocrx_word' id='word_1_806' title='bbox 2789 5259 3074 5330; x_wconf 78' lang='grc' dir='ltr'>’Δρμόσειε</span> <span class='ocrx_word' id='word_1_807' title='bbox 3127 5257 3174 5309; x_wconf 80' lang='grc' dir='ltr'>δ’</span> <span class='ocrx_word' id='word_1_808' title='bbox 3226 5256 3315 5318; x_wconf 84' lang='grc' dir='ltr'>ἂν,</span> <span class='ocrx_word' id='word_1_809' title='bbox 3364 5252 3459 5307; x_wconf 79' lang='grc' dir='ltr'>καὶ</span> <span class='ocrx_word' id='word_1_810' title='bbox 3506 5248 3652 5320; x_wconf 81' lang='grc' dir='ltr'>μάλα</span> 
     </span>
    </p>
   </div>
   <div class='ocr_carea' id='block_1_113' title="bbox 2073 5342 3651 5425">
    <p class='ocr_par' dir='ltr' id='par_1_113' title="bbox 2073 5342 3651 5425">
     <span class='ocr_line' id='line_1_113' title="bbox 2073 5342 3651 5425; baseline -0.01 -16"><span class='ocrx_word' id='word_1_811' title='bbox 2073 5355 2320 5419; x_wconf 78' lang='grc' dir='ltr'>εἰκότως,</span> <span class='ocrx_word' id='word_1_812' title='bbox 2356 5356 2471 5418; x_wconf 83' lang='grc' dir='ltr'>τοῖς</span> <span class='ocrx_word' id='word_1_813' title='bbox 2502 5354 2601 5425; x_wconf 84' lang='grc' dir='ltr'>μὲν</span> <span class='ocrx_word' id='word_1_814' title='bbox 2631 5352 2711 5406; x_wconf 79' lang='grc' dir='ltr'><strong>ἐτι</strong></span> <span class='ocrx_word' id='word_1_815' title='bbox 2746 5349 3070 5419; x_wconf 81' lang='grc' dir='ltr'>παχυτέροις</span> <span class='ocrx_word' id='word_1_816' title='bbox 3098 5347 3189 5400; x_wconf 79' lang='grc' dir='ltr'>τὸν</span> <span class='ocrx_word' id='word_1_817' title='bbox 3228 5345 3375 5407; x_wconf 74' lang='grc' dir='ltr'>νοῦν,</span> <span class='ocrx_word' id='word_1_818' title='bbox 3410 5342 3505 5397; x_wconf 51' lang='grc' dir='ltr'><strong>καὶ⁵</strong></span> <span class='ocrx_word' id='word_1_819' title='bbox 3545 5358 3651 5395; x_wconf 83' lang='grc' dir='ltr'>νω-</span> 
     </span>
    </p>
   </div>
   <div class='ocr_carea' id='block_1_114' title="bbox 2072 5433 3651 5519">
    <p class='ocr_par' dir='ltr' id='par_1_114' title="bbox 2072 5433 3651 5519">
     <span class='ocr_line' id='line_1_114' title="bbox 2072 5433 3651 5519; baseline -0.011 -17"><span class='ocrx_word' id='word_1_820' title='bbox 2072 5448 2221 5502; x_wconf 88' lang='grc' dir='ltr'>θείαν</span> <span class='ocrx_word' id='word_1_821' title='bbox 2251 5447 2431 5519; x_wconf 77' lang='grc' dir='ltr'>ἔχουσι</span> <span class='ocrx_word' id='word_1_822' title='bbox 2460 5446 2557 5518; x_wconf 86' lang='grc' dir='ltr'>τὴν</span> <span class='ocrx_word' id='word_1_823' title='bbox 2586 5442 2937 5518; x_wconf 86' lang='grc' dir='ltr'>κτηνοπρεπῆ</span> <span class='ocrx_word' id='word_1_824' title='bbox 2972 5438 3378 5509; x_wconf 84' lang='grc' dir='ltr'>κατανέμεσθαι</span> <span class='ocrx_word' id='word_1_825' title='bbox 3404 5435 3497 5489; x_wconf 79' lang='grc' dir='ltr'>καὶ</span> <span class='ocrx_word' id='word_1_826' title='bbox 3520 5433 3651 5503; x_wconf 82' lang='grc' dir='ltr'>χθα-</span> 
     </span>
    </p>
   </div>
   <div class='ocr_carea' id='block_1_115' title="bbox 2074 5524 3650 5608">
    <p class='ocr_par' dir='ltr' id='par_1_115' title="bbox 2074 5524 3650 5608">
     <span class='ocr_line' id='line_1_115' title="bbox 2074 5524 3650 5608; baseline -0.011 -17"><span class='ocrx_word' id='word_1_827' title='bbox 2074 5536 2393 5608; x_wconf 85' lang='grc' dir='ltr'>μαλωτὲραν</span> <span class='ocrx_word' id='word_1_828' title='bbox 2434 5536 2691 5607; x_wconf 75' lang='grc' dir='ltr'>μάθησιν,</span> <span class='ocrx_word' id='word_1_829' title='bbox 2738 5532 2837 5603; x_wconf 85' lang='grc' dir='ltr'>τὴν</span> <span class='ocrx_word' id='word_1_830' title='bbox 2881 5531 2955 5593; x_wconf 85' lang='grc' dir='ltr'>ὼς</span> <span class='ocrx_word' id='word_1_831' title='bbox 3000 5531 3060 5583; x_wconf 91' lang='grc' dir='ltr'><strong>ἐν</strong></span> <span class='ocrx_word' id='word_1_832' title='bbox 3103 5528 3234 5582; x_wconf 81' lang='grc' dir='ltr'>εῖδει</span> <span class='ocrx_word' id='word_1_833' title='bbox 3277 5526 3373 5579; x_wconf 78' lang='grc' dir='ltr'>καὶ</span> <span class='ocrx_word' id='word_1_834' title='bbox 3422 5524 3650 5593; x_wconf 84' lang='grc' dir='ltr'>δυνάμει</span> 
     </span>
    </p>
   </div>
   <div class='ocr_carea' id='block_1_116' title="bbox 2070 5610 3648 5697">
    <p class='ocr_par' dir='ltr' id='par_1_116' title="bbox 2070 5610 3648 5697">
     <span class='ocr_line' id='line_1_116' title="bbox 2070 5610 3648 5697; baseline -0.01 -16"><span class='ocrx_word' id='word_1_835' title='bbox 2070 5628 2209 5692; x_wconf 87' lang='grc' dir='ltr'>πόας</span> <span class='ocrx_word' id='word_1_836' title='bbox 2237 5628 2295 5682; x_wconf 83' lang='grc' dir='ltr'><strong>ἐν</strong></span> <span class='ocrx_word' id='word_1_837' title='bbox 2322 5630 2434 5693; x_wconf 86' lang='grc' dir='ltr'>τοῖς</span> <span class='ocrx_word' id='word_1_838' title='bbox 2461 5628 2529 5681; x_wconf 85' lang='grc' dir='ltr'>τὰ</span> <span class='ocrx_word' id='word_1_839' title='bbox 2570 5625 2741 5697; x_wconf 76' lang='grc' dir='ltr'>μικρὰ</span> <span class='ocrx_word' id='word_1_840' title='bbox 2768 5622 3076 5678; x_wconf 79' lang='grc' dir='ltr'>διδάσκουσι</span> <span class='ocrx_word' id='word_1_841' title='bbox 3108 5618 3403 5690; x_wconf 78' lang='grc' dir='ltr'>φυομένην,</span> <span class='ocrx_word' id='word_1_842' title='bbox 3432 5616 3548 5677; x_wconf 83' lang='grc' dir='ltr'>τοῖς</span> <span class='ocrx_word' id='word_1_843' title='bbox 3589 5610 3648 5665; x_wconf 77' lang='grc' dir='ltr'><strong>δέ</strong></span> 
     </span>
    </p>
   </div>
  </div>
