3950 6200
287 386 399 440 573

1184 387 1738 447 COMMENTARIUS
1779 388 1844 445 iN
1886 388 2156 445 JOELEM
2200 391 2642 450 PROPIIETAM.

3462 398 3561 452 ὅῖό

286 500 519 565 τελείοις
562 500 664 573 ἠδη
695 502 787 557 τὸν
814 504 948 575 ὑψοῦ
984 524 1041 559 τε
1077 509 1387 580 νοούμενον,
1428 511 1523 565 καὶ
1551 504 1661 564 οἷον
1706 510 1878 578 ξύλοις

1987 512 2051 567 de
2072 513 2357 582 disciplina
2417 514 2625 581 morali,
2665 529 2824 585 quam
2869 517 3019 584 quasi
3069 515 3122 569 in
3176 514 3283 570 alto
3335 513 3564 583 positam

285 595 515 666 ὡραίοις
558 596 907 669 ὲπηνθηκότα
952 602 1165 672 καρπὸν
1194 644 1208 666 ,
1260 602 1352 656 τὸν
1397 605 1525 674 περὶ
1573 603 1672 673 τῆς
1719 603 1879 672 ἁγίας

290 687 389 739 καὶ
420 688 711 758 όμοουσίου
757 690 1007 763 Τριάδος,
1054 694 1223 763 ἧγουν
1268 694 1608 759 παιδεύσεως
1659 696 1876 765 ἠθικῆς,

286 777 394 847 τῆς
421 776 501 842 ὡς
531 780 593 831 ὲν
624 778 748 849 ὕψει
791 781 1193 855 θεωρουμένης.
1222 782 1511 854 Τοιγάρτοι
1560 786 1730 855 κτήνη
1781 784 1879 854 μὲν

288 868 535 935 ἐκείνους
560 872 842 942 ὀνομάζει,
873 872 1011 927 Σιὼν
1038 875 1094 928 δὲ
1122 875 1222 947 ἤδη
1253 876 1417 930 τέκνα
1456 877 1582 941 τούς
1616 877 1880 930 τελειοτέ-

291 976 445 1029 ρους,
480 957 562 1025 οἷς
606 962 699 1015 καὶ
746 964 1137 1032 ἐπιγάννυσθαι
1181 967 1393 1020 κελεύει
1427 968 1617 1039 Κυρίῳ
1650 968 1729 1039 τῷ
1760 968 1879 1039 Θεῷ

284 1051 473 1121 ἡμῶν.
519 1052 584 1105 Ἥ
635 1054 784 1107 πᾶσα
832 1055 942 1126 γὰρ
990 1055 1227 1127 θυμηδία
1272 1057 1430 1127 ἡμῶν
1460 1058 1715 1129 Χριστὸς,
1748 1059 1878 1128 παρ’

281 1136 347 1196 οὗ
387 1143 486 1197 καὶ
524 1143 592 1196 δι’
619 1138 681 1199 οὗ
730 1148 881 1199 πᾶσα
910 1147 1191 1218 πλήρωσις
1221 1148 1462 1215 ἀγαθῶν,
1495 1149 1588 1201 καὶ⁹
1627 1148 1736 1201 τῶν
1786 1150 1877 1201 οὐ-

283 1232 495 1302 ρανίων
528 1236 884 1305 χαρισμάτων
927 1238 1162 1307 χορηγία
1204 1240 1317 1301 τοῖς
1364 1239 1653 1307 ἀγαπῶσιν
1692 1240 1874 1306 αὐτὸν,

279 1321 359 1385 ὡς
386 1324 447 1375 ὲν
481 1326 753 1394 πρωΐμοις
780 1343 861 1389 τε,
893 1328 986 1379 καὶ
1023 1327 1239 1397 ὀψίμοις
1270 1330 1449 1392 ὑετοῖς
1475 1329 1763 1402 νοουμένη,
1784 1330 1879 1383 καίΙ

277 1412 355 1477 ὡς
394 1416 453 1467 ἐν
488 1415 621 1486 σίτῳ
649 1417 784 1486 ἆλῳ,
814 1418 911 1471 καὶ
953 1420 1080 1491 οίνῳ
1126 1419 1305 1490 ληνοῖς
1338 1408 1748 1493 ὑπερχεομένῳ,
1786 1424 1877 1476 καὶ

277 1506 453 1577 ἐλαίῳ
503 1508 916 1581 ὐπερὸλύζοντι.
984 1512 1178 1566 ’ἰστέον
1226 1514 1305 1580 δὲ,
1361 1516 1441 1568 ὅτι
1487 1516 1755 1569 καὶκατὰ
1786 1517 1877 1569 τὸν

277 1598 490 1667 τρόπον
517 1602 615 1671 τῆς
664 1602 935 1673 μυστικῆς
966 1604 1302 1675 πληρώσεως
1339 1606 1545 1679 ἀληθὴς
1580 1609 1612 1678 ἠ
1643 1608 1877 1679 ὑπόσχεο

282 1703 397 1749 σις.
429 1688 647 1744 Δέδοται
680 1692 789 1764 γὰρ
815 1696 950 1765 ἡμῖν
994 1695 1071 1759 ὼς
1118 1696 1175 1750 ὲν
1219 1697 1360 1765 ὐετῷ
1400 1698 1461 1749 τὸ
1491 1697 1633 1764 ὕδωρ
1677 1698 1739 1750 τὸ
1767 1699 1877 1763 ζῶν

278 1778 380 1832 τοῦ
435 1781 594 1849 ἁγίου
647 1782 1042 1856 βαπτίσματος,
1074 1786 1151 1851 ὡς
1178 1786 1223 1841 δ’
1255 1789 1313 1841 ὲν
1358 1789 1488 1857 σίτῳ
1521 1789 1549 1841 ὁ
1587 1790 1750 1860 ἄρτος
1776 1790 1877 1859 τῆς

1982 605 2433 672 contemplamur.
2460 606 2692 663 Proinde
2716 607 2836 660 illos
2861 606 3104 673 jumenta
3139 607 3405 676 appellat;
3440 606 3565 660 Sio-

1982 693 2065 748 nis
2085 703 2263 749 autem
2290 695 2400 764 jam
2452 697 2611 764 ﬁlios,
2643 698 3016 768 perfectiores,
3051 714 3187 767 quos
3221 708 3275 751 et
3328 700 3565 766 gaudere

1973 785 2125 854 jubet
2147 788 2198 841 in
2222 774 2449 844 Domino
2483 791 2588 845 Deo
2611 801 2815 848 nostro.
2852 791 3024 848 Omne
3049 790 3194 845 enim
3225 791 3389 844 animi
3417 791 3565 843 oble-

1980 887 2305 935 ctamentum
2337 882 2587 938 Christus
2613 892 2717 947 est,
2751 899 2779 937 a
2803 899 2908 953 quo
2947 894 3001 938 et
3028 898 3123 952 per
3149 897 3309 953 quem
3338 890 3422 936 est
3442 897 3561 935 om-

1982 970 2065 1023 nis
2093 972 2353 1027 bonorum
2384 973 2676 1042 plenitudo,
2728 983 2782 1029 et
2833 975 3223 1029 charismatum
3261 973 3560 1027 ccelestium

1980 1063 2200 1117 donatio
2231 1063 2578 1133 diligentibus
2604 1081 2752 1131 eum,
2786 1066 2937 1135 quasi
2979 1067 3028 1117 in
3079 1064 3440 1133 temporaneis
3509 1072 3563 1118 et

1980 1155 2233 1211 serotinis
2257 1155 2524 1211 imbribus
2559 1156 2852 1222 intellecta,
2883 1165 2936 1210 et
2959 1156 3115 1226 quasi
3171 1156 3224 1209 in
3273 1154 3550 1208 frumento

1980 1262 2086 1317 quo
2113 1261 2258 1310 area,
2289 1256 2341 1301 ct
2372 1248 2424 1302 in
2463 1249 2589 1303 vino
2620 1264 2726 1318 quo
2751 1247 3038 1302 toreularia
3080 1246 3467 1310 redundarunt,
3506 1257 3564 1299 et

1979 1339 2032 1392 in
2093 1343 2426 1395 exuberante
2473 1341 2613 1395 oleo.
2654 1340 2943 1395 Sciendum
2983 1345 3243 1408 prmterea
3279 1339 3441 1392 etiam
3472 1353 3560 1391 sc-

1979 1433 2208 1486 cundum
2259 1434 2548 1503 mysticum
2597 1442 2854 1487 eventum
2909 1431 3325 1501 promissionem
3377 1445 3559 1482 veram

1978 1537 2119 1578 esse.
2148 1523 2279 1577 Data
2311 1535 2394 1578 est
2421 1524 2575 1579 nobis
2600 1539 2695 1580 ceu
2730 1525 2781 1578 in
2815 1524 2992 1592 pluvia
3022 1538 3160 1591 aqua
3189 1524 3376 1575 vivens
3417 1522 3560 1575 sacri

1978 1615 2340 1684 baptismatis,
2370 1625 2423 1670 et
2459 1625 2713 1689 tanquam
2757 1617 2808 1669 in
2860 1615 3131 1669 frumento
3170 1612 3324 1682 panis
3383 1612 3557 1675 vivus,

1978 1716 2033 1759 et
2087 1715 2343 1774 tanquam
2382 1707 2433 1761 in
2486 1707 2611 1760 vino
2656 1706 2895 1776 sanguis.
2946 1704 3188 1760 Accessit
3244 1705 3372 1757 item
3434 1716 3562 1756 usus

1979 1798 2226 1869 olei,.qui
2284 1813 2379 1867 per
2404 1814 2618 1852 sacrum
2655 1798 2922 1867 baptisma
2969 1798 3021 1851 in
3051 1797 3271 1852 Christo
3299 1794 3562 1866 iustiﬁca-

277 1870 435 1941 ζωῆς
464 1873 560 1927 καὶ
585 1874 660 1937 ὡς
682 1877 739 1928 ἐν
772 1877 899 1946 οἴνῳ
923 1878 985 1930 τὸ
1008 1871 1169 1949 αἷμα.
1202 1880 1675 1951 Προεπενήνεκται
1701 1881 1758 1934 δὲ
1784 1882 1876 1934 καὶ

1984 1891 2051 1945 tis
2076 1889 2140 1944 ad
2169 1890 2692 1945 consummationem
2730 1890 3022 1945 conferret.

276 1968 308 2035 ἡ
338 1967 441 2021 τοῦ
475 1968 661 2022 ἐλαίου
702 1971 879 2040 χρεία,
914 1970 1246 2026 συντελοῢσα
1284 1974 1422 2045 πρὸς
1448 1974 1727 2028 τελείωσιν
1766 1978 1876 2040 τοῖς

274 2058 694 2130 δικαιουμένοις
722 2062 782 2115 ὲν
807 2062 1029 2134 Χριστῷ
1057 2064 1145 2119 διὰ
1162 2064 1259 2119 τοῦ
1286 2065 1444 2133 ἁγίου
1474 2064 1872 2136 βαπτίσματος.

350 2150 471 2205 Καὶ
501 2151 905 2208 ἀνταποδώσω
927 2155 1071 2225 ὑμῖν
1101 2156 1236 2210 ἀντὶ
1277 2155 1396 2209 τῶν
1425 2157 1577 2211 ἐτῶν
1612 2152 1700 2212 ὧν
1735 2176 1873 2213 κατ-

272 2241 513 2311 έφαγεν
540 2243 577 2311 ἠ
612 2244 803 2313 ἀκρίς,
844 2247 944 2300 καὶ
980 2250 1013 2302 ὁ
1051 2248 1348 2319 βροῦχος,
1399 2248 1498 2303 καὶ
1557 2252 1596 2319 ἡ
1644 2251 1875 2321 κάμπη,

275 2334 383 2388 καὶ
450 2335 492 2403 ἠ
557 2335 828 2407 ἐρυσίὸη,
874 2341 914 2409 ή
946 2340 1201 2409 δύναμίς
1230 2358 1351 2410 μου
1401 2342 1440 2411 ἡ
1482 2343 1739 2413 μεγάλη,
1798 2344 1879 2412 ἣν

273 2425 690 2489 ἐξαπέστειλα
731 2431 818 2496 είς
859 2428 1035 2500 ὑμᾶς,
1071 2432 1171 2484 καὶ
1209 2432 1475 2501 φάγεσθε
1498 2434 1748 2503 βρώσει,
1778 2437 1877 2490 καί

274 2517 821 2586 ἑμπλησθήσεσθε,
873 2522 973 2576 καὶ
1017 2524 1289 2577 αὶνέσετε
1323 2524 1392 2578 τὸ
1428 2524 1616 2595 ὄνομα
1656 2529 1877 2595 Κυρίου

274 2609 392 2664 τιπῦ
451 2609 605 2664 Θεοῦ
643 2611 831 2681 ὑμῶν,
886 2613 954 2682 ὃς
1009 2614 1301 2683 ἐποίησεν
1340 2617 1469 2685 μεθ’
1517 2616 1686 2687 ὑμῶν
1736 2622 1875 2674 θαυ-

271 2698 499 2769 μάσια.

347 2791 480 2846 AI".
525 2792 690 2846 Ὅσον
723 2794 820 2864 μὲν
855 2796 983 2864 ἥκει
1025 2798 1106 2861 εἰς
1148 2797 1240 2851 τὸν
1282 2799 1384 2870 τῆς
1427 2801 1670 2871 ἱστορίας
1698 2800 1874 2869 λόγον,

274 2884 406 2946 ταῖς
427 2882 834 2956 προλαϐοὐσαις
854 2886 952 2957 τῆς
976 2887 1194 2959 ἀκρίδος
1213 2889 1463 2954 ἐκϐολαῖς
1496 2890 1594 2962 τὴν
1632 2890 1877 2963 ίσοσθενῆ

276 2974 376 3027 καὶ
427 2974 793 3046 ίσομεροῦσαν
843 2976 1078 3032 είσάπαν
1142 2980 1487 3051 ὑπισχνεῖται
1544 2981 1876 3053 φιλοτιμίαν,

275 3066 379 3119 καὶ
421 3066 525 3137 τῆς
550 3066 650 3138 ἥδη
684 3068 971 3140 συμϐάσης
999 3070 1208 3135 ἐνδείας
1234 3074 1418 3137 αὐτοῖς
1444 3074 1743 3145 εὐρυτέραν
1773 3092 1877 3146 φη-

277 3164 369 3216 σὶν
392 3164 621 3219 ἔσεσθαι
645 3166 746 3237 τὴν
775 3168 882 3221 τῶν
915 3168 1192 3240 ἐδωδίμων
1220 3170 1543 3243 παράθεσιν.

348 3256 419 3308 Ei
452 3256 513 3309 δὲ
547 3256 611 3329 δὴ
651 3259 825 3311 νοοῖτο
858 3261 1233 3331 πνευματικὸς
1275 3264 1304 3315 ό
1336 3263 1494 3331 λόγος
1525 3263 1623 3334 τῆς
1666 3280 1879 3334 προφη-

274 3344 455 3409 τείας,
510 3346 713 3419 φαμὲν,
759 3349 840 3403 ὅτι
891 3350 1309 3421 κατεδηδοκότος
1357 3353 1505 3424 ἡμᾶς
1550 3352 1739 3424 ὥσπερ
1782 3355 1877 3407 τοῦ

274 3436 529 3503 Σατανᾶ,
556 3439 653 3493 καὶ
703 3439 780 3503 ὡς
811 3441 870 3493 ὲν
908 3441 1059 3505 τάξει
1106 3440 1335 3512 κὰμπης
1395 3460 1448 3495 τε
1492 3443 1586 3496 καὶ
1635 3445 1875 3516 ἀκρίδος,

278 3531 378 3583 καὶ
409 3530 512 3599 μέν
553 3548 634 3584 τοι
664 3532 759 3585 καὶ
804 3532 1065 3605 ἐρυσίϐης
1106 3534 1566 3605 κατεφθαρκότων
1607 3536 1667 3589 οὐ
1708 3554 1880 3608 φορη-

275 3621 391 3684 τῶς
424 3621 538 3675 τῶν
566 3622 863 3695 ἀλιτηρίων
898 3628 1228 3697 πνευμάτων
1262 3628 1353 3680 ἐπὶ
1395 3627 1736 3700 πολυτρόπου
1771 3645 1878 3682 πα-

280 3710 394 3765 θῶν
426 3712 595 3777 ἰδέας,
628 3711 783 3785 ξηροὶ
842 3716 937 3768 καὶ
964 3716 1206 3786 ἄκαρποι
1234 3735 1298 3787 με
1309 3718 1646 3789 μενήκαμεν,
1686 3717 1880 3787 ἐψιλω-

287 3803 443 3874 μένοι
493 3805 587 3858 καὶ
615 3806 813 3878 γυμνοὶ
839 3808 1038 3872 παντὸς
1062 3808 1291 3877 ἀγαθοῦ,
1312 3810 1415 3863 οὐκ
1444 3810 1641 3882 ἠθικὴν
1665 3812 1879 3883 ἔχοντες

282 3899 364 3962 είς
394 3898 526 3952 νοῦν
554 3900 773 3972 ἀρετὴν,
802 3900 945 3973 λιμῷ
976 3903 1032 3955 δὲ
1075 3903 1264 3975 ὥσπερ
1296 3905 1755 3977 κατεφθαρμένοι,
1788 3908 1880 3962 καὶ

286 3989 473 4058 πάσης
518 3989 854 4055 ἁπαξαπλῶς
899 3994 1204 4065 εὐκαρπίας
1238 3996 1617 4067 ἐστερημένοι.
1660 3999 1879 4071 Ἐπειδὴ

284 4079 339 4134 δὲ
369 4081 838 4154 πεπλουτήκαμεν
873 4086 1024 4157 παρὰ
1061 4085 1299 4157 Χριστοῦ
1330 4088 1390 4140 τὸ
1436 4089 1633 4161 χρῆναι
1660 4090 1878 4162 θαρσεῖν

285 4174 682 4244 (νενικήκαμεν
707 4175 817 4246 γὰρ
841 4176 938 4228 σὺν
964 4176 1114 4247 αὐτῷ
1142 4177 1232 4230 τὸν
1261 4177 1487 4249 κόσμον,
1527 4199 1543 4230 ι
1578 4180 1687 4233 Καὶ
1718 4181 1878 4233 δέδω-

286 4284 385 4319 κεν
414 4268 553 4336 ἡμῖν
581 4271 769 4321 πατεῖν
796 4269 980 4323 ἐπάνω
1013 4271 1190 4339 ὄφεων
1230 4272 1326 4324 καὶ
1361 4272 1637 4343 σκορπίων
1668 4273 1737 4344 ι),
1756 4274 1879 4329 τότε

283 4358 350 4429 δὴ
381 4357 480 4412 καὶ
501 4358 691 4423 ὑετοὺς
712 4360 1028 4431 ἐσχήκαμεν
1052 4363 1178 4425 τοὺς
1202 4363 1607 4433 πεθευματικούς
1630 4364 1878 4434 πρώῖμόν

284 4468 344 4503 τε
398 4449 495 4503 καὶ
524 4450 739 4522 ὄψιμον,
768 4452 1017 4524 νομικὴν,
1046 4455 1209 4525 φημὶ,
1244 4454 1550 4519 παίδευσιν,
1584 4456 1679 4508 καὶ
1701 4457 1880 4528 παρά-

287 4543 488 4611 κλησιν
516 4540 899 4613 εὐαγγελικήν.
947 4543 1079 4597 Τότε
1112 4543 1208 4597 καὶ
1246 4545 1512 4614 φαγόντες
1559 4548 1879 4619 ἐμπεπλήσ-
1909 4569 1954 4624 ι)

288 4634 459 4701 μεθα,
508 4632 603 4685 καὶ
653 4633 1045 4708 δοξολογοῦμεν
1092 4636 1167 4700 ὡς
1212 4638 1491 4710 Δεσπότην
1537 4640 1629 4693 τὸν
1670 4642 1881 4695 ἑαυτῶν

290 4726 528 4797 Σωτῆρα
546 4726 803 4797 Χριστὸν,
830 4727 1301 4800 ἀνακηρύττοντες
1333 4729 1408 4794 ὡς
1443 4730 1879 4805 θαυματουργὸν,

290 4822 388 4872 καὶ
422 4819 490 4872 τὰ
520 4820 615 4872 τοῦ
668 4820 847 4889 λόγου,
902 4822 996 4874 καὶ
1034 4820 1248 4885 ἐλπίδος
1294 4822 1552 4877 ἐπέκεινα
1587 4827 1699 4890 τοῖς
1746 4827 1885 4894 ἀγα-

290 4908 472 4961 πῶσιν
500 4909 663 4962 αὐτὸν
700 4909 1060 4982 δωρούμενον.
1104 4911 1458 4983 Ἐγνώκαμεν
1483 4913 1540 4967 δὲ
1562 4915 1698 4986 πρὸς
1720 4917 1882 4970 αὐτὸν

289 4998 484 5069 ἕτερον
528 4998 807 5062 παντελῶς
846 4997 1059 5052 οὐδένα.
1102 4998 1467 5069 Δεδιδάγμεθα
1510 4999 1567 5051 δὲ
1607 5000 1785 5069 λέγειν
1824 5001 1885 5067 ἐξ

292 5089 510 5161 ἀγαθῆς
551 5090 808 5154 διανοίας.
853 5089 1077 5161 Κύριος,
1110 5089 1266 5153 ὲκτός
1297 5107 1390 5143 σου
1428 5090 1584 5144 ἄλλον
1610 5092 1711 5144 οὐκ
1739 5093 1883 5146 οἴδα-

297 5199 419 5252 μεν.
461 5181 651 5251 Ἀθρει
690 5181 747 5233 δὲ
773 5181 891 5245 πῶς
932 5182 961 5232 ὁ
996 5180 1106 5233 τῶν
1133 5181 1270 5234 ὅλων
1306 5180 1438 5243 Θεὸς
1471 5182 1750 5253 μονονουχὶ
1787 5184 1883 5236 καὶ

295 5274 599 5344 καταγελᾷ,
630 5274 725 5327 καὶ
762 5273 1219 5346 κατειρωνεύεται
1250 5274 1317 5326 τὰ
1344 5272 1680 5344 ἀνθρώπινα,
1725 5275 1885 5330 δύνα-

299 5385 393 5435 μιν
422 5365 619 5420 ἑαυτοῦ
655 5365 900 5437 μεγάλην
930 5368 1159 5437 κάμπην
1192 5366 1507 5430 ἀποκαλῶν,
1551 5367 1618 5438 ἢν
1664 5369 1761 5421 καὶ
1806 5371 1885 5434 εἰς

295 5458 497 5521 αὐτοὺς
544 5457 893 5526 πεπομφέναι
938 5457 1096 5528 φησὶ,
1143 5457 1237 5511 καὶ
1279 5457 1490 5510 οὐδέπω
1553 5459 1764 5528 φαμὲν,
1802 5460 1885 5513 ὅτι

296 5551 533 5620 δύναμις
561 5550 697 5603 Θεοῦ
731 5551 764 5619 ἡ
809 5549 1022 5619 κάμπη.
1066 5549 1206 5601 Ἀλλ’
1231 5545 1342 5602 οἷον
1384 5552 1559 5604 ἐκεῖνό
1601 5569 1733 5621 φησι
1775 5555 1887 5615 τοῖς

298 5645 398 5717 τὴν
432 5644 500 5697 δι’
529 5642 705 5711 αὐτῆς
733 5640 833 5693 οὐκ
867 5640 1151 5709 ἐνεγκοῦσι
1184 5640 1435 5693 κόλασιν’
1466 5638 1532 5698 Ὠ
1563 5642 1745 5710 δεινοὶ,
1798 5643 1887 5697 καὶ

376 5820 421 5856 ίί
457 5818 616 5875 Joan.
647 5833 757 5887 3m,
801 5817 884 5871 I55.
966 5816 1011 5849 "
1042 5816 1171 5873 Luc.
1208 5831 1260 5882 Χ,
1308 5818 1388 5872 li).

2052 2156 2214 2227 225
2248 2155 2409 2213 Vsus.
2439 2156 2531 2223 25,
2598 2157 2687 2211 26.
2725 2156 2790 2213 Et
2827 2156 3045 2210 redeam
3095 2156 3234 2211 vobis
3273 2171 3368 2227 pro
3407 2159 3562 2209 annis

1978 2265 2105 2319 quos
2123 2250 2343 2303 comedit
2369 2249 2594 2312 locusta,
2614 2259 2663 2303 et
2695 2249 2942 2315 bruchus,
2973 2258 3019 2302 et
3050 2264 3231 2312 eruca,
3277 2258 3322 2303 et
3357 2249 3560 2317 rubigo,

1981 2338 2237 2406 fortitudo
2252 2353 2364 2391 mea
2387 2354 2598 2407 magna,
2621 2355 2780 2406 quant
2814 2338 2935 2392 misi
2959 2339 3013 2392 in
3035 2355 3143 2392 vos.
3184 2337 3251 2392 Et
3280 2337 3562 2393 comedetis
3659 2354 3663 2359 '

1981 2429 2317 2491 comestione,
2337 2439 2385 2481 et
2411 2429 2803 2494 saturabimini,
2830 2439 2879 2481 et
2914 2429 3204 2482 laudabitis
3258 2445 3443 2483 nomen
3469 2427 3566 2481 Do-
3604 2479 3608 2482 .
3655 2452 3661 2458 -
3702 2432 3727 2481 Α
3803 2462 3810 2474 ς

1981 2523 2109 2575 mini
2137 2521 2233 2576 Dei
2262 2524 2441 2591 vestri,
2462 2523 2553 2592 qui
2580 2522 2701 2592 fecit
2733 2524 2992 2577 vobiscum
3030 2523 3317 2577 mirabilia.

2055 2790 2294 2846 XXXIII.
2321 2790 2471 2858 Quod
2506 2791 2574 2845 ad
2616 2789 2900 2845 historiam
2956 2788 3211 2858 pertinet,
3233 2775 3567 2853 antegressis
3650 2788 3674 2795 "

1982 2882 2312 2937 locustarum
2372 2881 2765 2953 irruptionibus
2823 2896 2931 2936 non
2994 2879 3177 2935 minus
3231 2876 3460 2931 validam
3509 2888 3565 2930 et

1981 2972 2243 3042 aequalem
2275 2973 2493 3042 penitus
2526 2971 2960 3027 muniﬁcentiam
3019 2972 3267 3041 spondet,
3298 2978 3355 3023 et
3401 2982 3563 3038 quam

1982 3041 2191 3133 experti
2221 3041 2330 3120 sint
2355 3063 2657 3135 penuriam,
2686 3078 2750 3118 ea
2783 3063 3089 3119 uberiorem
3112 3062 3243 3133 ipsis
3271 3060 3388 3131 [ore
3433 3074 3563 3131 pro.
3670 3100 3673 3103 ‹
3704 3041 3736 3137 ί

1982 3166 2200 3211 ventum
2232 3155 2629 3211 esculentorum
2657 3155 2962 3210 confirmat.

1907 3212 1947 3267 C
2054 3248 2123 3301 At
2148 3248 2192 3303 si
2228 3248 2339 3302 haec
2372 3246 2650 3316 prophetae
2681 3247 2845 3302 verba
2896 3245 3251 3315 spiritualiter
3297 3245 3565 3313 interpres

1987 3348 2186 3405 temur,
2213 3339 2497 3394 dicendum
2532 3348 2617 3392 est
2658 3352 2756 3392 nos
2789 3352 2821 3390 a
2850 3336 3053 3391 Satana
3080 3336 3234 3405 quasi
3259 3336 3563 3400 devoratus,

1984 3431 2133 3485 etab
2165 3445 2326 3486 eruca
2357 3440 2411 3485 et
2460 3424 2667 3484 locusta
2712 3441 2812 3498 per
2858 3429 3006 3482 varia
3064 3428 3318 3481 vitiorum
3370 3440 3566 3496 genera

1985 3524 2277 3580 crudeliter
2302 3524 2563 3594 perditos,
2587 3521 2852 3577 mansisse
2885 3519 3068 3577 aridos
3098 3534 3163 3574 ac
3189 3518 3423 3583 steriles,
3447 3534 3566 3573 om-

1986 3616 2146 3672 nibus
2178 3615 2334 3671 bonis
2365 3616 2606 3685 privatos
2633 3630 2698 3670 ac
2724 3614 2976 3677 nudatos,
3002 3613 3139 3668 nihil
3172 3612 3312 3682 quod
3344 3611 3411 3666 ad
3449 3626 3566 3666 mo-

1986 3722 2104 3762 rum
2140 3708 2398 3763 virtutem
2431 3707 2649 3772 attinet,
2672 3706 2869 3762 animis
2901 3705 3260 3776 possidentes.
3323 3706 3423 3760 Ast
3477 3702 3567 3758 ubi

1986 3800 2178 3856 ﬁducia
2212 3799 2264 3853 in
2301 3798 2574 3855 Christum
2600 3798 2908 3868 locupletati
2943 3814 3132 3854 sumus
3152 3796 3405 3868 (vicimus
3424 3796 3568 3850 enim

1986 3908 2109 3948 cum
2135 3893 2254 3964 ipso
2280 3893 2538 3948 mundum
2574 3894 2639 3959 ιι,
2681 3911 2700 3945 ι
2729 3902 2787 3948 et
2850 3892 2997 3948 dedit
3058 3891 3213 3946 nobis
3245 3896 3567 3957 potestatem

1984 3986 2231 4042 caleandi
2278 4002 2441 4057 supra
2490 3996 2774 4056 serpentes
2806 3993 2863 4040 et
2897 3983 3216 4050 scorpiones
3244 3981 3289 4013 “
3335 3982 3405 4049 ι),
3442 3989 3567 4034 tunc

1985 4093 2199 4149 quoque
2226 4078 2428 4133 imbres
2455 4076 2763 4147 spiritualcs
2794 4076 3123 4144 accepimus,
3151 4083 3565 4142 temporaueum

1985 4178 2040 4225 et
2068 4169 2388 4233 serotinum,
2419 4167 2809 4222 institutionem
2836 4166 3038 4235 legum,
3065 4167 3306 4234 inquam,
3340 4174 3395 4218 et
3435 4178 3568 4217 con-

1985 4260 2302 4316 solationem
2358 4258 2747 4328 evangelicam.
2795 4256 2948 4310 'l‘uuc
3018 4256 3163 4310 enim
3225 4256 3571 4310 comedentes

1986 4348 2173 4419 repleti
2203 4362 2412 4414 sumus,
2445 4356 2503 4403 et
2557 4359 2615 4403 ut
2648 4347 2933 4403 Dominum
2983 4346 3351 4417 gloriﬁcamus
3403 4346 3565 4401 Chri-

1984 4454 2127 4499 stum
2155 4441 2487 4498 Salvatorem
2512 4449 2781 4507 nostrum,
2841 4438 3088 4495 eumdem
3137 4447 3199 4494 ut
3242 4437 3568 4493 mirabilium

1984 4536 2315 4603 ell'ectorem,
2347 4543 2401 4589 et
2422 4535 2626 4607 majora
2654 4550 2817 4605 quam
2849 4532 2955 4589 dici
2984 4531 3570 4602 autsperari,possint,

1982 4631 2329 4701 diligentibus
2353 4643 2413 4685 se
2436 4630 2727 4686 donantem
2756 4628 3135 4697 praedicantes.
3163 4626 3363 4681 Sumus
3386 4635 3568 4680 autem

1985 4725 2127 4779 docti
2159 4724 2295 4779 bona
2321 4723 2654 4781 conscientia
2707 4721 2928 4777 dicere:
2996 4720 3223 4775 Domine
3246 4758 3262 4784 ,
3309 4726 3463 4773 extra
3521 4727 3573 4771 te

1984 4817 2150 4871 alium
2201 4816 2343 4870 haud
2396 4816 2662 4871 novimus.
2716 4811 2997 4882 Perpende
3047 4809 3240 4865 deinde
3300 4810 3573 4877 quomodo

1984 4907 2355 4961 universorum
2378 4905 2639 4961 Dominus
2662 4913 2867 4958 tantum
2916 4916 3021 4955 non
3054 4899 3296 4965 irrideat,
3323 4908 3377 4953 et
3405 4899 3573 4953 simu-

1989 4996 2190 5051 latione
2213 4996 2445 5067 quadam
2472 4993 2689 5050 deludat
2737 5007 2825 5047 res
2889 4989 3190 5054 hominum,
3217 5002 3435 5044 erucam
3469 5002 3570 5042 vo-

1990 5104 2122 5144 cans
2174 5102 2424 5158 magnam
2474 5100 2625 5140 suam
2681 5082 3079 5142 fortitudinem,
3113 5095 3276 5151 quam
3309 5091 3366 5137 et
3389 5096 3449 5137 se
3478 5080 3573 5135 ad-

1992 5195 2181 5235 versus
2213 5180 2356 5249 ipsos
2383 5177 2595 5232 misisse
2641 5185 2901 5231 autumat.
2932 5172 3044 5229 Nos
3092 5174 3311 5244 quidem
3372 5187 3573 5240 nequa.

1983 5287 2143 5341 quam
2179 5271 2410 5328 dicimus
2459 5270 2551 5325 Dei
2602 5268 2972 5326 fortitudinem
3014 5282 3135 5325 esse
3187 5281 3429 5322 erucam.
3464 5265 3569 5319 Sed

1986 5365 2057 5419 ita
2083 5361 2480 5429 quodammodo
2510 5375 2604 5416 eos
2659 5363 2749 5431 qui
2784 5363 3052 5417 invectam
3086 5361 3153 5413 ab
3209 5359 3302 5412 illa
3365 5356 3572 5410 cladem

1986 5456 2229 5527 perferre
2257 5456 2638 5524 nequiverunt,
2682 5455 2989 5524 compellat.
3028 5452 3073 5507 0
3103 5459 3472 5507 contumaces,
3506 5456 3573 5497 ac

1986 5551 2221 5620 superbi,
2254 5559 2308 5605 et
2336 5566 2432 5620 pro
2461 5549 2628 5605 nihilo
2671 5549 2928 5602 ducentes
2988 5560 3074 5599 me
3097 5540 3369 5597 oil‘endere
3396 5538 3409 5590 l
3459 5550 3566 5588 non

1989 5642 2166 5713 ignem
2190 5642 2257 5697 de
2288 5640 2430 5699 cmlo
2454 5641 2506 5697 in
2536 5655 2631 5698 vos
2665 5638 2807 5704 misi,
2828 5650 2932 5693 non
2967 5633 3202 5689 tonitrua
3267 5642 3372 5683 non
3403 5640 3570 5697 gran-
