3948 6208
410 386 516 442 375

1397 381 1453 434 S.
1497 377 1773 434 CYRILLI
1812 370 2279 431 ALEXANDRINI
2317 371 2636 429 ARCHIEP.

3551 356 3650 411 576

410 498 616 562 dinem,
642 510 748 552 non
792 492 937 548 aliud
970 491 1246 561 quidpiam
1273 500 1544 561 sumptura
1584 500 1640 545 et
1699 488 1833 544 locis
1894 501 1983 539 suo

2099 482 2375 555 ὶγέρωχοι,
2424 482 2517 536 καὶ
2568 482 2625 533 ἐν
2669 478 2845 532 οὐδενὶ
2889 473 3191 546 γράφοντες
3224 469 3369 539 λόγῳ
3400 466 3461 521 τὸ
3491 484 3655 540 προσ-

414 584 578 653 peris,
607 591 662 637 et
690 581 883 635 divina:
912 579 1095 651 gloriae
1147 580 1588 635 honestissimum
1631 578 1826 643 inﬂixi;
1861 590 1981 631 ver-

416 675 581 728 mium
612 672 820 743 abjecta
848 677 1000 729 turba
1025 675 1077 730 in
1114 674 1384 744 regionem
1433 670 1744 734 insurrexit,
1777 678 1830 723 et
1853 681 1983 721 con-

416 766 616 821 turbati
653 765 807 830 estis,
844 773 900 820 et
922 766 1158 834 periistis
1184 764 1452 820 celeriter.
1488 762 1725 817 Robusto
1776 758 1983 814 scilicet

417 858 763 911 vehementer
793 866 879 910 est
920 871 1081 911 eruca
1117 873 1131 908 ε
1174 870 1347 910 meam
1394 863 1541 909 certe
1589 866 1835 922 magnam
1871 850 1982 905 for-

419 949 699 1003 titudinem
757 949 903 1004 illam
954 956 1162 1018 reputo.
1195 947 1359 1017 226
1398 944 1573 999 Mores
1600 943 1776 1013 igitur
1805 955 1983 996 sermo

418 1041 692 1110 exprimit,
724 1047 779 1096 et
829 1050 913 1095 est
980 1039 1125 1092 velut
1183 1036 1481 1100 irridentis,
1513 1049 1576 1089 ac
1600 1033 1983 1103 propemodum

417 1131 777 1188 conviciantis
804 1132 899 1186 Dei
930 1134 979 1186 in
1004 1145 1098 1184 eos
1144 1128 1235 1198 qui
1270 1140 1494 1196 peccare
1526 1124 1663 1180 nihil
1698 1123 1847 1194 pensi
1891 1124 1985 1177 ha-

416 1225 569 1278 bent.
597 1222 762 1279 Posse
789 1238 883 1279 eos
914 1236 1106 1291 nempe
1132 1219 1346 1276 allicere
1374 1232 1552 1287 ptena,
1585 1216 1630 1271 si
1659 1215 1809 1280 velit,
1866 1212 1985 1269 suf-

416 1316 635 1372 ﬁciente
667 1316 733 1370 ad
764 1315 866 1370 hoc
890 1329 1075 1380 eruca,
1110 1328 1209 1385 pro
1232 1312 1440 1382 magnis
1479 1319 1537 1365 et
1563 1308 1778 1363 invictis
1834 1306 1987 1361 dein-

415 1424 544 1478 ceps
568 1410 795 1464 viribus.
823 1408 938 1462 Non
971 1408 1133 1476 igitur
1161 1406 1329 1462 ell‘use
1357 1404 1565 1459 rideant
1599 1398 1859 1462 haeretici,
1889 1411 1989 1453 nec

415 1502 676 1557 adversus
701 1499 977 1570 Unigeniti
1034 1498 1258 1568 gloriam
1311 1502 1598 1566 nugentur,
1646 1498 1829 1560 utpote
1866 1502 1987 1543 cum

414 1606 578 1653 eruca
633 1606 824 1661 magna
872 1589 1131 1645 fortitudo
1189 1588 1460 1643 nominata
1509 1586 1597 1640 sit.
1664 1581 1775 1636 Nec
1800 1580 1986 1636 eodem

412 1685 536 1741 loco
575 1700 683 1755 quo
704 1684 904 1741 vermis
925 1682 1129 1754 pollens
1161 1680 1367 1735 viribus
1393 1677 1688 1740 habeatur;
1718 1671 1835 1728 ausi
1858 1680 1986 1727 sunt

414 1778 559 1839 enim
586 1777 769 1834 miseri
804 1777 967 1833 etiam
1005 1775 1058 1828 in
1088 1772 1228 1827 hanc
1256 1769 1528 1841 Opinionis
1556 1782 1614 1823 se
1649 1766 1989 1836 praecipitare

415 1883 711 1926 miseriam.

430 2022 437 2027 ’
486 2052 653 2107 Vens.
688 2050 779 2104 27.
802 2048 864 2103 Et
885 2064 985 2102 non
998 2047 1347 2117 confundetur
1362 2043 1585 2114 papulus
1603 2057 1746 2095 meus
1767 2039 1822 2094 in
1844 2048 1991 2093 ceter-

271 2154 301 2185 τ·
364 2210 365 2213 η
414 2137 647 2193 num.Et
669 2137 843 2193 scietis
860 2137 982 2206 quia
1006 2136 1061 2190 in
1098 2134 1268 2188 medio
1299 2133 1472 2188 Israel
1528 2148 1641 2186 sum
1662 2146 1778 2200 ego.
1799 2128 1867 2182 Et
1898 2144 1991 2197 ego

205 2222 211 2232 ’
416 2230 672 2286 Dominus
709 2228 849 2282 Deus
889 2235 1072 2293 vester,
1100 2236 1149 2281 et
1176 2243 1280 2280 non
1331 2234 1407 2280 est
1450 2234 1642 2293 pra’ter
1680 2228 1863 2285 me;et
1891 2236 1992 2273 non

414 2322 771 2390 confundetur
813 2319 956 2373 ultra
1011 2320 1181 2375 omnis
1238 2316 1461 2388 populus
1524 2330 1668 2369 meus
1721 2313 1778 2367 in
1843 2321 1993 2367 teter-

417 2428 565 2468 num.
1992 2469 1997 2474 .

484 2502 726 2560 XXXIV.
760 2504 1039 2560 Manifesta
1070 2501 1285 2558 modum
1320 2501 1637 2556 (economia:
1659 2497 1981 2554 incarnatio-

416 2598 526 2665 nis,
551 2605 605 2651 et
630 2610 751 2653 sese
779 2594 1252 2659 exinaniturum“,
1269 2603 1324 2649 et
1351 2608 1471 2649 cum
1495 2588 1759 2647 terricolis
1789 2588 1994 2644 habita-

418 2702 599 2745 turum
626 2688 894 2760 promittit
918 2687 985 2753 ¹⁷,
1007 2685 1173 2740 nostri
1194 2685 1452 2749 similem,
1484 2683 1537 2738 id
1565 2692 1669 2749 est,
1720 2681 1989 2737 hominem

417 2783 644 2837 factum.
677 2780 829 2837 Tunc
856 2782 1000 2838 enim
1034 2784 1086 2838 in
1123 2780 1300 2837 medio
1330 2777 1494 2834 Israel
1521 2778 1700 2843 fuit,et
1730 2790 1830 2829 nos
1848 2774 1994 2844 igno-

420 2874 643 2928 miniam
696 2874 1011 2946 effugimus,
1062 2882 1119 2929 et
1174 2888 1207 2929 e
1247 2870 1566 2927 confusione
1618 2866 1851 2937 exempti
1910 2881 1994 2920 su-

417 2977 560 3028 mus,
592 2972 767 3017 morte
799 2963 1052 3017 nimirum
1102 2969 1402 3030 prostrata,
1435 2966 1663 3029 peccato
1704 2955 1992 3012 interfecto

414 3062 472 3107 et
497 3052 805 3124 cognitione
836 3052 1080 3108 veritatis
1114 3051 1439 3108 introducta.
1481 3047 1635 3104 Haud
1682 3048 1825 3104 enim
1879 3062 1992 3102 am-

2082 575 2299 648 κρούειν
2333 574 2490 647 ἐμοίι
2519 574 2582 626 οὐ
2608 570 2719 642 πῦρ
2744 568 2829 639 ἐφ’
2858 568 3001 637 ὑμᾶς
3034 563 3327 636 οὐρανόθεν
3358 560 3556 630 ἀνῆκα,
3595 559 3657 613 οὐ

2085 667 2329 739 βροντὴν,
2354 667 2414 720 οὐ
2448 662 2704 736 χάλαζαν,
2732 664 2831 733 οὐχ
2862 659 3047 730 ἕτερόν
3074 674 3127 710 τι
3153 655 3261 709 τῶν
3291 651 3427 721 ὑψοῦ
3464 668 3526 704 τε
3561 653 3661 723 ἡρ-

2086 759 2282 827 μένων,
2326 757 2420 811 καὶ
2448 756 2528 809 ὅτι
2573 753 2806 825 μάλιστα
2834 754 2899 820 τῇ
2927 748 3017 803 τοῦ
3044 745 3178 800 Θεοῦ
3213 744 3340 815 δόξῃ
3381 740 3660 812 πρεπωδε-

2086 851 2294 904 στὰτων
2323 849 2621 920 ἐπήνεγκα.
2654 843 2960 913 Σκωλήκων
3010 837 3170 892 ἀθλία
3203 834 3416 904 πληθὺς
3475 831 3663 896 κατεξ-

2084 944 2283 1012 ανέστη
2314 941 2415 1010 τῆς
2439 937 2643 1010 χώρας,
2676 936 2773 990 καὶ
2803 930 3202 1005 τεθορύϐησθε,
3238 927 3334 981 καὶ
3373 923 3664 979 διολώλατε

2083 1035 2223 1103 τάχα
2249 1046 2373 1085 που·
2401 1030 2610 1101 μεγάλη
2639 1028 2759 1082 λίαν
2786 1028 2820 1097 ἡ
2844 1026 3065 1096 κάμπη.
3083 1019 3383 1089 Λογιοῦμαι
3412 1016 3469 1069 δὲ
3496 1014 3667 1103 αὐτὴν

2085 1102 2183 1180 καῖ
2223 1124 2451 1194 δύναμιν
2485 1118 2723 1192 ἐμαυτοῦ
2767 1117 3028 1189 μεγάλην.
3076 1114 3164 1167 Ἐν
3216 1110 3336 1182 ἤθει
3383 1108 3447 1179 δὴ
3490 1102 3585 1159 οῦν
3638 1106 3668 1157 ὁ

2085 1216 2261 1284 λόγος,
2298 1217 2392 1268 καὶ
2420 1212 2585 1267 οἱονεί
2616 1227 2732 1274 πως
2771 1211 2829 1263 ἐν
2872 1208 3088 1278 γέλωτι,
3132 1201 3412 1275 μονονουχὶ
3439 1198 3534 1251 καὶ
3553 1198 3671 1249 ἐπι-

2085 1304 2421 1369 τωθάζοντος
2470 1302 2605 1356 Θεοῦ
2642 1305 2755 1365 τοῖς
2803 1296 3165 1367 καταφρονεῖν
3209 1289 3480 1352 εἰωθόσιν,
3524 1284 3672 1339 ὥστε

2086 1395 2244 1467 εἴπερ
2280 1396 2453 1450 ἕλοιτο
2493 1393 2742 1458 κολάζειν
2786 1389 3032 1453 ἑαυτοὺς,
3077 1382 3354 1454 ἀρκούσης
3392 1380 3472 1443 είς
3508 1377 3674 1431 τοῦτο

2088 1488 2313 1559 κάμπης
2331 1487 2453 1541 ἀντὶ
2482 1487 2681 1556 πολλῆς
2706 1484 2802 1539 καὶ
2830 1481 3042 1553 ἀμάχου
3070 1476 3256 1531 λοιπὸν
3289 1472 3491 1545 ίσχύος.
3515 1469 3674 1559 Μηδέ

2089 1556 2570 1645 πλατὺ-γελώντων
2594 1571 2908 1645 αίρετικῶν,
2939 1567 3072 1639 μηδὲ
3094 1568 3192 1637 τῆς
3213 1561 3310 1616 τοῦ
3331 1556 3675 1628 Μονογενοῦς

2090 1667 2619 1740 καταφλυαρούντων
2661 1665 2840 1735 δόξης,
2875 1661 3010 1733 μηδὲ
3054 1659 3129 1721 ὡς
3174 1656 3239 1727 δὴ
3288 1653 3383 1707 καὶ
3426 1651 3675 1723 μεγάλης

2090 1758 2375 1831 δυνάμεως
2412 1759 2470 1811 ὲν
2508 1758 2608 1827 ῐσῳ
2648 1753 2943 1827 γραφέσθω
2970 1753 3037 1822 τῇ
3083 1747 3359 1818 σκώληκι’
3400 1743 3676 1831 τετολμη-

2020 1824 2064 1880 B
2094 1824 2243 1901 xaat'
2272 1846 2380 1917 γάρ
2422 1848 2472 1899 οἱ
2508 1824 2731 1899 δείλαιοι
2770 1843 2864 1898 καὶ
2902 1843 2983 1905 είς
3024 1836 3169 1893 τοῦτ’
3214 1833 3447 1888 ὀλισθεῖν
3492 1829 3677 1885 ἀθλιό-

2091 1957 2250 2012 τητος
2280 1937 2520 1995 ἐννοιῶν.

2160 2032 2270 2086 Kal
2309 2033 2381 2085 οὐ
2416 2029 2503 2100 μὴ
2551 2022 2966 2096 καταισχυνθῇ
3008 2026 3041 2078 ὁ
3084 2021 3234 2086 λαός
3270 2036 3390 2089 μου
3437 2016 3526 2079 εὶς
3566 2012 3679 2067 τὸν

2091 2124 2295 2180 αἰῶνα.
2335 2122 2445 2177 Kal
2470 2119 2876 2190 ἐπιγνώσεσθε
2902 2117 2990 2169 ὅτι
3012 2115 3082 2169 ὲν
3099 2112 3265 2183 μέσῳ
3294 2108 3399 2163 τοῦ
3434 2103 3681 2175 Ἰσραήλ

2092 2220 2208 2286 ειμι
2247 2215 2379 2285 ἐγώ.
2414 2213 2523 2268 Kal
2555 2211 2670 2281 ἐγὼ
2704 2210 2917 2279 Κύριος
2949 2209 2982 2261 ό
3014 2205 3157 2269 Θεὸς
3198 2198 3385 2271 ὑμῶν,
3417 2198 3516 2251 καί
3558 2199 3682 2253 οὐκ

2092 2310 2262 2364 ἐστιν
2288 2305 2377 2359 ἔτι
2399 2303 2566 2371 πλὴν
2594 2301 2740 2371 ἐμοῦ
2760 2318 2773 2332 ·
2808 2300 2905 2353 καί
2935 2300 3007 2353 οὐ
3042 2295 3127 2367 μὴ
3157 2288 3682 2361 καταισχυνθήσε-

2092 2416 2187 2455 ται
2217 2399 2307 2453 ἔτι
2340 2396 2458 2462 πᾶς
2492 2398 2525 2450 ό
2557 2395 2706 2460 λαός
2734 2410 2848 2462 μου
2875 2392 2963 2456 εὶς
2996 2390 3103 2443 τὸν
3130 2385 3337 2441 αἰῶνα.

2162 2492 2285 2546 ΛΔ¹.
2338 2486 2759 2557 Ἐπαγγέλλεται
2788 2482 2975 2552 σαφῶς
3000 2480 3099 2550 τῆς
3134 2478 3273 2549 μετὰ
3302 2474 3502 2547 σαρκὸς
3531 2476 3683 2527 οίκο⁹

2096 2580 2287 2654 νομίας
2320 2580 2409 2634 τὸν
2437 2580 2659 2651 τρόπον,
2693 2575 2787 2630 καὶ
2809 2575 2892 2628 ὅτι
2920 2575 3032 2636 τοῖς
3057 2570 3149 2623 ἐπὶ
3172 2570 3275 2638 γῆς
3308 2567 3685 2637 συνδιαιτήσε-

2093 2689 2185 2725 ται
2239 2669 2484 2733 κενώσας
2539 2667 2762 2729 ἐαυτὸν,
2827 2664 2923 2717 καὶ
2976 2661 3268 2731 γενόμενος
3325 2658 3446 2712 καθ’
3510 2658 3683 2728 ὑμᾶς,

2094 2760 2394 2823 τουτέστιν,
2422 2757 2725 2831 ἄνθρωπος.
2764 2754 2898 2807 Τότε
2927 2752 3034 2821 γὰρ
3068 2750 3373 2819 γέγονενιέν
3408 2747 3560 2819 μέσῳ
3583 2744 3682 2799 τοῦ

2108 2850 2341 2922 Ἰσραὴλ,
2398 2847 2491 2903 καὶ
2540 2845 2868 2915 διεφύγομεν
2923 2840 3211 2912 ἐντροπὴν,
3265 2840 3359 2893 καὶ
3413 2837 3685 2907 αἰσχύνης

2095 2940 2511 3015 ἀπηλλάγμεθα,
2561 2936 2792 2992 θανάτου
2836 2933 3115 2999 πεσόντος,
3152 2930 3425 3002 ἁμαρτίας
3470 2930 3689 3000 ἀνῃρη-

2100 3034 2291 3106 μένης,
2324 3030 2579 3102 γνώσεως
2624 3026 2857 3098 ἀληθοῦς
2896 3022 3406 3094 είσκεκομισμένης.
3452 3021 3571 3073 Οὐκ
3606 3019 3687 3073 ἑτι

414 3143 558 3214 plius
590 3152 899 3198 creaturam
930 3143 1223 3198 adoramus
1253 3146 1452 3210 praeter
1492 3136 1805 3195 Creatorem
1839 3137 1906 3204 ¹⁸,
1940 3146 1990 3193 et

2099 3124 2205 3196 γὰρ
2230 3125 2299 3194 τῇ
2332 3119 2506 3175 κτίσει
2541 3114 2953 3189 προσκυνοῦμεν
2983 3112 3136 3183 παρά
3161 3111 3253 3163 τὸν
3278 3110 3562 3174 κτίσαντα,
3591 3107 3690 3162 καὶ

414 3235 579 3290 alium
611 3236 778 3291 Deum
810 3244 1009 3305 praeter
1059 3234 1209 3289 illum
1239 3230 1509 3287 neminem
1547 3246 1770 3300 prorsus
1806 3246 1991 3287 susce-

417 3328 615 3399 pimus.
658 3325 893 3383 Proinde
925 3327 1089 3383 etiam
1133 3327 1331 3383 divites
1376 3326 1675 3390 evasimus,
1716 3331 1778 3379 ut
1809 3324 1862 3378 in
1896 3336 1992 3393 spe

415 3420 574 3475 ﬁrma
596 3418 863 3485 viventes.
911 3430 967 3475 et
999 3421 1405 3492 exspectatione
1457 3420 1583 3474 vitae
1638 3416 1887 3487 longaeva:
1935 3415 1990 3469 in

416 3510 846 3568 sanctiﬁcatione
866 3520 921 3567 et
943 3512 1248 3568 innocentia
1276 3512 1421 3567 vitae.

490 3600 651 3655 Vens.
685 3602 775 3667 28,
798 3602 889 3658 29.
919 3601 986 3656 Et
1005 3605 1103 3658 erit
1120 3605 1367 3673 ροειΙιωε,
1396 3614 1444 3657 et
1475 3603 1745 3672 effundam
1774 3602 1837 3654 de
1868 3601 1991 3671 Spi-

415 3695 522 3747 ritu
547 3708 658 3746 meo
676 3708 832 3762 super
870 3708 1073 3748 onmem
1113 3711 1342 3759 carnem,
1362 3704 1410 3747 et
1456 3694 1832 3763 prophetabunt
1894 3692 1996 3760 ﬁlii

416 3787 575 3840 vestri
598 3794 646 3840 et
677 3785 804 3855 ﬁlia:
828 3797 1008 3841 vestrm
1027 3805 1045 3851 ,'
1086 3797 1132 3840 et
1165 3789 1397 3842 seniores
1416 3788 1569 3841 vestri
1603 3787 1809 3841 somnia
1856 3803 1996 3839 sont-

417 3877 663 3945 niabunt,
693 3888 743 3933 et
774 3879 995 3948 juvenes
1046 3879 1201 3933 vestri
1233 3878 1453 3931 risiones
1502 3878 1772 3931 videbunt.
1828 3878 1997 3947 Atque

418 3970 582 4023 etiam
631 3986 786 4039 super
821 3985 994 4023 servos
1041 3985 1181 4023 meos
1221 3979 1268 4024 et
1302 3967 1531 4022 ancillas
1580 3968 1633 4022 in
1664 3968 1849 4024 diebus
1888 3968 1995 4023 illis

414 4058 683 4130 effundam
706 4060 768 4114 de
794 4058 994 4128 Spiritu
1022 4075 1153 4118 meo.

488 4326 711 4385 XXXV.
743 4327 822 4384 En
856 4328 1141 4400 perSpicue
1184 4327 1355 4384 sancti
1391 4327 1628 4397 Spiritus
1681 4327 1908 4397 gratiam
1939 4342 2000 4384 se

419 4422 747 4478 donaturum
772 4420 1061 4490 promittit,
1098 4419 1151 4474 id
1174 4428 1276 4483 est,
1302 4418 1648 4474 donationem
1674 4416 1997 4487 largiﬂuam,

2097 3214 2230 3269 Θεὸν
2270 3214 2456 3285 ἕτερον
2485 3212 2571 3265 ἐπ’
2604 3209 2749 3279 αὐτῷ
2784 3205 3061 3269 παντελῶς
3102 3203 3291 3256 οὐδένα
3340 3199 3689 3272 παραδεδέγ-

2101 3306 2260 3378 μεθα.
2310 3302 2599 3375 Τοιγάρτοι
2643 3301 2739 3355 καὶ
2771 3297 3251 3367 πεπλουτήκαμεν,
3293 3292 3369 3357 ὡς
3402 3294 3459 3346 ἐν
3504 3290 3690 3346 ἐλπίδι

2100 3398 2295 3472 βεϐαίᾳ
2323 3395 2544 3460 ζῶντες,
2575 3393 2670 3447 καὶ
2699 3390 2824 3462 δόξῃ
2867 3391 2932 3461 τῇ
2966 3388 3045 3451 εἰς
3092 3383 3413 3457 μακραίωνα
3452 3382 3598 3453 βίον,
3633 3383 3691 3437 ἐν

2100 3487 2356 3561 ἁγιασμῷ
2390 3488 2485 3540 καὶ
2523 3486 2762 3552 ὁσιότητι
2796 3479 3090 3541 πολιτείας.

2170 3581 2280 3637 Kal
2305 3579 2476 3633 ἔσται
2491 3577 2641 3648 μετὰ
2665 3574 2869 3637 ταῦτα,
2896 3571 2993 3625 καί
3014 3568 3200 3638 ἐκχεῶ
3227 3567 3345 3623 ἀπὸ
3372 3564 3478 3619 τοῦ
3501 3564 3695 3619 Πνεύ-

2100 3675 2283 3745 ματός
2331 3688 2451 3741 μου
2504 3665 2847 3723 ἐπιστᾶσαν
2904 3662 3136 3731 σάρκα,
3199 3659 3297 3712 καὶ
3348 3656 3694 3725 προφητεύ-

2101 3780 2323 3823 σουσιν⁹
2357 3765 2411 3817 οί
2438 3759 2553 3815 υἱοὶ
2580 3756 2777 3827 ὑμῶν,
2803 3754 2900 3809 καί
2927 3757 2985 3807 al
3017 3750 3334 3820 θυγατέρες
3362 3746 3546 3817 ὑμῶν.
3577 3746 3694 3802 Kal

2102 3860 2154 3911 οἱ
2204 3854 2593 3923 πρεσϐύτεροι
2644 3847 2812 3918 ὑμῶν
2850 3846 3106 3899 ἐνύπνια
3160 3840 3696 3910 ἐνυπνιασθήσον-

2101 3965 2218 4011 ται,
2249 3946 2347 4000 καὶ
2376 3947 2432 3998 οὶ
2463 3942 2771 3998 νεανίσκοι
2804 3936 2971 4007 ὑμῶν
2995 3934 3237 4006 ὁράσεις
3264 3934 3537 4003 ὄψονται.
3567 3932 3693 3987 Καί

2102 4058 2168 4111 τε
2193 4039 2293 4094 ἐπὶ
2319 4036 2463 4102 τοὺς
2491 4034 2750 4097 δούλους
2772 4048 2913 4100 μου,
2940 4028 3040 4083 καὶ
3085 4027 3183 4081 ἐπὶ
3215 4028 3320 4092 τὰς
3356 4024 3583 4089 δούλας
3620 4024 3694 4079 ἐν

2104 4131 2232 4199 ταῖς
2261 4128 2509 4200 ἡμέραις
2545 4124 2803 4188 ἐκείναις
2839 4118 3026 4188 ἐκχεῶ
3050 4118 3168 4173 ἀπὸ
3202 4117 3310 4171 τοῦ
3340 4115 3694 4185 Πνεύματός

2146 4242 2238 4281 ov.

2098 4244 2301 4369 μοχίῖ.
2355 4309 2484 4364 ’1δού
2526 4307 2591 4378 δὴ
2628 4306 2816 4375 σαφῶς
2847 4301 3157 4377 χαριεῖσθαι
3189 4294 3695 4366 κατεπαγγέλλεται

2105 4404 2202 4476 τὴν
2242 4402 2333 4455 τοῦ
2374 4400 2528 4469 ἁγίου
2574 4396 2889 4467 Πνεύματος
2935 4396 3116 4465 χάριν,
3164 4389 3462 4451 τουτέστιν,
3511 4387 3695 4457 ἀμφι-

420 4523 614 4572 nonut
643 4513 745 4570 sibi
773 4479 1064 4584 prophetas
1089 4479 1373 4566 unum'aut
1398 4510 1650 4574 alterum,
1690 4508 1737 4564 si
1759 4479 1837 4563 ita
1858 4479 1993 4564 {erat

2100 4495 2247 4566 λαφῆ
2277 4492 2376 4564 τὴν
2407 4489 2696 4562 χορηγίαν,
2727 4487 2828 4540 οὐκ
2860 4488 2940 4551 εἰς
2974 4485 3259 4555 προφήτην
3292 4479 3695 4549 ἐξειλεγμένως

419 4623 533 4675 res,
572 4571 811 4678 deligatu;
863 4571 958 4660 sed
1011 4601 1255 4657 absolute
1307 4601 1361 4657 in
1412 4615 1600 4656 omnes
1626 4571 1717 4669 oui
1748 4598 1993 4667 accipere

2099 4591 2193 4643 ἕνα
2230 4585 2413 4656 τυχὸν,
2443 4583 2476 4653 ἢ
2506 4581 2620 4645 δύο,
2648 4578 2776 4633 ἀλλ’
2801 4579 2878 4641 είς
2905 4576 3151 4638 ἃπαντας
3177 4572 3360 4635 ἁπλῶς
3386 4571 3512 4632 τοὺς
3548 4571 3696 4622 ἑλεῖν

418 4661 884 4756 ωεὲεὶιιιιιῖιιιδίίιι
910 4695 1052 4765 quod
1074 4692 1291 4749 Christo
1339 4692 1598 4753 redivivo,
1631 4661 1690 4747 et
1720 4661 1993 4745 destructo

2099 4680 2302 4748 ἀξίους.
2356 4678 2421 4728 Ὃ
2462 4674 2525 4744 δή
2576 4688 2756 4742 φαμεν
2803 4664 3274 4741 καὶπεπεράνθαι
3310 4661 3695 4736 ἐγηγερμένου

418 4791 610 4849 mortis
636 4789 1099 4863 imperio,factum
1119 4800 1240 4842 esse
1267 4782 1658 4841 confitemur".
1686 4781 1820 4837 Nam
1854 4780 1993 4835 velut

2100 4768 2361 4843 Χριστοῦ,
2390 4768 2484 4822 καὶ
2516 4767 2578 4820 τὸ
2605 4765 2699 4817 τοῦ
2743 4762 2975 4818 θανάτου
3010 4758 3415 4819 καταλύσαντος
3460 4755 3692 4825 κράτος.

420 4885 489 4937 de
519 4846 735 4953 integro
760 4846 897 4939 adeo
927 4877 1290 4937 venerandam
1329 4884 1386 4930 et
1443 4871 1814 4929 admirabilem
1875 4886 1993 4941 gra-

2114 4864 2232 4920 Ἀπ’
2265 4862 2439 4935 ἀρχῆς
2468 4860 2577 4931 γὰρ
2607 4857 2796 4926 ὥσπερ
2839 4873 2891 4909 τι
2940 4848 3042 4909 ὧδε
3075 4853 3298 4920 σεπτὴν,
3335 4849 3427 4905 καὶ
3460 4846 3697 4914 ἀξιάγα-

420 4975 553 5029 tiam
582 4977 788 5032 sanctis
810 4974 1087 5046 discipulis
1116 4971 1361 5038 immisit,
1386 4966 1664 5025 insulilans
1698 4976 1755 5021 et
1772 4964 1956 5019 dicens
1980 4980 1993 5016 :

2105 4976 2229 5016 στον
2263 4957 2423 5029 χάριν
2456 4953 2569 5015 τοῖς
2599 4949 2775 5018 ἁγίοις
2827 4946 3055 5001 ἐνετίθει
3105 4943 3394 5017 μαθηταῖς,
3426 4936 3696 5008 ἐμφυσῶν

423 5084 447 5119 ι
483 5029 1013 5135 Accipite—‘épfiritn'm
1043 5029 1290 5124 sanctum
1320 5029 1388 5117 ίδ.
1428 5081 1447 5116 ι
1484 5059 1784 5130 Oportebat
1824 5056 1992 5123 enim,

2103 5072 2164 5108 τε
2191 5053 2284 5109 καὶ
2321 5048 2515 5115 λέγων·
2545 5063 2562 5095 ι
2596 5043 2803 5098 Λάὸετε
2831 5039 3057 5109 Πνεῦμα
3091 5037 3267 5106 άγιον.
3313 5053 3332 5087 ι
3372 5032 3522 5086 Ἔδει
3552 5029 3692 5099 γὰρ,

418 5156 705 5230 oportebat
749 5156 1002 5212 Ecclesia:
1055 5168 1396 5230 mystagogos
1446 5164 1503 5210 et
1554 5154 1703 5210 orbis
1730 5161 1993 5208 terrarum

2107 5148 2212 5201 ἔδει
2238 5143 2363 5206 τοὺς
2394 5140 2493 5209 τῆς
2537 5135 2862 5204 Ἐκκλησίας
2894 5128 3312 5204 μυσταγωγοὺς,
3351 5123 3447 5178 καὶ
3468 5121 3567 5191 τῆς
3599 5120 3697 5189 ὑφ’

420 5246 714 5314 magistros
774 5245 987 5302 futuros
1038 5213 1201 5302 etiam
1232 5213 1381 5304 amite
1426 5247 1561 5303 alios
1589 5246 1732 5302 dono
1762 5242 1993 5313 Spiritus

2099 5242 2250 5314 ἥλιον
2283 5229 2573 5293 παιδευτὰς
2605 5227 2915 5298 ἐσομένους,
2948 5224 3042 5278 καὶ
3071 5222 3175 5293 πρό
3195 5237 3259 5289 γε
3285 5217 3393 5272 τῶν
3421 5213 3599 5270 ἄλλων
3611 5214 3696 5314 ’τῇ

421 5338 592 5395 sancti
624 5338 990 5405 cohonestari,
1024 5348 1078 5392 et
1109 5339 1271 5393 veluti
1297 5341 1567 5409 quoddam
1618 5345 1993 5394 ornamentum

2100 5298 2194 5387 τοῦ
2226 5328 2380 5398 ἁγίου
2409 5321 2546 5378 Πνεύ
2556 5337 2720 5393 ματος
2748 5319 2889 5372 δόσει
2910 5310 3434 5372 κατακαλλύνεσθαι,
3461 5306 3553 5358 καὶ
3579 5298 3699 5356 οἷόν

422 5450 522 5504 per
549 5431 705 5487 [idem
744 5446 797 5483 tn
830 5397 1332 5486 sanctiﬁcationem-
1362 5431 1431 5485 ab
1480 5432 1636 5486 initio
1689 5432 1878 5497 factos,
1919 5430 1993 5483 di-

2101 5442 2155 5477 τι
2190 5397 2599 5488 κεκοσμημένον
2626 5410 2714 5464 διὰ
2755 5409 2988 5470 πίστεως
3024 5408 3101 5468 είς
3144 5400 3417 5472 ἀγιασμὸν
3457 5397 3551 5451 ἀπ’
3588 5397 3699 5495 ἀρ-

426 5528 553 5581 vina
585 5534 641 5579 et
672 5521 880 5599 (διείρειὶ
915 5521 1077 5591 22⁸1
1114 5521 1289 5590 gratia
1330 5522 1590 5576 inaurari.
1630 5522 1825 5575 Diebus
1872 5533 1993 5572 vero

2104 5513 2208 5585 χῆς
2242 5486 2552 5578 γεγονότας,
2579 5506 2645 5574 τῇ
2678 5502 2798 5572 θείᾳ
2828 5516 2889 5569 γε
2920 5498 3014 5550 καὶ
3052 5495 3290 5567 οὐρανίῳ
3320 5486 3702 5559 καταχρυσοῦρ

422 5633 593 5673 sacrae
620 5619 964 5673 Pentecostes
985 5613 1325 5685 congregatis
1355 5612 1406 5666 in
1465 5628 1623 5666 unam
1656 5611 1872 5668 domum
1918 5612 1993 5663 di-

2106 5579 2230 5657 σθαι
2262 5601 2461 5672 χάριτι.
2500 5596 2654 5649 Κατά
2681 5593 2737 5646 δέ
2765 5610 2827 5663 γε
2859 5590 2957 5655 τὰς
2987 5589 3199 5661 ἡμέρας
3227 5587 3325 5657 τῆς
3359 5581 3520 5650 ἀγίας
3553 5579 3701 5631 Πεν-

2234 5791 2276 5823 ¹⁹
2317 5788 2357 5843 ll
2396 5787 2537 5841 Tim.
2583 5800 2621 5847 ι,
2666 5783 2748 5836 lt).
2828 5780 2873 5812 ’°
2903 5778 3061 5835 Juau.
3105 5794 3196 5843 xx,
3229 5775 3320 5834 Ἡ.

510 5796 552 5830 ⁸⁸
578 5797 809 5872 Philipp.
845 5814 904 5866 ιι,
933 5798 984 5853 7.
1058 5798 1098 5831 ¹⁷
1128 5794 1358 5851 Barucli.
1395 5808 1474 5862 Ill,
1516 5793 1603 5850 ‘58.
1709 5792 1749 5825 ¹⁸
1787 5792 1945 5848 Rom.
1977 5809 2015 5860 ι,
2046 5791 2138 5849 25.
