3948 6208
254 346 354 400 377

1141 351 1692 413 COMMENTARIUS
1728 355 1795 413 ΙΝ
1834 357 2099 415 JOELEM
2135 361 2580 421 PRUPHETAM.

3416 373 3521 429 578

254 460 523 532 τηκοστῆς
560 462 640 526 είς
680 456 831 518 οἶκον
856 465 951 520 ἕνα
987 470 1481 539 συναγηγερμένων
1510 471 1618 525 τῶν
1656 474 1831 544 μαθη-

1938 475 2181 545 scipnlis,
2235 487 2292 532 et
2328 481 2610 536 consuetis
2664 482 3064 549 precationibus
3141 484 3253 539 Deo
3303 484 3516 551 oblatis,

254 552 375 618 τῶν,
404 552 503 605 καὶ
544 552 646 616 τὰς
693 557 943 626 συνήθεις
984 557 1104 627 Θεῷ
1150 562 1605 631 προσαγαγόντων
1651 563 1835 631 λιτὰς,

254 645 469 712 γέγονεν
501 646 691 714 ἄμφω,
736 642 870 717 ἦχος
918 648 1157 716 ἐγένετο,
1199 653 1293 705 καὶ
1336 652 1581 721 γλῶσσαι
1632 654 1716 723 ἐφ’
1742 655 1838 708 ἕνα

252 735 479 787 ἕκαστον
513 736 799 802 ἐκάθισαν,
851 755 869 789 ι
898 740 1005 793 Καὶ
1045 740 1279 812 ήρξαντο
1310 742 1491 797 λαλεῖν
1530 728 1595 798 ἐν’
1623 746 1839 816 ἑτέραις

251 824 548 894 γλώσσαις,
584 827 768 892 καθὼς
800 828 860 882 τὸ
894 830 1119 901 Πνεῦμα
1148 833 1319 887 ἐδίδου
1349 836 1531 899 αὐτοῖς
1561 837 1839 905 ἀποφθέγ-

250 914 443 981 γεσθαι
468 917 947 987 »Ἀπεφθέγγοντο
974 920 1030 974 δὲ
1058 922 1490 993 προφητεύοντες
1518 926 1685 996 ἤγουν
1716 944 1838 979 συνο

252 1004 421 1066 ιέντες
452 1020 538 1068 τε,
564 1007 658 1059 καὶ
694 1006 943 1077 λέγοντες
967 1010 1036 1064 τὰ
1068 1010 1155 1063 διὰ
1186 1011 1294 1064 τῶν
1328 1012 1498 1081 ἁγίων
1542 1015 1837 1086 προφητῶν

247 1095 303 1147 ἐν
326 1094 403 1165 τῷ
437 1096 663 1168 Χριστῷ
702 1101 994 1172 μυστήρια,
1023 1103 1119 1155 καὶ
1146 1104 1213 1157 τὰ
1241 1104 1306 1157 δι’
1332 1098 1408 1158 ὧν
1433 1105 1578 1170 είκὸς
1605 1102 1673 1177 ἦν
1700 1107 1837 1179 πρὸς

246 1186 562 1242 εὐπείθειαν
599 1190 833 1261 ἑτοίμως
873 1192 1012 1245 ἱέναι
1050 1195 1555 1267 ἀναπεπεισμένους
1592 1194 1651 1253 εὖ
1693 1202 1836 1271 μάλα

247 1278 367 1341 τοὺς
394 1278 806 1351 ἀκροωμένους,
826 1283 897 1347 ῶς,
916 1286 1175 1358 ἐνέστηκε
1200 1288 1384 1343 λοιπὸν
1406 1291 1433 1343 6
1461 1291 1561 1360 τῆς
1590 1292 1835 1360 εὐδοκίας

245 1371 459 1441 καιρὸς,
488 1374 586 1426 καὶ
618 1374 687 1427 τὰ
721 1376 888 1430 πάλαι
921 1379 1341 1450 προηγγελμένα
1370 1382 1463 1434 ἐπὶ
1492 1383 1712 1456 Χριστῷ
1756 1387 1835 1449 είς

245 1458 420 1530 πέρας
481 1456 587 1533 ⁴ἧκε
657 1462 864 1517 λοιπόν.
933 1466 1140 1521 Οὐκοῦν
1198 1471 1590 1541 προεφήτευον,
1646 1473 1834 1544 ἁπάσῃ

243 1549 465 1622 γλώσσῃ
501 1551 815 1618 λαλοῦντες,
844 1555 931 1609 διὰ
984 1558 1165 1629 φωνῆς
1208 1560 1381 1629 ἁγίων
1414 1561 1549 1615 Θεοῦ
1590 1580 1832 1632 προανα-

242 1642 555 1710 φωνοῦντος
591 1647 686 1699 καὶ
718 1645 895 1701 τοῦτο.
923 1648 1232 1721 Γέγραπται
1275 1652 1419 1725 γάρ’
1461 1672 1481 1706 ι
1523 1655 1611 1710 Ἐν
1653 1657 1833 1728 ἑτερο-

244 1730 545 1800 γλώσσοις,
578 1736 675 1788 καὶ
712 1737 770 1791 ἐν
806 1737 1039 1808 χείλεσιν
1084 1741 1291 1813 ἑτέροις
1337 1742 1554 1816 λαλήσω
1594 1745 1673 1816 τῷ
1718 1745 1833 1817 λαῷ

1939 573 2229 635 utrumque
2258 567 2482 637 contigit
2511 586 2527 623 :
2591 569 2810 625 auditus
2852 580 2939 625 est
2990 571 3221 635 sonitus,
3249 581 3303 626 et
3327 572 3522 643 linguae

1937 655 2165 724 singulis
2191 655 2519 712 insederunt.
2542 677 2562 710 ι
2594 659 2660 713 Et
2683 671 2962 730 coeperunt
2984 662 3127 731 loqni
3154 663 3274 717 aliis
3300 662 3516 731 linguis,

1938 756 2097 823 prout
2126 744 2363 814 Spiritus
2392 757 2616 804 sanctus
2662 750 2824 804 dabat
2853 751 3032 821 eloqui
3082 752 3188 807 illis
3216 753 3311 805 '°‘.
3360 771 3379 805 ι
3410 753 3519 807 Lo-

1936 836 2241 904 quebantur
2292 846 2471 891 autem
2538 841 2944 909 prophetantes,
2996 844 3113 897 sive
3176 858 3272 912 per
3298 854 3517 898 sanctos

1937 928 2226 996 prophetas
2268 928 2333 983 de
2368 928 2585 985 Christo
2611 932 2968 999 praenuntiata
3030 934 3287 1003 mysteria
3319 933 3520 987 intelli-

1937 1029 2123 1090 BCIIICS
2170 1028 2226 1074 Θῐ
2269 1021 2671 1091 proloquentes,
2703 1032 2759 1077 οι
2800 1038 2864 1079 ea
2916 1040 3014 1096 per
3062 1041 3180 1095 qua:
3229 1035 3518 1081 consenta-

1938 1126 2099 1165 neum
2128 1112 2334 1167 eratad
2366 1113 2732 1169 obedientiam
2768 1126 3014 1186 prompte
3057 1118 3246 1172 venire
3290 1117 3517 1171 audien-

1941 1211 2049 1270 tes;
2081 1211 2265 1273 utpote
2320 1218 2605 1273 persuasos
2658 1206 2817 1276 plane
2873 1208 3066 1264 adesse
3128 1209 3240 1277 jam
3302 1220 3515 1280 tempus

1936 1295 2150 1364 gratiae,
2180 1304 2235 1349 et
2262 1294 2389 1350 olim
2420 1295 2490 1351 de
2516 1297 2735 1354 Christo
2764 1299 3308 1372 praedicta,deinceps
3338 1303 3515 1371 rcipsa

1935 1388 2215 1458 compleri.
2270 1388 2675 1457 Prophetahant
2740 1390 2907 1459 igitur
2966 1391 3161 1460 quavis
3217 1391 3397 1461 lingua
3444 1390 3519 1444 lo-

1935 1487 2187 1547 quentes,
2216 1479 2357 1546 quod
2382 1479 2557 1547 ipsum
2582 1494 2795 1549 quoque
2825 1494 2855 1533 a
2898 1480 3010 1535 Deo
3032 1490 3342 1536 sanctorum
3383 1495 3517 1537 voce

1935 1567 2249 1636 praedictum
2291 1568 2488 1622 fuerat.
2522 1568 2794 1638 Scriptum
2852 1580 2938 1625 est
2984 1573 3130 1625 enim
3163 1588 3179 1627 :
3218 1591 3238 1624 ι
3280 1573 3339 1625 In
3395 1572 3517 1629 aliis

1938 1657 2140 1727 linguis
2189 1659 2320 1713 etin
2347 1658 2468 1713 aliis
2501 1658 2660 1713 labiis
2684 1659 2875 1728 loquar
2926 1661 3119 1729 populo
3173 1662 3323 1727 huic,
3352 1672 3407 1717 et
3449 1677 3517 1718 ne

1935 1750 2016 1804 sic
2051 1750 2267 1820 quidem
2297 1752 2519 1806 credent
2548 1751 2618 1804 “.
2652 1768 2671 1801 ι
2712 1749 2822 1805 Hoc
2852 1760 2907 1806 et
2949 1751 3146 1807 Paulus
3193 1768 3298 1807 non
3353 1755 3513 1823 igno-

243 1824 440 1896 τούτῳ,
473 1827 572 1879 καὶ
611 1828 719 1880 οὐδ’
744 1828 914 1894 οὕτως
942 1832 1347 1903 πεισθήσονται.
1375 1854 1393 1887 ι
1430 1836 1599 1889 Τοῦτό
1630 1855 1713 1890 τοι
1743 1840 1831 1892 καὶ

1940 1858 2084 1908 rans,
2106 1842 2315 1913 linguas
2338 1843 2392 1897 in
2415 1842 2837 1912 signum'datas
2890 1845 3008 1898 ait:
3060 1844 3177 1899 Non
3245 1846 3513 1910 ﬁdelibus,

244 1915 459 1981 Παῦλος
501 1920 704 1986 συνεὶς,
739 1923 833 1995 εἰς
855 1925 1078 1993 σημεῖον
1114 1925 1389 1989 Ἰουδαίοις
1417 1926 1665 1982 δεδόσθαι
1700 1931 1836 2001 φησὶ

240 2005 333 2076 τήν
374 2007 820 2077 πολυγλωσσίαν.
848 2011 970 2065 Ὅτι
1000 2013 1058 2068 δὲ
1100 2016 1476 2081 καταπάντος
1513 2019 1573 2084 ἐξ
1604 2021 1834 2090 οὐρανοῦ

243 2094 327 2146 τοῦ
361 2095 531 2164 ἁγίου
573 2098 894 2169 Πνεῦματος
926 2102 1113 2156 πολλοὶ
1153 2104 1274 2160 λίαν
1304 2100 1443 2177 ἦσαν
1474 2109 1523 2161 οἱ
1555 2112 1622 2180 τῇ
1652 2111 1835 2180 χάριτι

243 2184 337 2254 τῆς
375 2190 731 2259 προφητείας
767 2192 1219 2262 ἀναμεσούμενοι,
1253 2203 1507 2270 σαφηνιεῖ
1546 2203 1775 2273 γράφων
1806 2205 1836 2257 6

245 2279 457 2344 Παῦλος
475 2297 491 2311 ·
524 2282 837 2353 «Προφῆται
865 2285 921 2339 δέ
936 2286 1028 2339 δύο
1052 2288 1084 2359 ἢ
1107 2292 1255 2360 τρεῖς
1273 2290 1625 2349 λαλείτωσαν.
1641 2294 1822 2350 »Εἶτω

248 2386 264 2420 ι
292 2370 540 2425 Δῦνασθε
565 2374 675 2444 γὰρ
702 2376 823 2429 καθ’
848 2376 942 2430 ἕνα
970 2378 1166 2445 πάντες
1196 2382 1580 2454 προφητεύειν.
1610 2405 1627 2438 ι
1657 2388 1833 2443 Πάλαι

246 2461 337 2531 μὲν
380 2463 503 2534 γὰρ
548 2464 635 2519 διὰ
667 2467 866 2539 πολλὴν
904 2468 1234 2541 δυστροπίαν
1264 2477 1694 2547 προσκρούοντας
1737 2479 1831 2533 τοῦ

254 2552 495 2625 Ἰσραὴλ,
523 2554 732 2624 ἔφασκε
766 2559 895 2624 Θεός
916 2576 930 2591 ο
969 2578 989 2612 ι
1029 2562 1160 2617 Ἰδοὺ
1191 2564 1302 2633 ἐγὼ
1333 2566 1489 2638 λιμὸν
1518 2569 1709 2638 ἐπάγω
1739 2570 1831 2623 ἐπὶ

243 2644 332 2709 τὴν
360 2645 480 2715 γῆν
509 2647 604 2700 τοῦ
644 2648 875 2704 ἀκοῦσαι
910 2651 1067 2720 λόγον
1099 2655 1325 2726 Κυρίου,
1365 2660 1461 2711 καὶ
1499 2660 1606 2712 ἀπὸ
1641 2660 1832 2714 ἀνατο-

243 2734 339 2787 λῶν
366 2736 485 2800 ἕως
508 2737 731 2810 δυσμῶν
760 2742 1222 2815 περιδραμοῦνται
1252 2747 1539 2818 ζητοῦντες
1562 2751 1651 2805 τὸν
1675 2751 1830 2820 λόγον

244 2827 474 2897 Κυρίου,
512 2830 607 2883 καὶ
645 2833 707 2885 οὐ
765 2832 841 2903 μὴ
889 2834 1111 2907 εὕρωσι.
1144 2857 1163 2892 ι
1207 2840 1317 2894 Καὶ
1365 2842 1502 2913 πρὸς
1535 2844 1828 2916 Ἰεζεχιήλο

249 2936 265 2967 ι
290 2920 401 2973 Καὶ
427 2920 537 2990 τὴν
566 2921 816 2989 γλῶσσάν
844 2941 935 2979 σου
966 2929 1230 3000 συνδήσω,
1261 2932 1354 2985 καὶ
1383 2934 1829 3009 ἀποκωφωθήσῃ,

242 3011 327 3065 καί
365 3012 483 3065 οὐκ
526 3011 628 3085 ἔσῃ
658 3015 839 3080 αὐτοῖς
868 3018 948 3083 είς
982 3020 1150 3091 ἄνδρα
1201 3022 1520 3093 ἐλέγχοντα,
1565 3026 1648 3079 ὅτι
1684 3022 1832 3089 οἶκος

243 3105 710 3173 παραπικραίνων
746 3108 880 3162 ἐστί.
907 3128 925 3160 ι
968 3108 1187 3182 Ἐπειδὴ
1220 3113 1312 3180 δὲ,
1344 3116 1486 3169 κατὰ
1510 3116 1611 3187 τὴν
1648 3119 1831 3189 φωνὴν

241 3193 329 3246 τοῦ
360 3196 711 3263 Ψάλλοντος,
750 3218 768 3250 ι
798 3200 928 3265 Θεὸς
956 3178 1185 3272 Κύριος,
1212 3178 1309 3258 καῖ
1338 3178 1604 3276 ἐπέφανεν
1628 3178 1824 3281 ὑμῖν.)
1858 3178 1903 3238 C

246 3285 511 3356 (ἐπέφανε
541 3289 652 3361 γὰρ
680 3292 812 3361 ἡμῖν
834 3294 862 3345 6
894 3294 1147 3364 Χριστὸς,
1173 3295 1344 3360 ἀνιεὶς
1369 3298 1707 3369 ἐγκλήματα,
1739 3302 1832 3355 καὶ

243 3379 299 3429 τὸ
330 3380 439 3451 τῆς
464 3381 741 3452 ἁμαρτίας
767 3385 1091 3456 ἐμφράττων
1124 3388 1319 3461 στόμα)
1355 3389 1563 3444 δέδοται
1590 3391 1776 3446 λοιπὸν
1800 3395 1831 3463 ή

245 3470 393 3541 χύσις
442 3471 541 3525 τοῦ
586 3473 743 3541 ἁγίου
783 3474 1117 3549 Πνεῦματος,
1161 3479 1295 3532 Θεοῦ
1340 3482 1834 3552 κατευφραίνοντος

246 3564 336 3633 τὴν
379 3563 501 3617 τῶν
542 3563 845 3635 ἀνθρώπων
892 3568 1075 3635 φύσιν,
1123 3570 1219 3624 καὶ
1262 3573 1327 3643 τῇ
1380 3571 1609 3638 ἄνωθεν,
1644 3574 1739 3627 καὶ
1776 3574 1834 3627 ἐν

248 3652 377 3724 ἀρχῇ
416 3652 819 3723 στεφανοῦντος
854 3656 1003 3729 δόξῃ,
1033 3659 1128 3712 καὶ
1156 3662 1237 3724 είς
1266 3661 1444 3717 ἐκεῖνο
1480 3664 1641 3718 πάλιν
1663 3665 1834 3734 αὐτὴν

251 3742 570 3813 qlia-{ﬁlling
615 3746 1066 3817 ἀνακομίζοντος,
1118 3749 1198 3812 είς
1230 3750 1259 3803 ὃ
1308 3754 1506 3823 προῆν,
1549 3753 1703 3808 οὔπω
1734 3755 1836 3825 τῆς

250 3834 525 3907 ἁμαρτίας
552 3838 991 3910 εἰσκεκριμὲνης.
1021 3840 1095 3894 Οὐ
1123 3842 1231 3914 γὰρ
1263 3843 1467 3916 ἔρημον
1494 3846 1833 3918 προφητικοῦ

254 3929 571 4001 Πνεῦματος
608 3931 914 4003 εὑρήσομεν
961 3932 1053 3987 τὸν
1089 3934 1291 4007 Ἀδὰμ,
1336 3937 1487 3991 οὔπω
1537 3939 1634 4009 τὴν
1687 3940 1833 3994 θείαν

252 4020 468 4094 ἐντολὴν
500 4024 955 4095 παραϐεϐφιότω
989 4028 1273 4097 πεπηγότα
1301 4028 1358 4081 δὲ
1387 4028 1577 4099 ῶσπερ
1605 4030 1705 4095 ἔτι,
1738 4032 1834 4086 καὶ

251 4114 352 4177 τοῖς
373 4115 482 4185 τῆς
510 4114 725 4183 φύσεως
756 4121 1010 4187 χρηστοῖς
1038 4119 1412 4190 ἐμπρέποντα.
1442 4122 1554 4173 Καὶ
1587 4123 1717 4189 γοῦν
1742 4125 1831 4178 ὅτε

249 4204 339 4275 τήν
375 4209 620 4276 γυναῖκα
655 4207 1105 4281 πλαστουργήσας
1133 4215 1162 4266 6
1193 4212 1326 4276 Θεὸς
1356 4214 1531 4283 ἤγαγε
1571 4214 1707 4284 πρὸς
1738 4216 1834 4270 αὑ-

248 4295 350 4361 τὸν,
394 4297 585 4351 καίτοι
621 4299 865 4370 μήποθεν
912 4303 1153 4369 ἀκούσας
1199 4305 1279 4370 τίς
1318 4324 1379 4360 τε
1424 4307 1544 4379 εἴη,
1589 4310 1682 4363 καὶ
1714 4310 1832 4366 τίνα

247 4387 444 4457 τρόπον
474 4390 671 4458 ἀνέφυ,
700 4391 860 4456 εὐθὺς
903 4394 1200 4465 ἐπεφώνει·
1250 4417 1267 4450 t
1299 4398 1469 4454 Τοῦτο
1510 4400 1606 4454 καὶ
1642 4402 1832 4458 ὀστοῦν

1935 1934 2033 1990 sed
2061 1933 2369 1990 inﬁdelibus
2403 1936 2471 1989 ²².
2510 1934 2648 2001 Quia
2680 1950 2825 1991 vero
2847 1944 3129 2005 postquam
3155 1935 3423 1992 devolavit
3446 1938 3515 1992 de

1934 2026 2074 2082 coelo
2099 2025 2335 2097 Spiritus
2386 2036 2630 2093 sanctus,
2671 2027 2823 2081 multi
2883 2029 3169 2082 admodum
3226 2029 3513 2098 erantqui

1933 2118 2160 2188 gratiam
2212 2121 2507 2189 prophetiae
2554 2119 2609 2174 in
2658 2120 2893 2173 medium
2932 2121 3261 2189 prodeuntes
3293 2136 3515 2190 usurpa-

1936 2218 2075 2276 rent,
2102 2209 2322 2276 Paulus,
2374 2212 2502 2281 qnid
2541 2209 2848 2266 faciendum
2908 2211 3000 2277 sit,
3032 2211 3294 2267 declarat.
3321 2230 3340 2263 ε
3376 2211 3513 2265 Pro-

1931 2302 2109 2371 pheta:
2138 2312 2341 2371 autem,
2370 2324 2388 2355 ι
2420 2305 2614 2374 inquit,
2637 2323 2656 2357 ι
2682 2304 2786 2361 duo
2805 2312 2899 2359 aut
2938 2315 3047 2360 tres
3074 2304 3361 2375 loquantur
3386 2305 3451 2358 “.
3488 2322 3509 2359 ι

1932 2392 1999 2447 Ει
2037 2410 2201 2451 mox:
2249 2413 2268 2448 ι
2304 2396 2539 2453 Potestis
2565 2398 2709 2453 enim
2738 2410 2929 2452 omnes
2972 2412 3070 2466 per
3128 2397 3365 2468 singulos
3392 2411 3513 2466 prt»

1931 2488 2155 2557 phetare
2184 2488 2249 2543 “.
2289 2506 2307 2540 ›
2346 2487 2487 2543 Olim
2518 2489 2760 2557 quidem,
2791 2503 2915 2543 cum
2956 2490 3125 2544 multa
3150 2505 3363 2545 morum
3380 2503 3510 2558 per-

1931 2578 2375 2633 versitatelsrael
2438 2580 2603 2633 Deum
2684 2582 3002 2645 offenderet,
3053 2579 3269 2633 dicebat
3324 2580 3509 2633 Deus:

1936 2684 1957 2717 ι
1991 2666 2126 2720 Ecce
2154 2680 2254 2735 ego
2275 2666 2525 2722 inducam
2553 2669 2748 2723 famem
2776 2685 2939 2739 super
2980 2677 3180 2724 terram
3250 2667 3510 2721 audiendi

1932 2756 2154 2813 verbum
2183 2758 2297 2825 Dei,
2328 2770 2383 2814 et
2410 2761 2478 2813 ab
2504 2761 2715 2816 oriente
2740 2775 2912 2830 usque
2934 2761 2991 2816 in
3016 2759 3354 2815 occidentem
3406 2757 3510 2811 cir-

1933 2849 2694 2921 cumcursabunt,qna3rentes
2722 2854 2943 2907 verbum
3000 2852 3233 2916 Domini,
3285 2859 3341 2906 et
3405 2865 3513 2906 non

1933 2944 2210 2998 invenient
2240 2944 2307 2998 ".
2342 2962 2360 2995 ι
2401 2943 2466 2997 Ει
2518 2926 2590 2998 ad
2627 2942 2966 2999 Ezechielem
3003 2962 3017 2998 :
3074 2962 3093 2994 ι
3157 2943 3224 2997 Et
3275 2942 3513 3011 linguam

1934 3045 2079 3090 tuam
2131 3036 2395 3106 colligabo
2449 3037 2650 3106 gutturi
2691 3044 2804 3100 tuo,
2864 3045 2915 3091 et
2943 3037 3053 3092 eris
3103 3044 3307 3099 mulus,
3331 3040 3384 3088 et
3409 3046 3515 3087 non

1934 3129 2043 3184 eris
2071 3128 2174 3184 illis
2218 3130 2270 3184 in
2322 3129 2496 3183 virum
2530 3129 2939 3200 objurgantem,
2969 3128 3095 3197 quia
3143 3128 3336 3182 domus
3387 3139 3518 3178 exa-

1938 3234 2165 3288 speratis
2185 3228 2269 3275 est
2302 3221 2369 3272 “.
2417 3238 2437 3273 ι
2467 3219 2573 3275 Sed
2605 3220 2730 3288 quia
2757 3220 2910 3288 juxta
2944 3232 3130 3273 vocem
3188 3216 3511 3270 Psallentis:

1943 3329 1962 3363 ι
2000 3311 2139 3366 Deus
2176 3312 2456 3377 Dominus,
2483 3320 2537 3366 et
2589 3312 2762 3366 illuxit
2806 3312 2963 3367 nobis
2994 3311 3066 3362 ’τι
3092 3308 3329 3381 ›(ἰ11ιιιίι
3364 3307 3509 3360 enim

1937 3403 2093 3458 nobis
2126 3402 2371 3459 Christus
2398 3404 2677 3457 remittens
2701 3402 2951 3467 crimina,
2977 3410 3031 3456 et
3078 3416 3140 3455 os
3161 3400 3365 3469 peccati
3412 3400 3515 3454 ob~

1936 3492 2185 3560 turans:)
2206 3494 2406 3549 eﬂusus
2434 3494 2606 3548 est'de
2629 3504 2826 3549 caetero
2862 3492 2914 3545 in
2948 3506 3047 3548 nos
3098 3491 3336 3562 Spiritus
3380 3506 3509 3544 san-

1934 3595 2075 3650 etus,
2109 3584 2219 3640 Deo
2256 3584 2562 3640 laetiﬁcante
2585 3594 2831 3640 naturam
2856 3587 3167 3651 humanam,
3202 3591 3257 3639 et
3282 3596 3514 3652 superna
3572 3657 3577 3669 Ι

1933 3692 1997 3733 ac
2024 3677 2276 3747 primaeva
2312 3676 2483 3748 gloria
2513 3686 2829 3743 coronante,
2855 3686 2911 3732 et
2959 3678 3027 3731 ad
3073 3676 3202 3730 illud
3239 3676 3417 3730 denuo
3448 3688 3515 3727 ex

1934 3768 2172 3824 bonitate
2221 3784 2316 3825 sua
2381 3770 2694 3835 revehente,
2733 3768 2824 3824 ubi
2878 3780 3003 3823 ante
3059 3767 3254 3830 luerat,
3293 3775 3517 3834 peccato

1935 3862 2172 3916 nonduin
2203 3861 2474 3931 ingresso.
2506 3859 2622 3915 Non
2647 3861 2791 3914 enim
2843 3860 3112 3931 spirituali
3165 3857 3337 3929 gratia
3387 3870 3515 3925 pro-

1934 3951 2128 4021 phetiae
2151 3951 2372 4007 carebat
2403 3953 2574 4006 Adam
2624 3950 2936 4020 priusquam
2991 3949 3229 4005 divinum
3289 3948 3515 4001 manda-

1936 4052 2046 4098 tum
2076 4043 2578 4113 trausgrederetur;
2605 4042 2701 4098 sed
2724 4043 2864 4098 ﬁxus
2893 4041 3049 4111 quasi
3072 4055 3137 4095 ac
3168 4038 3383 4094 stabilis
3427 4039 3515 4091 ad-

1936 4137 2039 4189 huc
2074 4114 2344 4199 manebat,
2374 4144 2429 4189 et
2455 4144 2663 4190 natura:
2688 4135 2845 4191 bonis
2864 4142 3126 4203 praestans
3178 4140 3231 4186 et
3256 4128 3510 4198 insignis.

1931 4227 2117 4295 Itaque
2140 4241 2263 4281 cum
2297 4241 2521 4281 uxorem
2547 4241 2577 4280 a
2607 4241 2666 4281 se
2721 4225 3040 4279 fabricatam
3093 4223 3162 4277 ad
3185 4237 3307 4276 eum
3352 4221 3515 4278 addo.

1932 4324 2079 4371 ceret
2114 4316 2274 4382 Deus,
2292 4316 2509 4371 tametsi
2543 4330 2649 4370 non
2678 4315 2936 4378 audisset,
2972 4314 3132 4380 unde,
3152 4321 3245 4367 aut
3266 4325 3512 4381 quaenam

1932 4413 2095 4470 esset,
2111 4412 2203 4458 aut
2222 4418 2327 4473 qua
2358 4404 2567 4460 ratione
2591 4402 2905 4465 exstitisset,
2933 4402 3116 4457 statim
3154 4398 3509 4454 acclamavit:

246 4477 305 4531 ἐκ
336 4480 456 4534 τῶν
500 4480 676 4535 ὀστῶν
721 4500 845 4552 μου,
888 4486 982 4539 καὶ
1016 4487 1154 4557 σὰρξ
1199 4490 1262 4543 ἐκ
1305 4491 1403 4562 τῆς
1451 4494 1652 4561 σαρκός
1694 4511 1826 4565 μου·

1941 4516 1959 4549 ι
2004 4495 2116 4551 Hoc
2170 4510 2314 4550 nunc
2365 4510 2427 4551 os
2478 4510 2540 4550 ex
2569 4496 2783 4552 ossibus
2812 4496 2968 4561 meis,
2994 4506 3051 4551 et
3082 4508 3211 4550 caro
3236 4492 3302 4547 de
3349 4505 3515 4546 carne

247 4568 377 4641 ais-tr,
427 4572 570 4643 γυνὴ
612 4573 972 4645 κληθήσεται,
1008 4580 1126 4650 ἤτοι
1159 4582 1300 4636 κατὰ
1330 4583 1585 4654 Ἑϐραῖδα
1618 4589 1824 4658 φωνὴν,

244 4660 477 4731 ἀνδρὶς,
501 4665 586 4716 ὅτι
614 4667 679 4719 ἐκ
702 4666 796 4719 τοῦ
819 4669 1010 4741 ἀνδρὸς
1029 4671 1257 4743 ἐλήφθη.
1273 4692 1291 4725 ι
1325 4675 1461 4728 Ἀλλ’
1486 4677 1696 4749 ήργησε
1730 4681 1830 4750 μὲν

246 4754 279 4820 ἡ
293 4753 573 4825 ἀνθρώπῳ
591 4756 804 4810 δοθεῖσα
826 4761 1003 4832 χάρις.
1034 4763 1406 4837 Ἀνεκαινίσθη
1426 4767 1482 4821 δὲ
1505 4770 1562 4823 ἐν
1586 4771 1829 4843 Χριστῷ,

246 4842 299 4906 ὃς
342 4846 443 4899 καὶ
487 4845 604 4899 ἔστι
644 4848 894 4921 δεύτερος
946 4853 1134 4925 Ἀδάμ,
1192 4856 1563 4931 Ἀνεκαινίσθη
1612 4861 1670 4915 δὲ
1711 4861 1835 4917 τίνα

245 4935 479 5005 τρόπον;
585 4940 691 5008 μὲν
721 4942 829 5013 γάρ
874 4945 990 4998 ἐστι
1035 4947 1199 5012 Θεὸς,
1248 4950 1341 5003 καὶ
1388 4952 1453 5004 ἐκ
1496 4952 1631 5005 Θεοῦ
1681 4954 1823 5009 κατὰ

248 5028 408 5094 φύσιν
445 5031 474 5083 6
504 5030 636 5095 Υἱὸς
664 5033 981 5107 (γεγένηται
1010 5038 1120 5111 γὰρ
1162 5042 1228 5094 ἐκ
1258 5041 1392 5095 Θεοῦ
1430 5043 1527 5095 καὶ
1565 5045 1821 5116 Πατρὸς).

246 5116 375 5170 ἴδιον
401 5121 569 5174 αὐτοῦ
601 5140 681 5187 τε,
713 5125 803 5177 καὶ
831 5128 888 5181 ἐν
915 5129 1083 5200 αὐτῷ,
1116 5136 1211 5184 καὶ
1233 5130 1293 5196 ἐξ
1322 5133 1487 5187 αὐτοῦ
1511 5136 1572 5187 τὸ
1600 5134 1825 5207 Πνεῦμόι

246 5209 384 5269 ἐστι.
417 5213 672 5285 καθάπερ
692 5218 885 5287 ἀμέλει
910 5224 1004 5276 καὶ
1030 5225 1116 5277 ἐπ’
1145 5225 1308 5281 αὐτοῦ
1336 5229 1538 5282 νοεῖται
1559 5228 1655 5282 τοῦ
1689 5228 1823 5281 Θεοῦ

244 5302 335 5353 καὶ
362 5303 597 5376 Πατρός.
625 5299 702 5378 ΊΓῌ
722 5309 779 5362 δὲ
800 5311 1019 5380 γέγονεν
1039 5315 1136 5368 ἄνθ
1146 5333 1344 5387 ρωπος,
1369 5318 1463 5372 καὶ
1486 5319 1676 5388 γέγονε
1702 5319 1827 5373 καθ’

244 5392 431 5461 ἡμᾶς,
474 5398 711 5455 ἐπακτὸν
743 5399 884 5471 ἔχειν
915 5405 977 5459 τὸ
1009 5406 1233 5477 Πνεῦμα
1275 5408 1514 5478 λέγεται.
1563 5412 1824 5464 Καταπε-

242 5483 471 5554 φοίτηκε
503 5487 639 5555 γοῦν
672 5488 759 5541 ἐπ’
781 5491 939 5547 αὑτὸν
965 5494 1023 5547 ἐν
1053 5495 1182 5548 εἴδει
1216 5499 1565 5569 περιστερᾶς,
1592 5499 1676 5551 ὅτι
1702 5495 1824 5551 καθ’

314 5682 719 5760 ’θ’-ρει.μιι,2.
751 5685 804 5760 ᾧ.
909 5689 951 5720 ²¹
994 5689 1095 5746 Isa.
1130 5708 1319 5760 xxvm,
1364 5696 1447 5750 ll.

1541 5699 1586 5732 ³³
1624 5696 1643 5748 Ι
1683 5698 1803 5753 Cor.
1837 5713 1945 5761 XIV,
1976 5697 2065 5751 ‘22.
2147 5698 2192 5730 ”
2224 5698 2380 5762 lbid..
2423 5701 2514 5755 27.
2590 5702 2635 5733 ’δ
2675 5700 2833 5763 Ibid.,
2876 5700 2971 5755 5!.

1932 4604 2072 4645 mea.
2101 4587 2227 4643 Haec
2265 4587 2458 4643 mulier
2482 4588 2791 4656 vocabitur,
2834 4589 2949 4643 sive
2971 4586 3287 4659 (secundum
3315 4584 3513 4639 idioma

1936 4679 2278 4750 Hebraicum)
2329 4680 2496 4750 228
2550 4682 2753 4750 virago,
2806 4680 2933 4751 quia
2983 4679 3050 4734 de
3123 4678 3243 4733 viro
3295 4683 3513 4744 sumpta

1935 4779 2022 4826 est
2052 4771 2118 4826 ’⁸.
2141 4789 2160 4821 ι
2194 4770 2395 4826 Verum
2421 4773 2594 4828 otiosa
2626 4772 2728 4827 fuit
2756 4773 2930 4843 gratia
2957 4771 3188 4839 desuper
3222 4783 3511 4833 concessa;

1940 4871 2195 4918 renovata
2254 4869 2339 4919 est
2394 4873 2575 4919 autem
2632 4865 2687 4918 in
2730 4863 2965 4927 Christo,
2998 4863 3089 4930 qui
3135 4868 3192 4915 et
3238 4859 3514 4914 secundus

1918 4954 2089 5009 Adam
2118 4964 2203 5010 est
2230 4956 2294 5008 ⁸ο.
2325 4955 2444 5022 Quo
2470 4964 2649 5011 autem
2674 4954 2832 5009 modo
2875 4952 3175 5009 renovata?
3229 4952 3514 5019 Quatenus

1919 5047 2063 5101 enim
2086 5055 2169 5103 est
2198 5048 2360 5111 Dens,
2389 5056 2445 5102 et
2493 5062 2559 5102 ex
2612 5046 2722 5101 Deo
2761 5044 3058 5102 secundum
3113 5054 3362 5101 naturam
3421 5045 3505 5100 Fi-

1920 5132 2023 5193 lius
2052 5137 2141 5207 (ex
2172 5136 2283 5192 Deo
2310 5139 2453 5192 enim
2483 5147 2538 5194 et
2594 5137 2755 5194 Patre
2803 5146 2963 5193 natus
2990 5138 3095 5208 est)
3126 5139 3378 5208 proprius
3430 5136 3513 5204 ip-

1920 5228 2053 5292 sius,
2082 5236 2136 5283 et
2170 5229 2223 5283 in
2250 5228 2388 5297 ipso,
2413 5238 2465 5283 et
2491 5244 2557 5285 ex
2595 5231 2711 5299 ipso
2768 5229 3004 5301 Spiritus
3029 5239 3130 5297 est,
3164 5229 3514 5300 quemadmo.

1930 5318 2055 5371 dum
2084 5332 2276 5387 nempe
2305 5319 2444 5374 idem
2484 5319 2739 5389 Spiritus,
2792 5330 2847 5375 et
2898 5320 2951 5374 in
3014 5322 3129 5390 ipso
3158 5321 3266 5376 Deo
3316 5333 3379 5373 ac
3404 5316 3513 5370 Pa-

1934 5417 2014 5464 tre
2045 5409 2378 5478 intelligitur.
2410 5410 2687 5478 Quatenus
2733 5424 2914 5466 autem
2974 5412 3147 5467 factus
3191 5422 3274 5466 est
3322 5409 3509 5469 homo.

1932 5499 2086 5555 nobis
2119 5499 2333 5570 similis,
2368 5501 2701 5572 impertitum
2732 5502 2934 5558 habere
2966 5501 3227 5571 Spiritum
3284 5494 3507 5549 dicitur.

3064 5698 3109 5728 "
3151 5695 3335 5761 Amos,
3381 5707 3510 5764 vin,

248 5752 335 5819 Η,
382 5751 467 5808 12.
540 5755 588 5788 ’⁸
616 5756 817 5815 Ezcclt.
860 5772 941 5824 tu,
982 5761 1071 5816 26.
1147 5764 1191 5797 ⁸⁷
1231 5751 1373 5822 Ρεξιι.
1413 5783 1576 5836 cxvu,
1607 5767 1697 5823 27.
1736 5751 1819 5801 Ῠ²Ἵ⁸

1933 5751 1996 5825 ἰι.
2040 5785 2097 5837 ιι,
2131 5751 2399 5824 εδξἿέἹ
2427 5751 2560 5826 Ἐάν.
2606 5751 2827 5839 ινζιεέξ
