3948 6208
465 369 571 427 579

1497 372 1557 430 S.
1597 373 1874 431 CYRILLI
1912 328 2384 435 ALEXANDRINI
2424 378 2746 437 ARCHIEP.

3618 388 3723 443 580

468 461 755 543 Descendit
778 490 959 558 itaque
978 502 1141 558 super
1165 488 1343 559 ipsum
1376 490 1430 545 in
1461 492 1643 561 specie
1687 493 2038 564 columba",

2159 498 2289 568 ῇμᾶς
2321 498 2584 567 γεγονὼς,
2610 500 2688 564 ὡς
2724 495 2804 564 εἷς
2835 500 2892 567 ἐξ
2926 501 3083 572 ἡμῶν
3112 503 3469 577 οἰκονομικῶς
3504 504 3721 558 ἐϐαπτί-

470 578 729 645 quoniam
760 590 943 635 nostra
974 582 1286 636 conditione
1316 592 1585 654 suscepta,
1622 593 1875 656 tanquam
1905 601 2044 642 unus

470 666 537 721 de
564 670 740 735 nobis,
770 681 825 726 et
873 673 1229 743 οἰκονομικῶς
1282 674 1585 744 baptizatus
1632 686 1736 732 est.
1789 677 1942 733 Tunc
1990 687 2046 735 et

465 762 722 831 proprius
746 761 865 831 ejus
898 764 1135 832 Spiritus
1170 766 1275 835 ipsi
1326 769 1559 837 desuper
1610 768 1768 824 datus
1826 768 2042 837 dicitur,

465 865 685 924 propter
711 865 959 909 naturam
1001 857 1298 911 humanam
1357 858 1627 914 videlicet.
1657 859 1725 913 Et
1781 860 1898 916 haec
1960 870 2047 918 est

466 945 783 1002 exinanitio.

538 1035 649 1102 Sic,
686 1053 785 1093 nec
810 1038 969 1094 aliter
998 1040 1218 1111 intelligi
1246 1041 1402 1096 debet
1435 1056 1451 1096 :
1485 1060 1503 1094 ι
1536 1042 1763 1113 Propter
1794 1058 1891 1099 nos
1920 1058 2048 1114 ege-

467 1143 571 1182 nus
599 1128 791 1193 factus,
830 1147 951 1186 cum
1004 1142 1148 1188 esset
1211 1132 1383 1197 dives,
1427 1141 1484 1186 ut
1538 1149 1637 1189 nos
1685 1133 1802 1201 ejus
1862 1134 2044 1205 inopia

469 1219 666 1276 divites
696 1222 947 1278 ﬁeremus
984 1223 1050 1277 ³¹.
1082 1242 1100 1274 ι
1139 1222 1302 1278 Datus
1329 1234 1413 1279 est
1440 1226 1586 1279 enim
1616 1224 1853 1293 Spiritus
1908 1226 2047 1280 Ada-

469 1326 578 1377 mo,
604 1313 814 1379 utdixi,
874 1314 926 1368 in
982 1314 1268 1385 principio,
1324 1315 1417 1369 sed
1473 1332 1575 1370 non
1616 1318 2047 1372 mansitnaturaa

469 1399 758 1469 humanm;
797 1406 1227 1475 quandoquidem
1258 1406 1549 1461 declinavit
1580 1407 1631 1460 in
1687 1406 1964 1472 delictum,
1990 1414 2048 1461 et

469 1492 721 1560 prolapsa
751 1496 909 1549 estin
937 1507 1239 1565 peccatum.
1288 1496 1579 1568 Postquam
1634 1506 1814 1553 autem
1872 1498 2048 1555 factus

469 1596 552 1639 est
576 1602 797 1657 pauper,
828 1590 918 1659 qul
952 1601 1069 1646 erat
1091 1592 1261 1657 dives,
1307 1592 1650 1662 Unigenitus,
1701 1594 1944 1663 inquam,
1994 1602 2050 1649 et

470 1675 753 1730 nobiscum
800 1687 856 1732 ut
913 1679 1075 1734 homo
1128 1695 1250 1736 esse
1305 1683 1494 1752 coepit,
1524 1692 1580 1738 et
1634 1684 1912 1753 proprium
1943 1683 2049 1739 sibi

473 1763 757 1836 Spiritum,
808 1779 869 1824 ut
913 1772 1265 1827 adventitium
1321 1776 1552 1843 accepit,
1637 1776 1837 1831 mansit
1888 1790 2050 1843 super

2150 589 2292 654 ζετο,
2335 590 2457 643 τότε
2512 592 2605 644 καὶ
2647 592 2708 646 τὸ
2745 592 2872 645 ίδιον
2915 594 3080 649 αὐτοῦ
3115 597 3341 667 Πνεῦμα
3385 594 3537 650 δοτδν
3580 595 3722 667 αὐτῷ

2150 685 2355 738 ἄνωθεν
2397 685 2649 753 γενέσθαι
2698 685 2942 754 λέγεται,
2984 688 3075 743 διὰ
3123 689 3187 743 τὸ
3218 688 3575 760 ἀνθρώπινον.
3616 689 3723 743 Καὶ

2149 776 2308 831 τοῦτό
2328 780 2475 832 ἐστιν
2500 779 2533 849 ἡ
2564 778 2809 842 κένωσις.

2220 1022 2410 1093 Νοοῖτο
2444 1039 2487 1092 δ’
2528 1040 2594 1094 ἂν
2636 1040 2797 1101 οῦτω,
2845 1042 2941 1094 καὶ
2983 1042 3082 1112 οὐχ
3118 1041 3357 1113 ἑτέρως,
3405 1060 3424 1093 ι
3453 1041 3531 1095 Δι’
3580 1043 3726 1114 ἡμᾶς

2154 1132 2463 1203 πτωχεῦσαι
2501 1131 2756 1198 πλούσιος
2785 1133 2881 1195 ὢν,
2912 1134 2977 1188 ἵν’
3000 1137 3162 1205 ἡμεῖς
3191 1137 3257 1206 τῇ
3293 1133 3457 1187 αὑτοῦ
3489 1137 3731 1205 πτωχείᾳ

2152 1220 2559 1292 πλουτήσωμεν.
2586 1241 2605 1276 t
2634 1223 2851 1277 Δέδοται
2880 1224 2979 1295 μὲν
3001 1225 3128 1296 γὰρ,
3153 1224 3229 1288 ὡς
3250 1224 3409 1295 ἔφην,
3429 1224 3489 1277 τὸ
3511 1224 3731 1295 Πνεῦμα

2151 1311 2229 1382 τῷ
2275 1311 2445 1383 Ἀδὰμ
2470 1312 2528 1365 ἐν
2557 1315 2721 1385 ἀρχῇ,
2754 1314 2890 1385 πλὴν
2910 1315 2971 1368 οὐ
3002 1316 3312 1386 μεμένηκεν
3337 1316 3402 1385 τῇ
3442 1313 3731 1384 ἀνθρώπου

2154 1402 2333 1472 φύσει.
2359 1405 2677 1458 Διανένευκε
2703 1405 2813 1476 γάρ
2867 1406 2949 1470 είς
2979 1406 3041 1459 τὸ
3089 1405 3430 1477 πλημμελὲς,
3464 1407 3559 1458 καὶ
3598 1422 3733 1476 παρ⁶

2152 1492 2379 1546 ὤλισθεν
2399 1495 2479 1557 είς
2496 1494 2789 1565 ἁμαρτίαν.
2809 1494 3026 1566 Ἐπειδὴ
3051 1494 3108 1547 δέ
3136 1494 3448 1565 ἐπτώχευσε
3480 1493 3733 1557 πλούσιος

2154 1584 2228 1638 ὣν
2270 1585 2299 1638 ὁ
2332 1586 2667 1656 Μονογενὴς,
2719 1587 2814 1640 καὶ
2867 1586 2987 1657 μεθ’
3035 1588 3068 1655 ἡ
3080 1585 3194 1656 μῶν
3237 1585 3314 1649 ὡς
3349 1584 3642 1657 ἄνθρωπος
3678 1586 3733 1637 τὸ

2156 1675 2285 1729 ἴδιον
2324 1677 2399 1738 ὡς
2447 1675 2685 1729 ἐπακτὸν
2732 1676 2950 1743 ἐδέξατο
2988 1674 3215 1746 Πνεῦμα
3237 1717 3251 1741 ,
3302 1676 3618 1748 μεμένηκεν
3655 1678 3731 1729 ἐπ’

2154 1768 2336 1823 αὐτόν·
2373 1768 2476 1838 ἔφη
2507 1768 2615 1840 γάρ
2650 1768 2824 1832 οῦτως
2861 1769 3118 1839 Ἰωάννης
3143 1768 3172 1821 ὁ
3201 1766 3621 1839 εὐαγγελιστὴς,
3653 1767 3733 1820 ἵνα

470 1872 596 1913 eum
631 1860 698 1926 ³⁸,
728 1870 785 1915 ιιι
812 1860 1049 1919 Joannes
1080 1864 1407 1935 evangelista
1435 1867 1645 1933 scribit,
1698 1876 1756 1922 ut
1811 1868 1865 1921 in
1893 1866 2050 1923 nobis

2159 1859 2246 1912 καὶ
2276 1860 2332 1911 ἐν
2367 1860 2498 1929 ἡμῖν
2531 1862 2833 1930 κατοικήσῃ
2859 1860 3069 1924 λοιπὸν,
3096 1860 3172 1924 ὼς
3204 1861 3305 1931 ήδη
3339 1858 3658 1931 μεμενηκὸς
3682 1859 3735 1911 ἐν

472 1963 692 2019 quoque
721 1953 774 2005 in
801 1961 1078 2022 posterum
1118 1954 1356 2020 habitet;
1385 1955 1600 2024 quando
1629 1954 1742 2025 jam
1772 1954 1969 2009 mansit
1994 1954 2047 2009 in

471 2040 686 2108 generis
710 2042 877 2096 nostri
915 2044 1172 2112 primitiis
1203 2046 1477 2111 secundis,
1513 2046 1564 2101 id
1594 2054 1701 2111 est,
1729 2046 1784 2100 in
1813 2046 2051 2103 Christo.

472 2131 554 2187 Ob
578 2132 679 2187 hoc
700 2133 896 2202 quippe
920 2136 1190 2190 secundus
1215 2136 1386 2191 Adam
1413 2138 1821 2208 cognominatus
1842 2148 1943 2194 est.
1977 2139 2055 2195 ld-

472 2223 622 2277 circo
649 2223 717 2277 ad
740 2224 1237 2293 incomparabiliter
1283 2226 1503 2282 meliora
1561 2230 1627 2283 de
1679 2228 1892 2297 integro
1948 2230 2052 2285 for-

472 2328 710 2380 mamur,
734 2323 791 2369 et
816 2316 1281 2385 regenerationem
1310 2332 1408 2387 per
1432 2316 1693 2389 Spiritum
1729 2320 1868 2376 felici
1899 2321 2054 2377 lucro

474 2406 851 2476 adipiscimur,
884 2423 988 2463 non
1017 2409 1247 2478 amplius
1280 2411 1509 2479 primam
1548 2412 1829 2480 habentes,
1872 2428 2058 2469 secun-

473 2498 601 2550 dum
650 2512 895 2565 carnem,
960 2500 1202 2567 inquam,
1252 2515 1373 2569 quae
1423 2513 1643 2571 peccato
1698 2512 1754 2558 et
1814 2504 2056 2559 interitui

474 2587 709 2646 obnoxia
776 2599 860 2646 est
930 2588 1268 2659 (Prudentia
1317 2592 1460 2647 enim
1516 2595 1699 2651 carnis
1755 2610 1901 2651 mors
1927 2596 1993 2663 ³³,

475 2689 668 2736 natura
714 2683 857 2753 sua),
884 2683 978 2738 sed
1028 2698 1153 2753 qua:
1190 2699 1420 2753 superna
1449 2692 1551 2751 est,
1580 2687 1894 2753 secundam,
1933 2701 2057 2757 qua:

472 2787 573 2842 per
612 2773 862 2843 Spiritum
915 2790 982 2830 ex
1042 2775 1154 2830 Deo
1207 2785 1327 2839 est;
1389 2776 1660 2847 siquidem
1700 2792 1885 2833 verum
1922 2789 2053 2834 est:

479 2882 500 2915 ι
534 2863 636 2930 Qui
667 2879 773 2918 non
808 2879 875 2919 ex
902 2866 1278 2934 sanguinibus,
1307 2880 1408 2921 nec
1441 2881 1507 2921 ex
1543 2867 1822 2923 voluntate
1847 2871 2053 2935 carnis,

473 2954 570 3007 sed
592 2967 659 3007 ex
681 2952 790 3007 Deo
817 2955 928 3007 nati
958 2955 1164 3009 sunt”.
1204 2974 1224 3007 ι
1257 2955 1550 3025 Oportebat
1612 2956 1776 3024 igitur
1830 2958 1884 3012 in
1932 2959 2057 3016 ﬁliis

475 3043 570 3097 Dei
605 3052 920 3099 numeratos
975 3043 1213 3113 Spiritus
1278 3046 1455 3101 sancti
1509 3048 1687 3115 gratia
1714 3046 2053 3120 locupletari.

2149 1953 2215 2023 τῇ
2259 1950 2351 2004 τοῦ
2395 1951 2585 2020 γένους
2626 1953 2848 2024 ἀπαρχῇ
2888 1953 3143 2025 δευτέρᾳ,
3182 1952 3432 2006 τουτέστι
3477 1951 3733 2022 Χριστῷο

2151 2042 2570 2111 κατωνόμασται
2608 2043 2717 2113 γὰρ
2747 2042 2835 2096 διὰ
2878 2041 3040 2096 τοῦτο
3100 2042 3195 2096 καὶ
3259 2040 3511 2112 δεύτερος
3535 2041 3735 2111 Ἀδάμ.

2150 2130 2420 2204 Διὸ,πρὸς
2463 2130 2524 2184 τὸ
2564 2131 2786 2201 ἄμεινον
2830 2130 3177 2202 ἀσυγκρίτως
3209 2128 3737 2201 ἀναστοιχειὼμεθα,

2152 2223 2248 2276 καὶ
2291 2223 2391 2293 τὴν
2431 2222 2521 2277 διά
2566 2222 2661 2276 τοῦ
2714 2222 3033 2293 Πνεύματος
3083 2223 3445 2291 ἀναγέννησιν
3481 2216 3542 2273 εὖ
3596 2219 3741 2292 μάλα

2153 2313 2530 2385 κερδαίνομεν,
2556 2314 2653 2368 οὐκ
2692 2312 2771 2367 ἑτι
2798 2313 2896 2385 τὴν
2931 2311 3155 2385 πρώτην
3193 2313 3431 2384 ἔχοντες,
3461 2312 3563 2381 τὴν
3596 2311 3740 2366 κατά

2155 2407 2362 2479 σάρκα,
2393 2406 2537 2477 φημὶ
2558 2446 2572 2471 ,
2610 2409 2708 2479 τὴν
2739 2409 2822 2470 είς
2858 2405 3065 2477 φθοράν
3105 2423 3187 2472 τε,
3231 2406 3325 2460 καὶ
3353 2404 3634 2477 ἁμαρτίαν
3664 2404 3741 2475 (τὸ

2153 2501 2262 2573 γὰρ
2292 2500 2543 2572 φρόνημα
2568 2500 2668 2570 τῆς
2706 2498 2908 2571 σαρκὸς
2944 2499 3207 2564 θάνατος,
3239 2496 3382 2551 κατὰ
3418 2497 3479 2550 τὸ
3516 2496 3737 2564 γένος),

2155 2593 2293 2647 ἀλλά
2338 2592 2437 2664 τὴν
2477 2591 2683 2645 ἄνωθεν
2715 2590 2997 2661 δευτέραν,
3031 2591 3131 2661 τὴν
3170 2592 3233 2643 ἐκ
3264 2589 3399 2643 Θεοῦ
3432 2589 3522 2643 διὰ
3569 2588 3740 2643 Πνεύο

2158 2700 2347 2754 ματος,
2376 2684 2532 2754 εἴπερ
2557 2683 2704 2735 ἐστιν
2724 2681 2944 2753 ἀληθὲς,
2979 2699 2997 2733 ι
3026 2681 3091 2735 Οἳ
3118 2680 3217 2734 οὐκ
3237 2680 3295 2747 ἐξ
3322 2679 3596 2750 αἱμάτων,
3628 2680 3745 2734 οὐδὲ

2154 2777 2220 2829 ἐκ
2248 2774 2552 2845 θελήματος
2592 2775 2792 2846 σαρκὸς
2813 2814 2827 2839 ,
2871 2774 2986 2829 ἀλλ’
3031 2776 3096 2828 ἐκ
3122 2774 3259 2828 Θεοῦ
3291 2772 3690 2843 ἐγεννήθησαν.
3722 2792 3739 2826 ι

2159 2868 2308 2921 Ἔδει
2337 2863 2430 2921 οὖν
2458 2866 2584 2931 τοὺς
2615 2869 2672 2920 ἐν
2704 2866 2915 2931 τέκνοις
2941 2866 3076 2921 Θεοῦ
3109 2866 3475 2937 τεταγμένους
3512 2866 3624 2937 τὴν
3656 2864 3747 2920 τοῦ

2155 2958 2313 3026 ἁγίου
2350 2956 2667 3025 Πνεύματος
2715 2956 3160 3027 καταπλουτῆσαι
3204 2956 3389 3026 χάριν.
3436 2955 3747 3027 Ἐνήργησε

2154 3049 2212 3102 δὲ
2254 3048 2350 3103 καὶ
2394 3046 2555 3101 τοῦτο
2588 3047 2821 3119 Χριστὸς
2866 3050 2947 3113 είς
2993 3048 3163 3118 ἡμᾶς,
3198 3048 3294 3101 καὶ
3324 3046 3500 3117 λέγων
3534 3047 3747 3102 πιστώ-

475 3135 742 3203 Operatus
774 3141 858 3189 est
896 3143 1078 3190 autem
1109 3145 1162 3191 et
1201 3138 1302 3192 hoc
1346 3136 1402 3191 in
1465 3137 1623 3194 nobis
1644 3138 1911 3208 Christus,
1968 3142 2052 3196 cui

2159 3156 2309 3193 σεται
2341 3140 2546 3211 Πέτρος
2571 3155 2585 3168 ·
2624 3158 2643 3191 ι
2671 3140 2750 3211 Τῇ
2782 3140 2935 3210 δεξιᾷ
2960 3135 3054 3193 οὖν
3091 3138 3187 3192 τοῦ
3217 3138 3432 3212 Πατρδς
3482 3139 3747 3209 ὑψωθεὶς,

476 3223 636 3279 ﬁdem
670 3223 832 3281 faciet
856 3224 1053 3283 Petrus
1085 3242 1099 3280 :
1135 3244 1156 3280 ι
1190 3226 1421 3282 Dextera
1456 3228 1622 3298 igitur
1645 3229 1824 3286 Patris
1849 3231 2052 3287 exalta-

2159 3228 2260 3299 τήν
2289 3244 2349 3279 τε
2383 3210 2717 3295 ἐπαγγελίαν
2742 3210 2839 3279 τοῦ
2877 3226 3193 3298 Πνεῦματος
3232 3210 3350 3281 τοῦ
3374 3226 3531 3296 ἁγίου
3566 3227 3753 3283 λαδὼν

481 3324 621 3381 tus,»
649 3315 846 3384 inquit,
877 3333 898 3367 ι
930 3317 1355 3384 etpromissione
1378 3317 1615 3389 Spiritus
1640 3322 1813 3377 sancti
1839 3330 2058 3393 accepta

472 3422 509 3461 a
540 3406 720 3471 Patre,
750 3406 942 3463 effudit
989 3408 1153 3472 hunc,
1184 3424 1344 3479 quem
1377 3425 1472 3466 vos
1537 3411 1737 3467 videtis
1783 3422 1839 3468 et
1901 3414 2059 3468 audi-

479 3499 549 3553 tis
576 3498 642 3554 ³⁸.
681 3516 701 3551 ο
727 3498 951 3569 Accepit
974 3501 1190 3570 quidem
1227 3517 1254 3555 a
1290 3500 1452 3557 Patre
1481 3502 1767 3573 Spiritum,
1804 3504 1897 3573 qui
1920 3504 2061 3561 inest

477 3590 558 3645 illi
586 3591 936 3647 naturaliter:
973 3611 992 3644 ι
1025 3592 1223 3649 Ell‘udit
1254 3603 1436 3650 autem
1459 3595 1513 3650 in
1549 3610 1648 3652 nos
1678 3597 1892 3653 abunde
1923 3597 1988 3664 '°,
2035 3616 2056 3650 ι

478 3682 605 3753 quia
630 3684 769 3738 Deus
806 3686 1102 3740 secundum
1142 3694 1390 3740 naturam
1442 3696 1546 3753 est,
1587 3695 1644 3742 et
1693 3701 1823 3743 caro
1887 3688 2063 3746 factus

479 3785 583 3831 est.
619 3774 819 3831 Ell'udit
843 3790 1005 3845 porro
1023 3790 1188 3846 super
1214 3792 1430 3832 omnem
1452 3792 1668 3833 carnem
1693 3794 1709 3845 ;
1741 3779 1927 3847 utique
1958 3794 2063 3835 non

480 3869 653 3924 solum
699 3882 865 3938 super
890 3882 985 3924 eos
1018 3869 1109 3939 qui
1135 3884 1205 3923 ex
1247 3870 1664 3925 circumcisione
1689 3871 2062 3938 crediderunt,

479 3961 577 4016 sed
607 3976 771 4030 super
796 3975 988 4016 omnes
1021 3961 1341 4031 simpliciter
1360 3976 1459 4032 per
1485 3962 1644 4018 ﬁdem
1689 3970 1935 4028 vocatos,
1968 3976 2064 4018 seu

478 4067 699 4122 parvos,
731 4067 825 4108 seu
850 4069 1099 4125 magnos,
1130 4068 1323 4109 servos
1345 4064 1401 4110 et
1430 4053 1654 4119 liberos,
1707 4054 1974 4110 barbaros
2007 4064 2064 4109 et

480 4146 739 4215 Scythas.
774 4145 1058 4218 Proposita
1084 4155 1171 4204 est
1200 4147 1347 4202 enim
1375 4148 1545 4218 gratia
1576 4147 1771 4203 salutis
1804 4148 1857 4202 in
1902 4147 2064 4203 Chri-

481 4246 569 4292 sto
591 4238 757 4308 229
805 4238 1124 4295 mortalibus
1166 4238 1461 4304 universis,
1494 4240 1585 4309 qni
1646 4258 1664 4292 ι
1719 4249 1774 4296 et
1820 4241 1937 4311 ipse
1982 4248 2069 4296 est

483 4330 823 4397 exspectatio
867 4333 1112 4400 gentium
1140 4332 1207 4385 ⁸⁷.
1253 4349 1273 4384 ι
1302 4332 1455 4400 Quod
1510 4332 1558 4387 si
1612 4334 1829 4402 quidam
1883 4333 2066 4404 lingua

478 4422 787 4489 petulantes
838 4431 893 4475 et
928 4423 1224 4479 delirantes
1274 4423 1459 4477 dicant
1511 4436 1731 4477 carnem
1766 4423 1869 4478 dici
1902 4424 2067 4478 etiam

2160 3321 2314 3391 παρὰ
2352 3320 2446 3374 τοῦ
2479 3320 2725 3391 Πατρὸς,
2763 3319 2946 3390 ἐξέχεε
2999 3318 3160 3373 τοῦτο
3205 3318 3234 3371 ὃ
3279 3319 3439 3388 ὑμεῖς
3488 3319 3751 3391 βλέπετε,

2162 3414 2255 3466 καὶ
2283 3413 2531 3466 ἀκούετε.
2559 3431 2577 3463 ι
2607 3412 2830 3482 Δέχεται
2863 3410 2961 3480 μὲν
3007 3410 3115 3482 γὰρ
3144 3410 3222 3474 ὡς
3262 3410 3549 3483 ἄνθρωπος
3604 3414 3755 3484 παρὰ

2160 3502 2255 3556 τοῦ
2282 3503 2492 3573 Πατρδς
2516 3502 2577 3554 τὸ
2604 3502 2722 3555 ἐνὸν
2752 3500 2902 3571 αὑτῷ
2931 3502 3208 3570 φυσικῶςο
3245 3518 3265 3551 ι
3296 3502 3479 3572 Ἐκχεῖ
3505 3502 3564 3556 δὲ
3602 3504 3757 3557 πλου-

2165 3594 2297 3657 σίως
2331 3594 2414 3658 εἰς
2444 3594 2611 3665 ἡμᾶς,
2642 3612 2660 3645 ι
2698 3593 2779 3646 ὅτι
2819 3591 2952 3655 Θεὸς
2984 3592 3128 3647 κατά
3152 3591 3314 3661 φύσιν
3343 3593 3479 3657 ἐστὶ,
3517 3594 3623 3646 καὶ
3667 3595 3759 3663 γέ·

2162 3703 2285 3754 γονε
2310 3684 2464 3756 σάρξ.
2502 3685 2762 3756 Ἐκχεῖδέ
2788 3684 2885 3739 καὶ
2904 3684 2997 3738 ἐπὶ
3020 3687 3201 3739 πᾶσαν
3234 3685 3431 3757 σάρκα.
3457 3686 3568 3738 Kal.
3600 3686 3759 3741 τοῦτο

2162 3776 2341 3847 δῆλον,
2369 3776 2446 3839 ὡς
2474 3776 2575 3829 οὑκ
2608 3776 2701 3829 ἐπὶ
2734 3774 2929 3845 μόνους
2976 3775 3103 3839 τοὺς
3143 3776 3211 3828 ἐκ
3252 3774 3555 3847 περιτομῆς
3576 3814 3595 3841 ,
3641 3777 3761 3831 ἀλλ’

2165 3871 2248 3938 ἐφ’
2278 3869 2522 3931 ἅπαντας
2558 3867 2745 3931 ἁπλῶς
2784 3867 2911 3930 τοὺς
2947 3865 3037 3921 διὰ
3079 3867 3315 3930 πίστεως
3359 3866 3756 3938 καλουμένους,

2166 3960 2269 4014 κᾶν
2308 3958 2418 4012 είτε
2451 3958 2639 4031 μικροὶ
2666 3959 2761 4014 καὶ
2805 3958 3058 4029 μεγάλοι,
3105 3958 3280 4012 δοῦλοι
3313 3960 3408 4014 καὶ
3449 3960 3757 4033 ἐλεύθεροι,

2173 4051 2440 4125 βάρϐαροί
2486 4068 2545 4105 τε
2597 4052 2693 4105 καὶ
2747 4050 2973 4106 Σκύθαι.
3023 4052 3316 4123 Πρόκειται
3372 4051 3482 4124 γάρ
3540 4053 3651 4124 τῆς
3702 4057 3760 4107 ἐν

2165 4145 2388 4219 Χριστῷ
2431 4144 2762 4216 σωτηρίαςή
2801 4144 2961 4216 χάρις
3000 4146 3113 4207 τοῖς
3153 4145 3257 4198 ἀνὰ
3292 4147 3473 4199 πᾶσαν
3515 4144 3623 4216 τὴν
3667 4146 3760 4200 ὑπ’

2165 4237 2415 4309 οὐρανὸν,
2445 4238 2526 4291 δτι
2558 4253 2577 4287 ι
2606 4236 2717 4291 Καὶ
2749 4236 2913 4299 αὐτός
2942 4237 3059 4289 ἐστι
3088 4237 3389 4307 προσδοκία
3415 4238 3614 4297 ἐθνῶν,
3642 4258 3661 4291 ι
3694 4241 3761 4293 Et

2165 4328 2222 4382 δέ
2246 4329 2310 4402 δὴ
2337 4327 2545 4397 λέγοιέν
2571 4344 2715 4391 τινες
2742 4326 3262 4399 ἀθυροστομοῦντες,
3292 4331 3470 4401 σάρκα
3496 4330 3762 4399 λέγεσθαι

2168 4420 2263 4475 καὶ
2294 4420 2362 4475 τὰ
2401 4419 2595 4492 κτήνη,
2626 4419 3100 4491 παραληροῦντες,
3130 4421 3230 4493 ἤδη
3270 4438 3387 4485 πως
3422 4422 3759 4488 ἀκουόντων,

382 5128 397 5137 ,
483 5058 586 5127 ipsi
620 5060 855 5129 placent,
887 5075 1134 5135 prompte
1161 5064 1543 5136 praestiteritet
1573 5078 1765 5133 sapere
1808 5064 2059 5121 voluerit.

475 4511 742 4583 iumenta,
773 4510 996 4565 audiant
1028 4511 1303 4581 prophetae
1334 4510 1497 4580 hujus
1518 4525 1741 4581 scopum
1800 4515 1867 4566 ad
1898 4526 2052 4581 genus

2170 4512 2253 4565 ὅτι
2281 4511 2381 4581 τῆς
2404 4509 2740 4582 προφητείας
2767 4512 2794 4563 ὁ
2825 4510 3026 4574 σκοπὸς
3058 4512 3197 4565 κατὰ
3228 4512 3388 4581 μόνου
3421 4514 3766 4570 συντείνεται

483 4606 746 4658 duntaxat
770 4603 1066 4658 humanum
1094 4603 1366 4671 pertinere
1392 4618 1407 4657 :
1438 4621 1458 4656 ι
1493 4601 1605 4657 Nec
1637 4604 1704 4659 de
1737 4603 1909 4659 bobus
1937 4619 2052 4661 cura

2170 4603 2263 4658 τοῦ
2300 4601 2639 4674 ἀνθρωπείου
2677 4602 2886 4671 γένους,
2914 4603 3010 4656 καὶ⁹
3040 4604 3163 4673 οὐχὶ
3186 4602 3294 4656 τῶν
3325 4602 3465 4671 βοῶν
3496 4604 3656 4674 μέλει
3687 4606 3767 4676 τῷ

481 4695 697 4751 estDeo
724 4694 791 4761 ⁸⁸,
830 4713 849 4748 ι
872 4696 1015 4763 quod
1042 4695 1259 4764 sapiens
1300 4694 1505 4751 Paulus
1566 4696 1666 4751 ait.
1716 4695 2052 4767 Pr0phetatu-

2162 4694 2303 4766 Θεῷ,
2330 4692 2516 4757 καθὼς
2545 4692 2642 4746 καὶ
2674 4693 2704 4745 ὁ
2735 4694 2898 4762 σοφὸς
2928 4692 3031 4764 ἔφη
3066 4693 3296 4758 Παῦλος.
3346 4695 3767 4777 Προφητεύσειν

484 4802 577 4844 ros
608 4798 790 4845 autem
825 4788 957 4844 dicit
989 4788 1128 4844 tilios
1170 4798 1227 4844 et
1268 4788 1429 4853 tilias,
1458 4790 1646 4857 gratia:
1678 4789 2052 4861 plenitudinem

2162 4786 2222 4841 δέ
2289 4802 2454 4857 φησιν
2492 4784 2643 4847 υἱοὺς
2675 4784 2773 4838 καὶ
2812 4784 3135 4857 θυγατέρας,
3166 4785 3228 4838 τὸ
3259 4786 3355 4856 τῆς
3388 4786 3613 4858 χάριτος
3658 4788 3768 4857 ἀμ-

482 4876 539 4930 in
569 4878 688 4945 hoc,
713 4889 768 4936 et
799 4865 1041 4936 omnium
1078 4880 1130 4935 in
1169 4894 1235 4936 eo
1276 4878 1635 4950 aequalitatem
1696 4880 2052 4937 subindicans.

2166 4875 2396 4945 φιλαφές
2420 4875 2508 4930 διὰ
2536 4874 2696 4929 τοῦτο
2721 4875 3025 4948 ὑποδηλῶν,
3054 4876 3150 4931 καὶ
3178 4876 3240 4930 τὸ
3266 4877 3361 4930 ἐπὶ
3386 4878 3599 4940 πάντας
3624 4878 3765 4931 τσον.

482 4967 596 5023 Nec
617 4971 760 5025 enim
794 4983 1117 5042 aspernatur
1145 4973 1288 5030 Deus
1311 4971 1570 5027 muliebre
1599 4986 1793 5041 genus,
1826 4973 1894 5038 si,
1937 4988 2052 5043 qua:

2165 4970 2266 5043 Εῐη
2316 4969 2425 5041 γὰρ
2454 4968 2523 5023 ἂν
2555 4969 2657 5023 οὐκ
2707 4968 3014 5039 ἀπόϐλητον
3046 4968 3198 5041 παρὰ
3228 4969 3307 5041 τῷ
3348 4969 3470 5040 Θεῷ
3507 4970 3568 5022 τὸ
3623 4969 3768 5040 θῆλυ

2164 5061 2342 5131 γένος,
2373 5062 2423 5115 εί
2448 5060 2518 5115 τὰ
2548 5060 2698 5133 αὐτῷ
2723 5061 2983 5116 δοκοῦντα
3012 5062 3160 5133 δρῴη
3206 5078 3266 5115 τε
3312 5059 3633 5134 προθύμως,
3668 5062 3769 5115 καὶ

486 5148 599 5206 Nec
660 5152 1134 5221 irremuneratum,
1190 5166 1285 5211 aut
1334 5156 1785 5212 sanctiﬁcationis
1866 5171 2052 5228 expert

2172 5153 2279 5224 μὴν
2322 5154 2418 5207 καὶ
2477 5154 2652 5218 ἕλοιτο
2710 5156 2950 5225 φρονεῖν.
2997 5153 3136 5207 Οὔτε
3191 5154 3300 5224 μὴν
3356 5152 3688 5224 ἀγέραστον,
3733 5152 3766 5221 ἢ

482 5244 613 5309 erit,
652 5245 697 5301 si
731 5259 828 5315 per
857 5246 1016 5302 tidem
1038 5257 1091 5302 et
1117 5263 1341 5317 operum
1377 5249 1676 5305 bonitatem
1709 5250 1958 5306 alicunde
1984 5252 2052 5305 in-

2162 5246 2431 5318 ἀμέτοχον
2469 5246 2764 5318 ἁγιασμοῦ,
2804 5250 2853 5300 εἰ
2896 5246 2989 5301 διά
3021 5264 3080 5300 τε
3130 5247 3387 5310 πίστεως,
3424 5246 3518 5299 καὶ
3555 5245 3664 5313 τῆς
3706 5246 3767 5295 ἐν

488 5337 765 5393 claruerit.
808 5336 941 5390 Nam
977 5348 1033 5392 et
1076 5339 1253 5406 ipsum
1296 5341 1470 5409 gratia
1503 5351 1560 5396 et
1595 5343 1943 5399 miseratione
1988 5344 2052 5397 di-

2165 5337 2348 5410 ἔργοις
2386 5340 2687 5403 ἐπιεικείας
2729 5338 3051 5409 εὐδοκιμοῦν
3082 5339 3234 5392 ἔσται
3273 5337 3459 5391 ποθέν.
3502 5333 3769 5400 Ἢξίωται

487 5440 707 5501 gnatum
727 5439 829 5494 est,
850 5440 905 5485 et
929 5430 1124 5501 pignus
1157 5431 1393 5500 Spiritus
1423 5450 1451 5488 a
1481 5435 1591 5491 Deo
1607 5436 1898 5506 accepit,et
1928 5436 1979 5489 in
2006 5435 2052 5489 li-

2166 5432 2275 5502 γάρ
2310 5431 2407 5484 καὶ
2450 5429 2583 5485 αὐτὸ
2628 5430 2850 5500 χάριτός
2885 5446 2982 5494 τε,
3030 5430 3127 5483 καὶ
3181 5428 3490 5499 οἰκτιρμοῦ,
3538 5427 3635 5479 καὶ
3672 5425 3768 5478 τὸν

488 5521 577 5577 liis
607 5521 675 5577 ab
701 5536 767 5578 eo
791 5530 1087 5591 reputatur.
1124 5522 1380 5579 Seniores
1405 5526 1617 5581 somnia
1675 5528 2052 5592 somniaturos,

2166 5521 2464 5594 ἀρραϐῶνα
2505 5521 2601 5576 τοῦ
2653 5521 2968 5594 Πνεύματος
3016 5520 3233 5628 δέχεται
3276 5518 3428 5589 παρὰ
3466 5516 3624 5570 Θεοῦ.
3661 5516 3771 5570 As-

488 5723 839 5800 .__'°__Dlatth.
868 5740 959 5800 tu,
993 5721 1111 5800 _l_6._
1164 5724 1205 5755 ³¹
1238 5723 1277 5778 ll
1315 5724 1454 5800 Cor._
1480 5725 1699 5800 _Vlil,__8_,
1725 5724 1781 5800 ρ.
1858 5725 1902 5756 ³²
1935 5722 2052 5800 Joai

2159 5775 2164 5792 ,
2195 5730 2284 5787 32.
2363 5732 2406 5765 ³³
2425 5728 2581 5788 Rom.
2609 5729 2802 5800 “11,6.
2880 5729 3091 5787 "Joan.
3113 5744 3151 5798 ι,
3184 5728 3267 5784 l5.
3345 5729 3389 5761 ³⁵
3422 5728 3628 5791 Actu,
3668 5723 3766 5782 35.

498 5793 544 5826 “
583 5794 693 5851 Tit.
736 5813 817 5867 ut,
858 5796 910 5852 6.
989 5795 1033 5828 ³⁷
1072 5794 1207 5853 Gen.
1240 5811 1391 5862 xux,
1434 5794 1519 5852 lt).
1598 5795 1643 5827 ³⁸
1672 5796 1691 5849 l
1721 5793 1846 5851 Cor.
1880 5811 1956 5864 ix,
1982 5796 2033 5851 9.
