3950 6200
253 366 352 423 581

1146 376 1696 439 COMMENTARIUS
1734 382 1802 438 IN
1837 383 2103 442 JOELEM
2145 386 2593 446 PROPHETAM.

3406 390 3516 445 582

251 485 501 553 λόγισται
525 484 583 539 δὲ
608 487 701 539 καὶ
726 486 786 541 ἑν
813 487 1043 555 τέκνοις.
1072 493 1481 570 Πρεσϐυτέρους
1508 500 1606 571 μὲν
1633 495 1726 555 οῦν
1752 504 1816 557 sv.

1931 505 2160 572 juvenes
2195 506 2432 561 visiones
2459 507 2671 562 visuros
2693 504 2843 560 dicit.
2875 503 3110 559 Senilem
3142 512 3353 557 aetatem
3414 518 3507 573 ap-

251 574 468 637 υπνίοις
506 575 672 643 φησὶν
700 578 1241 651 ὲνυπνιασθήσεσθαι,
1278 586 1505 656 ὄψεσθαι
1536 589 1593 642 δὲ
1621 591 1841 660 ὁράσεις

248 668 384 729 τοὺς
429 667 765 732 νεανίσκους,
799 672 1167 747 πρεσϐυτικήν
1201 678 1417 747 ἡλικίαν
1463 680 1657 749 λέγων,
1707 683 1839 736 καθ-

251 756 447 829 ώσπερ
487 755 726 831 ἐγῷμαι,
769 764 865 835 τήν
906 768 1149 838 ποιότητι
1189 771 1290 839 τῆς
1332 772 1537 842 ἀρετῆς
1573 774 1839 845 προῦχου-

254 850 355 901 σάν
386 868 469 916 τε,
500 854 596 906 καὶ
640 856 1065 929 ὑπερκειμένην,
1100 861 1192 913 καὶ
1222 856 1334 915 οἷον
1366 863 1636 935 λαμπροῖς
1671 885 1839 920 πεπο-

248 940 531 1014 λιωμένην
569 948 975 1019 κατορθώμασι,
1005 953 1099 1005 καὶ
1130 955 1390 1024 φρονήσει
1426 959 1491 1026 τῇ
1530 956 1834 1031 τελεωτάτη

250 1031 685 1104 διαπρέπουσαν,
738 1041 831 1092 καὶ
878 1041 1356 1116 τεθαυμασμένην,
1412 1048 1593 1111 ὁποῖός
1644 1065 1727 1113 τις
1769 1046 1835 1119 ἦν

252 1125 347 1177 καὶ
389 1126 626 1190 Παῦλος,
663 1129 721 1192 ὃς
751 1130 1002 1185 τεθέαται
1033 1134 1152 1187 καθ’
1180 1135 1347 1190 ὕπνον
1386 1139 1555 1211 ἄνδρα
1575 1142 1693 1194 τινὰ
1727 1142 1835 1195 τῶν

248 1215 318 1267 ἐκ
349 1216 696 1282 Μακεδόνων,
720 1220 1138 1292 ἑκλιπαροῦντα,
1166 1227 1259 1280 καὶ
1289 1226 1513 1296 λέγοντα
1534 1247 1546 1261 σ
1586 1248 1606 1283 ι
1635 1232 1832 1296 Διαϐὰς

248 1306 333 1367 είς
363 1307 706 1362 Μακεδονίαν
734 1309 997 1382 βοήθησον
1036 1317 1188 1385 ἡμῖν.
1216 1336 1235 1368 ι
1276 1318 1521 1384 Ἀνανίας
1548 1322 1604 1374 δὲ
1634 1323 1743 1377 τῶν
1775 1325 1833 1377 ἐν

248 1396 436 1451 πίστει
480 1398 950 1474 δεδοκιμασμένων
987 1408 1179 1479 ὅρασιν
1217 1411 1305 1463 ἐπ’
1330 1412 1479 1484 αὐτῷ
1510 1414 1711 1486 Παύλῳ
1746 1434 1833 1470 τε-

247 1487 461 1544 θέαται.
486 1491 707 1563 Ἐπειδὴ
749 1496 857 1567 γὰρ
894 1492 1027 1567 ἧκεν
1056 1501 1136 1563 είς
1167 1504 1477 1572 Δαμασκὸν,
1510 1506 1656 1577 αὐτῷ
1690 1508 1833 1561 κατὰ

242 1581 347 1649 τὴν
398 1581 517 1635 ὁδὸν
572 1584 827 1653 ὀφθέντος
882 1589 1150 1659 Χριστοῦ,
1198 1590 1316 1647 εἶτα
1378 1598 1443 1667 τῇ
1494 1596 1588 1650 τοῦ
1655 1599 1831 1667 φωτὸς

243 1672 503 1745 ἀστραπῇ
549 1676 647 1747 τὴν
676 1677 797 1747 ὄψιν
838 1681 1113 1753 ἠδίκηται,
1140 1684 1538 1757 τεθεράπευται
1570 1688 1658 1742 διὰ
1690 1691 1829 1759 Χρι-

245 1764 399 1817 στοῦ.
445 1766 759 1836 Γέγραπται
797 1771 855 1824 δὲ
903 1772 1077 1836 οὕτως
1120 1776 1317 1831 πάλιν·
1352 1796 1371 1830 ι
1402 1774 1510 1831 Ἦν
1552 1779 1610 1832 δέ
1650 1798 1737 1844 τις
1770 1784 1828 1835 ὲν

240 1857 525 1928 Δαμασκῷ
561 1860 807 1931 μαθητὴς
845 1862 1068 1933 ὀνόματι
1097 1866 1365 1931 Ἀνανίας.
1393 1869 1503 1923 Καὶ
1542 1864 1662 1923 εἷπε
1692 1872 1828 1942 πρὸς

239 1947 409 2001 αὐτὸν
438 1951 467 2001 ὁ
499 1950 703 2021 Κύριος
741 1953 798 2005 ὲν
825 1953 1362 2025 ὀράματνἌθαστὰς
1398 1960 1693 2032 πορεύθητι
1735 1964 1827 2017 ἐπὶ

236 2035 338 2107 τὴν
388 2038 594 2109 ῥύμην,
640 2040 741 2112 τήν
778 2043 1116 2116 καλουμένην
1152 2046 1320 2117 Εύθῆ,
1373 2049 1465 2101 καὶ
1506 2047 1739 2120 ζήτησον
1767 2054 1826 2107 ἐν

235 2127 387 2197 οἰκίᾳ
420 2129 594 2182 Ἰούδα
622 2131 792 2185 Σαοὺλ
818 2134 1064 2204 ὀνόματι,
1090 2135 1328 2207 Ταρσέα.
1356 2156 1374 2189 ι
1402 2136 1647 2201 Ἀκούεις
1677 2140 1827 2200 ὅπως

235 2218 294 2272 ὲν
324 2219 570 2291 ὁράματι
621 2223 881 2296 λελάληκε
933 2226 1068 2297 πρὸς
1099 2226 1381 2293 Ἀνανίαν;
1414 2226 1522 2283 Ἦν
1563 2230 1672 2302 γάρ
1721 2248 1823 2283 που

231 2310 377 2380 τάχα
404 2314 507 2384 τὴν
541 2315 725 2370 πίστιν
760 2318 1026 2389 ἀνδρεῖος.
1059 2320 1153 2372 καὶ
1181 2320 1398 2384 νεανίας
1438 2321 1538 2392 τὴν
1566 2321 1701 2388 ἕξιν,
1731 2324 1825 2376 καὶ

233 2402 557 2473 σφριγῶσαν
590 2405 727 2476 ἔχων
758 2410 836 2471 εἰς
868 2408 929 2460 τὸ
968 2408 1173 2476 ἀγαθὸν
1207 2408 1306 2480 τὴν
1335 2410 1580 2481 γνώμην,
1616 2410 1822 2482 ἄθραυ-

232 2509 361 2556 στος
397 2495 480 2556 είς
517 2495 677 2566 ἀκὴν,
716 2497 872 2568 δῆλον
905 2499 961 2552 δὲ
992 2499 1075 2551 ὅτι
1105 2498 1203 2569 τὴν
1239 2502 1634 2571 πνευματικήν.
1682 2501 1820 2555 Καθ’

230 2583 403 2639 ὕπνον
444 2586 502 2639 δὲ
534 2587 730 2658 Παύλῳ
761 2588 861 2652 τὰς
891 2588 1043 2653 λιτὰς
1080 2589 1253 2644 ἐδόκει
1292 2592 1619 2662 προσφέρειν
1645 2595 1672 2646 ό
1701 2594 1819 2646 Μα-

230 2675 427 2741 κεδὼν,
466 2672 536 2748 ἦν
561 2678 670 2750 γὰρ
712 2680 809 2749 τὴν
856 2680 1028 2749 φρένα
1053 2682 1391 2752 πρεσϐύτης,
1433 2682 1525 2735 τὸν
1557 2683 1680 2737 νοῦν
1714 2701 1818 2755 γη·-

230 2767 410 2837 ραιὸς,
440 2770 537 2823 καὶ
563 2770 663 2840 τῆς
698 2772 903 2826 ἄνωθεν
937 2773 1129 2841 σοφίας
1166 2773 1438 2844 ἔμπλεως.
1471 2774 1817 2845 Προσεφώνει

226 2856 285 2910 δέ
318 2876 421 2912 mu
470 2862 567 2914 καὶ
610 2864 639 2915 ὁ
690 2864 849 2932 σοφὸς
895 2864 1150 2935 Ἰωάννης
1194 2868 1305 2929 τοῖς
1348 2866 1707 2936 ήγιασμένοις
1757 2870 1816 2921 ἐν

224 2946 451 3019 Χριστῷ
481 2949 572 3003 διὰ
622 2950 857 3016 πίστεως
883 2970 897 2984 ’
940 2971 959 3005 ι
994 2954 1197 3023 Γράφω
1227 2954 1378 3024 ύμῖν,
1428 2955 1695 3025 πατέρες,
1734 2957 1815 3009 ὅτι

223 3038 505 3107 ἐγνώκατε
532 3040 625 3093 τὸν
650 3042 744 3096 ἀπ’
769 3043 963 3114 ἀρχῆς.
1005 3043 1207 3116 Γράφω
1231 3044 1378 3114 ὑμῖν,
1415 3033 1708 3109 νέανίσκοι,
1732 3048 1813 3101 ὄτι

222 3129 441 3198 ίσχυροί
471 3132 616 3195 ἔστε,
660 3132 755 3185 καὶ
783 3133 1102 3203 νενικήκατε
1132 3133 1225 3187 τὸν
1262 3134 1515 3203 πονηρόν.
1546 3153 1565 3185 ι
1608 3136 1811 3203 Ἐπαγ-

1938 598 2103 668 pellat
2133 598 2215 668 (ut
2240 599 2371 652 mihi
2430 598 2647 668 quidem
2701 584 2898 667 placEt)
2945 595 3159 648 virtutis
3205 596 3513 664 pnes'tantia

1940 688 2353 757 prominentem,
2379 699 2432 744 et
2463 703 2799 758 progressam
2830 688 2881 741 in
2914 703 2976 741 ea
3014 686 3242 756 longius,
3275 694 3329 738 et
3356 686 3513 755 quasi

1938 779 2238 835 illustribus
2264 779 2422 835 factis
2454 794 2667 845 canam,
2701 788 2755 834 et
2777 777 3178 833 absolutissima
3228 778 3511 842 prudentia

1937 872 2192 926 eximiam
2211 882 2263 925 et
2287 871 2658 925 admirandam
2692 886 2705 920 :
2740 870 2915 940 qualis
2941 878 3058 923 erat
3087 867 3303 931 Paulus,
3335 868 3423 935 qui
3457 867 3510 919 in

1936 960 2142 1015 somnis
2176 960 2310 1014 vidit
2343 961 2515 1011 virum
2547 957 2897 1013 Macedonem
2953 968 3196 1011 orantem
3235 972 3297 1009 ac
3330 956 3510 1009 dicen-
3560 1000 3569 1011 ς

1938 1059 2045 1105 tem
2094 1050 2243 1104 sibi:
2309 1068 2327 1101 ι
2362 1049 2654 1103 Transiens
2742 1047 2793 1101 in
2872 1047 3263 1112 Macedoniam,
3319 1046 3508 1113 adjnva

1936 1157 2034 1197 nos
2064 1143 2127 1196 δν.
2162 1160 2179 1193 ι
2207 1141 2445 1194 Ananias
2475 1149 2651 1193 autem
2684 1139 2734 1191 in
2766 1138 2868 1192 title
2907 1130 3184 1206 probatus,
3249 1136 3529 1191 visioncm‘

1935 1246 2095 1301 super
2117 1233 2231 1300 ipso
2258 1230 2424 1286 Paulo
2446 1231 2601 1293 vidit,
2639 1244 2761 1283 cum
2791 1229 3111 1282 Damascum
3136 1228 3224 1281 ille
3269 1229 3432 1293 venit,
3455 1236 3509 1281 ct

1933 1322 2184 1377 Christus
2214 1323 2263 1376 ei
2292 1324 2343 1375 in
2371 1323 2455 1376 via
2480 1322 2750 1391 apparuit,
2789 1336 2852 1375 ac
2892 1322 3098 1391 fulgore
3132 1322 3350 1374 lttminis
3385 1323 3503 1375 visu

1932 1413 2182 1483 privavit,
2216 1413 2301 1467 ubi
2334 1428 2427 1483 per
2488 1412 2767 1467 Christum
2812 1422 3034 1467 curatus
3092 1422 3195 1467 est.
3235 1412 3507 1479 Scriptum

1931 1514 2014 1559 est
2042 1504 2126 1559 his
2157 1504 2342 1559 verbis
2383 1522 2396 1556 :
2435 1522 2452 1554 t
2482 1502 2611 1556 Erat
2637 1513 2816 1557 autem
2845 1504 3062 1571 quidam
3087 1501 3378 1570 discipulus
3408 1500 3509 1554 Da-

1932 1592 2121 1656 masci,
2157 1593 2374 1647 nomine
2400 1592 2658 1646 Ananias.
2689 1592 2752 1644 Et
2784 1592 2919 1646 dixit
2946 1593 3011 1645 ad
3083 1591 3232 1644 illum
3287 1592 3339 1644 in
3390 1592 3507 1644 visu

1931 1682 2189 1737 Dominus
2219 1700 2234 1736 :
2267 1680 2456 1751 Surge,
2477 1691 2530 1735 et
2561 1682 2695 1735 vade
2726 1683 2774 1734 in
2806 1683 2982 1735 vicum
3022 1683 3115 1751 qni
3170 1682 3366 1736 dicitur
3402 1680 3509 1736 [ie-

1931 1781 2069 1838 ctus,
2094 1782 2147 1828 et
2176 1788 2358 1842 quaere
2384 1774 2436 1828 in
2466 1774 2627 1827 domo
2646 1772 2797 1827 .ludae
2837 1772 3058 1827 Saulnm
3110 1776 3328 1827 nomine
3368 1772 3507 1825 Tar-

1859 1858 1900 1911 B
1929 1878 2141 1918 scnsem
2172 1861 2238 1916 ⁸⁸.
2279 1881 2297 1914 ι
2335 1861 2503 1916 Audis
2556 1870 2613 1914 ut.
2658 1862 2776 1915 visu
2859 1861 3163 1928 alloquatur
3214 1858 3501 1913 Ananiatn.

1929 1953 2078 2019 Erat,
2118 1963 2175 2007 ut
2203 1962 2353 2022 puto,
2390 1952 2491 2007 ﬁde
2515 1953 2688 2018 fortis,
2741 1952 2926 2006 habitu
2983 1960 3259 2013 strenuus,
3325 1948 3506 2001 animo

1928 2047 1994 2100 ad
2026 2046 2279 2100 virtutem
2316 2046 2556 2111 incitato,
2581 2043 2847 2115 spirituali
2902 2042 3100 2097 robore
3134 2039 3417 2094 infractus.
3444 2034 3505 2092 lu

1926 2136 2132 2191 somnis
2162 2146 2341 2189 autem
2374 2134 2592 2190 Macedo
2653 2134 2878 2187 Paulum
2936 2146 3130 2203 rogare
3175 2129 3500 2193 videbatur;

1923 2234 2043 2279 erat
2068 2225 2211 2280 enim
2237 2225 2434 2279 Paulus
2463 2235 2641 2279 mente
2662 2240 2848 2289 senex,
2882 2223 3062 2277 animo
3088 2220 3405 2290 grand:evus
3449 2228 3505 2272 et

1924 2316 2128 2373 caelesti
2162 2318 2422 2379 sapientia
2474 2318 2681 2387 plenus.
2716 2316 3014 2386 Compellat
3034 2328 3164 2368 vero
3201 2323 3256 2367 et
3287 2311 3505 2380 sapiens

1920 2406 2157 2464 Joannes
2182 2410 2549 2465 sanetilicatos
2580 2411 2633 2464 in
2667 2410 2884 2464 Christo
2940 2423 3035 2477 per
3070 2406 3251 2470 ﬁdem,
3288 2405 3339 2457 in
3388 2405 3505 2457 haec

1920 2506 2085 2557 verba
2123 2520 2137 2557 :
2172 2521 2191 2553 ι
2222 2501 2412 2557 Scribe
2446 2504 2614 2566 vobis,
2652 2513 2857 2571 patres,
2896 2500 3153 2569 quoniam
3171 2492 3502 2567 cognovistis

1921 2608 2041 2647 eum
2075 2594 2165 2661 qui
2194 2595 2262 2647 ab
2289 2594 2442 2647 initio
2466 2603 2567 2647 est.
2618 2591 2812 2646 Scribo
2848 2592 3023 2655 vobis,
3054 2590 3308 2659 juvenes,
3366 2601 3501 2655 quo-

1919 2685 2061 2738 niam
2096 2683 2261 2738 fortes
2290 2684 2443 2747 estis,
2474 2691 2528 2736 et
2550 2684 2758 2736 vicistis
2783 2681 3074 2751 malignum
3098 2677 3501 2733 ".iPollicetur

1918 2774 2097 2843 itaque
2119 2774 2377 2843 Spiritum
2406 2784 2653 2828 sanctum
2693 2774 2746 2826 in
2798 2774 3099 2826 servientes
3158 2770 3262 2824 sibi
3295 2766 3499 2823 elfusu-

1918 2880 2055 2918 rum.
2090 2864 2153 2917 Et
2182 2864 2271 2933 qui
2303 2873 2426 2919 sunt
2456 2864 2545 2917 isti
2582 2864 2842 2918 tandem?
2866 2863 3031 2933 230
3058 2862 3141 2915 An
3176 2860 3249 2914 illi
3276 2870 3499 2928 prorsus

1915 2955 2006 3025 qui
2028 2953 2263 3009 oraculis
2323 2954 2650 3024 evangelicis
2701 2955 2967 3009 cervicem
3016 2952 3198 3021 cordis
3267 2949 3499 3005 submit-

1916 3058 2056 3114 tunt,
2111 3063 2141 3102 a
2194 3048 2340 3102 cultu
2397 3049 2452 3103 in
2511 3050 2678 3118 tignra
2719 3048 3080 3112 discedentes,
3107 3055 3162 3101 et
3217 3060 3246 3098 a
3294 3041 3498 3097 Grazca:

1915 3140 2317 3209 superstitionis
2361 3141 2680 3211 deceptione
2729 3140 3089 3204 desistentes,
3149 3148 3207 3193 ut
3262 3135 3486 3207 quidam

218 3197 477 3289 τέλλεται
504 3224 568 3296 δὴ
599 3220 691 3279 οὖν
720 3224 820 3297 τὴν
852 3197 1008 3296 χύσιν
1045 3225 1139 3278 τοῦ
1182 3197 1497 3298 Πνεύματος
1546 3231 1657 3291 τοῖς
1694 3197 1814 3282 δου-
1840 3197 1886 3256 C
1917 3197 1997 3283 ait
2014 3229 2037 3283 ἲ

217 3311 464 3369 λεύουσιν
491 3315 661 3387 αὐτῷ.
687 3316 841 3382 Τίνες
865 3317 909 3371 δ’
934 3317 1001 3371 ἂν
1022 3320 1069 3371 οἱ
1099 3317 1290 3371 τοιοίδε
1321 3318 1515 3386 πάλιν;
1548 3319 1581 3390 ἢ
1612 3322 1809 3373 ἐκεῖνοι
1849 3321 2064 3385 πάντως
2114 3322 2165 3375 οἳ
2220 3325 2335 3386 τοῖς
2363 3322 2736 3391 εὐαγγελικοῖς
2767 3321 3132 3391 θεσπίσμασιν
3161 3318 3497 3385 ὑποφέρουσι

215 3406 311 3459 τὸν
338 3407 545 3477 αὐχένα
569 3409 667 3479 τῆς
695 3409 954 3475 διανοίας,
983 3409 1083 3481 τῆς
1134 3410 1234 3481 μὲν
1291 3412 1349 3465 ὲν
1389 3411 1546 3481 τύπῳ
1580 3413 1837 3484 λατρείας
1869 3414 2356 3485 ἀποφοιτήσαντες,
2391 3416 2708 3487 Ἑλληνικῆς
2740 3414 2795 3467 δὲ
2823 3414 3040 3484 ἀπάτης
3095 3407 3493 3479 ἀποπεπαυμέ-

214 3513 320 3557 νοι.
348 3496 491 3551 κατά
513 3497 607 3551 τὸν
632 3498 887 3567 λέγοντα;

286 3587 398 3642 Καὶ
438 3588 613 3642 δώσω
648 3588 861 3657 τέρατα
892 3590 961 3644 ἐν
992 3590 1073 3657 τῷ
1113 3591 1346 3660 οὐρανῷ
1378 3592 1520 3657 ἄνω,
1552 3593 1651 3647 καὶ
1683 3608 1801 3661 ση-

204 3679 350 3749 μεῖα
373 3679 477 3733 ἐπὶ
499 3680 611 3749 τῆς
638 3679 751 3751 γῆς
781 3680 960 3747 κάτω,
986 3679 1149 3753 αἷμα,
1172 3684 1271 3737 καί
1306 3684 1446 3751 πῦρ,
1469 3684 1567 3737 καί
1588 3686 1804 3755 ἀτμίδα

211 3768 477 3825 καπνοῦ.
515 3770 569 3823 '0
608 3770 783 3838 ἥλιος
820 3773 1387 3843 μεταστραφήσεται
1429 3775 1518 3839 εὶς
1563 3776 1802 3841 σκότος,

214 3860 312 3912 καὶ
341 3860 382 3927 ἡ
414 3859 652 3929 σελήνη
683 3863 771 3927 εις
809 3857 972 3930 αἷμα,
1011 3861 1154 3931 πρὶν
1190 3863 1390 3919 ἐλθεῖν
1432 3862 1548 3932 τὴν
1578 3864 1806 3934 ἡμέραν

215 3950 441 4018 Κυρίου
466 3950 586 4019 τὴν
609 3953 882 4021 μεγάλην
911 3952 1011 4006 καὶ
1041 3952 1327 4024 ἐπιφανῆ.

282 4042 435 4109 Δεῖν.
476 4042 601 4095 Ἐπὶ
654 4045 775 4106 ταῖς
826 4043 1159 4108 δυσσεϐείαις
1208 4044 1315 4099 τῶν
1352 4045 1640 4112 Ἰουδαίων,
1682 4048 1801 4110 ταῖς

213 4135 294 4198 εἰς
348 4134 593 4205 Χριστὸν
634 4136 1050 4207 γεγενημέναις,
1080 4138 1175 4191 καὶ
1207 4138 1346 4211 αὑτὴ
1380 4138 1488 4193 τῶν
1523 4140 1805 4210 στοιχείων

212 4227 619 4298 δεδυσφόρηκεν
650 4229 686 4298 ή
734 4228 915 4296 φύσις.
972 4230 1405 4302 Κατωλοφύρετο
1444 4230 1501 4285 δὲ
1538 4231 1725 4302 ὥσπερ
1770 4232 1803 4302 ή

211 4320 413 4384 κτίσις,
438 4318 875 4392 καθυϐρισμένον
898 4322 1079 4393 ὁρῶσα
1102 4324 1194 4378 τὸν
1222 4324 1505 4389 κτίσαντα,
1534 4324 1629 4377 καὶ
1651 4326 1679 4377 ὁ
1706 4324 1805 4394 μὲν

213 4409 362 4474 θεῖος
395 4410 547 4475 ναὸς,
580 4411 657 4475 ὡς
684 4416 797 4477 τοῖς
828 4412 1119 4471 πενθοῦσιν
1150 4415 1433 4487 ἀσχάλλων
1462 4418 1519 4469 ὲν
1558 4414 1677 4485 ἴσῳ,
1706 4431 1804 4468 πε-

212 4504 598 4575 ριεῤῥήγνυτο.
625 4506 937 4578 Γέγραπται
975 4510 1105 4580 γὰρ,
1134 4509 1217 4563 ὅτι
1252 4526 1270 4560 t
1302 4509 1375 4561 Τὸ
1406 4507 1501 4562 τοῦ
1534 4507 1665 4562 ναοῦ
1698 4525 1798 4561 κα-
1835 4543 1879 4598 D

205 4596 542 4665 ταπέτασμα
566 4597 673 4649 ἀπὸ
704 4597 909 4652 άνωθεν
931 4599 1035 4663 ἕως
1059 4600 1209 4655 κάτω
1234 4598 1479 4671 ἐσχίσθη.
1506 4618 1527 4651 ι
1568 4600 1626 4652 '0
1654 4599 1803 4670 ήλιος

205 4687 261 4741 δὲ
295 4688 359 4741 τὸ
387 4688 593 4741 οίκεῖον
624 4689 903 4760 άνακὸψας
941 4689 1099 4754 σέλας
1130 4690 1229 4743 οὐκ
1272 4690 1423 4761 ἠξίου
1466 4690 1678 4759 φαίνειν
1720 4691 1801 4742 ἐτι

206 4781 321 4842 τοῖς
342 4779 438 4831 ἐπὶ
464 4779 561 4849 τῆς
591 4781 711 4851 γῆς.
741 4781 945 4834 Ἐποίει
970 4780 1077 4852 γάρ
1112 4780 1301 4844 σκότος
1330 4781 1439 4835 ἀπὸ
1465 4780 1613 4849 ὥρας
1638 4781 1801 4851 ἕκτης

207 4869 312 4931 ἓως
357 4869 609 4939 ἑννάτης,
652 4870 926 4941 ἐσχίζοντο
962 4871 1021 4925 δὲ
1049 4871 1143 4925 καὶ
1182 4871 1397 4943 πέτραι,
1433 4872 1573 4942 τάχα
1603 4871 1661 4925 δέ
1694 4888 1797 4924 που

208 4960 306 5012 καὶ
342 4961 478 5030 περὶ
507 4963 599 5015 τὸν
635 4964 733 5034 τῆς
769 4964 995 5035 σελήνης
1032 4964 1230 5018 κύκλον
1280 4964 1578 5036 ἐπράττετό
1611 4982 1663 5017 τι
1691 4963 1801 5018 τῶν

208 5050 520 5121 ἀσυνήθων,
545 5053 620 5117 ὡς
640 5053 815 5107 δοκεῖν
838 5056 918 5118 είς
941 5049 1080 5126 αἷμα
1109 5054 1582 5126 μεταπεποιῆσθαι
1606 5053 1799 5123 αὑτήν.

205 5142 505 5213 Σεσίγηται
544 5144 644 5215 μὲν
675 5142 771 5200 οῦν
803 5147 866 5201 τὸ
907 5147 1113 5201 τοιόνδε
1152 5150 1267 5211 τοῖς
1305 5148 1484 5217 ἁγίοις
1523 5144 1803 5215 εὐαγγελι-

205 5238 384 5298 σταῐς.
421 5236 741 5309 ’Δξιόχρεώς
765 5255 829 5307 γε
859 5239 964 5311 μὴν
989 5241 1022 5310 ή
1046 5240 1230 5303 πίστις
1250 5240 1315 5293 ὲκ
1339 5239 1693 5311 προφητείας,
1718 5240 1800 5292 ὅτι

206 5328 311 5396 μὲν
356 5331 470 5392 τοῖς
519 5330 615 5383 τοῦ
685 5333 1035 5403 Δημιουργοῦ
1114 5333 1378 5402 νεύμασιν
1422 5333 1521 5385 οὐκ
1569 5334 1626 5385 ὲν
1664 5330 1799 5401 ἡλίῳ

206 5420 371 5489 μόνον
419 5421 490 5475 τά
533 5426 734 5494 σημεῖα
777 5424 1023 5493 γέγονεν,
1072 5425 1187 5480 ἀλλ’
1229 5420 1340 5479 οἷον
1396 5425 1491 5494 ὅλη
1539 5423 1676 5495 πρὸς
1732 5423 1797 5476 τὸ

207 5511 460 5575 ἀκαλλὲς,
492 5514 589 5565 καὶ
609 5514 876 5585 ἀσύνηθες
898 5516 1037 5589 αὐτὴ
1067 5517 1524 5589 μετακεχώρηκεν
1551 5520 1584 5588 ἠ
1610 5516 1793 5587 φύσις,

214 5601 375 5669 σαφὲς
412 5601 481 5656 ἂν
511 5604 718 5673 γένοιτο
748 5605 883 5660 Θεοῦ
919 5607 1169 5677 λέγοντος
1198 5609 1283 5663 διὰ
1317 5610 1499 5680 φωνῆς
1533 5606 1789 5660 Ἡσαΐου·

1982 3588 2149 3643 Vitas.
2182 3589 2269 3653 50,
2308 3588 2399 3645 51.
2444 3588 2512 3643 Et
2553 3589 2690 3643 dabo
2719 3589 2962 3658 prodigia
3006 3591 3061 3644 in
3095 3590 3220 3645 caelo
3250 3608 3485 3659 sursum,

1909 3688 1956 3732 et
2006 3688 2251 3746 portenta
2299 3694 2453 3747 super
2500 3689 2696 3734 terram
2752 3684 3017 3747 deorsum,
3060 3684 3387 3752 sanguinem,
3442 3698 3493 3741 et

1908 3771 2101 3839 ignem,
2133 3782 2183 3825 et
2224 3788 2463 3841 vaporem
2512 3773 2666 3842 fumi.
2728 3772 2825 3828 Sol
2884 3785 3212 3828 convertatur
3249 3778 3302 3830 in
3352 3788 3492 3835 tene-

1908 3861 2054 3927 bras,
2095 3874 2143 3915 et
2184 3861 2311 3915 luna
2355 3863 2408 3916 in
2455 3864 2787 3933 sanguinem,
2836 3875 3117 3932 antequam
3168 3866 3338 3919 veniat
3378 3870 3491 3923 dies

1907 3950 2120 4005 Domini
2155 3970 2375 4023 magnus
2411 3964 2458 4009 et
2483 3956 2725 4009 illustris.
3408 3948 3409 3951 “

1983 4042 2226 4099 XXXVI.
2256 4045 2301 4098 A
2328 4045 2530 4101 Judaais
2555 4047 2720 4112 impie
2770 4048 2823 4102 in
2868 4048 3144 4103 Christum
3188 4049 3487 4119 designata,

1908 4137 2021 4208 ipsa
2057 4152 2271 4206 quoque
2321 4137 2711 4192 elementorum
2759 4146 2952 4191 natura
3000 4138 3213 4207 indigne
3246 4137 3390 4201 tulit,
3434 4148 3491 4192 et

1906 4239 2155 4285 creatura
2190 4238 2296 4282 tam
2325 4228 2716 4283 contumeliose
2746 4227 2989 4282 habitum
3022 4229 3238 4283 intuens
3263 4229 3491 4284 Creato-

1904 4336 2045 4386 rem,
2086 4320 2484 4389 quodammodo
2542 4319 2699 4387 luxit,
2732 4334 2796 4374 ac
2837 4319 3076 4375 divinum
3113 4320 3366 4389 templum
3408 4320 3491 4391 (ut

1906 4425 2059 4479 teque
2091 4424 2215 4465 cum
2262 4410 2368 4465 illis
2415 4409 2603 4466 dolens
2644 4424 2710 4466 ac
2760 4410 3038 4480 moestum)
3072 4409 3345 4481 diruptam
3377 4420 3482 4467 est.

1909 4505 2180 4576 Scriptum
2223 4505 2420 4576 quippe
2472 4512 2689 4561 exstat:
2725 4523 2743 4557 ι
2776 4504 2844 4559 Ει
2892 4503 3065 4558 velum
3111 4504 3291 4576 templi
3341 4507 3482 4561 scis-

1912 4614 2030 4655 sum
2076 4609 2161 4655 est
2193 4615 2223 4654 a
2266 4615 2480 4655 summo
2516 4614 2686 4669 usque
2730 4598 3066 4663 deorsum",
3103 4615 3122 4649 ι
3165 4607 3219 4653 et
3267 4596 3347 4653 sol
3393 4612 3484 4653 re-

1908 4703 2094 4758 presso
2144 4688 2431 4759 splendore
2480 4703 2600 4756 suo,
2656 4688 2975 4743 mortalibus
3021 4688 3203 4743 lucere
3253 4688 3488 4758 amplius

1910 4779 2097 4845 noluit,
2129 4780 2381 4835 tenebras
2410 4781 2554 4834 enim
2588 4780 2749 4834 rebus
2771 4777 2839 4832 ab
2868 4779 2998 4833 hora
3032 4787 3181 4833 sexta
3219 4792 3389 4846 usque
3414 4778 3489 4832 ad

1906 4886 2100 4925 nonam
2136 4870 2363 4925 induxit.
2413 4870 2608 4926 Scissa:
2646 4880 2771 4924 sunt
2817 4871 2946 4924 item
2992 4878 3179 4938 petrae.
3208 4867 3489 4924 Fortassis

1899 4962 2064 5017 etiam
2114 4971 2170 5017 et
2215 4963 2363 5016 circa
2412 4962 2554 5016 lunae
2609 4961 2795 5016 orbem
2856 4958 3175 5014 inusitatum
3224 4959 3478 5030 quiddam

1899 5052 2115 5115 accidit,
2147 5061 2208 5105 ut
2242 5065 2503 5106 conversa
2550 5050 2603 5104 in
2652 5050 2969 5119 sanguinem
3002 5049 3303 5106 videretur.
3343 5051 3483 5107 Tale

1898 5140 2153 5209 quiddam
2187 5142 2351 5211 igitur
2377 5141 2517 5195 sacri
2551 5140 2896 5209 evangelista:
2925 5141 3248 5197 omiserunt.
3283 5142 3483 5199 Verum

1898 5247 1963 5288 ex
1987 5232 2268 5302 prophetia
2301 5233 2434 5287 satis
2467 5232 2527 5288 lit
2557 5232 2836 5300 credibile,
2870 5244 2999 5289 nutu
3038 5234 3345 5292 Conditoris
3373 5251 3493 5291 noni

1897 5325 2055 5379 modo
2103 5325 2158 5378 in
2211 5324 2326 5380 sole
2373 5325 2529 5395 signa
2587 5324 2752 5391 facta,
2819 5327 2915 5382 sed
2962 5327 3117 5396 quasi
3166 5328 3478 5383 universam

1897 5433 2075 5473 rerum
2110 5428 2358 5473 naturam
2404 5420 2801 5475 deformitatem
2850 5430 2906 5475 et
2944 5421 3149 5474 vultum
3189 5420 3487 5490 quemdam-

1895 5511 2265 5567 inconsuetum
2305 5511 2563 5568 induisse.
2595 5511 2707 5567 Hoc
2735 5512 2979 5583 liquebit,
3011 5512 3119 5567 Deo
3151 5525 3249 5579 per
3275 5509 3487 5563 Isaiam»

1894 5604 1973 5658 sic
2025 5604 2318 5674 loquente:
2357 5621 2375 5655 ι
2404 5604 2625 5660 lnduam
2673 5603 2869 5660 malum
2919 5600 3177 5667 tenebris,
3227 5608 3282 5655 et
3312 5594 3481 5667 quasi:

276 5776 323 5809 "
359 5784 480 5840 Act.
514 5802 625 5851 va,
660 5787 712 5841 9.
790 5787 836 5819 ‘°
875 5788 993 5861 Act.
1030 5803 1103 5848 Ix.
1152 5790 1234 5854 10,
1280 5790 1364 5845 Η.
1442 5790 1484 5821 ⁸¹
1510 5788 1527 5843 l
1558 5787 1711 5845 Joan.
1754 5805 1815 5858 ιι,

1920 5830 1926 5843 .
2003 5790 2046 5820 δ’
2086 5786 2277 5843 Matth.
2307 5801 2476 5853 xxvtt,
2514 5785 2604 5840 51.
