  <div class='ocr_page' id='page_1' title='image "/cluster/home/n/w/nwhite01/storage/ocr_20150623/71/hvd.32044073502007/197.png"; bbox 0 0 3948 6208; ppageno 0'>
   <div class='ocr_carea' id='block_1_1' title="bbox 476 415 581 470">
    <p class='ocr_par' dir='ltr' id='par_1_1' title="bbox 476 415 581 470">
     <span class='ocr_line' id='line_1_1' title="bbox 476 415 581 470; baseline 0.019 -2"><span class='ocrx_word' id='word_1_1' title='bbox 476 415 581 470; x_wconf 76' lang='lat'><strong>583</strong></span> 
     </span>
    </p>
   </div>
   <div class='ocr_carea' id='block_1_2' title="bbox 1462 393 2699 463">
    <p class='ocr_par' dir='ltr' id='par_1_2' title="bbox 1462 393 2699 463">
     <span class='ocr_line' id='line_1_2' title="bbox 1462 393 2699 463; baseline -0.006 0"><span class='ocrx_word' id='word_1_2' title='bbox 1462 407 1521 463; x_wconf 87' lang='lat' dir='ltr'><strong>S.</strong></span> <span class='ocrx_word' id='word_1_3' title='bbox 1563 402 1838 462; x_wconf 78' lang='lat' dir='ltr'><strong>CYRILLI</strong></span> <span class='ocrx_word' id='word_1_4' title='bbox 1876 393 2342 457; x_wconf 81' lang='lat' dir='ltr'><strong>ALEXANDRINI</strong></span> <span class='ocrx_word' id='word_1_5' title='bbox 2379 396 2699 455; x_wconf 83' lang='lat' dir='ltr'><strong>ARCHIEP.</strong></span> 
     </span>
    </p>
   </div>
   <div class='ocr_carea' id='block_1_3' title="bbox 3616 397 3715 453">
    <p class='ocr_par' dir='ltr' id='par_1_3' title="bbox 3616 397 3715 453">
     <span class='ocr_line' id='line_1_3' title="bbox 3616 397 3715 453; baseline 0 -1"><span class='ocrx_word' id='word_1_6' title='bbox 3616 397 3715 453; x_wconf 70' lang='grc'><strong>584</strong></span> 
     </span>
    </p>
   </div>
   <div class='ocr_carea' id='block_1_4' title="bbox 475 512 2048 602">
    <p class='ocr_par' dir='ltr' id='par_1_4' title="bbox 475 523 2037 602">
     <span class='ocr_line' id='line_1_4' title="bbox 475 523 2037 602; baseline -0.007 -15"><span class='ocrx_word' id='word_1_7' title='bbox 475 533 705 587; x_wconf 82' lang='lat' dir='ltr'><strong>cilicium</strong></span> <span class='ocrx_word' id='word_1_8' title='bbox 730 546 924 602; x_wconf 88' lang='lat' dir='ltr'><strong>ponam</strong></span> <span class='ocrx_word' id='word_1_9' title='bbox 958 529 1350 601; x_wconf 79' lang='lat' dir='ltr'><strong>operimentum</strong></span> <span class='ocrx_word' id='word_1_10' title='bbox 1382 525 1502 596; x_wconf 79' lang='lat' dir='ltr'><strong>eius</strong></span> <span class='ocrx_word' id='word_1_11' title='bbox 1525 526 1592 581; x_wconf 78' lang='grc'><strong>⁸⁸.</strong></span> <span class='ocrx_word' id='word_1_12' title='bbox 1625 544 1646 579; x_wconf 76' lang='grc' dir='ltr'><strong>ι</strong></span> <span class='ocrx_word' id='word_1_13' title='bbox 1680 524 1811 579; x_wconf 92' lang='lat' dir='ltr'><strong>Cum</strong></span> <span class='ocrx_word' id='word_1_14' title='bbox 1843 523 2037 577; x_wconf 78' lang='lat' dir='ltr'><strong>emtum</strong></span> 
     </span>
    </p>
   </div>
   <div class='ocr_carea' id='block_1_5' title="bbox 2152 512 3717 602">
    <p class='ocr_par' dir='ltr' id='par_1_5' title="bbox 2152 512 3717 589">
     <span class='ocr_line' id='line_1_5' title="bbox 2152 512 3717 589; baseline -0.005 -14"><span class='ocrx_word' id='word_1_15' title='bbox 2152 542 2167 575; x_wconf 83' lang='lat' dir='ltr'><strong>r</strong></span> <span class='ocrx_word' id='word_1_16' title='bbox 2192 522 2303 576; x_wconf 76' lang='grc' dir='ltr'><strong>Καὶ</strong></span> <span class='ocrx_word' id='word_1_17' title='bbox 2324 520 2531 576; x_wconf 99' lang='grc' dir='ltr'>ἐνδύσω</span> <span class='ocrx_word' id='word_1_18' title='bbox 2549 520 2641 573; x_wconf 79' lang='grc' dir='ltr'><strong>τὸν</strong></span> <span class='ocrx_word' id='word_1_19' title='bbox 2661 517 2887 589; x_wconf 82' lang='grc' dir='ltr'>οὐρανὸν</span> <span class='ocrx_word' id='word_1_20' title='bbox 2909 517 3117 582; x_wconf 82' lang='grc' dir='ltr'><strong>σκότος,</strong></span> <span class='ocrx_word' id='word_1_21' title='bbox 3145 513 3241 570; x_wconf 68' lang='grc' dir='ltr'><strong>καὶ</strong></span> <span class='ocrx_word' id='word_1_22' title='bbox 3259 515 3410 587; x_wconf 89' lang='grc' dir='ltr'>θήσω</span> <span class='ocrx_word' id='word_1_23' title='bbox 3429 512 3504 577; x_wconf 83' lang='grc' dir='ltr'>ὡς</span> <span class='ocrx_word' id='word_1_24' title='bbox 3527 514 3717 568; x_wconf 83' lang='grc' dir='ltr'>σάκκον</span> 
     </span>
    </p>
   </div>
   <div class='ocr_carea' id='block_1_6' title="bbox 475 614 2043 691">
    <p class='ocr_par' dir='ltr' id='par_1_6' title="bbox 475 614 2043 691">
     <span class='ocr_line' id='line_1_6' title="bbox 475 614 2043 691; baseline -0.005 -14"><span class='ocrx_word' id='word_1_25' title='bbox 475 624 735 688; x_wconf 76' lang='lat' dir='ltr'><strong>nominat,</strong></span> <span class='ocrx_word' id='word_1_26' title='bbox 779 624 959 678; x_wconf 87' lang='lat' dir='ltr'><strong>omnia</strong></span> <span class='ocrx_word' id='word_1_27' title='bbox 1002 636 1122 691; x_wconf 65' lang='lat' dir='ltr'><strong>quae</strong></span> <span class='ocrx_word' id='word_1_28' title='bbox 1177 621 1233 675; x_wconf 87' lang='lat' dir='ltr'><strong>in</strong></span> <span class='ocrx_word' id='word_1_29' title='bbox 1291 618 1430 675; x_wconf 63' lang='lat' dir='ltr'><strong>caelo</strong></span> <span class='ocrx_word' id='word_1_30' title='bbox 1481 627 1627 683; x_wconf 88' lang='lat' dir='ltr'><strong>sunt,</strong></span> <span class='ocrx_word' id='word_1_31' title='bbox 1686 614 1827 670; x_wconf 87' lang='lat' dir='ltr'><strong>velut</strong></span> <span class='ocrx_word' id='word_1_32' title='bbox 1869 614 2043 669; x_wconf 86' lang='lat' dir='ltr'><strong>cilicio</strong></span> 
     </span>
    </p>
   </div>
   <div class='ocr_carea' id='block_1_7' title="bbox 475 706 2044 785">
    <p class='ocr_par' dir='ltr' id='par_1_7' title="bbox 475 706 2044 785">
     <span class='ocr_line' id='line_1_7' title="bbox 475 706 2044 785; baseline -0.006 -17"><span class='ocrx_word' id='word_1_33' title='bbox 475 715 716 771; x_wconf 79' lang='lat' dir='ltr'><strong>tenebris</strong></span> <span class='ocrx_word' id='word_1_34' title='bbox 734 725 918 785; x_wconf 90' lang='lat' dir='ltr'><strong>operta</strong></span> <span class='ocrx_word' id='word_1_35' title='bbox 952 715 1103 780; x_wconf 91' lang='lat' dir='ltr'><strong>dicit,</strong></span> <span class='ocrx_word' id='word_1_36' title='bbox 1133 711 1392 782; x_wconf 80' lang='lat' dir='ltr'><strong>lugentia,</strong></span> <span class='ocrx_word' id='word_1_37' title='bbox 1422 719 1476 765; x_wconf 89' lang='lat' dir='ltr'><strong>et</strong></span> <span class='ocrx_word' id='word_1_38' title='bbox 1502 708 1757 771; x_wconf 75' lang='lat' dir='ltr'><strong>dolentia,</strong></span> <span class='ocrx_word' id='word_1_39' title='bbox 1782 716 1838 761; x_wconf 92' lang='lat' dir='ltr'><strong>et</strong></span> <span class='ocrx_word' id='word_1_40' title='bbox 1859 706 2044 761; x_wconf 88' lang='lat' dir='ltr'><strong>habitu</strong></span> 
     </span>
    </p>
   </div>
   <div class='ocr_carea' id='block_1_8' title="bbox 476 798 2045 876">
    <p class='ocr_par' dir='ltr' id='par_1_8' title="bbox 476 798 2045 876">
     <span class='ocr_line' id='line_1_8' title="bbox 476 798 2045 876; baseline -0.007 -15"><span class='ocrx_word' id='word_1_41' title='bbox 476 808 566 862; x_wconf 90' lang='lat' dir='ltr'><strong>illo</strong></span> <span class='ocrx_word' id='word_1_42' title='bbox 606 808 756 876; x_wconf 85' lang='lat' dir='ltr'><strong>quasi</strong></span> <span class='ocrx_word' id='word_1_43' title='bbox 794 806 1072 876; x_wconf 87' lang='lat' dir='ltr'><strong>ejulantia.</strong></span> <span class='ocrx_word' id='word_1_44' title='bbox 1104 804 1269 874; x_wconf 90' lang='lat' dir='ltr'><strong>Signa</strong></span> <span class='ocrx_word' id='word_1_45' title='bbox 1320 802 1482 871; x_wconf 85' lang='lat' dir='ltr'><strong>igitur</strong></span> <span class='ocrx_word' id='word_1_46' title='bbox 1513 799 1564 853; x_wconf 90' lang='lat' dir='ltr'><strong>in</strong></span> <span class='ocrx_word' id='word_1_47' title='bbox 1604 798 1742 853; x_wconf 75' lang='lat' dir='ltr'><strong>cmlo</strong></span> <span class='ocrx_word' id='word_1_48' title='bbox 1769 798 1884 851; x_wconf 77' lang='lat' dir='ltr'><strong>[nec</strong></span> <span class='ocrx_word' id='word_1_49' title='bbox 1926 810 2045 851; x_wconf 87' lang='lat' dir='ltr'><strong>esse</strong></span> 
     </span>
    </p>
   </div>
   <div class='ocr_carea' id='block_1_9' title="bbox 475 886 2047 957">
    <p class='ocr_par' dir='ltr' id='par_1_9' title="bbox 475 886 2047 957">
     <span class='ocr_line' id='line_1_9' title="bbox 475 886 2047 957; baseline -0.008 -7"><span class='ocrx_word' id='word_1_50' title='bbox 475 897 726 952; x_wconf 79' lang='lat' dir='ltr'><strong>dixerim.</strong></span> <span class='ocrx_word' id='word_1_51' title='bbox 763 896 820 950; x_wconf 86' lang='lat' dir='ltr'><strong>In</strong></span> <span class='ocrx_word' id='word_1_52' title='bbox 880 906 1022 950; x_wconf 88' lang='lat' dir='ltr'><strong>terra</strong></span> <span class='ocrx_word' id='word_1_53' title='bbox 1070 903 1251 947; x_wconf 86' lang='lat' dir='ltr'><strong>autem</strong></span> <span class='ocrx_word' id='word_1_54' title='bbox 1296 888 1537 957; x_wconf 79' lang='lat' dir='ltr'><strong>sanguis,</strong></span> <span class='ocrx_word' id='word_1_55' title='bbox 1586 886 1726 953; x_wconf 80' lang='lat' dir='ltr'><strong>ignis</strong></span> <span class='ocrx_word' id='word_1_56' title='bbox 1775 893 1830 940; x_wconf 90' lang='lat' dir='ltr'><strong>et</strong></span> <span class='ocrx_word' id='word_1_57' title='bbox 1878 898 2047 954; x_wconf 84' lang='lat' dir='ltr'><strong>vapor</strong></span> 
     </span>
    </p>
   </div>
   <div class='ocr_carea' id='block_1_10' title="bbox 476 979 2041 1059">
    <p class='ocr_par' dir='ltr' id='par_1_10' title="bbox 476 979 2041 1059">
     <span class='ocr_line' id='line_1_10' title="bbox 476 979 2041 1059; baseline -0.005 -18"><span class='ocrx_word' id='word_1_58' title='bbox 476 990 605 1044; x_wconf 91' lang='lat' dir='ltr'><strong>fumi</strong></span> <span class='ocrx_word' id='word_1_59' title='bbox 649 989 1053 1059; x_wconf 87' lang='lat' dir='ltr'><strong>signiﬁcaverit,</strong></span> <span class='ocrx_word' id='word_1_60' title='bbox 1094 986 1305 1055; x_wconf 87' lang='lat' dir='ltr'><strong>opinor,</strong></span> <span class='ocrx_word' id='word_1_61' title='bbox 1333 983 1639 1038; x_wconf 65' lang='lat' dir='ltr'><strong>Judaaorum</strong></span> <span class='ocrx_word' id='word_1_62' title='bbox 1685 979 2041 1044; x_wconf 83' lang='lat' dir='ltr'><strong>calamitates,</strong></span> 
     </span>
    </p>
   </div>
   <div class='ocr_carea' id='block_1_11' title="bbox 474 1068 2044 1155">
    <p class='ocr_par' dir='ltr' id='par_1_11' title="bbox 474 1068 2044 1155">
     <span class='ocr_line' id='line_1_11' title="bbox 474 1068 2044 1155; baseline -0.008 -23"><span class='ocrx_word' id='word_1_63' title='bbox 474 1080 671 1147; x_wconf 87' lang='lat' dir='ltr'><strong>quibus</strong></span> <span class='ocrx_word' id='word_1_64' title='bbox 694 1093 786 1133; x_wconf 90' lang='lat' dir='ltr'><strong>eos</strong></span> <span class='ocrx_word' id='word_1_65' title='bbox 819 1078 1012 1133; x_wconf 88' lang='lat' dir='ltr'><strong>bellum</strong></span> <span class='ocrx_word' id='word_1_66' title='bbox 1049 1074 1446 1155; x_wconf 81' lang='lat' dir='ltr'><strong>atrocissimum</strong></span> <span class='ocrx_word' id='word_1_67' title='bbox 1488 1086 1517 1125; x_wconf 87' lang='lat' dir='ltr'><strong>a</strong></span> <span class='ocrx_word' id='word_1_68' title='bbox 1552 1069 1808 1125; x_wconf 80' lang='lat' dir='ltr'><strong>Romanis</strong></span> <span class='ocrx_word' id='word_1_69' title='bbox 1840 1068 2044 1122; x_wconf 89' lang='lat' dir='ltr'><strong>illatum</strong></span> 
     </span>
    </p>
   </div>
   <div class='ocr_carea' id='block_1_12' title="bbox 475 1160 2048 1235">
    <p class='ocr_par' dir='ltr' id='par_1_12' title="bbox 475 1160 2048 1235">
     <span class='ocr_line' id='line_1_12' title="bbox 475 1160 2048 1235; baseline -0.006 -14"><span class='ocrx_word' id='word_1_70' title='bbox 475 1168 799 1232; x_wconf 87' lang='lat' dir='ltr'><strong>cumulavit;</strong></span> <span class='ocrx_word' id='word_1_71' title='bbox 836 1167 1095 1235; x_wconf 87' lang='lat' dir='ltr'><strong>sanguine</strong></span> <span class='ocrx_word' id='word_1_72' title='bbox 1128 1164 1271 1220; x_wconf 90' lang='lat' dir='ltr'><strong>enim</strong></span> <span class='ocrx_word' id='word_1_73' title='bbox 1310 1171 1421 1216; x_wconf 88' lang='lat' dir='ltr'><strong>tota</strong></span> <span class='ocrx_word' id='word_1_74' title='bbox 1453 1176 1641 1216; x_wconf 87' lang='lat' dir='ltr'><strong>eorum</strong></span> <span class='ocrx_word' id='word_1_75' title='bbox 1676 1160 1826 1230; x_wconf 87' lang='lat' dir='ltr'><strong>regio</strong></span> <span class='ocrx_word' id='word_1_76' title='bbox 1861 1173 2048 1214; x_wconf 88' lang='lat' dir='ltr'><strong>mana-</strong></span> 
     </span>
    </p>
   </div>
   <div class='ocr_carea' id='block_1_13' title="bbox 472 1248 2048 1321">
    <p class='ocr_par' dir='ltr' id='par_1_13' title="bbox 472 1248 2048 1321">
     <span class='ocr_line' id='line_1_13' title="bbox 472 1248 2048 1321; baseline -0.003 -12"><span class='ocrx_word' id='word_1_77' title='bbox 472 1256 572 1310; x_wconf 88' lang='lat' dir='ltr'><strong>vit.</strong></span> <span class='ocrx_word' id='word_1_78' title='bbox 609 1256 802 1311; x_wconf 84' lang='lat' dir='ltr'><strong>Debuit</strong></span> <span class='ocrx_word' id='word_1_79' title='bbox 837 1257 1001 1311; x_wconf 90' lang='lat' dir='ltr'><strong>etiam</strong></span> <span class='ocrx_word' id='word_1_80' title='bbox 1039 1271 1161 1309; x_wconf 89' lang='lat' dir='ltr'><strong>cum</strong></span> <span class='ocrx_word' id='word_1_81' title='bbox 1198 1253 1419 1309; x_wconf 88' lang='lat' dir='ltr'><strong>urbibus</strong></span> <span class='ocrx_word' id='word_1_82' title='bbox 1459 1252 1632 1321; x_wconf 91' lang='lat' dir='ltr'><strong>ipsum</strong></span> <span class='ocrx_word' id='word_1_83' title='bbox 1664 1250 1803 1304; x_wconf 89' lang='lat' dir='ltr'><strong>fama</strong></span> <span class='ocrx_word' id='word_1_84' title='bbox 1836 1248 2048 1305; x_wconf 85' lang='lat' dir='ltr'><strong>celebre</strong></span> 
     </span>
    </p>
   </div>
   <div class='ocr_carea' id='block_1_14' title="bbox 476 1342 2048 1419">
    <p class='ocr_par' dir='ltr' id='par_1_14' title="bbox 476 1342 2048 1419">
     <span class='ocr_line' id='line_1_14' title="bbox 476 1342 2048 1419; baseline -0.004 -18"><span class='ocrx_word' id='word_1_85' title='bbox 476 1348 731 1417; x_wconf 90' lang='lat' dir='ltr'><strong>templum</strong></span> <span class='ocrx_word' id='word_1_86' title='bbox 765 1350 1126 1419; x_wconf 83' lang='lat' dir='ltr'><strong>conﬂagrare,</strong></span> <span class='ocrx_word' id='word_1_87' title='bbox 1156 1346 1365 1401; x_wconf 88' lang='lat' dir='ltr'><strong>fumare</strong></span> <span class='ocrx_word' id='word_1_88' title='bbox 1394 1348 1583 1400; x_wconf 90' lang='lat' dir='ltr'><strong>domus</strong></span> <span class='ocrx_word' id='word_1_89' title='bbox 1610 1356 1676 1397; x_wconf 81' lang='lat' dir='ltr'><strong>ex</strong></span> <span class='ocrx_word' id='word_1_90' title='bbox 1706 1342 1956 1397; x_wconf 89' lang='lat' dir='ltr'><strong>incendio</strong></span> <span class='ocrx_word' id='word_1_91' title='bbox 1992 1348 2048 1395; x_wconf 90' lang='lat' dir='ltr'><strong>et</strong></span> 
     </span>
    </p>
   </div>
   <div class='ocr_carea' id='block_1_15' title="bbox 476 1432 2045 1507">
    <p class='ocr_par' dir='ltr' id='par_1_15' title="bbox 476 1432 2045 1507">
     <span class='ocr_line' id='line_1_15' title="bbox 476 1432 2045 1507; baseline -0.003 -16"><span class='ocrx_word' id='word_1_92' title='bbox 476 1438 635 1492; x_wconf 90' lang='lat' dir='ltr'><strong>dirui.</strong></span> <span class='ocrx_word' id='word_1_93' title='bbox 666 1438 935 1494; x_wconf 79' lang='lat' dir='ltr'><strong>Eventura</strong></span> <span class='ocrx_word' id='word_1_94' title='bbox 973 1450 1152 1493; x_wconf 90' lang='lat' dir='ltr'><strong>autem</strong></span> <span class='ocrx_word' id='word_1_95' title='bbox 1181 1437 1488 1507; x_wconf 73' lang='lat' dir='ltr'><strong>huiusmodi</strong></span> <span class='ocrx_word' id='word_1_96' title='bbox 1519 1434 1720 1491; x_wconf 65' lang='lat' dir='ltr'><strong>Iudaeis</strong></span> <span class='ocrx_word' id='word_1_97' title='bbox 1749 1443 1876 1488; x_wconf 87' lang='lat' dir='ltr'><strong>ante</strong></span> <span class='ocrx_word' id='word_1_98' title='bbox 1906 1432 2045 1487; x_wconf 89' lang='lat' dir='ltr'><strong>diem</strong></span> 
     </span>
    </p>
   </div>
   <div class='ocr_carea' id='block_1_16' title="bbox 476 1526 2049 1599">
    <p class='ocr_par' dir='ltr' id='par_1_16' title="bbox 476 1526 2049 1599">
     <span class='ocr_line' id='line_1_16' title="bbox 476 1526 2049 1599; baseline -0.005 -16"><span class='ocrx_word' id='word_1_99' title='bbox 476 1544 729 1599; x_wconf 87' lang='lat' dir='ltr'><strong>magnum</strong></span> <span class='ocrx_word' id='word_1_100' title='bbox 764 1541 819 1586; x_wconf 89' lang='lat' dir='ltr'><strong>et</strong></span> <span class='ocrx_word' id='word_1_101' title='bbox 850 1530 1217 1594; x_wconf 89' lang='lat' dir='ltr'><strong>manifestum,</strong></span> <span class='ocrx_word' id='word_1_102' title='bbox 1270 1543 1377 1598; x_wconf 89' lang='lat' dir='ltr'><strong>qua</strong></span> <span class='ocrx_word' id='word_1_103' title='bbox 1415 1526 1670 1581; x_wconf 90' lang='lat' dir='ltr'><strong>omnibus</strong></span> <span class='ocrx_word' id='word_1_104' title='bbox 1718 1531 2049 1593; x_wconf 88' lang='lat' dir='ltr'><strong>proponetur</strong></span> 
     </span>
    </p>
   </div>
   <div class='ocr_carea' id='block_1_17' title="bbox 479 1612 2048 1685">
    <p class='ocr_par' dir='ltr' id='par_1_17' title="bbox 479 1612 2048 1685">
     <span class='ocr_line' id='line_1_17' title="bbox 479 1612 2048 1685; baseline -0.004 -10"><span class='ocrx_word' id='word_1_105' title='bbox 479 1620 720 1678; x_wconf 89' lang='lat' dir='ltr'><strong>divinum</strong></span> <span class='ocrx_word' id='word_1_106' title='bbox 768 1623 967 1678; x_wconf 89' lang='lat' dir='ltr'><strong>Christi</strong></span> <span class='ocrx_word' id='word_1_107' title='bbox 1011 1620 1269 1683; x_wconf 84' lang='lat' dir='ltr'><strong>tribunal,</strong></span> <span class='ocrx_word' id='word_1_108' title='bbox 1301 1618 1481 1673; x_wconf 89' lang='lat' dir='ltr'><strong>dantis</strong></span> <span class='ocrx_word' id='word_1_109' title='bbox 1511 1617 1704 1685; x_wconf 89' lang='lat' dir='ltr'><strong>cuique</strong></span> <span class='ocrx_word' id='word_1_110' title='bbox 1750 1612 2048 1670; x_wconf 88' lang='lat' dir='ltr'><strong>secundum</strong></span> 
     </span>
    </p>
   </div>
   <div class='ocr_carea' id='block_1_18' title="bbox 477 1707 2045 1782">
    <p class='ocr_par' dir='ltr' id='par_1_18' title="bbox 477 1707 2045 1782">
     <span class='ocr_line' id='line_1_18' title="bbox 477 1707 2045 1782; baseline -0.004 -17"><span class='ocrx_word' id='word_1_111' title='bbox 477 1728 639 1782; x_wconf 86' lang='lat' dir='ltr'><strong>opera</strong></span> <span class='ocrx_word' id='word_1_112' title='bbox 681 1728 778 1768; x_wconf 89' lang='lat' dir='ltr'><strong>sua</strong></span> <span class='ocrx_word' id='word_1_113' title='bbox 800 1712 866 1777; x_wconf 72' lang='lat'><strong>“,</strong></span> <span class='ocrx_word' id='word_1_114' title='bbox 895 1712 1130 1767; x_wconf 88' lang='lat' dir='ltr'><strong>ostendit</strong></span> <span class='ocrx_word' id='word_1_115' title='bbox 1169 1725 1291 1765; x_wconf 92' lang='lat' dir='ltr'><strong>cum</strong></span> <span class='ocrx_word' id='word_1_116' title='bbox 1341 1709 1511 1764; x_wconf 90' lang='lat' dir='ltr'><strong>dicit:</strong></span> <span class='ocrx_word' id='word_1_117' title='bbox 1543 1726 1562 1759; x_wconf 84' lang='grc' dir='ltr'><strong>ι</strong></span> <span class='ocrx_word' id='word_1_118' title='bbox 1589 1707 1911 1776; x_wconf 90' lang='lat' dir='ltr'><strong>Priusquam</strong></span> <span class='ocrx_word' id='word_1_119' title='bbox 1954 1717 2045 1759; x_wconf 87' lang='lat' dir='ltr'><strong>ve-</strong></span> 
     </span>
    </p>
   </div>
   <div class='ocr_carea' id='block_1_19' title="bbox 479 1795 2050 1873">
    <p class='ocr_par' dir='ltr' id='par_1_19' title="bbox 479 1795 2050 1873">
     <span class='ocr_line' id='line_1_19' title="bbox 479 1795 2050 1873; baseline -0.004 -18"><span class='ocrx_word' id='word_1_120' title='bbox 479 1804 589 1855; x_wconf 89' lang='lat' dir='ltr'><strong>niat</strong></span> <span class='ocrx_word' id='word_1_121' title='bbox 622 1804 735 1858; x_wconf 90' lang='lat' dir='ltr'><strong>dies</strong></span> <span class='ocrx_word' id='word_1_122' title='bbox 765 1803 976 1859; x_wconf 88' lang='lat' dir='ltr'><strong>Domini</strong></span> <span class='ocrx_word' id='word_1_123' title='bbox 1015 1817 1243 1873; x_wconf 82' lang='lat' dir='ltr'><strong>magnus</strong></span> <span class='ocrx_word' id='word_1_124' title='bbox 1271 1811 1327 1856; x_wconf 92' lang='lat' dir='ltr'><strong>et</strong></span> <span class='ocrx_word' id='word_1_125' title='bbox 1352 1800 1666 1855; x_wconf 86' lang='lat' dir='ltr'><strong>manifestus</strong></span> <span class='ocrx_word' id='word_1_126' title='bbox 1690 1798 1788 1851; x_wconf 70' lang='lat' dir='ltr'><strong>&quot;.i</strong></span> <span class='ocrx_word' id='word_1_127' title='bbox 1828 1797 1907 1851; x_wconf 82' lang='lat' dir='ltr'><strong>Ad</strong></span> <span class='ocrx_word' id='word_1_128' title='bbox 1935 1795 2050 1850; x_wconf 69' lang='lat' dir='ltr'><strong>haec</strong></span> 
     </span>
    </p>
   </div>
   <div class='ocr_carea' id='block_1_20' title="bbox 2143 604 3719 683">
    <p class='ocr_par' dir='ltr' id='par_1_20' title="bbox 2143 604 3719 683">
     <span class='ocr_line' id='line_1_20' title="bbox 2143 604 3719 683; baseline -0.004 -17"><span class='ocrx_word' id='word_1_129' title='bbox 2143 614 2204 666; x_wconf 76' lang='grc' dir='ltr'>τὸ</span> <span class='ocrx_word' id='word_1_130' title='bbox 2237 612 2582 683; x_wconf 90' lang='grc' dir='ltr'>περιϐόλαιον</span> <span class='ocrx_word' id='word_1_131' title='bbox 2604 609 2790 663; x_wconf 84' lang='grc' dir='ltr'>αὐτοῦ.</span> <span class='ocrx_word' id='word_1_132' title='bbox 2814 628 2833 661; x_wconf 76' lang='grc' dir='ltr'><strong>ι</strong></span> <span class='ocrx_word' id='word_1_133' title='bbox 2863 607 3106 679; x_wconf 81' lang='grc' dir='ltr'>Οὐρανὸν</span> <span class='ocrx_word' id='word_1_134' title='bbox 3134 607 3193 660; x_wconf 86' lang='grc' dir='ltr'><strong>δέ</strong></span> <span class='ocrx_word' id='word_1_135' title='bbox 3213 607 3340 660; x_wconf 83' lang='grc' dir='ltr'>ὅταν</span> <span class='ocrx_word' id='word_1_136' title='bbox 3371 604 3525 674; x_wconf 81' lang='grc' dir='ltr'>λέγῃ,</span> <span class='ocrx_word' id='word_1_137' title='bbox 3555 606 3719 661; x_wconf 86' lang='grc' dir='ltr'>πάντα</span> 
     </span>
    </p>
   </div>
   <div class='ocr_carea' id='block_1_21' title="bbox 2144 694 3721 775">
    <p class='ocr_par' dir='ltr' id='par_1_21' title="bbox 2144 694 3721 775">
     <span class='ocr_line' id='line_1_21' title="bbox 2144 694 3721 775; baseline -0.005 -19"><span class='ocrx_word' id='word_1_138' title='bbox 2144 705 2277 775; x_wconf 65' lang='grc' dir='ltr'><strong>φησί⁵</strong></span> <span class='ocrx_word' id='word_1_139' title='bbox 2308 703 2376 757; x_wconf 85' lang='grc' dir='ltr'><strong>τά</strong></span> <span class='ocrx_word' id='word_1_140' title='bbox 2406 704 2463 756; x_wconf 84' lang='grc' dir='ltr'><strong>ἐν</strong></span> <span class='ocrx_word' id='word_1_141' title='bbox 2495 700 2712 772; x_wconf 82' lang='grc' dir='ltr'><strong>οὐρανῷ</strong></span> <span class='ocrx_word' id='word_1_142' title='bbox 2738 694 2849 753; x_wconf 73' lang='grc' dir='ltr'>οἷον</span> <span class='ocrx_word' id='word_1_143' title='bbox 2882 700 3069 769; x_wconf 82' lang='grc' dir='ltr'>σάκκῳ</span> <span class='ocrx_word' id='word_1_144' title='bbox 3099 698 3177 769; x_wconf 81' lang='grc' dir='ltr'>τῷ</span> <span class='ocrx_word' id='word_1_145' title='bbox 3208 697 3390 751; x_wconf 81' lang='grc' dir='ltr'><strong>σκότει</strong></span> <span class='ocrx_word' id='word_1_146' title='bbox 3425 696 3721 767; x_wconf 79' lang='grc' dir='ltr'>καταμφιέ-</span> 
     </span>
    </p>
   </div>
   <div class='ocr_carea' id='block_1_22' title="bbox 2146 786 3725 859">
    <p class='ocr_par' dir='ltr' id='par_1_22' title="bbox 2146 786 3725 859">
     <span class='ocr_line' id='line_1_22' title="bbox 2146 786 3725 859; baseline -0.004 -12"><span class='ocrx_word' id='word_1_147' title='bbox 2146 813 2256 859; x_wconf 90' lang='grc' dir='ltr'>σαι,</span> <span class='ocrx_word' id='word_1_148' title='bbox 2288 792 2617 857; x_wconf 88' lang='grc' dir='ltr'>πενθοῦντα,</span> <span class='ocrx_word' id='word_1_149' title='bbox 2644 792 2740 847; x_wconf 79' lang='grc' dir='ltr'>καὶ</span> <span class='ocrx_word' id='word_1_150' title='bbox 2775 791 3065 859; x_wconf 80' lang='grc' dir='ltr'><strong>ἀλγοῦντα,</strong></span> <span class='ocrx_word' id='word_1_151' title='bbox 3110 789 3206 842; x_wconf 78' lang='grc' dir='ltr'>καὶ</span> <span class='ocrx_word' id='word_1_152' title='bbox 3231 786 3420 859; x_wconf 83' lang='grc' dir='ltr'>ὥσπερ</span> <span class='ocrx_word' id='word_1_153' title='bbox 3447 787 3725 858; x_wconf 79' lang='grc' dir='ltr'>διακεκραο</span> 
     </span>
    </p>
   </div>
   <div class='ocr_carea' id='block_1_23' title="bbox 2143 874 3723 954">
    <p class='ocr_par' dir='ltr' id='par_1_23' title="bbox 2143 874 3723 954">
     <span class='ocr_line' id='line_1_23' title="bbox 2143 874 3723 954; baseline -0.006 -16"><span class='ocrx_word' id='word_1_154' title='bbox 2143 885 2280 953; x_wconf 87' lang='grc' dir='ltr'>γότα</span> <span class='ocrx_word' id='word_1_155' title='bbox 2305 882 2384 954; x_wconf 82' lang='grc' dir='ltr'>τῷ</span> <span class='ocrx_word' id='word_1_156' title='bbox 2414 884 2673 954; x_wconf 87' lang='grc' dir='ltr'>σχήματι.</span> <span class='ocrx_word' id='word_1_157' title='bbox 2712 882 2925 953; x_wconf 78' lang='grc' dir='ltr'><strong>Σημεῖα</strong></span> <span class='ocrx_word' id='word_1_158' title='bbox 2970 880 3068 951; x_wconf 82' lang='grc' dir='ltr'>μὲν</span> <span class='ocrx_word' id='word_1_159' title='bbox 3099 874 3194 933; x_wconf 81' lang='grc' dir='ltr'><strong>οὐν</strong></span> <span class='ocrx_word' id='word_1_160' title='bbox 3222 879 3281 930; x_wconf 87' lang='grc' dir='ltr'><strong>ἐν</strong></span> <span class='ocrx_word' id='word_1_161' title='bbox 3322 876 3535 948; x_wconf 80' lang='grc' dir='ltr'>οὐρανῷ</span> <span class='ocrx_word' id='word_1_162' title='bbox 3575 879 3723 930; x_wconf 74' lang='grc' dir='ltr'>ταυτὶ</span> 
     </span>
    </p>
   </div>
   <div class='ocr_carea' id='block_1_24' title="bbox 2146 966 3725 1045">
    <p class='ocr_par' dir='ltr' id='par_1_24' title="bbox 2146 966 3725 1045">
     <span class='ocr_line' id='line_1_24' title="bbox 2146 966 3725 1045; baseline -0.005 -18"><span class='ocrx_word' id='word_1_163' title='bbox 2146 974 2330 1045; x_wconf 83' lang='grc' dir='ltr'>φαίην.</span> <span class='ocrx_word' id='word_1_164' title='bbox 2361 974 2443 1028; x_wconf 85' lang='grc' dir='ltr'><strong>Τὰ</strong></span> <span class='ocrx_word' id='word_1_165' title='bbox 2469 974 2525 1026; x_wconf 86' lang='grc' dir='ltr'><strong>δέ</strong></span> <span class='ocrx_word' id='word_1_166' title='bbox 2556 974 2637 1036; x_wconf 84' lang='grc' dir='ltr'><strong>είς</strong></span> <span class='ocrx_word' id='word_1_167' title='bbox 2668 973 2772 1043; x_wconf 80' lang='grc' dir='ltr'>γῆν</span> <span class='ocrx_word' id='word_1_168' title='bbox 2803 966 2943 1042; x_wconf 73' lang='grc' dir='ltr'>αἷμά</span> <span class='ocrx_word' id='word_1_169' title='bbox 2978 987 3036 1023; x_wconf 86' lang='grc' dir='ltr'><strong>τε</strong></span> <span class='ocrx_word' id='word_1_170' title='bbox 3062 971 3158 1023; x_wconf 75' lang='grc' dir='ltr'>καὶ</span> <span class='ocrx_word' id='word_1_171' title='bbox 3197 968 3329 1040; x_wconf 90' lang='grc' dir='ltr'>πῦρ,</span> <span class='ocrx_word' id='word_1_172' title='bbox 3371 969 3467 1021; x_wconf 76' lang='grc' dir='ltr'><strong>καὶ</strong></span> <span class='ocrx_word' id='word_1_173' title='bbox 3502 968 3664 1037; x_wconf 69' lang='grc' dir='ltr'>ἀτμὶς</span> <span class='ocrx_word' id='word_1_174' title='bbox 3692 969 3725 1038; x_wconf 91' lang='grc' dir='ltr'><strong>ή</strong></span> 
     </span>
    </p>
   </div>
   <div class='ocr_carea' id='block_1_25' title="bbox 2146 1055 3729 1131">
    <p class='ocr_par' dir='ltr' id='par_1_25' title="bbox 2146 1055 3729 1131">
     <span class='ocr_line' id='line_1_25' title="bbox 2146 1055 3729 1131; baseline -0.005 -14"><span class='ocrx_word' id='word_1_175' title='bbox 2146 1062 2356 1117; x_wconf 79' lang='grc' dir='ltr'>καπνοῦ</span> <span class='ocrx_word' id='word_1_176' title='bbox 2416 1060 2870 1131; x_wconf 83' lang='grc' dir='ltr'>καταδηλὼσειεν,</span> <span class='ocrx_word' id='word_1_177' title='bbox 2921 1055 3074 1129; x_wconf 75' lang='grc' dir='ltr'>οἶμαι</span> <span class='ocrx_word' id='word_1_178' title='bbox 3096 1097 3111 1120; x_wconf 87' lang='grc'><strong>,</strong></span> <span class='ocrx_word' id='word_1_179' title='bbox 3161 1056 3261 1121; x_wconf 85' lang='grc' dir='ltr'>τὰς</span> <span class='ocrx_word' id='word_1_180' title='bbox 3306 1055 3415 1109; x_wconf 83' lang='grc' dir='ltr'><strong>τῶν</strong></span> <span class='ocrx_word' id='word_1_181' title='bbox 3466 1055 3729 1109; x_wconf 77' lang='grc' dir='ltr'>Ἰουδαίων</span> 
     </span>
    </p>
   </div>
   <div class='ocr_carea' id='block_1_26' title="bbox 2149 1144 3730 1223">
    <p class='ocr_par' dir='ltr' id='par_1_26' title="bbox 2149 1144 3730 1223">
     <span class='ocr_line' id='line_1_26' title="bbox 2149 1144 3730 1223; baseline -0.007 -16"><span class='ocrx_word' id='word_1_182' title='bbox 2149 1152 2453 1223; x_wconf 80' lang='grc' dir='ltr'>συμφορὰς,</span> <span class='ocrx_word' id='word_1_183' title='bbox 2485 1152 2552 1215; x_wconf 77' lang='grc' dir='ltr'><strong>ἂς</strong></span> <span class='ocrx_word' id='word_1_184' title='bbox 2588 1153 2615 1205; x_wconf 90' lang='grc' dir='ltr'><strong>ό</strong></span> <span class='ocrx_word' id='word_1_185' title='bbox 2654 1150 3003 1220; x_wconf 85' lang='grc' dir='ltr'>παγχάλεπος</span> <span class='ocrx_word' id='word_1_186' title='bbox 3032 1148 3215 1209; x_wconf 83' lang='grc' dir='ltr'>αὐτοῖς</span> <span class='ocrx_word' id='word_1_187' title='bbox 3258 1144 3492 1215; x_wconf 86' lang='grc' dir='ltr'>πόλεμος</span> <span class='ocrx_word' id='word_1_188' title='bbox 3530 1144 3730 1198; x_wconf 71' lang='grc' dir='ltr'>ἐπετώ-</span> 
     </span>
    </p>
   </div>
   <div class='ocr_carea' id='block_1_27' title="bbox 2150 1233 3730 1314">
    <p class='ocr_par' dir='ltr' id='par_1_27' title="bbox 2150 1233 3730 1314">
     <span class='ocr_line' id='line_1_27' title="bbox 2150 1233 3730 1314; baseline -0.006 -20"><span class='ocrx_word' id='word_1_189' title='bbox 2150 1258 2360 1314; x_wconf 89' lang='grc' dir='ltr'>ρευσεν,</span> <span class='ocrx_word' id='word_1_190' title='bbox 2388 1243 2416 1293; x_wconf 84' lang='grc' dir='ltr'><strong>ὁ</strong></span> <span class='ocrx_word' id='word_1_191' title='bbox 2442 1242 2541 1311; x_wconf 82' lang='grc' dir='ltr'>τῆς</span> <span class='ocrx_word' id='word_1_192' title='bbox 2568 1238 2657 1293; x_wconf 85' lang='grc' dir='ltr'>διὰ</span> <span class='ocrx_word' id='word_1_193' title='bbox 2693 1238 2800 1292; x_wconf 80' lang='grc' dir='ltr'><strong>τῶν</strong></span> <span class='ocrx_word' id='word_1_194' title='bbox 2844 1236 3132 1308; x_wconf 82' lang='grc' dir='ltr'>Ῥωμαίων</span> <span class='ocrx_word' id='word_1_195' title='bbox 3168 1235 3371 1305; x_wconf 82' lang='grc' dir='ltr'>χειρός.</span> <span class='ocrx_word' id='word_1_196' title='bbox 3398 1234 3603 1303; x_wconf 80' lang='grc' dir='ltr'>Δῖματι</span> <span class='ocrx_word' id='word_1_197' title='bbox 3628 1233 3730 1301; x_wconf 86' lang='grc' dir='ltr'>γὰρ</span> 
     </span>
    </p>
   </div>
   <div class='ocr_carea' id='block_1_28' title="bbox 2147 1324 3728 1404">
    <p class='ocr_par' dir='ltr' id='par_1_28' title="bbox 2147 1324 3728 1404">
     <span class='ocr_line' id='line_1_28' title="bbox 2147 1324 3728 1404; baseline -0.007 -17"><span class='ocrx_word' id='word_1_198' title='bbox 2147 1336 2181 1404; x_wconf 84' lang='grc' dir='ltr'><strong>ή</strong></span> <span class='ocrx_word' id='word_1_199' title='bbox 2210 1334 2359 1386; x_wconf 81' lang='grc' dir='ltr'>πᾶσα</span> <span class='ocrx_word' id='word_1_200' title='bbox 2410 1332 2509 1402; x_wconf 80' lang='grc' dir='ltr'><strong>μὲν</strong></span> <span class='ocrx_word' id='word_1_201' title='bbox 2551 1329 2733 1384; x_wconf 83' lang='grc' dir='ltr'>αὐτῶν</span> <span class='ocrx_word' id='word_1_202' title='bbox 2779 1330 3168 1398; x_wconf 81' lang='grc' dir='ltr'>κατερῤαίνετο</span> <span class='ocrx_word' id='word_1_203' title='bbox 3210 1325 3382 1396; x_wconf 85' lang='grc' dir='ltr'>χώρα.</span> <span class='ocrx_word' id='word_1_204' title='bbox 3412 1324 3649 1395; x_wconf 80' lang='grc' dir='ltr'>Ἔμελλε</span> <span class='ocrx_word' id='word_1_205' title='bbox 3676 1324 3728 1376; x_wconf 83' lang='grc' dir='ltr'>δὲ</span> 
     </span>
    </p>
   </div>
   <div class='ocr_carea' id='block_1_29' title="bbox 2146 1415 3732 1494">
    <p class='ocr_par' dir='ltr' id='par_1_29' title="bbox 2146 1415 3732 1494">
     <span class='ocr_line' id='line_1_29' title="bbox 2146 1415 3732 1494; baseline -0.008 -17"><span class='ocrx_word' id='word_1_206' title='bbox 2146 1423 2281 1494; x_wconf 84' lang='grc' dir='ltr'>ὁμοῦ</span> <span class='ocrx_word' id='word_1_207' title='bbox 2319 1425 2439 1485; x_wconf 88' lang='grc' dir='ltr'>ταῖς</span> <span class='ocrx_word' id='word_1_208' title='bbox 2484 1421 2673 1474; x_wconf 82' lang='grc' dir='ltr'>πόλεσι</span> <span class='ocrx_word' id='word_1_209' title='bbox 2719 1420 2814 1474; x_wconf 61' lang='grc' dir='ltr'><strong>καί¹</strong></span> <span class='ocrx_word' id='word_1_210' title='bbox 2858 1419 3020 1482; x_wconf 81' lang='grc' dir='ltr'>αὐτὸς</span> <span class='ocrx_word' id='word_1_211' title='bbox 3062 1421 3093 1472; x_wconf 90' lang='grc' dir='ltr'><strong>ό</strong></span> <span class='ocrx_word' id='word_1_212' title='bbox 3132 1416 3415 1487; x_wconf 88' lang='grc' dir='ltr'>διαϐόητος</span> <span class='ocrx_word' id='word_1_213' title='bbox 3459 1415 3732 1484; x_wconf 80' lang='grc' dir='ltr'>καταπίμ-</span> 
     </span>
    </p>
   </div>
   <div class='ocr_carea' id='block_1_30' title="bbox 2148 1504 3726 1583">
    <p class='ocr_par' dir='ltr' id='par_1_30' title="bbox 2148 1504 3726 1583">
     <span class='ocr_line' id='line_1_30' title="bbox 2148 1504 3726 1583; baseline -0.006 -17"><span class='ocrx_word' id='word_1_214' title='bbox 2148 1512 2389 1583; x_wconf 88' lang='grc' dir='ltr'>πρασθαι</span> <span class='ocrx_word' id='word_1_215' title='bbox 2408 1510 2565 1575; x_wconf 87' lang='grc' dir='ltr'>νεὼς,</span> <span class='ocrx_word' id='word_1_216' title='bbox 2587 1505 2811 1564; x_wconf 73' lang='grc' dir='ltr'>οἷκοίιτε</span> <span class='ocrx_word' id='word_1_217' title='bbox 2838 1506 3202 1572; x_wconf 77' lang='grc' dir='ltr'>καπνίζεσθαι</span> <span class='ocrx_word' id='word_1_218' title='bbox 3227 1504 3726 1574; x_wconf 81' lang='grc' dir='ltr'>κατασεσεισμένοι.</span> 
     </span>
    </p>
   </div>
   <div class='ocr_carea' id='block_1_31' title="bbox 2150 1596 3723 1673">
    <p class='ocr_par' dir='ltr' id='par_1_31' title="bbox 2150 1596 3723 1673">
     <span class='ocr_line' id='line_1_31' title="bbox 2150 1596 3723 1673; baseline -0.007 -15"><span class='ocrx_word' id='word_1_219' title='bbox 2150 1602 2275 1659; x_wconf 77' lang='grc' dir='ltr'>Ὀτι</span> <span class='ocrx_word' id='word_1_220' title='bbox 2311 1604 2369 1657; x_wconf 85' lang='grc' dir='ltr'><strong>δέ</strong></span> <span class='ocrx_word' id='word_1_221' title='bbox 2398 1604 2493 1657; x_wconf 73' lang='grc' dir='ltr'><strong>καὶ</strong></span> <span class='ocrx_word' id='word_1_222' title='bbox 2528 1602 2634 1673; x_wconf 81' lang='grc' dir='ltr'><strong>πρὸ</strong></span> <span class='ocrx_word' id='word_1_223' title='bbox 2686 1601 2786 1672; x_wconf 83' lang='grc' dir='ltr'>τῆς</span> <span class='ocrx_word' id='word_1_224' title='bbox 2823 1601 3038 1672; x_wconf 81' lang='grc' dir='ltr'>ἡμέρας</span> <span class='ocrx_word' id='word_1_225' title='bbox 3084 1600 3183 1671; x_wconf 85' lang='grc' dir='ltr'><strong>τῆς</strong></span> <span class='ocrx_word' id='word_1_226' title='bbox 3215 1597 3457 1670; x_wconf 80' lang='grc' dir='ltr'><strong>μεγάλης</strong></span> <span class='ocrx_word' id='word_1_227' title='bbox 3495 1596 3596 1648; x_wconf 64' lang='grc' dir='ltr'><strong>καὶ</strong></span> <span class='ocrx_word' id='word_1_228' title='bbox 3626 1597 3723 1648; x_wconf 60' lang='lat' dir='ltr'><strong>Em-</strong></span> 
     </span>
    </p>
   </div>
   <div class='ocr_carea' id='block_1_32' title="bbox 2151 1687 3727 1764">
    <p class='ocr_par' dir='ltr' id='par_1_32' title="bbox 2151 1687 3727 1764">
     <span class='ocr_line' id='line_1_32' title="bbox 2151 1687 3727 1764; baseline -0.006 -16"><span class='ocrx_word' id='word_1_229' title='bbox 2151 1693 2374 1764; x_wconf 83' lang='grc' dir='ltr'>φανοῦς,</span> <span class='ocrx_word' id='word_1_230' title='bbox 2404 1692 2526 1746; x_wconf 78' lang='grc' dir='ltr'>καθ’</span> <span class='ocrx_word' id='word_1_231' title='bbox 2570 1693 2637 1763; x_wconf 74' lang='grc' dir='ltr'>ἣν</span> <span class='ocrx_word' id='word_1_232' title='bbox 2671 1692 2845 1746; x_wconf 82' lang='grc' dir='ltr'>ἆπασι</span> <span class='ocrx_word' id='word_1_233' title='bbox 2886 1689 3240 1761; x_wconf 84' lang='grc' dir='ltr'>προκείσεται</span> <span class='ocrx_word' id='word_1_234' title='bbox 3272 1687 3334 1741; x_wconf 85' lang='grc' dir='ltr'>τὸ</span> <span class='ocrx_word' id='word_1_235' title='bbox 3366 1687 3508 1741; x_wconf 79' lang='grc' dir='ltr'>θεῖον</span> <span class='ocrx_word' id='word_1_236' title='bbox 3560 1687 3727 1757; x_wconf 78' lang='grc' dir='ltr'>βῆμα,</span> 
     </span>
    </p>
   </div>
   <div class='ocr_carea' id='block_1_33' title="bbox 2150 1777 3731 1857">
    <p class='ocr_par' dir='ltr' id='par_1_33' title="bbox 2150 1777 3731 1857">
     <span class='ocr_line' id='line_1_33' title="bbox 2150 1777 3731 1857; baseline -0.006 -18"><span class='ocrx_word' id='word_1_237' title='bbox 2150 1784 2387 1857; x_wconf 83' lang='grc' dir='ltr'>Χριστυῦ</span> <span class='ocrx_word' id='word_1_238' title='bbox 2431 1783 2663 1847; x_wconf 84' lang='grc' dir='ltr'>διδόντος</span> <span class='ocrx_word' id='word_1_239' title='bbox 2710 1782 2929 1852; x_wconf 79' lang='grc' dir='ltr'>ἑκάστῳ</span> <span class='ocrx_word' id='word_1_240' title='bbox 2965 1780 3108 1835; x_wconf 87' lang='grc' dir='ltr'><strong>κατά</strong></span> <span class='ocrx_word' id='word_1_241' title='bbox 3148 1781 3216 1835; x_wconf 85' lang='grc' dir='ltr'><strong>τά</strong></span> <span class='ocrx_word' id='word_1_242' title='bbox 3259 1780 3398 1851; x_wconf 75' lang='grc' dir='ltr'>ἔργα</span> <span class='ocrx_word' id='word_1_243' title='bbox 3442 1777 3637 1843; x_wconf 85' lang='grc' dir='ltr'>αὐτοῦ,</span> <span class='ocrx_word' id='word_1_244' title='bbox 3672 1777 3731 1829; x_wconf 80' lang='grc' dir='ltr'>τὰ</span> 
     </span>
    </p>
   </div>
   <div class='ocr_carea' id='block_1_34' title="bbox 476 1869 2048 1959">
    <p class='ocr_par' dir='ltr' id='par_1_34' title="bbox 476 1869 2047 1959">
     <span class='ocr_line' id='line_1_34' title="bbox 476 1869 2047 1959; baseline -0.002 -19"><span class='ocrx_word' id='word_1_245' title='bbox 476 1889 770 1943; x_wconf 87' lang='lat' dir='ltr'><strong>notandum</strong></span> <span class='ocrx_word' id='word_1_246' title='bbox 820 1891 993 1959; x_wconf 89' lang='lat' dir='ltr'><strong>ipsum</strong></span> <span class='ocrx_word' id='word_1_247' title='bbox 1047 1869 1378 1943; x_wconf 78' lang='lat' dir='ltr'><strong>Salvatorem</strong></span> <span class='ocrx_word' id='word_1_248' title='bbox 1435 1897 1677 1943; x_wconf 89' lang='lat' dir='ltr'><strong>nostrum</strong></span> <span class='ocrx_word' id='word_1_249' title='bbox 1743 1887 2047 1954; x_wconf 87' lang='lat' dir='ltr'><strong>interroga-</strong></span> 
     </span>
    </p>
   </div>
   <div class='ocr_carea' id='block_1_35' title="bbox 2152 1869 3734 1959">
    <p class='ocr_par' dir='ltr' id='par_1_35' title="bbox 2152 1869 3734 1959">
     <span class='ocr_line' id='line_1_35' title="bbox 2152 1869 3734 1959; baseline -0.006 -27"><span class='ocrx_word' id='word_1_250' title='bbox 2152 1878 2326 1932; x_wconf 83' lang='grc' dir='ltr'>τοιάδε</span> <span class='ocrx_word' id='word_1_251' title='bbox 2352 1878 2465 1940; x_wconf 82' lang='grc' dir='ltr'>τοῖς</span> <span class='ocrx_word' id='word_1_252' title='bbox 2505 1874 2780 1937; x_wconf 74' lang='grc' dir='ltr'>Ἰουδαίοις</span> <span class='ocrx_word' id='word_1_253' title='bbox 2818 1873 3193 1945; x_wconf 90' lang='grc' dir='ltr'>συμϐήσεται,</span> <span class='ocrx_word' id='word_1_254' title='bbox 3229 1872 3639 1942; x_wconf 81' lang='grc' dir='ltr'>διαμεμήνυκεν</span> 
     </span>
    </p>
   </div>
   <div class='ocr_carea' id='block_1_36' title="bbox 477 1977 2047 2051">
    <p class='ocr_par' dir='ltr' id='par_1_36' title="bbox 477 1977 2047 2051">
     <span class='ocr_line' id='line_1_36' title="bbox 477 1977 2047 2051; baseline -0.001 -18"><span class='ocrx_word' id='word_1_255' title='bbox 477 1990 589 2033; x_wconf 88' lang='lat' dir='ltr'><strong>tum</strong></span> <span class='ocrx_word' id='word_1_256' title='bbox 614 1996 643 2034; x_wconf 92' lang='lat' dir='ltr'><strong>a</strong></span> <span class='ocrx_word' id='word_1_257' title='bbox 667 1983 867 2036; x_wconf 89' lang='lat' dir='ltr'><strong>sanctis</strong></span> <span class='ocrx_word' id='word_1_258' title='bbox 893 1980 1149 2051; x_wconf 88' lang='lat' dir='ltr'><strong>apostolis</strong></span> <span class='ocrx_word' id='word_1_259' title='bbox 1184 1981 1250 2034; x_wconf 92' lang='lat' dir='ltr'><strong>de</strong></span> <span class='ocrx_word' id='word_1_260' title='bbox 1276 1978 1741 2035; x_wconf 86' lang='lat' dir='ltr'><strong>consummatione</strong></span> <span class='ocrx_word' id='word_1_261' title='bbox 1767 1977 1923 2047; x_wconf 77' lang='lat'><strong>231</strong></span> <span class='ocrx_word' id='word_1_262' title='bbox 1947 1991 2047 2032; x_wconf 73' lang='lat' dir='ltr'><strong>sae-</strong></span> 
     </span>
    </p>
   </div>
   <div class='ocr_carea' id='block_1_37' title="bbox 477 2068 2045 2145">
    <p class='ocr_par' dir='ltr' id='par_1_37' title="bbox 477 2068 2045 2145">
     <span class='ocr_line' id='line_1_37' title="bbox 477 2068 2045 2145; baseline -0.002 -19"><span class='ocrx_word' id='word_1_263' title='bbox 477 2071 583 2126; x_wconf 85' lang='lat' dir='ltr'><strong>culi</strong></span> <span class='ocrx_word' id='word_1_264' title='bbox 633 2082 689 2127; x_wconf 90' lang='lat' dir='ltr'><strong>et</strong></span> <span class='ocrx_word' id='word_1_265' title='bbox 717 2075 996 2128; x_wconf 87' lang='lat' dir='ltr'><strong>eversione</strong></span> <span class='ocrx_word' id='word_1_266' title='bbox 1020 2072 1538 2145; x_wconf 85' lang='lat' dir='ltr'><strong>Hierosolymorum,</strong></span> <span class='ocrx_word' id='word_1_267' title='bbox 1565 2070 1845 2126; x_wconf 89' lang='lat' dir='ltr'><strong>miscuisse</strong></span> <span class='ocrx_word' id='word_1_268' title='bbox 1871 2068 2045 2139; x_wconf 86' lang='lat' dir='ltr'><strong>signa,</strong></span> 
     </span>
    </p>
   </div>
   <div class='ocr_carea' id='block_1_38' title="bbox 477 2161 2050 2234">
    <p class='ocr_par' dir='ltr' id='par_1_38' title="bbox 477 2161 2050 2234">
     <span class='ocr_line' id='line_1_38' title="bbox 477 2161 2050 2234; baseline -0.003 -17"><span class='ocrx_word' id='word_1_269' title='bbox 477 2173 537 2217; x_wconf 88' lang='lat' dir='ltr'><strong>ut</strong></span> <span class='ocrx_word' id='word_1_270' title='bbox 568 2164 830 2221; x_wconf 89' lang='lat' dir='ltr'><strong>incertum</strong></span> <span class='ocrx_word' id='word_1_271' title='bbox 875 2166 949 2221; x_wconf 90' lang='lat' dir='ltr'><strong>ita</strong></span> <span class='ocrx_word' id='word_1_272' title='bbox 978 2166 1181 2223; x_wconf 89' lang='lat' dir='ltr'><strong>faceret</strong></span> <span class='ocrx_word' id='word_1_273' title='bbox 1208 2165 1455 2232; x_wconf 82' lang='lat' dir='ltr'><strong>forsitan,</strong></span> <span class='ocrx_word' id='word_1_274' title='bbox 1492 2179 1610 2234; x_wconf 61' lang='lat' dir='ltr'><strong>quas</strong></span> <span class='ocrx_word' id='word_1_275' title='bbox 1647 2161 1862 2233; x_wconf 85' lang='lat' dir='ltr'><strong>quando</strong></span> <span class='ocrx_word' id='word_1_276' title='bbox 1890 2173 2050 2216; x_wconf 86' lang='lat' dir='ltr'><strong>even-</strong></span> 
     </span>
    </p>
   </div>
   <div class='ocr_carea' id='block_1_39' title="bbox 478 2254 817 2312">
    <p class='ocr_par' dir='ltr' id='par_1_39' title="bbox 478 2254 817 2312">
     <span class='ocr_line' id='line_1_39' title="bbox 478 2254 817 2312; baseline 0.018 -6"><span class='ocrx_word' id='word_1_277' title='bbox 478 2263 596 2310; x_wconf 83' lang='lat' dir='ltr'><strong>tura</strong></span> <span class='ocrx_word' id='word_1_278' title='bbox 620 2254 817 2312; x_wconf 79' lang='lat' dir='ltr'><strong>forent.</strong></span> 
     </span>
    </p>
   </div>
   <div class='ocr_carea' id='block_1_40' title="bbox 2151 1958 3738 2038">
    <p class='ocr_par' dir='ltr' id='par_1_40' title="bbox 2151 1958 3738 2038">
     <span class='ocr_line' id='line_1_40' title="bbox 2151 1958 3738 2038; baseline -0.007 -16"><span class='ocrx_word' id='word_1_279' title='bbox 2151 1969 2267 2023; x_wconf 84' lang='grc' dir='ltr'>πών</span> <span class='ocrx_word' id='word_1_280' title='bbox 2297 1984 2311 1998; x_wconf 89' lang='grc'><strong>·</strong></span> <span class='ocrx_word' id='word_1_281' title='bbox 2349 1985 2367 2019; x_wconf 81' lang='grc' dir='ltr'><strong>ι</strong></span> <span class='ocrx_word' id='word_1_282' title='bbox 2397 1967 2534 2038; x_wconf 71' lang='grc' dir='ltr'>Πρὶν</span> <span class='ocrx_word' id='word_1_283' title='bbox 2582 1965 2757 2019; x_wconf 80' lang='grc' dir='ltr'>ἐλθεῖν</span> <span class='ocrx_word' id='word_1_284' title='bbox 2804 1964 2903 2034; x_wconf 86' lang='grc' dir='ltr'><strong>τὴν</strong></span> <span class='ocrx_word' id='word_1_285' title='bbox 2946 1963 3160 2035; x_wconf 80' lang='grc' dir='ltr'>ἡμέραν</span> <span class='ocrx_word' id='word_1_286' title='bbox 3202 1963 3304 2033; x_wconf 80' lang='grc' dir='ltr'><strong>τὴν</strong></span> <span class='ocrx_word' id='word_1_287' title='bbox 3358 1960 3609 2038; x_wconf 80' lang='grc' dir='ltr'>μεγάλην</span> <span class='ocrx_word' id='word_1_288' title='bbox 3653 1958 3738 2013; x_wconf 73' lang='grc' dir='ltr'>καὶ</span> 
     </span>
    </p>
   </div>
   <div class='ocr_carea' id='block_1_41' title="bbox 2151 2037 3740 2130">
    <p class='ocr_par' dir='ltr' id='par_1_41' title="bbox 2151 2037 3740 2130">
     <span class='ocr_line' id='line_1_41' title="bbox 2151 2037 3740 2130; baseline -0.005 -16"><span class='ocrx_word' id='word_1_289' title='bbox 2151 2037 2814 2130; x_wconf 15' lang='grc' dir='ltr'>ἐπιφανῆδίΣημειωτέον</span> <span class='ocrx_word' id='word_1_290' title='bbox 2837 2055 2894 2109; x_wconf 88' lang='grc' dir='ltr'><strong>δέ</strong></span> <span class='ocrx_word' id='word_1_291' title='bbox 2924 2055 3063 2127; x_wconf 83' lang='grc' dir='ltr'>πρὸς</span> <span class='ocrx_word' id='word_1_292' title='bbox 3088 2054 3321 2119; x_wconf 80' lang='grc' dir='ltr'>τούτοις,</span> <span class='ocrx_word' id='word_1_293' title='bbox 3339 2055 3423 2108; x_wconf 76' lang='grc' dir='ltr'><strong>ὅτι</strong></span> <span class='ocrx_word' id='word_1_294' title='bbox 3451 2037 3545 2107; x_wconf 63' lang='grc' dir='ltr'><strong>καί</strong></span> <span class='ocrx_word' id='word_1_295' title='bbox 3583 2051 3740 2115; x_wconf 71' lang='grc' dir='ltr'>αὐτὸς</span> 
     </span>
    </p>
   </div>
   <div class='ocr_carea' id='block_1_42' title="bbox 2152 2143 3740 2221">
    <p class='ocr_par' dir='ltr' id='par_1_42' title="bbox 2152 2143 3740 2221">
     <span class='ocr_line' id='line_1_42' title="bbox 2152 2143 3740 2221; baseline -0.004 -17"><span class='ocrx_word' id='word_1_296' title='bbox 2152 2152 2182 2204; x_wconf 84' lang='grc' dir='ltr'>ὁ</span> <span class='ocrx_word' id='word_1_297' title='bbox 2207 2149 2412 2221; x_wconf 81' lang='grc' dir='ltr'>Κύριος</span> <span class='ocrx_word' id='word_1_298' title='bbox 2436 2147 2593 2218; x_wconf 84' lang='grc' dir='ltr'>ἡμῶν</span> <span class='ocrx_word' id='word_1_299' title='bbox 2619 2147 2971 2217; x_wconf 76' lang='grc' dir='ltr'>ἐρωτώμενος</span> <span class='ocrx_word' id='word_1_300' title='bbox 2998 2145 3152 2217; x_wconf 80' lang='grc' dir='ltr'><strong>παρά</strong></span> <span class='ocrx_word' id='word_1_301' title='bbox 3178 2145 3288 2199; x_wconf 84' lang='grc' dir='ltr'>τῶν</span> <span class='ocrx_word' id='word_1_302' title='bbox 3314 2145 3485 2214; x_wconf 82' lang='grc' dir='ltr'>ἁγίων</span> <span class='ocrx_word' id='word_1_303' title='bbox 3510 2143 3740 2198; x_wconf 78' lang='grc' dir='ltr'>ἀποστό-</span> 
     </span>
    </p>
   </div>
   <div class='ocr_carea' id='block_1_43' title="bbox 2157 2238 3742 2312">
    <p class='ocr_par' dir='ltr' id='par_1_43' title="bbox 2157 2238 3742 2312">
     <span class='ocr_line' id='line_1_43' title="bbox 2157 2238 3742 2312; baseline -0.001 -17"><span class='ocrx_word' id='word_1_304' title='bbox 2157 2243 2263 2296; x_wconf 90' lang='grc' dir='ltr'><strong>λων</strong></span> <span class='ocrx_word' id='word_1_305' title='bbox 2290 2241 2359 2296; x_wconf 90' lang='grc' dir='ltr'><strong>τά</strong></span> <span class='ocrx_word' id='word_1_306' title='bbox 2392 2241 2521 2312; x_wconf 72' lang='grc' dir='ltr'>περὶ</span> <span class='ocrx_word' id='word_1_307' title='bbox 2550 2240 2650 2311; x_wconf 83' lang='grc' dir='ltr'>τῆς</span> <span class='ocrx_word' id='word_1_308' title='bbox 2677 2240 2991 2303; x_wconf 85' lang='grc' dir='ltr'>συντελείας</span> <span class='ocrx_word' id='word_1_309' title='bbox 3016 2238 3111 2293; x_wconf 86' lang='grc' dir='ltr'><strong>τοῦ</strong></span> <span class='ocrx_word' id='word_1_310' title='bbox 3142 2239 3359 2304; x_wconf 77' lang='grc' dir='ltr'>αἰῶνος,</span> <span class='ocrx_word' id='word_1_311' title='bbox 3387 2239 3481 2294; x_wconf 72' lang='grc' dir='ltr'>καὶ</span> <span class='ocrx_word' id='word_1_312' title='bbox 3510 2239 3589 2293; x_wconf 78' lang='grc' dir='ltr'>τὰ</span> <span class='ocrx_word' id='word_1_313' title='bbox 3620 2241 3742 2310; x_wconf 72' lang='grc' dir='ltr'>περὶ</span> 
     </span>
    </p>
   </div>
   <div class='ocr_carea' id='block_1_44' title="bbox 476 2329 3769 2422">
    <p class='ocr_par' dir='ltr' id='par_1_44' title="bbox 476 2329 3769 2422">
     <span class='ocr_line' id='line_1_44' title="bbox 476 2329 3769 2422; baseline -0.004 -26"><span class='ocrx_word' id='word_1_314' title='bbox 476 2344 577 2415; x_wconf 85' lang='grc' dir='ltr'>τῆς</span> <span class='ocrx_word' id='word_1_315' title='bbox 609 2346 717 2400; x_wconf 87' lang='grc' dir='ltr'>τῶν</span> <span class='ocrx_word' id='word_1_316' title='bbox 763 2348 1149 2419; x_wconf 87' lang='grc' dir='ltr'>Ἰεροσολύμων</span> <span class='ocrx_word' id='word_1_317' title='bbox 1216 2348 1630 2422; x_wconf 78' lang='grc' dir='ltr'>καταστροφῆς,</span> <span class='ocrx_word' id='word_1_318' title='bbox 1679 2343 1831 2419; x_wconf 79' lang='grc' dir='ltr'>ἔμιξε</span> <span class='ocrx_word' id='word_1_319' title='bbox 1873 2342 1941 2397; x_wconf 80' lang='grc' dir='ltr'><strong>τὰ</strong></span> <span class='ocrx_word' id='word_1_320' title='bbox 1989 2340 2210 2411; x_wconf 84' lang='grc' dir='ltr'>σημεῖα,</span> <span class='ocrx_word' id='word_1_321' title='bbox 2265 2336 2341 2400; x_wconf 86' lang='grc' dir='ltr'>ὡς</span> <span class='ocrx_word' id='word_1_322' title='bbox 2380 2335 2522 2405; x_wconf 89' lang='grc' dir='ltr'>τάχα</span> <span class='ocrx_word' id='word_1_323' title='bbox 2563 2350 2666 2387; x_wconf 87' lang='grc' dir='ltr'><strong>που</strong></span> <span class='ocrx_word' id='word_1_324' title='bbox 2708 2333 2804 2387; x_wconf 77' lang='grc' dir='ltr'><strong>καὶ</strong></span> <span class='ocrx_word' id='word_1_325' title='bbox 2866 2331 3176 2401; x_wconf 79' lang='grc' dir='ltr'>ἀγνοεῖσθαι</span> <span class='ocrx_word' id='word_1_326' title='bbox 3218 2331 3425 2398; x_wconf 81' lang='grc' dir='ltr'>λοιπὸν,</span> <span class='ocrx_word' id='word_1_327' title='bbox 3505 2334 3644 2387; x_wconf 82' lang='grc' dir='ltr'>ποῖα</span> <span class='ocrx_word' id='word_1_328' title='bbox 3683 2329 3769 2397; x_wconf 72' lang='grc' dir='ltr'><strong>δὴ-</strong></span> 
     </span>
    </p>
   </div>
   <div class='ocr_carea' id='block_1_45' title="bbox 480 2438 1001 2509">
    <p class='ocr_par' dir='ltr' id='par_1_45' title="bbox 480 2438 1001 2509">
     <span class='ocr_line' id='line_1_45' title="bbox 480 2438 1001 2509; baseline 0.002 -19"><span class='ocrx_word' id='word_1_329' title='bbox 480 2452 610 2491; x_wconf 85' lang='grc' dir='ltr'>ποτε</span> <span class='ocrx_word' id='word_1_330' title='bbox 642 2438 1001 2509; x_wconf 84' lang='grc' dir='ltr'>συμϐήσεται.</span> 
     </span>
    </p>
   </div>
   <div class='ocr_carea' id='block_1_46' title="bbox 555 2525 2057 2603">
    <p class='ocr_par' dir='ltr' id='par_1_46' title="bbox 555 2525 2057 2603">
     <span class='ocr_line' id='line_1_46' title="bbox 555 2525 2057 2603; baseline -0.004 -18"><span class='ocrx_word' id='word_1_331' title='bbox 555 2531 721 2585; x_wconf 72' lang='lat' dir='ltr'><strong>Vsns.</strong></span> <span class='ocrx_word' id='word_1_332' title='bbox 764 2532 854 2586; x_wconf 68' lang='grc'><strong>52,</strong></span> <span class='ocrx_word' id='word_1_333' title='bbox 902 2530 967 2585; x_wconf 84' lang='grc' dir='ltr'>Ει</span> <span class='ocrx_word' id='word_1_334' title='bbox 1007 2531 1153 2587; x_wconf 85' lang='lat' dir='ltr'><strong>erit:</strong></span> <span class='ocrx_word' id='word_1_335' title='bbox 1189 2532 1372 2588; x_wconf 80' lang='lat' dir='ltr'><strong>Omnis</strong></span> <span class='ocrx_word' id='word_1_336' title='bbox 1400 2532 1693 2603; x_wconf 77' lang='lat' dir='ltr'><strong>quicunque</strong></span> <span class='ocrx_word' id='word_1_337' title='bbox 1742 2525 2057 2584; x_wconf 71' lang='lat' dir='ltr'><strong>invocaverit</strong></span> 
     </span>
    </p>
   </div>
   <div class='ocr_carea' id='block_1_47' title="bbox 480 2620 2060 2693">
    <p class='ocr_par' dir='ltr' id='par_1_47' title="bbox 480 2620 2060 2693">
     <span class='ocr_line' id='line_1_47' title="bbox 480 2620 2060 2693; baseline -0.002 -17"><span class='ocrx_word' id='word_1_338' title='bbox 480 2639 668 2676; x_wconf 83' lang='lat' dir='ltr'><strong>nomen</strong></span> <span class='ocrx_word' id='word_1_339' title='bbox 705 2621 937 2688; x_wconf 77' lang='lat' dir='ltr'><strong>Domini,</strong></span> <span class='ocrx_word' id='word_1_340' title='bbox 982 2625 1157 2677; x_wconf 80' lang='lat' dir='ltr'><strong>saluus</strong></span> <span class='ocrx_word' id='word_1_341' title='bbox 1181 2626 1278 2679; x_wconf 85' lang='lat' dir='ltr'><strong>erit</strong></span> <span class='ocrx_word' id='word_1_342' title='bbox 1293 2640 1313 2689; x_wconf 80' lang='lat'><strong>,&#39;</strong></span> <span class='ocrx_word' id='word_1_343' title='bbox 1350 2625 1473 2693; x_wconf 90' lang='lat' dir='ltr'><strong>quia</strong></span> <span class='ocrx_word' id='word_1_344' title='bbox 1512 2624 1568 2675; x_wconf 87' lang='lat' dir='ltr'><strong>in</strong></span> <span class='ocrx_word' id='word_1_345' title='bbox 1599 2630 1772 2676; x_wconf 85' lang='lat' dir='ltr'><strong>monte</strong></span> <span class='ocrx_word' id='word_1_346' title='bbox 1818 2620 1971 2685; x_wconf 85' lang='lat' dir='ltr'><strong>Sion,</strong></span> <span class='ocrx_word' id='word_1_347' title='bbox 2008 2628 2060 2674; x_wconf 81' lang='lat' dir='ltr'><strong>et</strong></span> 
     </span>
    </p>
   </div>
   <div class='ocr_carea' id='block_1_48' title="bbox 480 2712 2059 2779">
    <p class='ocr_par' dir='ltr' id='par_1_48' title="bbox 480 2712 2059 2779">
     <span class='ocr_line' id='line_1_48' title="bbox 480 2712 2059 2779; baseline -0.001 -13"><span class='ocrx_word' id='word_1_348' title='bbox 480 2714 534 2766; x_wconf 84' lang='lat' dir='ltr'><strong>in</strong></span> <span class='ocrx_word' id='word_1_349' title='bbox 576 2712 874 2767; x_wconf 84' lang='lat' dir='ltr'><strong>Jerusalem</strong></span> <span class='ocrx_word' id='word_1_350' title='bbox 907 2714 1009 2767; x_wconf 85' lang='lat' dir='ltr'><strong>erit</strong></span> <span class='ocrx_word' id='word_1_351' title='bbox 1055 2716 1312 2779; x_wconf 76' lang='lat' dir='ltr'><strong>salvatus,</strong></span> <span class='ocrx_word' id='word_1_352' title='bbox 1352 2715 1484 2768; x_wconf 86' lang='lat' dir='ltr'><strong>sicut</strong></span> <span class='ocrx_word' id='word_1_353' title='bbox 1520 2713 1653 2767; x_wconf 72' lang='lat' dir='ltr'><strong>dixit</strong></span> <span class='ocrx_word' id='word_1_354' title='bbox 1680 2712 1972 2777; x_wconf 82' lang='lat' dir='ltr'><strong>Dominus;</strong></span> <span class='ocrx_word' id='word_1_355' title='bbox 2010 2720 2059 2765; x_wconf 88' lang='lat' dir='ltr'><strong>et</strong></span> 
     </span>
    </p>
   </div>
   <div class='ocr_carea' id='block_1_49' title="bbox 479 2806 1582 2876">
    <p class='ocr_par' dir='ltr' id='par_1_49' title="bbox 479 2806 1582 2876">
     <span class='ocr_line' id='line_1_49' title="bbox 479 2806 1582 2876; baseline 0.002 -17"><span class='ocrx_word' id='word_1_356' title='bbox 479 2807 897 2875; x_wconf 77' lang='lat' dir='ltr'><strong>euangelizantes</strong></span> <span class='ocrx_word' id='word_1_357' title='bbox 929 2822 1057 2876; x_wconf 86' lang='lat' dir='ltr'><strong>quos</strong></span> <span class='ocrx_word' id='word_1_358' title='bbox 1081 2806 1335 2862; x_wconf 85' lang='lat' dir='ltr'><strong>Dominus</strong></span> <span class='ocrx_word' id='word_1_359' title='bbox 1360 2808 1582 2861; x_wconf 74' lang='lat' dir='ltr'><strong>vocavit.</strong></span> 
     </span>
    </p>
   </div>
   <div class='ocr_carea' id='block_1_50' title="bbox 2225 2510 3745 2582">
    <p class='ocr_par' dir='ltr' id='par_1_50' title="bbox 2225 2510 3745 2582">
     <span class='ocr_line' id='line_1_50' title="bbox 2225 2510 3745 2582; baseline -0.001 -13"><span class='ocrx_word' id='word_1_360' title='bbox 2225 2513 2335 2569; x_wconf 76' lang='grc' dir='ltr'><strong>Καὶ</strong></span> <span class='ocrx_word' id='word_1_361' title='bbox 2379 2510 2551 2566; x_wconf 72' lang='grc' dir='ltr'>ἔσται</span> <span class='ocrx_word' id='word_1_362' title='bbox 2575 2526 2589 2541; x_wconf 89' lang='grc'><strong>·</strong></span> <span class='ocrx_word' id='word_1_363' title='bbox 2626 2510 2753 2575; x_wconf 86' lang='grc' dir='ltr'><strong>Πᾶς</strong></span> <span class='ocrx_word' id='word_1_364' title='bbox 2780 2510 2849 2576; x_wconf 71' lang='grc' dir='ltr'>ὃς</span> <span class='ocrx_word' id='word_1_365' title='bbox 2881 2510 2962 2565; x_wconf 82' lang='grc' dir='ltr'><strong>ἂν</strong></span> <span class='ocrx_word' id='word_1_366' title='bbox 2989 2510 3422 2577; x_wconf 72' lang='grc' dir='ltr'>ἐπικαλέσηται</span> <span class='ocrx_word' id='word_1_367' title='bbox 3457 2511 3527 2565; x_wconf 83' lang='grc' dir='ltr'>τὸ</span> <span class='ocrx_word' id='word_1_368' title='bbox 3559 2512 3745 2582; x_wconf 77' lang='grc' dir='ltr'>ὄνομα</span> 
     </span>
    </p>
   </div>
   <div class='ocr_carea' id='block_1_51' title="bbox 2152 2601 3746 2675">
    <p class='ocr_par' dir='ltr' id='par_1_51' title="bbox 2152 2601 3746 2675">
     <span class='ocr_line' id='line_1_51' title="bbox 2152 2601 3746 2675; baseline -0.001 -14"><span class='ocrx_word' id='word_1_369' title='bbox 2152 2605 2395 2675; x_wconf 82' lang='grc' dir='ltr'>Κυρίου,</span> <span class='ocrx_word' id='word_1_370' title='bbox 2423 2601 2761 2669; x_wconf 74' lang='grc' dir='ltr'>σωθήσεται</span> <span class='ocrx_word' id='word_1_371' title='bbox 2786 2617 2799 2632; x_wconf 89' lang='grc'><strong>·</strong></span> <span class='ocrx_word' id='word_1_372' title='bbox 2824 2601 2915 2656; x_wconf 84' lang='grc' dir='ltr'>ὅτι</span> <span class='ocrx_word' id='word_1_373' title='bbox 2948 2602 3018 2655; x_wconf 78' lang='grc' dir='ltr'><strong>ἐν</strong></span> <span class='ocrx_word' id='word_1_374' title='bbox 3060 2601 3141 2666; x_wconf 83' lang='grc' dir='ltr'>τῷ</span> <span class='ocrx_word' id='word_1_375' title='bbox 3182 2601 3306 2671; x_wconf 82' lang='grc' dir='ltr'>ὄρει</span> <span class='ocrx_word' id='word_1_376' title='bbox 3344 2602 3515 2668; x_wconf 79' lang='grc' dir='ltr'>Σιὼν,</span> <span class='ocrx_word' id='word_1_377' title='bbox 3547 2604 3655 2659; x_wconf 79' lang='grc' dir='ltr'><strong>καί</strong></span> <span class='ocrx_word' id='word_1_378' title='bbox 3681 2604 3746 2659; x_wconf 72' lang='grc' dir='ltr'>ἐν</span> 
     </span>
    </p>
   </div>
   <div class='ocr_carea' id='block_1_52' title="bbox 2163 2693 3746 2766">
    <p class='ocr_par' dir='ltr' id='par_1_52' title="bbox 2163 2693 3746 2766">
     <span class='ocr_line' id='line_1_52' title="bbox 2163 2693 3746 2766; baseline 0.001 -14"><span class='ocrx_word' id='word_1_379' title='bbox 2163 2694 2562 2766; x_wconf 74' lang='grc' dir='ltr'>Ἰερουσαλὴμ</span> <span class='ocrx_word' id='word_1_380' title='bbox 2581 2694 2754 2748; x_wconf 77' lang='grc' dir='ltr'>ἔσται</span> <span class='ocrx_word' id='word_1_381' title='bbox 2783 2694 3253 2765; x_wconf 82' lang='grc' dir='ltr'>ἀνασωζόμενος,</span> <span class='ocrx_word' id='word_1_382' title='bbox 3280 2698 3485 2751; x_wconf 82' lang='grc' dir='ltr'>καθότι</span> <span class='ocrx_word' id='word_1_383' title='bbox 3514 2693 3693 2754; x_wconf 76' lang='grc' dir='ltr'>εἶπεν</span> <span class='ocrx_word' id='word_1_384' title='bbox 3714 2703 3746 2755; x_wconf 80' lang='grc' dir='ltr'><strong>ό</strong></span> 
     </span>
    </p>
   </div>
   <div class='ocr_carea' id='block_1_53' title="bbox 2154 2783 3747 2860">
    <p class='ocr_par' dir='ltr' id='par_1_53' title="bbox 2154 2783 3747 2860">
     <span class='ocr_line' id='line_1_53' title="bbox 2154 2783 3747 2860; baseline -0.006 -17"><span class='ocrx_word' id='word_1_385' title='bbox 2154 2790 2392 2857; x_wconf 85' lang='grc' dir='ltr'>Κύριος,</span> <span class='ocrx_word' id='word_1_386' title='bbox 2426 2786 2526 2841; x_wconf 80' lang='grc' dir='ltr'>καὶ</span> <span class='ocrx_word' id='word_1_387' title='bbox 2565 2783 3081 2856; x_wconf 69' lang='grc' dir='ltr'>εὐαγγελιζόμενοι</span> <span class='ocrx_word' id='word_1_388' title='bbox 3118 2785 3227 2854; x_wconf 87' lang='grc' dir='ltr'>οὓς</span> <span class='ocrx_word' id='word_1_389' title='bbox 3258 2788 3292 2841; x_wconf 86' lang='grc' dir='ltr'><strong>ό</strong></span> <span class='ocrx_word' id='word_1_390' title='bbox 3318 2788 3537 2858; x_wconf 83' lang='grc' dir='ltr'>Κύριος</span> <span class='ocrx_word' id='word_1_391' title='bbox 3560 2804 3747 2860; x_wconf 78' lang='grc' dir='ltr'>προσ.</span> 
     </span>
    </p>
   </div>
   <div class='ocr_carea' id='block_1_54' title="bbox 2156 2880 2465 2947">
    <p class='ocr_par' dir='ltr' id='par_1_54' title="bbox 2156 2880 2465 2947">
     <span class='ocr_line' id='line_1_54' title="bbox 2156 2880 2465 2947; baseline -0.006 -13"><span class='ocrx_word' id='word_1_392' title='bbox 2156 2880 2465 2947; x_wconf 72' lang='grc' dir='ltr'>κέκληται.</span> 
     </span>
    </p>
   </div>
   <div class='ocr_carea' id='block_1_55' title="bbox 551 2962 2048 3051">
    <p class='ocr_par' dir='ltr' id='par_1_55' title="bbox 551 2977 2048 3051">
     <span class='ocr_line' id='line_1_55' title="bbox 551 2977 2048 3051; baseline 0.003 -20"><span class='ocrx_word' id='word_1_393' title='bbox 551 2977 813 3033; x_wconf 74' lang='lat' dir='ltr'><strong>XXXVII.</strong></span> <span class='ocrx_word' id='word_1_394' title='bbox 861 2978 1091 3035; x_wconf 87' lang='lat' dir='ltr'><strong>Omnino</strong></span> <span class='ocrx_word' id='word_1_395' title='bbox 1127 2981 1291 3050; x_wconf 85' lang='lat' dir='ltr'><strong>igitur</strong></span> <span class='ocrx_word' id='word_1_396' title='bbox 1318 2989 1373 3035; x_wconf 89' lang='lat' dir='ltr'><strong>et</strong></span> <span class='ocrx_word' id='word_1_397' title='bbox 1407 2980 1565 3051; x_wconf 89' lang='lat' dir='ltr'><strong>plane</strong></span> <span class='ocrx_word' id='word_1_398' title='bbox 1595 2987 1818 3051; x_wconf 88' lang='lat' dir='ltr'><strong>propter</strong></span> <span class='ocrx_word' id='word_1_399' title='bbox 1838 2977 2048 3035; x_wconf 62' lang='lat' dir='ltr'><strong>Judaeu-</strong></span> 
     </span>
    </p>
   </div>
   <div class='ocr_carea' id='block_1_56' title="bbox 2152 2962 3748 3051">
    <p class='ocr_par' dir='ltr' id='par_1_56' title="bbox 2225 2962 3748 3051">
     <span class='ocr_line' id='line_1_56' title="bbox 2225 2962 3748 3051; baseline 0.002 -27"><span class='ocrx_word' id='word_1_400' title='bbox 2225 2972 2349 3025; x_wconf 81' lang='lat' dir='ltr'><strong>AZ&#39;.</strong></span> <span class='ocrx_word' id='word_1_401' title='bbox 2394 2969 2654 3051; x_wconf 73' lang='grc' dir='ltr'>Ἐσεσθαι</span> <span class='ocrx_word' id='word_1_402' title='bbox 2691 2970 2790 3042; x_wconf 79' lang='grc' dir='ltr'>μὲν</span> <span class='ocrx_word' id='word_1_403' title='bbox 2834 2962 2932 3024; x_wconf 82' lang='grc' dir='ltr'><strong>οῦν</strong></span> <span class='ocrx_word' id='word_1_404' title='bbox 2978 2969 3160 3041; x_wconf 86' lang='grc' dir='ltr'>πάντη</span> <span class='ocrx_word' id='word_1_405' title='bbox 3185 2988 3246 3023; x_wconf 88' lang='grc' dir='ltr'><strong>τε</strong></span> <span class='ocrx_word' id='word_1_406' title='bbox 3275 2972 3371 3025; x_wconf 73' lang='grc' dir='ltr'><strong>καὶ</strong></span> <span class='ocrx_word' id='word_1_407' title='bbox 3399 2972 3630 3038; x_wconf 88' lang='grc' dir='ltr'>πάντως</span> <span class='ocrx_word' id='word_1_408' title='bbox 3662 2974 3748 3027; x_wconf 74' lang='grc' dir='ltr'><strong>ἐπὶ</strong></span> 
     </span>
    </p>
   </div>
   <div class='ocr_carea' id='block_1_57' title="bbox 482 3062 2048 3140">
    <p class='ocr_par' dir='ltr' id='par_1_57' title="bbox 482 3067 2048 3140">
     <span class='ocr_line' id='line_1_57' title="bbox 482 3067 2048 3140; baseline 0.002 -20"><span class='ocrx_word' id='word_1_409' title='bbox 482 3082 602 3120; x_wconf 84' lang='lat' dir='ltr'><strong>rum</strong></span> <span class='ocrx_word' id='word_1_410' title='bbox 645 3067 852 3121; x_wconf 89' lang='lat' dir='ltr'><strong>nefaria</strong></span> <span class='ocrx_word' id='word_1_411' title='bbox 885 3067 1123 3122; x_wconf 78' lang='lat' dir='ltr'><strong>facinora</strong></span> <span class='ocrx_word' id='word_1_412' title='bbox 1173 3070 1226 3122; x_wconf 91' lang='lat' dir='ltr'><strong>in</strong></span> <span class='ocrx_word' id='word_1_413' title='bbox 1278 3068 1415 3123; x_wconf 67' lang='lat' dir='ltr'><strong>coelo</strong></span> <span class='ocrx_word' id='word_1_414' title='bbox 1454 3069 1593 3125; x_wconf 91' lang='lat' dir='ltr'><strong>etin</strong></span> <span class='ocrx_word' id='word_1_415' title='bbox 1625 3078 1767 3125; x_wconf 87' lang='lat' dir='ltr'><strong>terra</strong></span> <span class='ocrx_word' id='word_1_416' title='bbox 1797 3069 1953 3140; x_wconf 88' lang='lat' dir='ltr'><strong>signa</strong></span> <span class='ocrx_word' id='word_1_417' title='bbox 1998 3077 2048 3123; x_wconf 92' lang='lat' dir='ltr'><strong>et</strong></span> 
     </span>
    </p>
   </div>
   <div class='ocr_carea' id='block_1_58' title="bbox 2152 3062 3747 3140">
    <p class='ocr_par' dir='ltr' id='par_1_58' title="bbox 2157 3062 3747 3137">
     <span class='ocr_line' id='line_1_58' title="bbox 2157 3062 3747 3137; baseline 0.003 -20"><span class='ocrx_word' id='word_1_418' title='bbox 2157 3066 2276 3129; x_wconf 83' lang='grc' dir='ltr'>ταῖς</span> <span class='ocrx_word' id='word_1_419' title='bbox 2317 3062 2427 3117; x_wconf 82' lang='grc' dir='ltr'><strong>τῶν</strong></span> <span class='ocrx_word' id='word_1_420' title='bbox 2461 3063 2729 3117; x_wconf 88' lang='grc' dir='ltr'>Ἰουδαίων</span> <span class='ocrx_word' id='word_1_421' title='bbox 2776 3063 3144 3135; x_wconf 84' lang='grc' dir='ltr'>ἀνοσιεργίαις</span> <span class='ocrx_word' id='word_1_422' title='bbox 3181 3065 3240 3118; x_wconf 88' lang='grc' dir='ltr'><strong>ἐν</strong></span> <span class='ocrx_word' id='word_1_423' title='bbox 3279 3064 3515 3137; x_wconf 82' lang='grc' dir='ltr'>οὐρανῷ,</span> <span class='ocrx_word' id='word_1_424' title='bbox 3545 3067 3652 3121; x_wconf 75' lang='grc' dir='ltr'>καὶ</span> <span class='ocrx_word' id='word_1_425' title='bbox 3682 3070 3747 3137; x_wconf 79' lang='grc' dir='ltr'>γῇ</span> 
     </span>
    </p>
   </div>
   <div class='ocr_carea' id='block_1_59' title="bbox 482 3128 2048 3234">
    <p class='ocr_par' dir='ltr' id='par_1_59' title="bbox 482 3128 2048 3234">
     <span class='ocr_line' id='line_1_59' title="bbox 482 3128 2048 3234; baseline 0.001 -19"><span class='ocrx_word' id='word_1_426' title='bbox 482 3160 728 3231; x_wconf 83' lang='lat' dir='ltr'><strong>prodigia</strong></span> <span class='ocrx_word' id='word_1_427' title='bbox 760 3160 873 3215; x_wconf 88' lang='lat' dir='ltr'><strong>fore</strong></span> <span class='ocrx_word' id='word_1_428' title='bbox 909 3163 1010 3217; x_wconf 91' lang='lat' dir='ltr'><strong>ait.</strong></span> <span class='ocrx_word' id='word_1_429' title='bbox 1049 3161 1411 3219; x_wconf 80' lang='lat' dir='ltr'><strong>Nihilominus</strong></span> <span class='ocrx_word' id='word_1_430' title='bbox 1444 3164 1607 3219; x_wconf 90' lang='lat' dir='ltr'><strong>etiam</strong></span> <span class='ocrx_word' id='word_1_431' title='bbox 1659 3163 1741 3219; x_wconf 91' lang='lat' dir='ltr'><strong>sic</strong></span> <span class='ocrx_word' id='word_1_432' title='bbox 1787 3128 1916 3234; x_wconf 75' lang='lat' dir='ltr'><strong>ipsis</strong></span> <span class='ocrx_word' id='word_1_433' title='bbox 1960 3164 2048 3219; x_wconf 90' lang='lat' dir='ltr'><strong>Dei</strong></span> 
     </span>
    </p>
   </div>
   <div class='ocr_carea' id='block_1_60' title="bbox 2152 3128 3752 3234">
    <p class='ocr_par' dir='ltr' id='par_1_60' title="bbox 2157 3128 3752 3231">
     <span class='ocr_line' id='line_1_60' title="bbox 2157 3128 3752 3231; baseline 0.002 -21"><span class='ocrx_word' id='word_1_434' title='bbox 2157 3157 2224 3210; x_wconf 83' lang='grc' dir='ltr'><strong>τά</strong></span> <span class='ocrx_word' id='word_1_435' title='bbox 2255 3157 2456 3227; x_wconf 83' lang='grc' dir='ltr'>σημεῖά</span> <span class='ocrx_word' id='word_1_436' title='bbox 2494 3172 2649 3228; x_wconf 83' lang='grc' dir='ltr'>φησι,</span> <span class='ocrx_word' id='word_1_437' title='bbox 2682 3157 2778 3211; x_wconf 74' lang='grc' dir='ltr'><strong>καὶ</strong></span> <span class='ocrx_word' id='word_1_438' title='bbox 2808 3157 2877 3211; x_wconf 87' lang='grc' dir='ltr'><strong>τά</strong></span> <span class='ocrx_word' id='word_1_439' title='bbox 2909 3128 3133 3227; x_wconf 77' lang='grc' dir='ltr'>τέρατα.</span> <span class='ocrx_word' id='word_1_440' title='bbox 3168 3128 3510 3228; x_wconf 73' lang='grc' dir='ltr'>Προκεῖσθαί</span> <span class='ocrx_word' id='word_1_441' title='bbox 3540 3176 3617 3229; x_wconf 84' lang='grc' dir='ltr'><strong>γε</strong></span> 
     </span>
    </p>
   </div>
   <div class='ocr_carea' id='block_1_61' title="bbox 483 3248 2048 3324">
    <p class='ocr_par' dir='ltr' id='par_1_61' title="bbox 483 3251 2048 3324">
     <span class='ocr_line' id='line_1_61' title="bbox 483 3251 2048 3324; baseline 0.004 -21"><span class='ocrx_word' id='word_1_442' title='bbox 483 3251 901 3321; x_wconf 88' lang='lat' dir='ltr'><strong>placabilitatem</strong></span> <span class='ocrx_word' id='word_1_443' title='bbox 957 3267 1078 3308; x_wconf 87' lang='lat' dir='ltr'><strong>esse</strong></span> <span class='ocrx_word' id='word_1_444' title='bbox 1126 3254 1483 3324; x_wconf 88' lang='lat' dir='ltr'><strong>propositam,</strong></span> <span class='ocrx_word' id='word_1_445' title='bbox 1535 3255 1764 3310; x_wconf 87' lang='lat' dir='ltr'><strong>salutem</strong></span> <span class='ocrx_word' id='word_1_446' title='bbox 1808 3255 2048 3310; x_wconf 77' lang='lat' dir='ltr'><strong>videlicet</strong></span> 
     </span>
    </p>
   </div>
   <div class='ocr_carea' id='block_1_62' title="bbox 2152 3248 3753 3324">
    <p class='ocr_par' dir='ltr' id='par_1_62' title="bbox 2159 3248 3753 3323">
     <span class='ocr_line' id='line_1_62' title="bbox 2159 3248 3753 3323; baseline 0.003 -21"><span class='ocrx_word' id='word_1_447' title='bbox 2159 3249 2252 3303; x_wconf 73' lang='grc' dir='ltr'><strong>καὶ</strong></span> <span class='ocrx_word' id='word_1_448' title='bbox 2303 3248 2475 3313; x_wconf 73' lang='grc' dir='ltr'>οὕτως</span> <span class='ocrx_word' id='word_1_449' title='bbox 2524 3249 2709 3313; x_wconf 84' lang='grc' dir='ltr'>αὐτοῖς</span> <span class='ocrx_word' id='word_1_450' title='bbox 2755 3249 2825 3302; x_wconf 84' lang='grc' dir='ltr'><strong>τὰ</strong></span> <span class='ocrx_word' id='word_1_451' title='bbox 2870 3249 2931 3314; x_wconf 79' lang='grc' dir='ltr'><strong>ἐξ</strong></span> <span class='ocrx_word' id='word_1_452' title='bbox 2982 3249 3321 3321; x_wconf 79' lang='grc' dir='ltr'>ἡμερότητος</span> <span class='ocrx_word' id='word_1_453' title='bbox 3347 3249 3504 3315; x_wconf 87' lang='grc' dir='ltr'>Θεοῦ,</span> <span class='ocrx_word' id='word_1_454' title='bbox 3533 3252 3645 3323; x_wconf 77' lang='grc' dir='ltr'><strong>τὴν</strong></span> <span class='ocrx_word' id='word_1_455' title='bbox 3671 3252 3753 3307; x_wconf 82' lang='grc' dir='ltr'><strong>διά</strong></span> 
     </span>
    </p>
   </div>
   <div class='ocr_carea' id='block_1_63' title="bbox 483 3336 2048 3416">
    <p class='ocr_par' dir='ltr' id='par_1_63' title="bbox 483 3341 2048 3416">
     <span class='ocr_line' id='line_1_63' title="bbox 483 3341 2048 3416; baseline 0.003 -22"><span class='ocrx_word' id='word_1_456' title='bbox 483 3358 580 3412; x_wconf 86' lang='lat' dir='ltr'><strong>per</strong></span> <span class='ocrx_word' id='word_1_457' title='bbox 614 3342 793 3407; x_wconf 84' lang='lat' dir='ltr'><strong>ﬁdem,</strong></span> <span class='ocrx_word' id='word_1_458' title='bbox 832 3342 885 3396; x_wconf 89' lang='lat' dir='ltr'><strong>in</strong></span> <span class='ocrx_word' id='word_1_459' title='bbox 925 3342 1139 3398; x_wconf 87' lang='lat' dir='ltr'><strong>Christo</strong></span> <span class='ocrx_word' id='word_1_460' title='bbox 1163 3341 1626 3414; x_wconf 78' lang='lat' dir='ltr'><strong>justiﬁeationem,</strong></span> <span class='ocrx_word' id='word_1_461' title='bbox 1657 3345 1852 3416; x_wconf 87' lang='lat' dir='ltr'><strong>pignus</strong></span> <span class='ocrx_word' id='word_1_462' title='bbox 1885 3344 2048 3415; x_wconf 86' lang='lat' dir='ltr'><strong>Spiri-</strong></span> 
     </span>
    </p>
   </div>
   <div class='ocr_carea' id='block_1_64' title="bbox 2152 3336 3751 3416">
    <p class='ocr_par' dir='ltr' id='par_1_64' title="bbox 2157 3336 3751 3413">
     <span class='ocr_line' id='line_1_64' title="bbox 2157 3336 3751 3413; baseline 0.003 -20"><span class='ocrx_word' id='word_1_463' title='bbox 2157 3341 2394 3404; x_wconf 90' lang='grc' dir='ltr'>πίστεως</span> <span class='ocrx_word' id='word_1_464' title='bbox 2438 3341 2680 3412; x_wconf 87' lang='grc' dir='ltr'>δηλονότι</span> <span class='ocrx_word' id='word_1_465' title='bbox 2716 3340 3014 3412; x_wconf 85' lang='grc' dir='ltr'>σωτηρίαν,</span> <span class='ocrx_word' id='word_1_466' title='bbox 3041 3340 3141 3412; x_wconf 78' lang='grc' dir='ltr'>τὴν</span> <span class='ocrx_word' id='word_1_467' title='bbox 3186 3341 3244 3395; x_wconf 83' lang='grc' dir='ltr'><strong>ἐν</strong></span> <span class='ocrx_word' id='word_1_468' title='bbox 3266 3336 3496 3413; x_wconf 80' lang='grc' dir='ltr'>Χριστῷ</span> <span class='ocrx_word' id='word_1_469' title='bbox 3526 3343 3751 3398; x_wconf 76' lang='grc' dir='ltr'>δικαίω-</span> 
     </span>
    </p>
   </div>
   <div class='ocr_carea' id='block_1_65' title="bbox 447 3432 2048 3511">
    <p class='ocr_par' dir='ltr' id='par_1_65' title="bbox 447 3433 2048 3511">
     <span class='ocr_line' id='line_1_65' title="bbox 447 3433 2048 3511; baseline 0.001 -24"><span class='ocrx_word' id='word_1_470' title='bbox 447 3502 457 3511; x_wconf 81' lang='lat'><em>_</em></span> <span class='ocrx_word' id='word_1_471' title='bbox 488 3444 593 3496; x_wconf 87' lang='lat' dir='ltr'><strong>tus,</strong></span> <span class='ocrx_word' id='word_1_472' title='bbox 631 3433 1135 3499; x_wconf 84' lang='lat' dir='ltr'><strong>sanctificationem,</strong></span> <span class='ocrx_word' id='word_1_473' title='bbox 1175 3449 1323 3504; x_wconf 89' lang='lat' dir='ltr'><strong>spem</strong></span> <span class='ocrx_word' id='word_1_474' title='bbox 1363 3436 1511 3506; x_wconf 89' lang='lat' dir='ltr'><strong>regni</strong></span> <span class='ocrx_word' id='word_1_475' title='bbox 1543 3435 1823 3501; x_wconf 77' lang='lat' dir='ltr'><strong>caelorum,</strong></span> <span class='ocrx_word' id='word_1_476' title='bbox 1865 3435 2048 3489; x_wconf 86' lang='lat' dir='ltr'><strong>remit-</strong></span> 
     </span>
    </p>
   </div>
   <div class='ocr_carea' id='block_1_66' title="bbox 2152 3432 3755 3511">
    <p class='ocr_par' dir='ltr' id='par_1_66' title="bbox 2160 3432 3755 3506">
     <span class='ocr_line' id='line_1_66' title="bbox 2160 3432 3755 3506; baseline 0.003 -21"><span class='ocrx_word' id='word_1_477' title='bbox 2160 3449 2265 3495; x_wconf 90' lang='grc' dir='ltr'>σιν,</span> <span class='ocrx_word' id='word_1_478' title='bbox 2294 3432 2385 3486; x_wconf 79' lang='grc' dir='ltr'><strong>τὸν</strong></span> <span class='ocrx_word' id='word_1_479' title='bbox 2413 3432 2711 3505; x_wconf 73' lang='grc' dir='ltr'>ἀρραϐῶνα</span> <span class='ocrx_word' id='word_1_480' title='bbox 2737 3432 2831 3485; x_wconf 88' lang='grc' dir='ltr'><strong>τοῦ</strong></span> <span class='ocrx_word' id='word_1_481' title='bbox 2855 3432 2997 3485; x_wconf 88' lang='grc' dir='ltr'>Πνεύ</span> <span class='ocrx_word' id='word_1_482' title='bbox 3007 3449 3196 3503; x_wconf 86' lang='grc' dir='ltr'>ματος,</span> <span class='ocrx_word' id='word_1_483' title='bbox 3219 3432 3311 3485; x_wconf 81' lang='grc' dir='ltr'><strong>τὸν</strong></span> <span class='ocrx_word' id='word_1_484' title='bbox 3336 3435 3638 3506; x_wconf 83' lang='grc' dir='ltr'>ἀγιασμὺν,</span> <span class='ocrx_word' id='word_1_485' title='bbox 3660 3437 3755 3506; x_wconf 83' lang='grc' dir='ltr'>τὴν</span> 
     </span>
    </p>
   </div>
   <div class='ocr_carea' id='block_1_67' title="bbox 456 3522 2048 3597">
    <p class='ocr_par' dir='ltr' id='par_1_67' title="bbox 456 3525 2048 3597">
     <span class='ocr_line' id='line_1_67' title="bbox 456 3525 2048 3597; baseline 0.004 -20"><span class='ocrx_word' id='word_1_486' title='bbox 456 3529 633 3580; x_wconf 86' lang='lat' dir='ltr'><strong>‘tente</strong></span> <span class='ocrx_word' id='word_1_487' title='bbox 693 3525 802 3581; x_wconf 89' lang='lat' dir='ltr'><strong>Deo</strong></span> <span class='ocrx_word' id='word_1_488' title='bbox 854 3534 910 3581; x_wconf 92' lang='lat' dir='ltr'><strong>et</strong></span> <span class='ocrx_word' id='word_1_489' title='bbox 959 3525 1308 3581; x_wconf 88' lang='lat' dir='ltr'><strong>obliviscente</strong></span> <span class='ocrx_word' id='word_1_490' title='bbox 1369 3528 1421 3581; x_wconf 90' lang='lat' dir='ltr'><strong>in</strong></span> <span class='ocrx_word' id='word_1_491' title='bbox 1478 3528 1752 3583; x_wconf 89' lang='lat' dir='ltr'><strong>Christum</strong></span> <span class='ocrx_word' id='word_1_492' title='bbox 1802 3528 1871 3583; x_wconf 90' lang='lat' dir='ltr'><strong>ab</strong></span> <span class='ocrx_word' id='word_1_493' title='bbox 1927 3527 2048 3597; x_wconf 84' lang='lat' dir='ltr'><strong>ipsis</strong></span> 
     </span>
    </p>
   </div>
   <div class='ocr_carea' id='block_1_68' title="bbox 2152 3522 3755 3597">
    <p class='ocr_par' dir='ltr' id='par_1_68' title="bbox 2158 3522 3755 3595">
     <span class='ocr_line' id='line_1_68' title="bbox 2158 3522 3755 3595; baseline 0.004 -19"><span class='ocrx_word' id='word_1_494' title='bbox 2158 3523 2351 3577; x_wconf 86' lang='grc' dir='ltr'>ἐλπίδα</span> <span class='ocrx_word' id='word_1_495' title='bbox 2400 3524 2501 3593; x_wconf 79' lang='grc' dir='ltr'>τῆς</span> <span class='ocrx_word' id='word_1_496' title='bbox 2556 3523 2665 3576; x_wconf 86' lang='grc' dir='ltr'><strong>τῶν</strong></span> <span class='ocrx_word' id='word_1_497' title='bbox 2711 3523 2957 3594; x_wconf 83' lang='grc' dir='ltr'>οὐρανῶν</span> <span class='ocrx_word' id='word_1_498' title='bbox 3007 3522 3305 3593; x_wconf 84' lang='grc' dir='ltr'>βασιλείας,</span> <span class='ocrx_word' id='word_1_499' title='bbox 3356 3526 3755 3595; x_wconf 76' lang='grc' dir='ltr'>ἀμνησικάκως</span> 
     </span>
    </p>
   </div>
   <div class='ocr_carea' id='block_1_69' title="bbox 487 3613 2048 3690">
    <p class='ocr_par' dir='ltr' id='par_1_69' title="bbox 487 3613 2048 3685">
     <span class='ocr_line' id='line_1_69' title="bbox 487 3613 2048 3685; baseline 0.004 -20"><span class='ocrx_word' id='word_1_500' title='bbox 487 3613 778 3667; x_wconf 88' lang='lat' dir='ltr'><strong>commissa</strong></span> <span class='ocrx_word' id='word_1_501' title='bbox 832 3614 1060 3669; x_wconf 88' lang='lat' dir='ltr'><strong>scelera.</strong></span> <span class='ocrx_word' id='word_1_502' title='bbox 1108 3615 1303 3670; x_wconf 89' lang='lat' dir='ltr'><strong>Petrus</strong></span> <span class='ocrx_word' id='word_1_503' title='bbox 1356 3617 1541 3685; x_wconf 89' lang='lat' dir='ltr'><strong>itaque</strong></span> <span class='ocrx_word' id='word_1_504' title='bbox 1584 3628 1805 3673; x_wconf 89' lang='lat' dir='ltr'><strong>accusat</strong></span> <span class='ocrx_word' id='word_1_505' title='bbox 1858 3618 2048 3673; x_wconf 77' lang='lat' dir='ltr'><strong>acriter</strong></span> 
     </span>
    </p>
   </div>
   <div class='ocr_carea' id='block_1_70' title="bbox 2152 3613 3752 3690">
    <p class='ocr_par' dir='ltr' id='par_1_70' title="bbox 2159 3614 3752 3690">
     <span class='ocr_line' id='line_1_70' title="bbox 2159 3614 3752 3690; baseline 0.003 -23"><span class='ocrx_word' id='word_1_506' title='bbox 2159 3615 2344 3679; x_wconf 85' lang='grc' dir='ltr'>αὐτοῖς</span> <span class='ocrx_word' id='word_1_507' title='bbox 2371 3614 2589 3678; x_wconf 84' lang='grc' dir='ltr'>ἀνέντος</span> <span class='ocrx_word' id='word_1_508' title='bbox 2615 3614 2749 3668; x_wconf 87' lang='grc' dir='ltr'>Θεοῦ</span> <span class='ocrx_word' id='word_1_509' title='bbox 2782 3616 2876 3669; x_wconf 50' lang='grc' dir='ltr'><strong>καὶ⁹</strong></span> <span class='ocrx_word' id='word_1_510' title='bbox 2918 3616 2988 3669; x_wconf 85' lang='grc' dir='ltr'>τὰ</span> <span class='ocrx_word' id='word_1_511' title='bbox 3034 3617 3116 3679; x_wconf 86' lang='grc' dir='ltr'><strong>είς</strong></span> <span class='ocrx_word' id='word_1_512' title='bbox 3138 3616 3374 3687; x_wconf 84' lang='grc' dir='ltr'>Χριστὸν</span> <span class='ocrx_word' id='word_1_513' title='bbox 3404 3617 3576 3690; x_wconf 81' lang='grc' dir='ltr'>ἐγκλή</span> <span class='ocrx_word' id='word_1_514' title='bbox 3590 3635 3752 3690; x_wconf 87' lang='grc' dir='ltr'>ματα.</span> 
     </span>
    </p>
   </div>
   <div class='ocr_carea' id='block_1_71' title="bbox 486 3701 2048 3782">
    <p class='ocr_par' dir='ltr' id='par_1_71' title="bbox 486 3701 2048 3774">
     <span class='ocr_line' id='line_1_71' title="bbox 486 3701 2048 3774; baseline 0.004 -17"><span class='ocrx_word' id='word_1_515' title='bbox 486 3701 792 3757; x_wconf 65' lang='lat' dir='ltr'><strong>Iudaeorum</strong></span> <span class='ocrx_word' id='word_1_516' title='bbox 828 3705 1101 3772; x_wconf 91' lang='lat' dir='ltr'><strong>populum,</strong></span> <span class='ocrx_word' id='word_1_517' title='bbox 1157 3715 1342 3774; x_wconf 80' lang='lat' dir='ltr'><strong>aperte</strong></span> <span class='ocrx_word' id='word_1_518' title='bbox 1394 3707 1727 3773; x_wconf 86' lang='lat' dir='ltr'><strong>exclamans,</strong></span> <span class='ocrx_word' id='word_1_519' title='bbox 1778 3710 2048 3764; x_wconf 89' lang='lat' dir='ltr'><strong>universo-</strong></span> 
     </span>
    </p>
   </div>
   <div class='ocr_carea' id='block_1_72' title="bbox 2152 3701 3758 3782">
    <p class='ocr_par' dir='ltr' id='par_1_72' title="bbox 2160 3706 3758 3782">
     <span class='ocr_line' id='line_1_72' title="bbox 2160 3706 3758 3782; baseline 0.003 -22"><span class='ocrx_word' id='word_1_520' title='bbox 2160 3707 2364 3778; x_wconf 83' lang='grc' dir='ltr'>Πέτρος</span> <span class='ocrx_word' id='word_1_521' title='bbox 2396 3706 2527 3775; x_wconf 90' lang='grc' dir='ltr'>γοῦν</span> <span class='ocrx_word' id='word_1_522' title='bbox 2564 3710 2863 3780; x_wconf 79' lang='grc' dir='ltr'>κατῃτιᾶτο</span> <span class='ocrx_word' id='word_1_523' title='bbox 2907 3708 3007 3780; x_wconf 83' lang='grc' dir='ltr'><strong>μὲν</strong></span> <span class='ocrx_word' id='word_1_524' title='bbox 3056 3710 3262 3782; x_wconf 80' lang='grc' dir='ltr'>σφόδρα</span> <span class='ocrx_word' id='word_1_525' title='bbox 3316 3710 3442 3774; x_wconf 83' lang='grc' dir='ltr'><strong>τούς</strong></span> <span class='ocrx_word' id='word_1_526' title='bbox 3486 3710 3605 3767; x_wconf 85' lang='grc' dir='ltr'>τῶν</span> <span class='ocrx_word' id='word_1_527' title='bbox 3628 3711 3758 3766; x_wconf 82' lang='grc' dir='ltr'>Ἰου-</span> 
     </span>
    </p>
   </div>
   <div class='ocr_carea' id='block_1_73' title="bbox 490 3790 2048 3873">
    <p class='ocr_par' dir='ltr' id='par_1_73' title="bbox 490 3790 2048 3862">
     <span class='ocr_line' id='line_1_73' title="bbox 490 3790 2048 3862; baseline 0.004 -17"><span class='ocrx_word' id='word_1_528' title='bbox 490 3806 608 3845; x_wconf 87' lang='lat' dir='ltr'><strong>rum</strong></span> <span class='ocrx_word' id='word_1_529' title='bbox 637 3790 971 3845; x_wconf 86' lang='lat' dir='ltr'><strong>Salvatorem</strong></span> <span class='ocrx_word' id='word_1_530' title='bbox 1017 3806 1080 3847; x_wconf 89' lang='lat' dir='ltr'><strong>ac</strong></span> <span class='ocrx_word' id='word_1_531' title='bbox 1110 3792 1521 3862; x_wconf 84' lang='lat' dir='ltr'><strong>Redemptorem</strong></span> <span class='ocrx_word' id='word_1_532' title='bbox 1568 3810 1661 3849; x_wconf 89' lang='lat' dir='ltr'><strong>eos</strong></span> <span class='ocrx_word' id='word_1_533' title='bbox 1688 3797 1970 3862; x_wconf 91' lang='lat' dir='ltr'><strong>occidisse,</strong></span> <span class='ocrx_word' id='word_1_534' title='bbox 2004 3798 2048 3851; x_wconf 84' lang='lat' dir='ltr'><strong>in</strong></span> 
     </span>
    </p>
   </div>
   <div class='ocr_carea' id='block_1_74' title="bbox 2152 3790 3757 3873">
    <p class='ocr_par' dir='ltr' id='par_1_74' title="bbox 2159 3797 3757 3873">
     <span class='ocr_line' id='line_1_74' title="bbox 2159 3797 3757 3873; baseline 0.004 -22"><span class='ocrx_word' id='word_1_535' title='bbox 2159 3797 2323 3851; x_wconf 84' lang='grc' dir='ltr'>δαίων</span> <span class='ocrx_word' id='word_1_536' title='bbox 2364 3797 2589 3868; x_wconf 83' lang='grc' dir='ltr'>δήμους,</span> <span class='ocrx_word' id='word_1_537' title='bbox 2619 3798 2919 3870; x_wconf 73' lang='grc' dir='ltr'>διαρρήδην</span> <span class='ocrx_word' id='word_1_538' title='bbox 2948 3802 3363 3873; x_wconf 87' lang='grc' dir='ltr'>ἀνακεκραγὼς,</span> <span class='ocrx_word' id='word_1_539' title='bbox 3401 3804 3475 3865; x_wconf 82' lang='grc' dir='ltr'>ὡς</span> <span class='ocrx_word' id='word_1_540' title='bbox 3513 3803 3757 3858; x_wconf 83' lang='grc' dir='ltr'>ἀπεκτό-</span> 
     </span>
    </p>
   </div>
   <div class='ocr_carea' id='block_1_75' title="bbox 489 3882 2048 3961">
    <p class='ocr_par' dir='ltr' id='par_1_75' title="bbox 489 3882 2048 3954">
     <span class='ocr_line' id='line_1_75' title="bbox 489 3882 2048 3954; baseline 0.003 -17"><span class='ocrx_word' id='word_1_541' title='bbox 489 3883 635 3954; x_wconf 91' lang='lat' dir='ltr'><strong>ligno</strong></span> <span class='ocrx_word' id='word_1_542' title='bbox 670 3882 1081 3952; x_wconf 84' lang='lat' dir='ltr'><strong>suspendentes,</strong></span> <span class='ocrx_word' id='word_1_543' title='bbox 1116 3895 1169 3937; x_wconf 89' lang='lat' dir='ltr'><strong>et</strong></span> <span class='ocrx_word' id='word_1_544' title='bbox 1202 3897 1425 3952; x_wconf 85' lang='lat' dir='ltr'><strong>negasse</strong></span> <span class='ocrx_word' id='word_1_545' title='bbox 1455 3884 1713 3939; x_wconf 88' lang='lat' dir='ltr'><strong>Sanctum</strong></span> <span class='ocrx_word' id='word_1_546' title='bbox 1748 3895 1802 3941; x_wconf 92' lang='lat' dir='ltr'><strong>et</strong></span> <span class='ocrx_word' id='word_1_547' title='bbox 1823 3886 2048 3952; x_wconf 80' lang='lat' dir='ltr'><strong>Justum,</strong></span> 
     </span>
    </p>
   </div>
   <div class='ocr_carea' id='block_1_76' title="bbox 2152 3882 3757 3961">
    <p class='ocr_par' dir='ltr' id='par_1_76' title="bbox 2159 3889 3757 3961">
     <span class='ocr_line' id='line_1_76' title="bbox 2159 3889 3757 3961; baseline 0.004 -18"><span class='ocrx_word' id='word_1_548' title='bbox 2159 3906 2282 3943; x_wconf 91' lang='grc' dir='ltr'>νασι</span> <span class='ocrx_word' id='word_1_549' title='bbox 2316 3890 2411 3960; x_wconf 83' lang='grc' dir='ltr'><strong>μὲν</strong></span> <span class='ocrx_word' id='word_1_550' title='bbox 2445 3889 2825 3961; x_wconf 85' lang='grc' dir='ltr'>κρεμάσαντες</span> <span class='ocrx_word' id='word_1_551' title='bbox 2863 3893 2955 3945; x_wconf 71' lang='grc' dir='ltr'><strong>ἐπὶ</strong></span> <span class='ocrx_word' id='word_1_552' title='bbox 2998 3892 3158 3959; x_wconf 81' lang='grc' dir='ltr'>ξύλου</span> <span class='ocrx_word' id='word_1_553' title='bbox 3188 3893 3278 3946; x_wconf 82' lang='grc' dir='ltr'><strong>τὸν</strong></span> <span class='ocrx_word' id='word_1_554' title='bbox 3308 3894 3417 3946; x_wconf 85' lang='grc' dir='ltr'>τῶν</span> <span class='ocrx_word' id='word_1_555' title='bbox 3453 3894 3597 3948; x_wconf 84' lang='grc' dir='ltr'>ὅλων</span> <span class='ocrx_word' id='word_1_556' title='bbox 3642 3897 3757 3949; x_wconf 84' lang='grc' dir='ltr'><strong>Σω-</strong></span> 
     </span>
    </p>
   </div>
   <div class='ocr_carea' id='block_1_77' title="bbox 489 3974 2048 4056">
    <p class='ocr_par' dir='ltr' id='par_1_77' title="bbox 489 3974 2048 4048">
     <span class='ocr_line' id='line_1_77' title="bbox 489 3974 2048 4048; baseline 0.003 -19"><span class='ocrx_word' id='word_1_557' title='bbox 489 3983 545 4029; x_wconf 88' lang='lat' dir='ltr'><strong>et</strong></span> <span class='ocrx_word' id='word_1_558' title='bbox 574 3974 795 4043; x_wconf 87' lang='lat' dir='ltr'><strong>petiisse</strong></span> <span class='ocrx_word' id='word_1_559' title='bbox 827 3974 1149 4029; x_wconf 88' lang='lat' dir='ltr'><strong>homicidam</strong></span> <span class='ocrx_word' id='word_1_560' title='bbox 1182 3974 1368 4028; x_wconf 89' lang='lat' dir='ltr'><strong>donari</strong></span> <span class='ocrx_word' id='word_1_561' title='bbox 1400 3974 1500 4029; x_wconf 91' lang='lat' dir='ltr'><strong>sibi</strong></span> <span class='ocrx_word' id='word_1_562' title='bbox 1521 3975 1671 4030; x_wconf 72' lang='lat'><strong>“-&quot;’.</strong></span> <span class='ocrx_word' id='word_1_563' title='bbox 1692 3977 1947 4048; x_wconf 79' lang='lat' dir='ltr'><strong>Adjungit</strong></span> <span class='ocrx_word' id='word_1_564' title='bbox 1976 3978 2048 4034; x_wconf 76' lang='lat' dir='ltr'><strong>his</strong></span> 
     </span>
    </p>
   </div>
   <div class='ocr_carea' id='block_1_78' title="bbox 2152 3974 3755 4056">
    <p class='ocr_par' dir='ltr' id='par_1_78' title="bbox 2159 3980 3755 4056">
     <span class='ocr_line' id='line_1_78' title="bbox 2159 3980 3755 4056; baseline 0.005 -24"><span class='ocrx_word' id='word_1_565' title='bbox 2159 3980 2305 4051; x_wconf 80' lang='grc' dir='ltr'>τῆρα</span> <span class='ocrx_word' id='word_1_566' title='bbox 2331 3980 2426 4033; x_wconf 70' lang='grc' dir='ltr'>καὶ</span> <span class='ocrx_word' id='word_1_567' title='bbox 2464 3981 2779 4053; x_wconf 84' lang='grc' dir='ltr'>Λυτρωτὴν,</span> <span class='ocrx_word' id='word_1_568' title='bbox 2811 3983 2907 4036; x_wconf 74' lang='grc' dir='ltr'><strong>καὶ</strong></span> <span class='ocrx_word' id='word_1_569' title='bbox 2938 3985 3247 4055; x_wconf 80' lang='grc' dir='ltr'>ἠρνήσαντο</span> <span class='ocrx_word' id='word_1_570' title='bbox 3299 3984 3398 4056; x_wconf 77' lang='grc' dir='ltr'><strong>μὲν</strong></span> <span class='ocrx_word' id='word_1_571' title='bbox 3438 3985 3528 4039; x_wconf 78' lang='grc' dir='ltr'><strong>τὸν</strong></span> <span class='ocrx_word' id='word_1_572' title='bbox 3580 3986 3755 4054; x_wconf 75' lang='grc' dir='ltr'>ἅγιον,</span> 
     </span>
    </p>
   </div>
   <div class='ocr_carea' id='block_1_79' title="bbox 490 4063 2048 4149">
    <p class='ocr_par' dir='ltr' id='par_1_79' title="bbox 490 4063 2048 4138">
     <span class='ocr_line' id='line_1_79' title="bbox 490 4063 2048 4138; baseline 0.003 -19"><span class='ocrx_word' id='word_1_573' title='bbox 490 4065 685 4119; x_wconf 87' lang='lat' dir='ltr'><strong>deinde</strong></span> <span class='ocrx_word' id='word_1_574' title='bbox 716 4081 732 4119; x_wconf 92' lang='lat'><strong>:</strong></span> <span class='ocrx_word' id='word_1_575' title='bbox 765 4082 784 4117; x_wconf 76' lang='grc' dir='ltr'><strong>ι</strong></span> <span class='ocrx_word' id='word_1_576' title='bbox 820 4064 886 4119; x_wconf 84' lang='grc' dir='ltr'>Ει</span> <span class='ocrx_word' id='word_1_577' title='bbox 929 4081 1073 4119; x_wconf 89' lang='lat' dir='ltr'><strong>nunc</strong></span> <span class='ocrx_word' id='word_1_578' title='bbox 1103 4067 1237 4131; x_wconf 90' lang='lat' dir='ltr'><strong>scio,</strong></span> <span class='ocrx_word' id='word_1_579' title='bbox 1276 4063 1495 4133; x_wconf 87' lang='lat' dir='ltr'><strong>fratres,</strong></span> <span class='ocrx_word' id='word_1_580' title='bbox 1521 4067 1646 4136; x_wconf 89' lang='lat' dir='ltr'><strong>quia</strong></span> <span class='ocrx_word' id='word_1_581' title='bbox 1685 4083 1779 4138; x_wconf 89' lang='lat' dir='ltr'><strong>per</strong></span> <span class='ocrx_word' id='word_1_582' title='bbox 1808 4069 2048 4138; x_wconf 89' lang='lat' dir='ltr'><strong>ignoran-</strong></span> 
     </span>
    </p>
   </div>
   <div class='ocr_carea' id='block_1_80' title="bbox 2152 4063 3756 4149">
    <p class='ocr_par' dir='ltr' id='par_1_80' title="bbox 2161 4071 3756 4149">
     <span class='ocr_line' id='line_1_80' title="bbox 2161 4071 3756 4149; baseline 0.004 -25"><span class='ocrx_word' id='word_1_583' title='bbox 2161 4071 2256 4125; x_wconf 74' lang='grc' dir='ltr'>καὶ</span> <span class='ocrx_word' id='word_1_584' title='bbox 2308 4072 2536 4137; x_wconf 90' lang='grc' dir='ltr'>δίκαιον,</span> <span class='ocrx_word' id='word_1_585' title='bbox 2578 4072 2849 4145; x_wconf 82' lang='grc' dir='ltr'>ἐζήτησαν</span> <span class='ocrx_word' id='word_1_586' title='bbox 2889 4074 2946 4127; x_wconf 85' lang='grc' dir='ltr'>δὲ</span> <span class='ocrx_word' id='word_1_587' title='bbox 2989 4075 3159 4146; x_wconf 76' lang='grc' dir='ltr'>ἄνδρα</span> <span class='ocrx_word' id='word_1_588' title='bbox 3207 4076 3374 4144; x_wconf 80' lang='grc' dir='ltr'>φονέα</span> <span class='ocrx_word' id='word_1_589' title='bbox 3425 4079 3756 4149; x_wconf 79' lang='grc' dir='ltr'>χαρισθῆναι</span> 
     </span>
    </p>
   </div>
   <div class='ocr_carea' id='block_1_81' title="bbox 492 4152 2048 4239">
    <p class='ocr_par' dir='ltr' id='par_1_81' title="bbox 492 4155 2048 4228">
     <span class='ocr_line' id='line_1_81' title="bbox 492 4155 2048 4228; baseline 0.002 -19"><span class='ocrx_word' id='word_1_590' title='bbox 492 4156 620 4209; x_wconf 90' lang='lat' dir='ltr'><strong>tiam</strong></span> <span class='ocrx_word' id='word_1_591' title='bbox 666 4155 894 4220; x_wconf 88' lang='lat' dir='ltr'><strong>fecistis,</strong></span> <span class='ocrx_word' id='word_1_592' title='bbox 928 4155 1067 4211; x_wconf 86' lang='lat' dir='ltr'><strong>sicut</strong></span> <span class='ocrx_word' id='word_1_593' title='bbox 1093 4164 1148 4211; x_wconf 90' lang='lat' dir='ltr'><strong>et</strong></span> <span class='ocrx_word' id='word_1_594' title='bbox 1189 4158 1460 4228; x_wconf 89' lang='lat' dir='ltr'><strong>principes</strong></span> <span class='ocrx_word' id='word_1_595' title='bbox 1494 4155 1680 4212; x_wconf 90' lang='lat' dir='ltr'><strong>vestri.</strong></span> <span class='ocrx_word' id='word_1_596' title='bbox 1714 4156 2048 4213; x_wconf 66' lang='lat' dir='ltr'><strong>Poenitemin?</strong></span> 
     </span>
    </p>
   </div>
   <div class='ocr_carea' id='block_1_82' title="bbox 2152 4152 3756 4239">
    <p class='ocr_par' dir='ltr' id='par_1_82' title="bbox 2162 4163 3756 4239">
     <span class='ocr_line' id='line_1_82' title="bbox 2162 4163 3756 4239; baseline 0.004 -22"><span class='ocrx_word' id='word_1_597' title='bbox 2162 4163 2367 4227; x_wconf 86' lang='grc' dir='ltr'>αὐτοῖς.</span> <span class='ocrx_word' id='word_1_598' title='bbox 2403 4165 2722 4236; x_wconf 84' lang='grc' dir='ltr'>Προσετίθει</span> <span class='ocrx_word' id='word_1_599' title='bbox 2772 4167 2828 4219; x_wconf 86' lang='grc' dir='ltr'>δὲ</span> <span class='ocrx_word' id='word_1_600' title='bbox 2871 4167 3083 4230; x_wconf 79' lang='grc' dir='ltr'>τούτοις</span> <span class='ocrx_word' id='word_1_601' title='bbox 3104 4185 3118 4199; x_wconf 67' lang='grc'><strong>⁸</strong></span> <span class='ocrx_word' id='word_1_602' title='bbox 3174 4187 3195 4219; x_wconf 76' lang='grc' dir='ltr'><strong>ι</strong></span> <span class='ocrx_word' id='word_1_603' title='bbox 3224 4168 3335 4222; x_wconf 71' lang='grc' dir='ltr'><strong>Καὶ</strong></span> <span class='ocrx_word' id='word_1_604' title='bbox 3360 4168 3477 4233; x_wconf 92' lang='grc' dir='ltr'>νῦν,</span> <span class='ocrx_word' id='word_1_605' title='bbox 3509 4170 3756 4239; x_wconf 75' lang='grc' dir='ltr'>ἀδελφοὶ,</span> 
     </span>
    </p>
   </div>
   <div class='ocr_carea' id='block_1_83' title="bbox 492 4246 2048 4334">
    <p class='ocr_par' dir='ltr' id='par_1_83' title="bbox 492 4246 2048 4319">
     <span class='ocr_line' id='line_1_83' title="bbox 492 4246 2048 4319; baseline 0.003 -20"><span class='ocrx_word' id='word_1_606' title='bbox 492 4246 682 4315; x_wconf 89' lang='lat' dir='ltr'><strong>igitur,</strong></span> <span class='ocrx_word' id='word_1_607' title='bbox 712 4256 766 4300; x_wconf 88' lang='lat' dir='ltr'><strong>et</strong></span> <span class='ocrx_word' id='word_1_608' title='bbox 798 4247 1260 4311; x_wconf 72' lang='lat' dir='ltr'><strong>convertimini“,</strong></span> <span class='ocrx_word' id='word_1_609' title='bbox 1285 4258 1337 4304; x_wconf 91' lang='lat' dir='ltr'><strong>et</strong></span> <span class='ocrx_word' id='word_1_610' title='bbox 1364 4249 1669 4319; x_wconf 86' lang='lat' dir='ltr'><strong>baptizetur</strong></span> <span class='ocrx_word' id='word_1_611' title='bbox 1692 4249 2048 4319; x_wconf 84' lang='lat' dir='ltr'><strong>unusquisqut</strong></span> 
     </span>
    </p>
   </div>
   <div class='ocr_carea' id='block_1_84' title="bbox 2152 4246 3761 4334">
    <p class='ocr_par' dir='ltr' id='par_1_84' title="bbox 2163 4249 3761 4334">
     <span class='ocr_line' id='line_1_84' title="bbox 2163 4249 3761 4334; baseline 0.006 -26"><span class='ocrx_word' id='word_1_612' title='bbox 2163 4249 2278 4310; x_wconf 75' lang='grc' dir='ltr'>οἴδα</span> <span class='ocrx_word' id='word_1_613' title='bbox 2327 4257 2410 4311; x_wconf 82' lang='grc' dir='ltr'><strong>ὅτι</strong></span> <span class='ocrx_word' id='word_1_614' title='bbox 2442 4256 2587 4311; x_wconf 85' lang='grc' dir='ltr'><strong>κατά</strong></span> <span class='ocrx_word' id='word_1_615' title='bbox 2612 4257 2836 4327; x_wconf 76' lang='grc' dir='ltr'>ἄγνοιαν</span> <span class='ocrx_word' id='word_1_616' title='bbox 2867 4253 3141 4331; x_wconf 81' lang='grc' dir='ltr'>ὲπρόίξατε</span> <span class='ocrx_word' id='word_1_617' title='bbox 3182 4260 3373 4332; x_wconf 86' lang='grc' dir='ltr'>ὥσπερ</span> <span class='ocrx_word' id='word_1_618' title='bbox 3422 4262 3518 4315; x_wconf 77' lang='grc' dir='ltr'><strong>καὶ</strong></span> <span class='ocrx_word' id='word_1_619' title='bbox 3568 4265 3620 4316; x_wconf 75' lang='lat' dir='ltr'><strong>oi</strong></span> <span class='ocrx_word' id='word_1_620' title='bbox 3663 4264 3761 4334; x_wconf 81' lang='grc' dir='ltr'><strong>ἄρ-</strong></span> 
     </span>
    </p>
   </div>
   <div class='ocr_carea' id='block_1_85' title="bbox 492 4336 2048 4425">
    <p class='ocr_par' dir='ltr' id='par_1_85' title="bbox 492 4336 2048 4410">
     <span class='ocr_line' id='line_1_85' title="bbox 492 4336 2048 4410; baseline 0.002 -20"><span class='ocrx_word' id='word_1_621' title='bbox 492 4346 731 4391; x_wconf 78' lang='lat' dir='ltr'><strong>vestrum</strong></span> <span class='ocrx_word' id='word_1_622' title='bbox 779 4336 833 4391; x_wconf 91' lang='lat' dir='ltr'><strong>in</strong></span> <span class='ocrx_word' id='word_1_623' title='bbox 863 4337 1081 4392; x_wconf 89' lang='lat' dir='ltr'><strong>nomine</strong></span> <span class='ocrx_word' id='word_1_624' title='bbox 1111 4338 1324 4393; x_wconf 92' lang='lat' dir='ltr'><strong>Domini</strong></span> <span class='ocrx_word' id='word_1_625' title='bbox 1357 4337 1504 4405; x_wconf 84' lang='lat' dir='ltr'><strong>Jesu,</strong></span> <span class='ocrx_word' id='word_1_626' title='bbox 1536 4348 1590 4393; x_wconf 93' lang='lat' dir='ltr'><strong>et</strong></span> <span class='ocrx_word' id='word_1_627' title='bbox 1623 4339 1899 4409; x_wconf 89' lang='lat' dir='ltr'><strong>accipietis</strong></span> <span class='ocrx_word' id='word_1_628' title='bbox 1943 4355 2048 4410; x_wconf 83' lang='lat' dir='ltr'><strong>gra-</strong></span> 
     </span>
    </p>
   </div>
   <div class='ocr_carea' id='block_1_86' title="bbox 2152 4336 3762 4425">
    <p class='ocr_par' dir='ltr' id='par_1_86' title="bbox 2164 4345 3762 4425">
     <span class='ocr_line' id='line_1_86' title="bbox 2164 4345 3762 4425; baseline 0.006 -26"><span class='ocrx_word' id='word_1_629' title='bbox 2164 4364 2350 4417; x_wconf 87' lang='grc' dir='ltr'>χοντες</span> <span class='ocrx_word' id='word_1_630' title='bbox 2410 4347 2586 4418; x_wconf 83' lang='grc' dir='ltr'>ὐμῶν.</span> <span class='ocrx_word' id='word_1_631' title='bbox 2638 4350 3024 4421; x_wconf 86' lang='grc' dir='ltr'>Μετανοήσατε</span> <span class='ocrx_word' id='word_1_632' title='bbox 3072 4345 3165 4405; x_wconf 83' lang='grc' dir='ltr'><strong>οὖν</strong></span> <span class='ocrx_word' id='word_1_633' title='bbox 3192 4392 3208 4414; x_wconf 88' lang='grc'><strong>,</strong></span> <span class='ocrx_word' id='word_1_634' title='bbox 3258 4352 3355 4405; x_wconf 74' lang='grc' dir='ltr'>καὶ</span> <span class='ocrx_word' id='word_1_635' title='bbox 3400 4353 3762 4425; x_wconf 80' lang='grc' dir='ltr'>βαπτισθήτω</span> 
     </span>
    </p>
   </div>
   <div class='ocr_carea' id='block_1_87' title="bbox 493 4426 2048 4532">
    <p class='ocr_par' dir='ltr' id='par_1_87' title="bbox 493 4426 2048 4515">
     <span class='ocr_line' id='line_1_87' title="bbox 493 4426 2048 4515; baseline 0.005 -35"><span class='ocrx_word' id='word_1_636' title='bbox 493 4426 624 4480; x_wconf 87' lang='lat' dir='ltr'><strong>tiam</strong></span> <span class='ocrx_word' id='word_1_637' title='bbox 657 4426 893 4496; x_wconf 86' lang='lat' dir='ltr'><strong>Spiritus</strong></span> <span class='ocrx_word' id='word_1_638' title='bbox 919 4428 1115 4482; x_wconf 89' lang='lat' dir='ltr'><strong>sancti.</strong></span> <span class='ocrx_word' id='word_1_639' title='bbox 1147 4427 1316 4485; x_wconf 81' lang='lat' dir='ltr'><strong>Vobis</strong></span> <span class='ocrx_word' id='word_1_640' title='bbox 1345 4430 1488 4484; x_wconf 91' lang='lat' dir='ltr'><strong>enim</strong></span> <span class='ocrx_word' id='word_1_641' title='bbox 1520 4438 1602 4515; x_wconf 75' lang='lat' dir='ltr'><strong>est</strong></span> <span class='ocrx_word' id='word_1_642' title='bbox 1626 4431 1995 4500; x_wconf 88' lang='lat' dir='ltr'><strong>repromissio,</strong></span> <span class='ocrx_word' id='word_1_643' title='bbox 2011 4445 2048 4487; x_wconf 69' lang='lat' dir='ltr'><strong>el</strong></span> 
     </span>
    </p>
   </div>
   <div class='ocr_carea' id='block_1_88' title="bbox 2152 4426 3762 4532">
    <p class='ocr_par' dir='ltr' id='par_1_88' title="bbox 2166 4426 3762 4513">
     <span class='ocr_line' id='line_1_88' title="bbox 2166 4426 3762 4513; baseline 0.004 -22"><span class='ocrx_word' id='word_1_644' title='bbox 2166 4438 2396 4503; x_wconf 70' lang='grc' dir='ltr'>ἕκαστος</span> <span class='ocrx_word' id='word_1_645' title='bbox 2427 4426 2695 4509; x_wconf 83' lang='grc' dir='ltr'>ὑμῶνείς</span> <span class='ocrx_word' id='word_1_646' title='bbox 2734 4439 2796 4492; x_wconf 86' lang='grc' dir='ltr'><strong>τὸ</strong></span> <span class='ocrx_word' id='word_1_647' title='bbox 2827 4439 2999 4510; x_wconf 77' lang='grc' dir='ltr'>ὄνομα</span> <span class='ocrx_word' id='word_1_648' title='bbox 3041 4440 3135 4494; x_wconf 87' lang='grc' dir='ltr'><strong>τοῦ</strong></span> <span class='ocrx_word' id='word_1_649' title='bbox 3186 4442 3394 4512; x_wconf 83' lang='grc' dir='ltr'>Κυρίου</span> <span class='ocrx_word' id='word_1_650' title='bbox 3424 4443 3629 4513; x_wconf 88' lang='grc' dir='ltr'>Ἰησοῦ,</span> <span class='ocrx_word' id='word_1_651' title='bbox 3666 4444 3762 4497; x_wconf 78' lang='grc' dir='ltr'>καὶ</span> 
     </span>
    </p>
   </div>
   <div class='ocr_carea' id='block_1_89' title="bbox 496 4518 2048 4605">
    <p class='ocr_par' dir='ltr' id='par_1_89' title="bbox 496 4518 2048 4594">
     <span class='ocr_line' id='line_1_89' title="bbox 496 4518 2048 4594; baseline 0.006 -23"><span class='ocrx_word' id='word_1_652' title='bbox 496 4518 622 4573; x_wconf 90' lang='lat' dir='ltr'><strong>ﬁliis</strong></span> <span class='ocrx_word' id='word_1_653' title='bbox 665 4518 943 4575; x_wconf 71' lang='lat' dir='ltr'><strong>vestris&quot;.</strong></span> <span class='ocrx_word' id='word_1_654' title='bbox 975 4538 994 4571; x_wconf 74' lang='grc' dir='ltr'><strong>ι</strong></span> <span class='ocrx_word' id='word_1_655' title='bbox 1044 4520 1331 4586; x_wconf 86' lang='lat' dir='ltr'><strong>Quocirca.</strong></span> <span class='ocrx_word' id='word_1_656' title='bbox 1374 4523 1644 4591; x_wconf 89' lang='lat' dir='ltr'><strong>quamvis,</strong></span> <span class='ocrx_word' id='word_1_657' title='bbox 1691 4523 1887 4594; x_wconf 91' lang='lat' dir='ltr'><strong>inquit,</strong></span> <span class='ocrx_word' id='word_1_658' title='bbox 1922 4524 2048 4581; x_wconf 78' lang='lat' dir='ltr'><strong>fact:</strong></span> 
     </span>
    </p>
   </div>
   <div class='ocr_carea' id='block_1_90' title="bbox 2152 4518 3764 4605">
    <p class='ocr_par' dir='ltr' id='par_1_90' title="bbox 2169 4528 3764 4605">
     <span class='ocr_line' id='line_1_90' title="bbox 2169 4528 3764 4605; baseline 0.004 -23"><span class='ocrx_word' id='word_1_659' title='bbox 2169 4529 2404 4600; x_wconf 79' lang='grc' dir='ltr'>λήψεσθε</span> <span class='ocrx_word' id='word_1_660' title='bbox 2436 4528 2535 4602; x_wconf 83' lang='grc' dir='ltr'>τὴν</span> <span class='ocrx_word' id='word_1_661' title='bbox 2561 4529 2767 4601; x_wconf 79' lang='grc' dir='ltr'>δωρεάν</span> <span class='ocrx_word' id='word_1_662' title='bbox 2797 4530 2892 4584; x_wconf 92' lang='grc' dir='ltr'><strong>τοῦ</strong></span> <span class='ocrx_word' id='word_1_663' title='bbox 2914 4531 3073 4600; x_wconf 84' lang='grc' dir='ltr'>ἁγίου</span> <span class='ocrx_word' id='word_1_664' title='bbox 3102 4531 3420 4603; x_wconf 85' lang='grc' dir='ltr'>Πνεύματος</span> <span class='ocrx_word' id='word_1_665' title='bbox 3439 4550 3452 4563; x_wconf 88' lang='grc'><strong>·</strong></span> <span class='ocrx_word' id='word_1_666' title='bbox 3490 4534 3625 4604; x_wconf 74' lang='grc' dir='ltr'>ὑμῖν</span> <span class='ocrx_word' id='word_1_667' title='bbox 3651 4535 3764 4605; x_wconf 87' lang='grc' dir='ltr'><strong>γάρ</strong></span> 
     </span>
    </p>
   </div>
   <div class='ocr_carea' id='block_1_91' title="bbox 495 4608 2048 4693">
    <p class='ocr_par' dir='ltr' id='par_1_91' title="bbox 495 4608 2048 4687">
     <span class='ocr_line' id='line_1_91' title="bbox 495 4608 2048 4687; baseline 0.006 -25"><span class='ocrx_word' id='word_1_668' title='bbox 495 4608 604 4663; x_wconf 90' lang='lat' dir='ltr'><strong>sint</strong></span> <span class='ocrx_word' id='word_1_669' title='bbox 634 4608 785 4678; x_wconf 89' lang='lat' dir='ltr'><strong>signa</strong></span> <span class='ocrx_word' id='word_1_670' title='bbox 816 4618 871 4663; x_wconf 87' lang='lat' dir='ltr'><strong>et</strong></span> <span class='ocrx_word' id='word_1_671' title='bbox 911 4609 1175 4680; x_wconf 90' lang='lat' dir='ltr'><strong>prodigia,</strong></span> <span class='ocrx_word' id='word_1_672' title='bbox 1212 4611 1511 4666; x_wconf 86' lang='lat' dir='ltr'><strong>salvahitur</strong></span> <span class='ocrx_word' id='word_1_673' title='bbox 1548 4620 1725 4668; x_wconf 89' lang='lat' dir='ltr'><strong>tamen</strong></span> <span class='ocrx_word' id='word_1_674' title='bbox 1758 4615 2048 4687; x_wconf 85' lang='lat' dir='ltr'><strong>quicunqm</strong></span> 
     </span>
    </p>
   </div>
   <div class='ocr_carea' id='block_1_92' title="bbox 2152 4608 3763 4693">
    <p class='ocr_par' dir='ltr' id='par_1_92' title="bbox 2171 4620 3763 4693">
     <span class='ocr_line' id='line_1_92' title="bbox 2171 4620 3763 4693; baseline 0.003 -20"><span class='ocrx_word' id='word_1_675' title='bbox 2171 4621 2308 4673; x_wconf 72' lang='grc' dir='ltr'>εἰσιν</span> <span class='ocrx_word' id='word_1_676' title='bbox 2342 4621 2398 4673; x_wconf 87' lang='grc' dir='ltr'><strong>αί</strong></span> <span class='ocrx_word' id='word_1_677' title='bbox 2437 4620 2778 4689; x_wconf 87' lang='grc' dir='ltr'>ἐπαγγελίαι,</span> <span class='ocrx_word' id='word_1_678' title='bbox 2813 4622 2908 4676; x_wconf 76' lang='grc' dir='ltr'>καὶ</span> <span class='ocrx_word' id='word_1_679' title='bbox 2947 4624 3061 4687; x_wconf 83' lang='grc' dir='ltr'>τοῖς</span> <span class='ocrx_word' id='word_1_680' title='bbox 3104 4623 3313 4687; x_wconf 79' lang='grc' dir='ltr'>τέκνοις</span> <span class='ocrx_word' id='word_1_681' title='bbox 3346 4623 3521 4693; x_wconf 85' lang='grc' dir='ltr'>ὐμῶν.</span> <span class='ocrx_word' id='word_1_682' title='bbox 3548 4642 3567 4677; x_wconf 74' lang='grc' dir='ltr'><strong>ι</strong></span> <span class='ocrx_word' id='word_1_683' title='bbox 3620 4626 3763 4679; x_wconf 77' lang='grc' dir='ltr'>Οὐκ-</span> 
     </span>
    </p>
   </div>
   <div class='ocr_carea' id='block_1_93' title="bbox 495 4697 2048 4786">
    <p class='ocr_par' dir='ltr' id='par_1_93' title="bbox 495 4697 2043 4770">
     <span class='ocr_line' id='line_1_93' title="bbox 495 4697 2043 4770; baseline 0.006 -20"><span class='ocrx_word' id='word_1_684' title='bbox 495 4697 781 4752; x_wconf 90' lang='lat' dir='ltr'><strong>Dominum</strong></span> <span class='ocrx_word' id='word_1_685' title='bbox 824 4713 889 4753; x_wconf 90' lang='lat' dir='ltr'><strong>ac</strong></span> <span class='ocrx_word' id='word_1_686' title='bbox 929 4699 1055 4754; x_wconf 66' lang='lat' dir='ltr'><strong>caeli</strong></span> <span class='ocrx_word' id='word_1_687' title='bbox 1105 4709 1370 4770; x_wconf 63' lang='lat' dir='ltr'><strong>terrasque</strong></span> <span class='ocrx_word' id='word_1_688' title='bbox 1401 4708 1674 4770; x_wconf 87' lang='lat' dir='ltr'><strong>potentem</strong></span> <span class='ocrx_word' id='word_1_689' title='bbox 1711 4702 2043 4761; x_wconf 88' lang='lat' dir='ltr'><strong>invocaverit</strong></span> 
     </span>
    </p>
   </div>
   <div class='ocr_carea' id='block_1_94' title="bbox 2152 4697 3763 4786">
    <p class='ocr_par' dir='ltr' id='par_1_94' title="bbox 2170 4710 3763 4786">
     <span class='ocr_line' id='line_1_94' title="bbox 2170 4710 3763 4786; baseline 0.003 -21"><span class='ocrx_word' id='word_1_690' title='bbox 2170 4711 2266 4765; x_wconf 91' lang='grc' dir='ltr'><strong>οῦν</strong></span> <span class='ocrx_word' id='word_1_691' title='bbox 2296 4710 2399 4765; x_wconf 79' lang='grc' dir='ltr'><strong>κᾶν</strong></span> <span class='ocrx_word' id='word_1_692' title='bbox 2432 4712 2480 4765; x_wconf 83' lang='grc' dir='ltr'><strong>εί</strong></span> <span class='ocrx_word' id='word_1_693' title='bbox 2505 4711 2734 4779; x_wconf 82' lang='grc' dir='ltr'>γένοιτο,</span> <span class='ocrx_word' id='word_1_694' title='bbox 2768 4713 2923 4783; x_wconf 64' lang='grc' dir='ltr'>φησι,</span> <span class='ocrx_word' id='word_1_695' title='bbox 2960 4715 3182 4785; x_wconf 84' lang='grc' dir='ltr'>σημεῖα,</span> <span class='ocrx_word' id='word_1_696' title='bbox 3205 4715 3299 4768; x_wconf 76' lang='grc' dir='ltr'><strong>καὶ</strong></span> <span class='ocrx_word' id='word_1_697' title='bbox 3327 4715 3553 4786; x_wconf 80' lang='grc' dir='ltr'>τέρατα,</span> <span class='ocrx_word' id='word_1_698' title='bbox 3583 4716 3763 4786; x_wconf 82' lang='grc' dir='ltr'>σωθή-</span> 
     </span>
    </p>
   </div>
   <div class='ocr_carea' id='block_1_95' title="bbox 494 4786 2048 4879">
    <p class='ocr_par' dir='ltr' id='par_1_95' title="bbox 494 4786 2048 4868">
     <span class='ocr_line' id='line_1_95' title="bbox 494 4786 2048 4868; baseline 0.006 -26"><span class='ocrx_word' id='word_1_699' title='bbox 494 4786 733 4845; x_wconf 79' lang='lat' dir='ltr'><strong>Verbum</strong></span> <span class='ocrx_word' id='word_1_700' title='bbox 793 4804 921 4846; x_wconf 86' lang='lat' dir='ltr'><strong>vero</strong></span> <span class='ocrx_word' id='word_1_701' title='bbox 977 4789 1171 4845; x_wconf 89' lang='lat' dir='ltr'><strong>salutis</strong></span> <span class='ocrx_word' id='word_1_702' title='bbox 1225 4791 1280 4845; x_wconf 91' lang='lat' dir='ltr'><strong>in</strong></span> <span class='ocrx_word' id='word_1_703' title='bbox 1326 4791 1439 4861; x_wconf 82' lang='lat' dir='ltr'><strong>ipsa</strong></span> <span class='ocrx_word' id='word_1_704' title='bbox 1497 4792 1893 4865; x_wconf 83' lang='lat' dir='ltr'><strong>Hierosolyma,</strong></span> <span class='ocrx_word' id='word_1_705' title='bbox 1948 4813 2048 4868; x_wconf 86' lang='lat' dir='ltr'><strong>qua</strong></span> 
     </span>
    </p>
   </div>
   <div class='ocr_carea' id='block_1_96' title="bbox 2152 4786 3759 4879">
    <p class='ocr_par' dir='ltr' id='par_1_96' title="bbox 2174 4802 3759 4879">
     <span class='ocr_line' id='line_1_96' title="bbox 2174 4802 3759 4879; baseline 0.002 -23"><span class='ocrx_word' id='word_1_706' title='bbox 2174 4820 2326 4856; x_wconf 89' lang='grc' dir='ltr'>σεται</span> <span class='ocrx_word' id='word_1_707' title='bbox 2358 4804 2465 4865; x_wconf 83' lang='grc' dir='ltr'><strong>πᾶς</strong></span> <span class='ocrx_word' id='word_1_708' title='bbox 2496 4802 2553 4865; x_wconf 79' lang='grc' dir='ltr'>ὃς</span> <span class='ocrx_word' id='word_1_709' title='bbox 2587 4803 2653 4856; x_wconf 86' lang='grc' dir='ltr'><strong>ἂν</strong></span> <span class='ocrx_word' id='word_1_710' title='bbox 2690 4804 3083 4877; x_wconf 83' lang='grc' dir='ltr'>ἐπικαλέσηται</span> <span class='ocrx_word' id='word_1_711' title='bbox 3105 4807 3371 4877; x_wconf 89' lang='grc' dir='ltr'>δεσπότην</span> <span class='ocrx_word' id='word_1_712' title='bbox 3403 4807 3493 4861; x_wconf 82' lang='grc' dir='ltr'><strong>τὸν</strong></span> <span class='ocrx_word' id='word_1_713' title='bbox 3522 4806 3759 4879; x_wconf 86' lang='grc' dir='ltr'>οὐρανοῦ</span> 
     </span>
    </p>
   </div>
   <div class='ocr_carea' id='block_1_97' title="bbox 495 4880 2048 4969">
    <p class='ocr_par' dir='ltr' id='par_1_97' title="bbox 495 4880 2048 4960">
     <span class='ocr_line' id='line_1_97' title="bbox 495 4880 2048 4960; baseline 0.006 -25"><span class='ocrx_word' id='word_1_714' title='bbox 495 4880 671 4949; x_wconf 84' lang='lat' dir='ltr'><strong>prima</strong></span> <span class='ocrx_word' id='word_1_715' title='bbox 719 4883 919 4939; x_wconf 88' lang='lat' dir='ltr'><strong>occidit</strong></span> <span class='ocrx_word' id='word_1_716' title='bbox 968 4882 1276 4951; x_wconf 86' lang='lat' dir='ltr'><strong>Dominum,</strong></span> <span class='ocrx_word' id='word_1_717' title='bbox 1311 4884 1734 4955; x_wconf 86' lang='lat' dir='ltr'><strong>promulgatum,</strong></span> <span class='ocrx_word' id='word_1_718' title='bbox 1768 4896 1824 4942; x_wconf 87' lang='lat' dir='ltr'><strong>et</strong></span> <span class='ocrx_word' id='word_1_719' title='bbox 1866 4889 1939 4942; x_wconf 90' lang='lat' dir='ltr'><strong>ita</strong></span> <span class='ocrx_word' id='word_1_720' title='bbox 1972 4905 2048 4960; x_wconf 72' lang='lat' dir='ltr'><strong>pel</strong></span> 
     </span>
    </p>
   </div>
   <div class='ocr_carea' id='block_1_98' title="bbox 2152 4880 3764 4969">
    <p class='ocr_par' dir='ltr' id='par_1_98' title="bbox 2171 4882 3764 4969">
     <span class='ocr_line' id='line_1_98' title="bbox 2171 4882 3764 4969; baseline 0.001 -19"><span class='ocrx_word' id='word_1_721' title='bbox 2171 4914 2231 4950; x_wconf 90' lang='grc' dir='ltr'><strong>τε</strong></span> <span class='ocrx_word' id='word_1_722' title='bbox 2260 4896 2353 4950; x_wconf 59' lang='grc' dir='ltr'><strong>καὶ⁷</strong></span> <span class='ocrx_word' id='word_1_723' title='bbox 2380 4896 2484 4967; x_wconf 82' lang='grc' dir='ltr'><strong>γῆς</strong></span> <span class='ocrx_word' id='word_1_724' title='bbox 2516 4895 2871 4965; x_wconf 85' lang='grc' dir='ltr'>Κύριον.Ὄτι</span> <span class='ocrx_word' id='word_1_725' title='bbox 2896 4892 2961 4951; x_wconf 82' lang='grc' dir='ltr'><strong>¹δὲ</strong></span> <span class='ocrx_word' id='word_1_726' title='bbox 2988 4882 3210 4969; x_wconf 80' lang='grc' dir='ltr'>ἔμελλεν</span> <span class='ocrx_word' id='word_1_727' title='bbox 3238 4900 3267 4952; x_wconf 88' lang='grc' dir='ltr'><strong>ό</strong></span> <span class='ocrx_word' id='word_1_728' title='bbox 3298 4899 3471 4967; x_wconf 88' lang='grc' dir='ltr'>Λόγος</span> <span class='ocrx_word' id='word_1_729' title='bbox 3506 4899 3612 4968; x_wconf 82' lang='grc' dir='ltr'>τῆς</span> <span class='ocrx_word' id='word_1_730' title='bbox 3655 4916 3764 4952; x_wconf 89' lang='grc' dir='ltr'>σω-</span> 
     </span>
    </p>
   </div>
   <div class='ocr_carea' id='block_1_99' title="bbox 498 4975 2048 5060">
    <p class='ocr_par' dir='ltr' id='par_1_99' title="bbox 498 4975 2048 5050">
     <span class='ocr_line' id='line_1_99' title="bbox 498 4975 2048 5050; baseline 0.01 -29"><span class='ocrx_word' id='word_1_731' title='bbox 498 4982 687 5025; x_wconf 90' lang='lat' dir='ltr'><strong>omnes</strong></span> <span class='ocrx_word' id='word_1_732' title='bbox 729 4983 914 5041; x_wconf 87' lang='lat' dir='ltr'><strong>gentes</strong></span> <span class='ocrx_word' id='word_1_733' title='bbox 946 4975 1323 5031; x_wconf 88' lang='lat' dir='ltr'><strong>circumlatum</strong></span> <span class='ocrx_word' id='word_1_734' title='bbox 1374 4976 1437 5031; x_wconf 87' lang='lat' dir='ltr'><strong>iri</strong></span> <span class='ocrx_word' id='word_1_735' title='bbox 1476 4991 1571 5046; x_wconf 84' lang='lat' dir='ltr'><strong>per</strong></span> <span class='ocrx_word' id='word_1_736' title='bbox 1606 4987 1823 5033; x_wconf 84' lang='lat' dir='ltr'><strong>sanctos</strong></span> <span class='ocrx_word' id='word_1_737' title='bbox 1850 4990 2048 5050; x_wconf 80' lang='lat' dir='ltr'><strong>aposto</strong></span> 
     </span>
    </p>
   </div>
   <div class='ocr_carea' id='block_1_100' title="bbox 2152 4975 3763 5060">
    <p class='ocr_par' dir='ltr' id='par_1_100' title="bbox 2172 4985 3763 5060">
     <span class='ocr_line' id='line_1_100' title="bbox 2172 4985 3763 5060; baseline 0.003 -23"><span class='ocrx_word' id='word_1_738' title='bbox 2172 4985 2368 5056; x_wconf 87' lang='grc' dir='ltr'>τηρίας</span> <span class='ocrx_word' id='word_1_739' title='bbox 2415 4987 2473 5039; x_wconf 87' lang='grc' dir='ltr'><strong>ἐν</strong></span> <span class='ocrx_word' id='word_1_740' title='bbox 2519 4985 2656 5056; x_wconf 75' lang='grc' dir='ltr'>αὐτῇ</span> <span class='ocrx_word' id='word_1_741' title='bbox 2706 4986 2800 5040; x_wconf 78' lang='grc' dir='ltr'><strong>καὶ</strong></span> <span class='ocrx_word' id='word_1_742' title='bbox 2830 4987 3020 5060; x_wconf 81' lang='grc' dir='ltr'>πρώτη</span> <span class='ocrx_word' id='word_1_743' title='bbox 3045 4988 3445 5060; x_wconf 87' lang='grc' dir='ltr'>λαληθήσεσθαι</span> <span class='ocrx_word' id='word_1_744' title='bbox 3468 4992 3533 5059; x_wconf 77' lang='grc' dir='ltr'>τῇ</span> <span class='ocrx_word' id='word_1_745' title='bbox 3565 5007 3763 5060; x_wconf 68' lang='lat' dir='ltr'><strong>xopte-</strong></span> 
     </span>
    </p>
   </div>
   <div class='ocr_carea' id='block_1_101' title="bbox 501 5057 2048 5149">
    <p class='ocr_par' dir='ltr' id='par_1_101' title="bbox 501 5057 2048 5141">
     <span class='ocr_line' id='line_1_101' title="bbox 501 5057 2048 5141; baseline 0.011 -30"><span class='ocrx_word' id='word_1_746' title='bbox 501 5057 605 5125; x_wconf 91' lang='lat' dir='ltr'><strong>los,</strong></span> <span class='ocrx_word' id='word_1_747' title='bbox 652 5062 797 5116; x_wconf 88' lang='lat' dir='ltr'><strong>clare</strong></span> <span class='ocrx_word' id='word_1_748' title='bbox 846 5068 1075 5137; x_wconf 88' lang='lat' dir='ltr'><strong>perspici</strong></span> <span class='ocrx_word' id='word_1_749' title='bbox 1126 5084 1193 5124; x_wconf 82' lang='lat' dir='ltr'><strong>ex</strong></span> <span class='ocrx_word' id='word_1_750' title='bbox 1245 5069 1348 5124; x_wconf 90' lang='lat' dir='ltr'><strong>hoc</strong></span> <span class='ocrx_word' id='word_1_751' title='bbox 1394 5069 1667 5140; x_wconf 77' lang='lat' dir='ltr'><strong>propheta:</strong></span> <span class='ocrx_word' id='word_1_752' title='bbox 1713 5071 1928 5141; x_wconf 90' lang='lat' dir='ltr'><strong>possit:</strong></span> <span class='ocrx_word' id='word_1_753' title='bbox 1965 5091 1983 5124; x_wconf 86' lang='grc'><strong>‹</strong></span> <span class='ocrx_word' id='word_1_754' title='bbox 2011 5072 2048 5128; x_wconf 86' lang='grc' dir='ltr'>ιι</span> 
     </span>
    </p>
   </div>
   <div class='ocr_carea' id='block_1_102' title="bbox 2152 5057 3766 5149">
    <p class='ocr_par' dir='ltr' id='par_1_102' title="bbox 2174 5057 3766 5149">
     <span class='ocr_line' id='line_1_102' title="bbox 2174 5057 3766 5149; baseline 0.002 -21"><span class='ocrx_word' id='word_1_755' title='bbox 2174 5076 2348 5146; x_wconf 85' lang='grc' dir='ltr'>κτόνῳ</span> <span class='ocrx_word' id='word_1_756' title='bbox 2384 5075 2757 5148; x_wconf 85' lang='grc' dir='ltr'>Ἰερουσαλὴμ,</span> <span class='ocrx_word' id='word_1_757' title='bbox 2796 5057 3307 5149; x_wconf 79' lang='grc' dir='ltr'>περιενεχθήσεσθαι</span> <span class='ocrx_word' id='word_1_758' title='bbox 3356 5080 3414 5133; x_wconf 82' lang='grc' dir='ltr'><strong>δὲ</strong></span> <span class='ocrx_word' id='word_1_759' title='bbox 3463 5057 3612 5132; x_wconf 74' lang='grc' dir='ltr'>οῦτω</span> <span class='ocrx_word' id='word_1_760' title='bbox 3644 5057 3766 5132; x_wconf 24' lang='grc' dir='ltr'>*καὶ</span> 
     </span>
    </p>
   </div>
   <div class='ocr_carea' id='block_1_103' title="bbox 502 5151 2048 5251">
    <p class='ocr_par' dir='ltr' id='par_1_103' title="bbox 502 5151 2048 5230">
     <span class='ocr_line' id='line_1_103' title="bbox 502 5151 2048 5230; baseline 0.011 -28"><span class='ocrx_word' id='word_1_761' title='bbox 502 5158 685 5206; x_wconf 90' lang='lat' dir='ltr'><strong>monte</strong></span> <span class='ocrx_word' id='word_1_762' title='bbox 711 5151 838 5208; x_wconf 89' lang='lat' dir='ltr'><strong>Sion</strong></span> <span class='ocrx_word' id='word_1_763' title='bbox 864 5164 917 5208; x_wconf 92' lang='lat' dir='ltr'><strong>et</strong></span> <span class='ocrx_word' id='word_1_764' title='bbox 944 5157 997 5210; x_wconf 93' lang='lat' dir='ltr'><strong>in</strong></span> <span class='ocrx_word' id='word_1_765' title='bbox 1031 5158 1325 5214; x_wconf 87' lang='lat' dir='ltr'><strong>Jerusalem</strong></span> <span class='ocrx_word' id='word_1_766' title='bbox 1351 5160 1457 5215; x_wconf 89' lang='lat' dir='ltr'><strong>erit</strong></span> <span class='ocrx_word' id='word_1_767' title='bbox 1484 5159 1737 5230; x_wconf 90' lang='lat' dir='ltr'><strong>salvatus,</strong></span> <span class='ocrx_word' id='word_1_768' title='bbox 1769 5170 1823 5217; x_wconf 90' lang='lat' dir='ltr'><strong>et</strong></span> <span class='ocrx_word' id='word_1_769' title='bbox 1851 5177 2048 5218; x_wconf 89' lang='lat' dir='ltr'><strong>annun-</strong></span> 
     </span>
    </p>
   </div>
   <div class='ocr_carea' id='block_1_104' title="bbox 2152 5151 3763 5251">
    <p class='ocr_par' dir='ltr' id='par_1_104' title="bbox 2164 5165 3763 5239">
     <span class='ocr_line' id='line_1_104' title="bbox 2164 5165 3763 5239; baseline 0.001 -20"><span class='ocrx_word' id='word_1_770' title='bbox 2164 5167 2243 5230; x_wconf 84' lang='grc' dir='ltr'><strong>είς</strong></span> <span class='ocrx_word' id='word_1_771' title='bbox 2270 5166 2446 5221; x_wconf 81' lang='grc' dir='ltr'>πάντα</span> <span class='ocrx_word' id='word_1_772' title='bbox 2472 5166 2544 5221; x_wconf 86' lang='grc' dir='ltr'><strong>τά</strong></span> <span class='ocrx_word' id='word_1_773' title='bbox 2566 5165 2693 5239; x_wconf 78' lang='grc' dir='ltr'>ἔθνη</span> <span class='ocrx_word' id='word_1_774' title='bbox 2732 5166 2820 5220; x_wconf 84' lang='grc' dir='ltr'>διὰ</span> <span class='ocrx_word' id='word_1_775' title='bbox 2859 5168 2966 5221; x_wconf 85' lang='grc' dir='ltr'><strong>τῶν</strong></span> <span class='ocrx_word' id='word_1_776' title='bbox 3004 5168 3173 5237; x_wconf 86' lang='grc' dir='ltr'>ἁγίων</span> <span class='ocrx_word' id='word_1_777' title='bbox 3222 5169 3554 5231; x_wconf 86' lang='grc' dir='ltr'>ἀποστόλων,</span> <span class='ocrx_word' id='word_1_778' title='bbox 3586 5169 3763 5238; x_wconf 80' lang='grc' dir='ltr'>σαφὲς</span> 
     </span>
    </p>
   </div>
   <div class='ocr_carea' id='block_1_105' title="bbox 505 5245 2048 5343">
    <p class='ocr_par' dir='ltr' id='par_1_105' title="bbox 505 5245 2048 5311">
     <span class='ocr_line' id='line_1_105' title="bbox 505 5245 2048 5311; baseline 0.012 -20"><span class='ocrx_word' id='word_1_779' title='bbox 505 5245 702 5296; x_wconf 90' lang='lat' dir='ltr'><strong>tiantes</strong></span> <span class='ocrx_word' id='word_1_780' title='bbox 754 5257 891 5311; x_wconf 89' lang='lat' dir='ltr'><strong>quos</strong></span> <span class='ocrx_word' id='word_1_781' title='bbox 937 5245 1194 5304; x_wconf 89' lang='lat' dir='ltr'><strong>Dominus</strong></span> <span class='ocrx_word' id='word_1_782' title='bbox 1234 5252 1464 5304; x_wconf 89' lang='lat' dir='ltr'><strong>vocavit.</strong></span> <span class='ocrx_word' id='word_1_783' title='bbox 1497 5269 1515 5302; x_wconf 74' lang='grc' dir='ltr'><strong>ι</strong></span> <span class='ocrx_word' id='word_1_784' title='bbox 1552 5251 1687 5307; x_wconf 84' lang='lat' dir='ltr'><strong>Nam</strong></span> <span class='ocrx_word' id='word_1_785' title='bbox 1740 5262 1797 5307; x_wconf 92' lang='lat' dir='ltr'><strong>ut</strong></span> <span class='ocrx_word' id='word_1_786' title='bbox 1837 5268 1866 5308; x_wconf 90' lang='lat' dir='ltr'><strong>a</strong></span> <span class='ocrx_word' id='word_1_787' title='bbox 1902 5254 2048 5310; x_wconf 72' lang='lat' dir='ltr'><strong>Pauli</strong></span> 
     </span>
    </p>
   </div>
   <div class='ocr_carea' id='block_1_106' title="bbox 2152 5245 3763 5343">
    <p class='ocr_par' dir='ltr' id='par_1_106' title="bbox 2166 5258 3763 5331">
     <span class='ocr_line' id='line_1_106' title="bbox 2166 5258 3763 5331; baseline -0.001 -18"><span class='ocrx_word' id='word_1_788' title='bbox 2166 5260 2232 5313; x_wconf 87' lang='grc' dir='ltr'>ἂν</span> <span class='ocrx_word' id='word_1_789' title='bbox 2278 5260 2509 5327; x_wconf 83' lang='grc' dir='ltr'>γένοιτο,</span> <span class='ocrx_word' id='word_1_790' title='bbox 2535 5258 2629 5312; x_wconf 90' lang='grc' dir='ltr'><strong>τοῦ</strong></span> <span class='ocrx_word' id='word_1_791' title='bbox 2685 5261 2971 5331; x_wconf 81' lang='grc' dir='ltr'>Προφήτου</span> <span class='ocrx_word' id='word_1_792' title='bbox 3015 5261 3295 5330; x_wconf 85' lang='grc' dir='ltr'>λέγοντος·</span> <span class='ocrx_word' id='word_1_793' title='bbox 3347 5262 3479 5314; x_wconf 83' lang='grc' dir='ltr'><strong>«Ἐν</strong></span> <span class='ocrx_word' id='word_1_794' title='bbox 3519 5260 3599 5330; x_wconf 82' lang='grc' dir='ltr'><strong>τῷ</strong></span> <span class='ocrx_word' id='word_1_795' title='bbox 3642 5261 3763 5331; x_wconf 81' lang='grc' dir='ltr'>δρει</span> 
     </span>
    </p>
   </div>
   <div class='ocr_carea' id='block_1_107' title="bbox 503 5330 2048 5423">
    <p class='ocr_par' dir='ltr' id='par_1_107' title="bbox 503 5330 2047 5415">
     <span class='ocr_line' id='line_1_107' title="bbox 503 5330 2047 5415; baseline 0.01 -31"><span class='ocrx_word' id='word_1_796' title='bbox 503 5330 706 5385; x_wconf 89' lang='lat' dir='ltr'><strong>dictum</strong></span> <span class='ocrx_word' id='word_1_797' title='bbox 755 5343 878 5389; x_wconf 88' lang='lat' dir='ltr'><strong>est:</strong></span> <span class='ocrx_word' id='word_1_798' title='bbox 914 5351 935 5385; x_wconf 82' lang='grc' dir='ltr'><strong>ι</strong></span> <span class='ocrx_word' id='word_1_799' title='bbox 964 5334 1130 5391; x_wconf 84' lang='lat' dir='ltr'><strong>Nemo</strong></span> <span class='ocrx_word' id='word_1_800' title='bbox 1160 5340 1327 5393; x_wconf 89' lang='lat' dir='ltr'><strong>sumit</strong></span> <span class='ocrx_word' id='word_1_801' title='bbox 1367 5341 1469 5396; x_wconf 89' lang='lat' dir='ltr'><strong>sibi</strong></span> <span class='ocrx_word' id='word_1_802' title='bbox 1510 5343 1796 5410; x_wconf 88' lang='lat' dir='ltr'><strong>honorem,</strong></span> <span class='ocrx_word' id='word_1_803' title='bbox 1845 5346 1941 5400; x_wconf 85' lang='lat' dir='ltr'><strong>sed</strong></span> <span class='ocrx_word' id='word_1_804' title='bbox 1979 5361 2047 5415; x_wconf 92' lang='lat' dir='ltr'><strong>qu</strong></span> 
     </span>
    </p>
   </div>
   <div class='ocr_carea' id='block_1_108' title="bbox 2152 5330 3763 5423">
    <p class='ocr_par' dir='ltr' id='par_1_108' title="bbox 2167 5330 3763 5423">
     <span class='ocr_line' id='line_1_108' title="bbox 2167 5330 3763 5423; baseline 0 -21"><span class='ocrx_word' id='word_1_805' title='bbox 2167 5350 2328 5415; x_wconf 87' lang='grc' dir='ltr'>Σιὼν,</span> <span class='ocrx_word' id='word_1_806' title='bbox 2363 5352 2457 5404; x_wconf 72' lang='grc' dir='ltr'>καὶ</span> <span class='ocrx_word' id='word_1_807' title='bbox 2497 5354 2555 5407; x_wconf 88' lang='grc' dir='ltr'><strong>ἐν</strong></span> <span class='ocrx_word' id='word_1_808' title='bbox 2599 5330 2955 5423; x_wconf 82' lang='grc' dir='ltr'>Ἰερουσαλήμ</span> <span class='ocrx_word' id='word_1_809' title='bbox 2998 5351 3151 5406; x_wconf 78' lang='grc' dir='ltr'>ἔσται</span> <span class='ocrx_word' id='word_1_810' title='bbox 3188 5352 3627 5422; x_wconf 81' lang='grc' dir='ltr'>ἀνασωζόμενος,</span> <span class='ocrx_word' id='word_1_811' title='bbox 3666 5330 3763 5403; x_wconf 77' lang='grc' dir='ltr'>καὶ</span> 
     </span>
    </p>
   </div>
   <div class='ocr_carea' id='block_1_109' title="bbox 506 5423 2048 5512">
    <p class='ocr_par' dir='ltr' id='par_1_109' title="bbox 506 5423 2048 5500">
     <span class='ocr_line' id='line_1_109' title="bbox 506 5423 2048 5500; baseline 0.008 -24"><span class='ocrx_word' id='word_1_812' title='bbox 506 5431 726 5477; x_wconf 83' lang='lat' dir='ltr'><strong>vocatur</strong></span> <span class='ocrx_word' id='word_1_813' title='bbox 766 5437 796 5477; x_wconf 88' lang='lat' dir='ltr'><strong>a</strong></span> <span class='ocrx_word' id='word_1_814' title='bbox 841 5423 949 5478; x_wconf 91' lang='lat' dir='ltr'><strong>Deo</strong></span> <span class='ocrx_word' id='word_1_815' title='bbox 970 5425 1039 5478; x_wconf 78' lang='grc' dir='ltr'><strong>⁸ο.</strong></span> <span class='ocrx_word' id='word_1_816' title='bbox 1069 5442 1089 5477; x_wconf 67' lang='grc' dir='ltr'><strong>ι</strong></span> <span class='ocrx_word' id='word_1_817' title='bbox 1126 5427 1313 5481; x_wconf 85' lang='lat' dir='ltr'><strong>Vocati</strong></span> <span class='ocrx_word' id='word_1_818' title='bbox 1349 5441 1474 5484; x_wconf 91' lang='lat' dir='ltr'><strong>sunt</strong></span> <span class='ocrx_word' id='word_1_819' title='bbox 1521 5432 1684 5500; x_wconf 86' lang='lat' dir='ltr'><strong>igitur</strong></span> <span class='ocrx_word' id='word_1_820' title='bbox 1710 5449 1831 5489; x_wconf 90' lang='lat' dir='ltr'><strong>cum</strong></span> <span class='ocrx_word' id='word_1_821' title='bbox 1864 5435 2048 5491; x_wconf 81' lang='lat' dir='ltr'><strong>delectt</strong></span> 
     </span>
    </p>
   </div>
   <div class='ocr_carea' id='block_1_110' title="bbox 2152 5423 3762 5512">
    <p class='ocr_par' dir='ltr' id='par_1_110' title="bbox 2170 5440 3762 5512">
     <span class='ocr_line' id='line_1_110' title="bbox 2170 5440 3762 5512; baseline 0 -21"><span class='ocrx_word' id='word_1_822' title='bbox 2170 5440 2684 5510; x_wconf 78' lang='grc' dir='ltr'>εὐαγγελιζόμενοι,</span> <span class='ocrx_word' id='word_1_823' title='bbox 2726 5440 2821 5505; x_wconf 84' lang='grc' dir='ltr'><strong>οὓς</strong></span> <span class='ocrx_word' id='word_1_824' title='bbox 2873 5441 3079 5511; x_wconf 80' lang='grc' dir='ltr'>Κύριος</span> <span class='ocrx_word' id='word_1_825' title='bbox 3130 5441 3575 5512; x_wconf 78' lang='grc' dir='ltr'>προσκέκληκεν’</span> <span class='ocrx_word' id='word_1_826' title='bbox 3609 5458 3631 5491; x_wconf 74' lang='grc' dir='ltr'><strong>ι</strong></span> <span class='ocrx_word' id='word_1_827' title='bbox 3682 5440 3762 5503; x_wconf 80' lang='grc' dir='ltr'>ὡς</span> 
     </span>
    </p>
   </div>
   <div class='ocr_carea' id='block_1_111' title="bbox 503 5516 2048 5603">
    <p class='ocr_par' dir='ltr' id='par_1_111' title="bbox 503 5516 2048 5594">
     <span class='ocr_line' id='line_1_111' title="bbox 503 5516 2048 5594; baseline 0.008 -26"><span class='ocrx_word' id='word_1_828' title='bbox 503 5527 574 5569; x_wconf 80' lang='lat' dir='ltr'><strong>ex</strong></span> <span class='ocrx_word' id='word_1_829' title='bbox 619 5516 872 5574; x_wconf 90' lang='lat' dir='ltr'><strong>omnibus</strong></span> <span class='ocrx_word' id='word_1_830' title='bbox 930 5517 1070 5574; x_wconf 90' lang='lat' dir='ltr'><strong>beati</strong></span> <span class='ocrx_word' id='word_1_831' title='bbox 1128 5518 1409 5589; x_wconf 90' lang='lat' dir='ltr'><strong>discipuli,</strong></span> <span class='ocrx_word' id='word_1_832' title='bbox 1471 5537 1571 5577; x_wconf 88' lang='lat' dir='ltr'><strong>nec</strong></span> <span class='ocrx_word' id='word_1_833' title='bbox 1619 5535 1809 5594; x_wconf 90' lang='lat' dir='ltr'><strong>sponte</strong></span> <span class='ocrx_word' id='word_1_834' title='bbox 1862 5540 1959 5580; x_wconf 90' lang='lat' dir='ltr'><strong>sua</strong></span> <span class='ocrx_word' id='word_1_835' title='bbox 2006 5541 2048 5580; x_wconf 64' lang='lat' dir='ltr'><strong>at</strong></span> 
     </span>
    </p>
   </div>
   <div class='ocr_carea' id='block_1_112' title="bbox 2152 5516 3766 5603">
    <p class='ocr_par' dir='ltr' id='par_1_112' title="bbox 2169 5528 3766 5603">
     <span class='ocr_line' id='line_1_112' title="bbox 2169 5528 3766 5603; baseline 0.001 -21"><span class='ocrx_word' id='word_1_836' title='bbox 2169 5528 2280 5599; x_wconf 81' lang='grc' dir='ltr'><strong>γὰρ</strong></span> <span class='ocrx_word' id='word_1_837' title='bbox 2306 5528 2517 5595; x_wconf 88' lang='grc' dir='ltr'>Παῦλος</span> <span class='ocrx_word' id='word_1_838' title='bbox 2549 5532 2771 5603; x_wconf 82' lang='grc' dir='ltr'>γράφει,</span> <span class='ocrx_word' id='word_1_839' title='bbox 2814 5548 2832 5585; x_wconf 83' lang='grc' dir='ltr'><strong>ι</strong></span> <span class='ocrx_word' id='word_1_840' title='bbox 2859 5531 2971 5601; x_wconf 88' lang='grc' dir='ltr'>Οὐχ</span> <span class='ocrx_word' id='word_1_841' title='bbox 3015 5532 3207 5586; x_wconf 86' lang='grc' dir='ltr'>ἐαυτοῦ</span> <span class='ocrx_word' id='word_1_842' title='bbox 3240 5549 3325 5596; x_wconf 88' lang='grc' dir='ltr'><strong>τις</strong></span> <span class='ocrx_word' id='word_1_843' title='bbox 3359 5531 3630 5603; x_wconf 85' lang='grc' dir='ltr'>λαμϐάνει</span> <span class='ocrx_word' id='word_1_844' title='bbox 3660 5530 3766 5601; x_wconf 77' lang='grc' dir='ltr'>τὴν</span> 
     </span>
    </p>
   </div>
   <div class='ocr_carea' id='block_1_113' title="bbox 513 5713 2048 5855">
    <p class='ocr_par' dir='ltr' id='par_1_113' title="bbox 513 5713 1983 5855">
     <span class='ocr_line' id='line_1_113' title="bbox 578 5713 1983 5789; baseline 0.006 -21"><span class='ocrx_word' id='word_1_845' title='bbox 578 5713 623 5746; x_wconf 72' lang='grc'><strong>⁸⁸</strong></span> <span class='ocrx_word' id='word_1_846' title='bbox 650 5714 750 5770; x_wconf 88' lang='lat' dir='ltr'><strong>lsa.</strong></span> <span class='ocrx_word' id='word_1_847' title='bbox 784 5733 838 5780; x_wconf 82' lang='grc' dir='ltr'><strong>ι,</strong></span> <span class='ocrx_word' id='word_1_848' title='bbox 871 5716 926 5772; x_wconf 80' lang='lat'><strong>&#39;5.</strong></span> <span class='ocrx_word' id='word_1_849' title='bbox 1001 5717 1046 5754; x_wconf 66' lang='grc' dir='ltr'>δ”</span> <span class='ocrx_word' id='word_1_850' title='bbox 1075 5718 1264 5778; x_wconf 84' lang='lat' dir='ltr'><strong>Matth.</strong></span> <span class='ocrx_word' id='word_1_851' title='bbox 1298 5736 1407 5789; x_wconf 71' lang='lat' dir='ltr'><strong>xvn,</strong></span> <span class='ocrx_word' id='word_1_852' title='bbox 1433 5721 1525 5776; x_wconf 83' lang='lat'><strong>&#39;57.</strong></span> <span class='ocrx_word' id='word_1_853' title='bbox 1603 5722 1646 5755; x_wconf 72' lang='grc'><strong>⁸⁸</strong></span> <span class='ocrx_word' id='word_1_854' title='bbox 1671 5722 1790 5777; x_wconf 83' lang='lat' dir='ltr'><strong>Act.</strong></span> <span class='ocrx_word' id='word_1_855' title='bbox 1828 5737 1885 5789; x_wconf 78' lang='grc' dir='ltr'><strong>ιι,</strong></span> <span class='ocrx_word' id='word_1_856' title='bbox 1914 5721 1983 5777; x_wconf 80' lang='grc'>20</span> 
     </span>
     <span class='ocr_line' id='line_1_114' title="bbox 513 5782 941 5855; baseline 0.016 -19"><span class='ocrx_word' id='word_1_857' title='bbox 513 5782 558 5814; x_wconf 76' lang='grc' dir='ltr'><strong>⁸ο</strong></span> <span class='ocrx_word' id='word_1_858' title='bbox 583 5782 745 5841; x_wconf 84' lang='lat' dir='ltr'><strong>Hebr.</strong></span> <span class='ocrx_word' id='word_1_859' title='bbox 788 5804 852 5855; x_wconf 91' lang='lat' dir='ltr'><strong>v,</strong></span> <span class='ocrx_word' id='word_1_860' title='bbox 886 5788 941 5843; x_wconf 68' lang='grc'><strong>4.</strong></span> 
     </span>
    </p>
   </div>
   <div class='ocr_carea' id='block_1_114' title="bbox 2152 5713 3762 5855">
    <p class='ocr_par' dir='ltr' id='par_1_114' title="bbox 2152 5725 3762 5803">
     <span class='ocr_line' id='line_1_115' title="bbox 2152 5725 3762 5803; baseline 0.002 -22"><span class='ocrx_word' id='word_1_861' title='bbox 2152 5725 2314 5803; x_wconf 78' lang='lat' dir='ltr'><strong>&quot;Act.</strong></span> <span class='ocrx_word' id='word_1_862' title='bbox 2348 5742 2430 5795; x_wconf 83' lang='grc' dir='ltr'>ιιι,</span> <span class='ocrx_word' id='word_1_863' title='bbox 2450 5727 2538 5793; x_wconf 76' lang='grc'><strong>15,</strong></span> <span class='ocrx_word' id='word_1_864' title='bbox 2565 5726 2649 5783; x_wconf 72' lang='grc' dir='ltr'><strong>Η.</strong></span> <span class='ocrx_word' id='word_1_865' title='bbox 2728 5728 2770 5760; x_wconf 68' lang='grc'><strong>³⁸</strong></span> <span class='ocrx_word' id='word_1_866' title='bbox 2796 5726 2953 5797; x_wconf 75' lang='grc' dir='ltr'><strong>1ὺὶι1.,</strong></span> <span class='ocrx_word' id='word_1_867' title='bbox 2988 5730 3077 5797; x_wconf 79' lang='grc'><strong>17,</strong></span> <span class='ocrx_word' id='word_1_868' title='bbox 3102 5730 3188 5788; x_wconf 79' lang='grc'><strong>19.</strong></span> <span class='ocrx_word' id='word_1_869' title='bbox 3265 5731 3310 5764; x_wconf 65' lang='grc' dir='ltr'>δ’</span> <span class='ocrx_word' id='word_1_870' title='bbox 3332 5731 3451 5787; x_wconf 83' lang='lat' dir='ltr'><strong>Act.</strong></span> <span class='ocrx_word' id='word_1_871' title='bbox 3479 5745 3536 5798; x_wconf 87' lang='lat' dir='ltr'><strong>II,</strong></span> <span class='ocrx_word' id='word_1_872' title='bbox 3566 5728 3762 5785; x_wconf 71' lang='lat'><strong>58-59.</strong></span> 
     </span>
    </p>
   </div>
  </div>
