3948 6208
236 206 324 260 385

1105 209 1657 269 COMMENTARIUS
1700 214 1765 270 IN
1801 215 2066 272 JOELEM
2106 217 2553 278 PROPIIETAM.

3363 236 3468 292 386

229 321 401 392 τιμὴν,
446 321 563 375 ἀλλ’
586 323 615 375 ὀ
641 322 969 395 καλούμενος
1003 326 1108 380 ὑπὸ
1139 328 1234 381 τοῦ
1257 329 1415 385 Θεοῦ.
1443 350 1461 383 ι
1492 332 1777 403 Κέκληντα

1902 338 2256 405 apostolatum
2302 348 2685 396 accesserunt:
2736 340 2873 397 sicut
2905 343 3132 401 stolidus
3160 344 3468 403 Pharisaeus

226 413 395 465 τοίνυν
442 412 750 482 ἀπολέγδην
797 416 863 468 ἐκ
913 416 1131 471 πάντων
1159 419 1209 471 οἱ
1241 420 1499 490 μακάριοι
1532 422 1791 493 μαθηταὶ,

225 505 312 557 καὶ
339 503 440 556 ούκ
468 504 760 575 αὐτόμολοι
782 506 1058 578 παρῆλθον
1089 510 1169 573 είς
1196 510 1520 582 ἀποστολὴν,
1544 514 1794 585 καθάπερ

224 598 250 648 ὁ
274 598 619 667 ἀπόπληκτος
655 601 946 670 Φαρισαῖος
997 601 1227 669 ἐκεῖνος,
1258 604 1423 674 ἤγουν
1469 606 1707 677 νομικὸς,
1736 608 1794 672 ὃς

223 691 328 751 τοῖς
346 688 447 757 τῆς
475 689 777 760 μαθητείας
796 692 1110 763 αὐχήμασιν
1131 695 1321 749 ἐαυτὸν
1338 695 1519 762 ἐνιεὶς,
1539 698 1793 768 προσέθει

224 778 391 845 λέγων
412 796 427 808 ·
454 797 473 830 ι
504 778 701 849 Κύριε,
744 780 1096 852 ἀκολουθήσω
1120 800 1201 836 σοι
1230 785 1363 837 ὅπου
1388 785 1485 840 ἐὰν
1506 787 1740 857 ἀπέρχῃ.
1773 806 1791 838 ι

222 869 486 942 Ταύτῃτοι
517 870 609 923 καὶ
630 871 658 922 ὀ
674 870 865 942 Σωτὴρ
882 871 1321 942 παρενοχλοῦντά
1335 892 1392 928 τε
1414 877 1558 944 εἰκῆ,
1577 877 1670 930 καὶ
1690 876 1799 929 τῶν

217 960 587 1029 εὐαγγελικῶν
615 961 1061 1032 ἐπιτηδευμάτων
1107 966 1217 1019 οὐδ’
1244 967 1368 1020 ὅσον
1415 967 1586 1020 εἰπεῖν
1632 968 1800 1035 ἐγγὺς

218 1048 499 1115 γεγονότα,
536 1049 845 1120 παρωθεῖτο
888 1051 1060 1120 λέγων
1082 1069 1097 1083 ⁶
1156 1072 1175 1104 ι
1204 1054 1271 1105 Ai
1309 1053 1613 1119 ἀλώπεκες,
1647 1074 1665 1107 ι
1706 1057 1799 1109 καὶ

216 1139 280 1193 τὰ
308 1140 459 1209 ἐξῆς.
490 1140 615 1203 Τοῖς
640 1156 702 1208 γε
734 1140 841 1213 μὴν
870 1141 1186 1212 ἐπιτηδείως
1214 1143 1427 1213 ἔχουσιν
1455 1146 1533 1207 εἰς
1561 1146 1794 1197 ἀποστο-

216 1230 309 1301 λὴν
347 1230 623 1297 ἐπεφώνει
647 1230 842 1299 λέγων’
874 1250 892 1283 ι
920 1232 1082 1285 Δεῦτε
1106 1233 1282 1287 ὀπίσω
1307 1252 1432 1305 μου,
1465 1235 1562 1288 καὶ
1585 1237 1795 1306 ποιήσω

216 1323 355 1392 ὑμᾶς
385 1321 641 1391 γενέσθαι
674 1322 847 1387 ἁλιεῖς
877 1324 1197 1393 ἀνθρώπων.
1231 1344 1250 1382 ι
1284 1326 1558 1380 Ματθαῖὀν
1597 1344 1657 1395 γε
1689 1326 1794 1397 μὴν

212 1413 268 1477 ἐξ
295 1414 479 1467 αὐτῶν
508 1414 757 1485 ἀνίστησι
783 1415 890 1469 τῶν
914 1419 1013 1487 τῆς
1043 1416 1356 1482 πλεονεξίας
1392 1421 1789 1492 ἐργαστηρίων,

1899 428 2010 492 ille,
2052 428 2164 483 sive
2206 430 2564 499 legispcritus,
2603 432 2694 501 qui
2730 445 2787 488 se
2822 433 3141 505 discipulum
3184 450 3303 493 esse
3331 439 3468 492 velle

1899 517 2156 586 gloriatus
2191 535 2203 571 :
2244 535 2262 568 ι
2294 516 2508 589 Sequar
2542 531 2614 584 te,
2666 539 2685 573 ι
2721 520 2911 590 inquit,
2948 542 2966 574 ι
3007 539 3329 594 quocunque
3358 525 3470 580 ivc-

1898 609 2059 664 ris“.
2094 628 2113 661 ›
2149 609 2325 675 Quare
2354 618 2409 663 et
2436 610 2682 665 Salvator
2724 612 2924 668 frustra
2963 615 3361 681 obturbantem,
3413 624 3468 669 et

1899 716 1928 755 a
1958 700 2148 755 studiis
2175 702 2498 772 evangelicis
2526 704 2944 760 remotissimum
2972 707 3202 775 repellit,
3234 708 3423 763 dicens
3448 725 3462 763 :

1901 807 1919 840 ι
1959 788 2174 859 Vulpes,
2211 807 2229 840 ι
2256 798 2362 844 etc.
2391 789 2610 858 Contra,
2637 795 2702 846 ad
2725 794 3090 864 apostolatum
3121 796 3327 851 idoneis
3353 798 3461 852 ait:

1895 879 2054 949 232
2087 898 2107 931 ι
2141 881 2331 936 Venite
2364 890 2485 950 post
2522 898 2626 947 me,
2658 893 2708 938 et
2738 883 2932 940 faciam
2982 902 3079 942 vos
3124 888 3238 942 fieri
3287 888 3463 958 pisca-

1898 979 2039 1024 tores
2090 969 2369 1025 hominum
2393 973 2460 1027 ".
2500 992 2519 1026 ι
2583 973 2890 1029 Μοιιιιωυηι
2955 979 3168 1046 quidem
3221 980 3289 1033 ab
3349 979 3461 1048 ipsa

1895 1061 2135 1116 avaritiae
2192 1062 2402 1117 ofﬁcina
2449 1065 2686 1128 excitat,
2737 1069 2887 1135 sequi
2934 1067 3215 1138 jubcns”.
3278 1070 3462 1124 Vocati

1897 1159 2022 1204 sunt
2051 1162 2254 1217 autem,
2279 1153 2551 1211 voluntate
2580 1156 2741 1221 illius,
2787 1167 2842 1211 ut
2867 1168 2984 1214 erat
3016 1170 3461 1229 consentaneum,

1894 1240 2252 1309 potentissimi
2304 1241 2473 1298 futuri
2536 1247 2601 1298 ad
2652 1247 3028 1301 strenuissime
3079 1250 3461 1319 perliciendum

1895 1331 2037 1401 quod
2087 1332 2161 1386 illi
2216 1333 2488 1401 placeret:
2536 1338 2746 1391 tametsi
2790 1337 3089 1407 iniquitatis
3128 1351 3368 1409 repertor
3408 1350 3465 1396 et

1895 1435 2093 1489 parens
2120 1422 2446 1489 proditorem
2479 1438 2544 1477 ex
2574 1440 2638 1479 eo
2668 1425 2891 1495 collegio
2917 1428 3111 1496 rapuit.

210 1507 527 1560 ἀκολουθεῖν
554 1508 889 1562 ἐπιτάττων
943 1510 1378 1583 προσκέκληνται
1406 1512 1485 1576 δὲ,
1514 1514 1633 1567 κατ’
1685 1514 1820 1567 ἰδίαν
1859 1513 2131 1583 βούλησιν,
2159 1513 2345 1586 ὥσπερ
2404 1510 2473 1586 ἦν
2516 1516 2681 1583 είκὸς,
2715 1517 2935 1572 ἔσεσθαι
2975 1518 3335 1573 δυνατώτατοι
3385 1519 3465 1582 εἷς

210 1615 271 1665 γε
304 1598 368 1651 τὸ
393 1599 785 1669 ἀποπεραίνειν
809 1599 1084 1667 δύνασθαι,
1125 1602 1220 1656 κα.)⁸
1255 1602 1398 1673 μάλα
1426 1602 1689 1665 νεανικῶς
1716 1604 1777 1657 τὸ
1807 1603 1954 1675 αὑτῷ
1987 1603 2198 1670 δοκοῦν,
2232 1605 2280 1657 εἰ
2347 1606 2439 1659 καὶ
2469 1606 2684 1678 ἥρπασε
2718 1608 2810 1663 τὸν
2857 1608 3120 1682 προδότην
3142 1611 3172 1664 ὀ
3192 1611 3291 1680 τῆς
3324 1611 3454 1664 ἀνο-

211 1686 339 1757 μίας
374 1685 628 1758 εὑρετὴς,
658 1687 752 1741 καὶ
787 1690 989 1760 πατήρ.

710 1863 725 1885 ,
822 1820 1074 1873 ΚΕΦΑΑ.
1105 1822 1182 1876 r'.

276 1931 403 1986 Ὅτι
433 1931 565 1986 ἰδοὺ
602 1931 717 2002 ἐγὼ
750 1933 818 1986 ἐν
845 1933 977 2004 ταῖς
1018 1936 1263 2004 ἡμέραις
1289 1936 1569 2003 ἐκείναις,
1596 1935 1694 1990 καὶ
1720 1936 1791 1989 ἐν

209 2022 281 2088 τῷ
305 2021 500 2092 καιρῷ
527 2023 755 2090 ἐκείνῳ,
787 2023 932 2077 ὅταν
973 2025 1315 2095 ἐπιστρέψω
1352 2028 1467 2096 τὴν
1494 2030 1789 2097 αἰχμαλω-

208 2116 347 2169 σίαν
376 2115 598 2180 Ἰούδα,
629 2117 727 2170 καὶ
756 2118 1172 2188 Ἰερουσαλὴμ,
1205 2120 1301 2174 καὶ
1331 2120 1575 2185 συνάξω
1593 2120 1789 2174 πάντα

209 2206 269 2256 τὰ
294 2204 473 2270 ἔθνη,
513 2204 611 2258 καὶ
654 2205 888 2270 κατάξω
918 2207 1070 2261 αὐτὰ
1101 2210 1186 2275 είς
1217 2209 1332 2278 τὴν
1376 2211 1631 2265 κοιλάδα
1668 2213 1788 2265 Ἰω-

207 2295 429 2363 σαφὰτ,
447 2294 549 2348 καὶ
568 2294 1022 2365 διακριθήσομαι
1046 2298 1199 2366 πρὸς
1220 2298 1442 2366 αὐτοὺς
1464 2300 1607 2364 ἐκεῖ,
1635 2299 1788 2370 ὑπὲρ

206 2386 301 2440 τοῦ
325 2386 491 2441 λαοῦ
510 2404 654 2455 μου,
680 2386 779 2440 καὶ
802 2385 913 2456 τῆς
940 2390 1342 2459 κληρονομίας
1363 2408 1484 2460 μου
1514 2392 1782 2461 Ἰσραὴλ,

206 2477 255 2529 cl
276 2477 708 2546 διεσπάρησαν
747 2480 817 2533 ἐν
845 2480 970 2545 τοῖς
999 2480 1223 2545 ἔθνεσι,
1254 2482 1351 2535 καὶ
1388 2484 1503 2551 τὴν
1531 2483 1648 2553 γῆν
1666 2502 1785 2552 μου

208 2569 670 2635 κατεδιείλαντο,
701 2572 798 2625 καὶ
822 2571 923 2625 ἐπὶ
950 2572 1059 2626 τὸν
1083 2574 1240 2627 λαόν
1254 2592 1370 2643 μου
1396 2573 1617 2630 ἔϐαλον
1631 2575 1782 2643 κλή-

202 2680 361 2729 ρους,
388 2664 490 2717 καὶ
544 2662 775 2718 ἔδωκαν
822 2664 897 2718 τὰ
937 2664 1221 2735 παιδάρια
1259 2668 1528 2735 πόρναις,
1563 2666 1663 2721 καὶ
1714 2667 1784 2722 τὰ

207 2753 460 2821 κεράσια
492 2752 771 2807 ἐπώλουν
798 2753 930 2808 ἀντὶ
957 2754 1065 2809 τοῦ
1092 2756 1283 2822 οἴνου,
1313 2757 1413 2811 καὶ
1444 2757 1639 2814 ἔπιον.

266 2868 406 2923 AH'.
447 2869 545 2922 Ἐκ
568 2868 665 2938 τῆς
681 2866 917 2940 Ῥοϐοάμ
940 2867 1215 2938 βασιλείας
1236 2869 1654 2941 ἀπορῤαγεισῶν
1672 2870 1785 2926 τῶν

205 2960 321 3015 δέκα
370 2959 583 3028 φυλῶν,
634 2958 728 3013 καὶ
754 2958 1099 3031 διῃρημένων
1142 2958 1312 3031 αὐτῷ,
1336 2962 1431 3015 καὶ
1453 2961 1654 3026 παντὸς
1682 2962 1779 3016 τοῦ

206 3051 421 3122 Ἰσραὴλ
441 3051 524 3114 εἷς
543 3067 606 3103 τε
635 3050 727 3103 τὸν
748 3050 1007 3121 Ἐφραῖμ,
1026 3049 1227 3104 καὶτὸν
1254 3049 1501 3115 Ἰούδα,οἱ
1522 3052 1783 3124 μακάριοι

2528 1823 2682 1881 CAP.
2719 1823 2807 1880 Ill.

1967 1934 2128 1989 Vens.
2174 1934 2290 1989 1-3.
2334 1934 2472 2001 Quia
2515 1952 2631 1991 ecce
2666 1954 2759 2007 ego
2807 1939 2863 1993 in
2911 1940 3091 1995 diebus
3134 1942 3261 2009 illis,
3309 1955 3360 2000 et
3407 1947 3461 2001 in

1893 2030 2120 2091 tempore
2171 2024 2282 2093 illo,
2322 2027 2529 2095 quando
2575 2036 2874 2082 convertere
2917 2032 3269 2099 captivitatem
3314 2035 3463 2092 Juda

1891 2123 1942 2169 et
1974 2113 2305 2182 Jerusalem;
2344 2128 2391 2172 et
2422 2120 2746 2188 congregabo
2775 2137 2950 2175 omnes
2984 2134 3180 2192 gemes,
3218 2136 3269 2181 et
3293 2129 3464 2182 dedu-

1891 2219 2007 2259 cam
2032 2221 2119 2259 eas
2143 2208 2197 2260 in
2224 2207 2409 2261 vallem
2438 2207 2721 2278 Josapltat‘,
2744 2220 2793 2265 et
2823 2213 3120 2283 disceptabo
3154 2232 3273 2270 cum
3294 2220 3367 2272 eis
3390 2219 3462 2273 ibi

1890 2312 1984 2365 pro
2014 2298 2207 2367 populo
2234 2315 2367 2361 meo,
2397 2309 2446 2353 et
2477 2299 2784 2356 Itwredilate
2817 2319 2932 2357 mea
2968 2305 3160 2373 Israel,
3191 2324 3319 2378 quos
3348 2310 3464 2365 dis-

1888 2400 2157 2455 perserunt
2196 2390 2251 2443 in
2289 2391 2545 2459 gentibus,
2584 2401 2631 2445 et
2663 2402 2854 2447 terram
2891 2412 3057 2450 meam
3080 2399 3390 2465 diviserunt,
3412 2411 3461 2455 et

1890 2494 2045 2546 super
2072 2480 2318 2547 populum
2350 2498 2519 2551 meum
2549 2483 2800 2538 miserunt
2841 2496 3026 2553 sortes,
3056 2498 3107 2542 et
3146 2506 3333 2557 pueras
3364 2492 3462 2547 de—

1888 2568 2080 2623 derunt
2125 2572 2504 2637 meretricibus,
2544 2582 2594 2627 et
2628 2574 2833 2643 puellas
2876 2578 3161 2633 vendebant
3198 2596 3294 2650 pro
3318 2583 3457 2650 vino,

1888 2669 1936 2714 et
1966 2660 2224 2715 bibebant.

1960 2862 2244 2918 XXXVIII.
2294 2863 2341 2918 A
2372 2880 2553 2936 regno.
2576 2863 2817 2923 Roboam
2851 2868 3055 2925 avulsis
3086 2874 3458 2945 separatisque

1887 2952 2072 3007 decem
2108 2954 2374 3018 tribubus,
2410 2965 2463 3008 et
2492 2956 2740 3012 universo
2779 2956 2979 3014 Israele
3027 2958 3081 3014 in
3113 2960 3370 3031 Ephraim
3403 2975 3461 3021 et

1887 3039 2021 3097 Juda
2068 3042 2243 3099 diviso
2260 3043 2329 3110 ⁸⁵,
2365 3044 2509 3100 beati
2558 3046 2830 3117 pI‘OthL'P.
2878 3050 3225 3107 exstiterunt.
3263 3050 3457 3110 Locuti

206 3146 457 3213 γεγόνασι
470 3143 769 3216 προφῆται.
782 3143 1123 3213 Λελαλήκασι
1137 3143 1194 3198 δὲ
1214 3143 1281 3198 τὰ
1299 3145 1427 3216 παρ’
1448 3144 1671 3214 ἀμφοῖν,
1683 3143 1783 3214 τῆς

1888 3143 2011 3189 sunt
2060 3142 2239 3190 autem
2303 3149 2425 3203 qua
2481 3137 2549 3191 ad
2609 3146 2868 3208 utrosque
2922 3140 3295 3208 pertinerent,
3341 3152 3456 3200 tota

204 3236 316 3308 ὅλης
336 3236 536 3298 αὐτοῖς
567 3233 905 3307 προφητείας
926 3235 1358 3307 παρατεινούσης
1388 3236 1549 3307 μέχρι
1575 3234 1784 3307 καιρῶν

204 3328 289 3398 τῆς
318 3326 729 3399 αἰχμαλωσίας.
770 3327 927 3381 Μετά
962 3326 1020 3380 δέ
1063 3345 1128 3396 γε
1170 3326 1270 3399 τὴν
1300 3329 1357 3381 ἐν
1391 3327 1785 3399 Ἰεροσολύμοις

207 3421 411 3474 ἐκεῖθεν
439 3417 810 3489 ὑποστροφὴν.
842 3420 937 3472 καὶ
969 3418 1069 3487 τὴν
1100 3417 1474 3489 γεγενημένην
1494 3419 1635 3473 κατὰ
1658 3436 1784 3473 και-

206 3512 319 3582 ροὺς
371 3510 658 3574 ἐπάνοδον,
692 3510 1105 3581 προεφήτευσαν
1137 3510 1231 3564 ἐπὶ
1272 3509 1364 3563 τὸν
1401 3509 1618 3581 Ἰσραὴλ
1654 3509 1783 3578 ’Δγ-

206 3604 343 3668 reid;
394 3620 458 3655 τε
508 3602 605 3655 καὶ
650 3602 947 3672 Ζαχαρίας,
976 3600 1071 3655 καὶ
1104 3601 1202 3671 μέν
1234 3618 1316 3654 τοι
1346 3600 1442 3656 καὶ
1475 3601 1778 3672 Μαλαχίας.

204 3694 449 3749 Φαίνεται
476 3694 535 3747 δὲ
562 3693 657 3748 καὶ
682 3695 710 3747 6
737 3694 973 3764 Ἔσδρας
994 3693 1150 3762 ὀλίγα
1178 3694 1313 3747 ἄττα
1341 3693 1447 3747 τῶν
1468 3694 1589 3746 κατ’
1606 3695 1782 3747 ἐκεῖνο

206 3788 426 3857 καιρῶν,
463 3785 562 3839 καὶ
589 3786 647 3840 ἐν
669 3786 784 3849 τοῖς
816 3784 980 3839 αὐτοῦ
1014 3785 1226 3856 χρόνοις
1247 3784 1629 3855 γεγενημένων
1649 3802 1783 3855 προ-

213 3879 525 3949 αγορεύσας.
558 3877 845 3948 Μέμνηται
872 3876 1052 3930 τοίνυν
1090 3877 1197 3930 τῶν
1223 3876 1603 3946 προκειμένων
1630 3877 1658 3929 6
1688 3875 1780 3929 λό-

211 3984 286 4035 γος
312 3968 654 4040 πράγματος
688 3968 789 4021 οὐκ
834 3968 893 4021 ἐν
942 3969 1155 4039 καιροῖς
1199 3966 1496 4038 προφητῶν
1530 3966 1639 4020 τῶν
1676 3967 1779 4037 ἀρ-

208 4058 356 4126 χαίων
410 4056 807 4126 γεγενημένου,
852 4056 965 4110 ἀλλ’
1011 4057 1096 4110 ὅτι
1142 4055 1207 4128 δὴ
1256 4055 1406 4127 μόλις
1447 4056 1632 4126 Κύρου
1686 4056 1780 4110 τὸν

218 4148 419 4220 Ἰσραὴλ
448 4148 673 4210 ἀνέντος
701 4148 1074 4218 ὑπενόστησαν
1104 4148 1183 4212 εἰς
1228 4147 1327 4217 τὴν
1352 4146 1630 4201 Ἰουδαίαν.
1666 4147 1779 4200 Καὶ

207 4236 249 4286 τί
271 4238 327 4290 τὸ
360 4237 559 4307 χρῆμα
592 4237 652 4288 τὸ
678 4234 1053 4301 ἀξιάκουστον,
1083 4236 1135 4289 τί
1172 4235 1229 4288 δὲ
1261 4235 1326 4306 δὴ
1355 4235 1609 4304 γενέσθαι
1636 4253 1779 4307 συμ-

204 4327 447 4398 6έ6ηκεν,
483 4326 719 4398 ἐροῦμεν
754 4328 829 4391 ὡς
862 4327 960 4393 ἔνι,
983 4328 1081 4399 τὴν
1105 4326 1201 4380 τοῦ
1221 4326 1427 4398 Ἐσδρα
1455 4328 1778 4399 συγγραφὴν

206 4420 520 4489 κομίζοντες
544 4419 623 4482 εἰς
652 4419 942 4485 ἀπόδειξιν.
984 4419 1193 4473 Οὐκοῦν
1238 4418 1535 4490 ἐπειδήπερ
1568 4419 1650 4482 είς
1677 4420 1778 4491 τὴν

213 4508 468 4562 Ἰουδαίαν
493 4508 794 4579 ἐπανῆλθον
818 4511 962 4581 ἄρτι,
994 4510 1086 4564 καὶ¹
1114 4510 1358 4581 δασμῶν,
1388 4510 1482 4563 καὶ
1522 4511 1632 4564 τῶν
1672 4512 1775 4582 τῆς

201 4599 435 4665 δουλείας
467 4601 907 4667 ἀναπνεύσαντες
940 4604 1117 4659 πόνων
1157 4604 1205 4656 οἱ
1244 4602 1304 4668 ἐξ
1326 4602 1563 4673 Ἰσραὴλ,
1594 4602 1686 4657 ἐπὶ
1715 4604 1775 4657 τὸ

201 4691 438 4761 ῥᾴθυμον
488 4692 807 4761 ἐτράποντο,
839 4692 933 4745 καὶ
960 4688 1099 4764 ἦσαν
1128 4692 1229 4746 οὐκ
1256 4692 1519 4762 ἀσφαλεῖς
1550 4692 1656 4747 τῶν
1686 4692 1773 4747 διὰ

199 4784 437 4847 Μωσέως
482 4782 924 4854 τεθεσπισμένων
973 4784 1339 4856 ἐπιτηδευταὶ,
1371 4784 1463 4838 καὶ
1506 4784 1766 4853 φύλακες.

210 4872 639 4945 Ἀποφάσκοντος
668 4875 778 4946 γὰρ
804 4875 896 4929 τοῦ
924 4876 1110 4946 νόμου,
1144 4876 1341 4948 χρῆναί
1362 4894 1512 4939 τινας
1536 4879 1655 4940 ταῖς
1680 4876 1775 4929 θυ-

198 4967 428 5035 γατράσι
478 4962 587 5017 τῶν
638 4963 948 5032 ἀλλοφύλων
1000 4964 1530 5032 συγκατευνάζεσθαι
1558 5003 1573 5029 ,
1619 4965 1774 5033 ὀλίγα

197 5056 580 5123 φροντίσαντες
616 5054 725 5109 τῶν
765 5053 947 5107 θεόθεν
978 5053 1162 5118 αὐτοῖς
1203 5053 1772 5125 κεχρησμῳδημένων,

104 5190 109 5195 ,
196 5144 500 5215 ἀλλοτρίαις
515 5144 762 5211 γυναιξὶν
789 5146 885 5198 ἐπε
894 5145 1170 5216 μίσγοντα
1187 5144 1299 5197 Καὶ
1324 5144 1459 5215 πρὸς
1477 5143 1634 5197 τοῦτο
1656 5144 1776 5197 λίαν

194 5234 613 5309 δεδυσφορηκὼς
636 5236 891 5307 Ἔσδρας,
915 5237 1349 5308 περιερῤήγνυτο
1376 5235 1475 5305 μὲν
1493 5234 1593 5306 τὴν
1614 5235 1777 5307 ἐσθῆ-

195 5342 275 5392 τα,
309 5325 735 5397 κατωλοφύρετο
766 5326 823 5380 δὲ
854 5328 976 5390 τοὺς
1006 5328 1065 5395 ἐξ
1086 5326 1325 5397 Ἰσραὴλ,
1358 5325 1453 5379 καὶ
1486 5325 1595 5379 τῶν
1619 5326 1774 5379 ἀλλο-

197 5418 375 5485 φύλων
416 5417 699 5488 γυναικῶν
746 5418 1179 5477 ἀπαλλάττεσθαι
1230 5417 1547 5488 παρεκάλει.
1598 5418 1664 5472 Ol
1713 5418 1773 5474 δὲ

261 5523 317 5567 δί’
348 5533 543 5587 Matth.
589 5546 721 5597 VIII,
764 5534 849 5589 I9.
960 5536 1005 5568 ⁵²
1040 5534 1231 5590 Matth.
1272 5548 1346 5601 Iv,
1392 5532 1478 5589 19.

200 5603 238 5635 ⁸⁸
270 5603 289 5659 1
318 5605 470 5660 εδιιτν.
515 5619 571 5667 x,
598 5602 685 5656 Il.

1585 5532 1631 5564 ⁸³
1669 5530 1859 5588 Matth.
1900 5546 1955 5584 Ix
1996 5568 2011 5595 ,
2043 5528 2077 5584 9

1883 3239 2069 3280 eorum
2116 3227 2397 3296 prophetia
2446 3240 2505 3282 se
2535 3229 2862 3283 extendente
2890 3244 3061 3299 usque
3106 3233 3172 3286 ad
3213 3241 3456 3301 tempora

1883 3315 2230 3386 captivitatis.
2254 3316 2379 3371 Post
2402 3317 2765 3373 reversionem
2789 3317 2980 3373 deinde
3005 3318 3455 3393 Hierosolymam,

1882 3414 1939 3461 et
1971 3415 2282 3474 susceptum
2328 3406 2551 3461 delinito
2587 3416 2828 3477 tempore
2858 3408 3111 3474 reditum,
3158 3412 3454 3481 propheta-

1884 3507 2011 3553 runt
2046 3501 2112 3553 ad
2141 3496 2304 3553 Israel
2344 3498 2597 3567 Aggaeus,
2621 3506 2675 3552 et
2706 3497 3021 3567 Zacharias,
3053 3500 3456 3575 Malacbiasque

1882 3588 2154 3644 similiter.
2188 3587 2410 3643 Videtur
2440 3588 2566 3643 item
2603 3586 2805 3645 Esdras
2839 3605 3012 3659 pauca
3047 3594 3291 3662 quaedam
3326 3595 3453 3665 illis,

1882 3688 2045 3748 atque
2088 3678 2225 3733 adeo
2278 3676 2392 3732 suis
2442 3677 2778 3748 temporibus
2822 3680 3058 3749 gerenda
3106 3684 3452 3752 praedixisse.

1880 3769 2125 3824 Meminit
2157 3783 2286 3839 ergo
2314 3769 2621 3839 propositus
2662 3785 2845 3826 sermo
2883 3773 2959 3827 rei
3005 3788 3127 3843 qua)
3163 3790 3267 3830 non
3293 3786 3453 3834 aetate

1879 3871 2121 3917 veterum
2177 3862 2559 3930 prophetarum
2607 3862 2854 3930 contigit,
2904 3864 3001 3919 sed
3052 3867 3267 3933 quando
3311 3866 3454 3939 Cyro

1881 3952 2096 4005 tandem
2143 3950 2470 4016 dimittente,
2512 3942 2564 4003 in
2598 3948 2836 4005 Iudaeam
2864 3951 3121 4010 Israelita:
3151 3955 3451 4013 redierunt.

1881 4042 1955 4096 De
1979 4056 2039 4096 re
2065 4040 2157 4095 illa
2180 4042 2363 4096 auditu
2393 4041 2575 4110 digna,
2602 4049 2658 4095 et
2679 4041 2807 4111 quid
2830 4040 3029 4098 factum
3059 4043 3151 4109 sit,
3184 4045 3450 4114 dicemus,

1878 4133 2020 4203 quod
2058 4133 2192 4188 satis
2226 4133 2350 4195 erit,
2383 4140 2439 4187 et
2476 4148 2542 4187 ex
2573 4132 2800 4187 historia
2827 4134 2896 4188 ab
2931 4132 3103 4189 Esdra
3130 4138 3449 4207 conscripta

1878 4224 2244 4278 narrationem
2294 4230 2560 4292 petemus.
2619 4221 2806 4291 Itaque
2850 4224 3076 4280 reduces
3113 4240 3145 4282 e
3189 4228 3451 4285 servitute

1877 4328 2051 4383 nuper
2084 4314 2137 4367 in
2167 4312 2403 4368 .ludaaam
2440 4312 2714 4377 lsraelitae,
2738 4314 3077 4386 vectigalium
3113 4333 3177 4373 ac
3208 4320 3445 4376 servitu-

1881 4405 1950 4459 tis
1981 4404 2236 4460 oneribus
2267 4402 2636 4473 molestiisque
2663 4404 2896 4471 liberati,
2933 4406 3153 4465 desidiae
3181 4424 3241 4466 se
3272 4412 3443 4467 tradi-

1808 4473 1857 4530 Ῑ)
1882 4498 2095 4562 derunt,
2135 4510 2234 4551 nec
2278 4494 2388 4564 jam
2436 4510 2534 4565 per
2576 4494 2794 4567 Moysen
2833 4499 3039 4553 sancita
3084 4500 3270 4558 sedulo
3316 4518 3447 4560 con-

1879 4594 2190 4656 stanterque
2217 4586 2470 4642 colebant
2499 4595 2553 4641 et
2581 4589 2996 4645 conservabant.
3031 4590 3165 4646 Cum
3187 4593 3329 4649 enim
3359 4595 3445 4651 lex

1877 4686 2083 4735 vetaret
2098 4677 2517 4749 alienigenarum
2535 4676 2695 4749 233
2714 4678 2850 4735 ﬁlias
2864 4680 3064 4737 ducere
3084 4721 3100 4747 ,
3117 4682 3191 4737 illi
3206 4684 3447 4741 divinum

1875 4771 2148 4827 oraculum
2204 4771 2609 4840 posthabentes,
2659 4786 2782 4825 cum
2828 4772 3088 4827 uxoribus
3130 4773 3448 4847 alienigenis

1882 4861 2330 4918 consuescebant.
2386 4859 2442 4914 Id
2482 4861 2761 4928 :egerrime
2810 4860 2989 4917 ferens
3038 4862 3258 4929 Esdras,
3296 4873 3449 4924 v‘este

1881 4955 2153 5011 conscissa
2184 4951 2461 5008 Israelitas
2495 4951 2710 5021 lugebat
2734 4952 2799 5017 ⁸⁸,
2824 4961 2879 5006 et
2912 4961 2971 5007 ut
3013 4954 3080 5008 ab
3126 4954 3448 5029 alienigenis

1878 5052 2263 5112 separarentur
2299 5040 2623 5097 obsecrabat
2642 5039 2709 5095 ".
2756 5039 2908 5106 Quod
2955 5040 3063 5098 illis
3096 5052 3181 5099 est
3222 5059 3450 5115 persua-

1873 5151 2020 5201 sum,
2053 5133 2393 5197 timeutibus,
2423 5131 2608 5196 credo,
2659 5131 2795 5185 iram
2831 5132 3070 5188 divinam
3108 5143 3163 5190 et
3206 5137 3446 5194 fut-uram

1873 5227 2260 5291 calamitatem,
2328 5223 2431 5278 nisi
2484 5223 2749 5277 honorem
2799 5222 2903 5296 Iegi
2952 5226 3253 5294 haberent,
3317 5245 3441 5285 cum

1871 5317 2170 5390 praesertim
2216 5313 2551 5385 experientia
2603 5313 2868 5384 majorum
2913 5314 2995 5371 eis
3032 5331 3131 5386 pro
3184 5320 3442 5389 magistra

1871 5418 2036 5467 esset.
2062 5407 2354 5477 Postquam
2375 5403 2656 5475 repudiata
2692 5405 3125 5463 muliercularum
3157 5406 3445 5461 multitudo

2220 5526 2267 5557 “
2306 5522 2372 5579 III
2412 5523 2549 5596 Reg.
2582 5539 2659 5591 τι,
2695 5523 2786 5579 3i.
2926 5523 2972 5556 ³⁵
3010 5521 3030 5575 I
3073 5523 3225 5578 Esdr.
3266 5535 3342 5584 ix,
3382 5522 3439 5586 5,
