3950 6200
464 280 567 335 587
1462 271 1523 327 S.
1566 268 1843 325 CYRILLI
1886 263 2354 321 ALEXANDRINI
2396 261 2716 319 ARCHIEI‘.
3609 246 3728 303 388

470 398 841 467 Hierosolyma
894 396 1166 461 discessit,
1236 401 1348 448 tum
1400 392 1642 448 finitima:
1691 401 1877 461 gentes
1940 404 2046 444 non

2156 386 2306 441 τοῦτο
2337 386 2469 455 δρᾷν
2501 382 2866 444 ἀνεπείθοντο,
2896 380 3125 443 δεδιότες
3154 376 3421 467 τάχαμπου
3448 369 3516 423 τά
3551 367 3609 435 ἐξ
3633 368 3731 467 ὁρ-

470 490 745 545 immerito
797 488 1136 541 exacerbata:
1179 493 1341 547 sunt,
1396 492 1451 538 et
1505 484 1634 553 ipsa:
1673 495 1885 551 quoque
1936 495 2042 534 non

2156 476 2249 547 γῆς
2291 476 2383 528 καὶ
2427 474 2533 527 τῶν
2564 473 2838 543 ἐσομένων
2872 469 3075 531 αὐτοῖς,
3106 467 3153 518 εί
3196 464 3270 534 μὴ
3304 461 3509 513 ἕλοιντο
3553 455 3724 556 τιμᾷν

470 576 730 631 mediocri
787 574 995 629 affecta:
1046 572 1263 641 injuria.
1314 572 1380 625 Et
1433 552 1561 624 illud
1609 571 1826 639 insuper
1862 583 2045 623 secum

2156 569 2235 621 τὸν
2266 568 2448 638 νόμον,
2474 566 2584 618 τῶν
2614 563 3019 637 προγεγονότων
3066 559 3163 629 τὴν
3209 557 3404 624 πεῖραν
3446 552 3728 649 ἐποιοῦντο

468 668 700 721 fortasse
749 639 1110 736 cogitabant;
1146 662 1412 729 Quoniam
1463 662 1607 717 enim
1665 661 2048 732 Hierosolyma:

2156 654 2479 712 διδάσκαλον,
2499 654 2715 723 Ἐπειδὴ
2758 649 3119 719 ἀπεϐέϐλητο,
3158 645 3254 699 καλ⁵
3301 639 3572 736 άπεφοίτα
3615 639 3729 736 τῶν

471 774 657 813 muros
706 758 967 812 Israelita:
1006 756 1401 820 instaurabant,
1438 764 1493 809 et
1522 754 1761 808 divinum
1791 754 2047 821 templum

470 845 805 902 remdiﬁcare
843 846 1176 907 nitebantur,
1205 845 1419 899 invidia:
1451 844 1570 899 telis
1607 844 1799 909 saucii,
1828 852 1881 897 et
1925 843 2047 897 irati

471 937 678 1003 hostes,
712 953 845 1006 Opus
904 936 1165 1003 impedire
1221 934 1760 1004 aggrediebantur”,
1807 933 1959 998 illud,
1990 946 2049 988 ut

472 1036 557 1081 est
605 1027 924 1093 verisimile,
977 1027 1176 1080 animis
1218 1028 1515 1092 volventes,
1563 1027 1606 1080 si
1648 1024 1813 1080 Israel
1862 1026 2048 1094 pristi-

476 1133 601 1171 nam
640 1118 935 1187 potentiam
969 1128 1341 1185 recuperaret,
1386 1118 1654 1186 urbesque
1692 1117 1863 1171 muris
1902 1132 2052 1171 com-

472 1208 714 1261 munitas
761 1207 1089 1276 possideret,
1144 1217 1198 1261 et
1232 1208 1610 1261 universorum
1657 1210 1820 1263 Deum
1866 1208 2053 1263 defen-

478 1313 662 1352 sorem
720 1298 979 1365 haberet,
1041 1299 1131 1367 qui
1194 1300 1244 1351 in
1298 1299 1533 1369 templo,
1594 1309 1654 1354 ut
1719 1301 2048 1370 antiquitus,

480 1383 785 1447 coleretur,
843 1400 1057 1437 rursum
1116 1386 1552 1451 dominaturum,
1604 1395 1658 1441 et
1703 1387 1821 1458 ejus
1866 1388 2051 1458 jugum

476 1474 737 1527 omnibus
773 1473 1171 1528 intolerandum
1223 1475 1358 1542 fore,
1390 1486 1443 1531 et
1486 1479 1682 1533 vicinis
1714 1479 1910 1533 tributa
1947 1481 2052 1533 im-

482 1563 809 1632 positurum,
868 1579 961 1618 eos
1002 1566 1053 1618 in
1096 1567 1407 1621 servitutem
1457 1570 1821 1634 redacturum,
1866 1587 2055 1626 eorum

484 1654 631 1723 agris
678 1653 894 1721 penitus
941 1654 1271 1719 devastatis,
1316 1658 1360 1711 si
1410 1660 1499 1726 qui
1567 1659 1755 1725 velint,
1810 1661 2056 1729 quamvis

2159 746 2546 819 Ἱεροσολύμων
2573 747 2607 817 ἡ
2633 744 2742 797 τῶν
2771 741 3082 811 ἀλλοφύλων
3105 737 3340 807 γυναίων
3364 731 3593 803 πληθὺς,
3615 729 3733 819 λοι-

2148 818 2248 891 πὸν
2279 836 2592 905 ἀναγκαίως
2624 834 3106 906 κατεπικραίνοντο
3132 829 3265 901 πρὸς
3294 824 3463 897 ὀργάς
3488 823 3537 875 οί
3570 818 3733 890 περί-

2148 945 2288 981 οικοι
2312 926 2422 979 τῶν
2446 925 2633 989 ἐθνῶν,
2671 924 2766 979 ἆτε
2797 923 2861 989 δὴ
2894 922 2986 975 καὶ
3026 921 3113 973 διὰ
3154 917 3357 971 τούτων
3395 914 3455 966 οὐ
3493 910 3736 982 μετρίως

2148 1016 2545 1089 ἐξυϐρισμένοι.
2577 1016 2687 1068 Καὶ
2733 1015 2867 1084 πρός
2914 1029 2977 1079 γε
3029 1011 3093 1080 δὴ
3130 1009 3303 1077 τούτῳ
3352 1004 3572 1059 κάκεῖνό
3626 1017 3735 1053 που

2149 1111 2289 1179 τάχα
2317 1107 2674 1175 διελογίζοντο
2702 1105 2843 1157 κατὰ
2869 1106 3005 1172 σφᾶς
3029 1101 3245 1164 αὐτούς.
3263 1097 3479 1167 Ἐπειδὴ
3500 1096 3610 1165 γάρ
3634 1094 3738 1164 τὴν

2162 1200 2515 1271 Ἰερουσαλὴμ
2554 1196 2883 1268 ἀνετείχιζον
2917 1196 3038 1267 μὲν,
3067 1190 3392 1256 ἐσπούδαζον
3425 1188 3481 1241 δὲ
3511 1188 3609 1240 καὶ
3636 1184 3738 1238 αύ-

2151 1291 2240 1345 τὸν
2269 1291 2357 1344 τὸν
2398 1290 2540 1343 θεῖον
2589 1288 2823 1359 ἐγείρειν
2850 1286 2998 1348 ναὸν,
3027 1287 3141 1348 τοῖς
3170 1281 3262 1335 τοῦ
3295 1280 3490 1348 φθόνου
3522 1276 3737 1347 βέλεσιν

2153 1379 2464 1434 ἀνεκαίοντο
2509 1377 2644 1450 πρὸς
2689 1377 2877 1447 ὀργὰς,
2909 1374 3005 1428 καὶ
3042 1370 3358 1425 διακωλύειν
3390 1366 3733 1437 ἐπεχείρουν,

2154 1472 2328 1525 ἐκεῖνο
2349 1471 2526 1525 διενθυ
2536 1470 2635 1540 μού
2645 1485 2816 1539 μενοι,
2836 1466 2978 1520 κατά
2999 1482 3061 1533 γε
3083 1464 3141 1516 τὸ
3162 1463 3330 1525 είκὸς,
3355 1460 3430 1523 ὼς
3451 1459 3501 1511 εί
3523 1457 3735 1525 γένοιτο

2155 1562 2317 1617 πάλιν
2344 1566 2371 1616 6
2397 1562 2614 1634 Ἰσραὴλ
2648 1563 2704 1613 ἐν
2728 1556 3067 1619 δυναστείαις
3106 1557 3226 1617 ταῖς
3268 1551 3478 1624 πρώην,
3510 1549 3607 1601 καὶ
3649 1563 3735 1599 τε·

2155 1654 2503 1724 τειχισμένας
2552 1652 2648 1722 μὲν
2674 1651 2785 1722 ἔχοι
2830 1649 2931 1713 τὰς
2960 1649 3161 1712 πόλεις,
3187 1643 3533 1713 ἐπαμύνοντα
3558 1641 3616 1693 δὲ
3643 1640 3731 1692 τὸν

484 1742 643 1813 longo
674 1752 796 1811 post
832 1750 1071 1812 tempore
1103 1754 1309 1799 tantmn
1339 1761 1434 1801 eos
1477 1760 1663 1803 contra
1693 1750 1908 1804 intueri.
1948 1749 2055 1804 Hac

2156 1744 2265 1797 τῶν
2291 1744 2427 1797 ὅλων
2459 1742 2610 1807 Θεὸν,
2640 1741 2735 1795 an
2760 1740 2823 1809 δὴ
2852 1742 2967 1803 τοῖς
2990 1739 3234 1810 ἀρχαίοις
3256 1735 3401 1788 ἔθεσι
3432 1731 3730 1804 θεραπευό-

483 1834 550 1887 de
584 1848 745 1887 causa
794 1833 1165 1889 subornarunt
1196 1837 1478 1906 quosdam,
1523 1839 1612 1906 qui
1644 1852 1738 1893 eos
1785 1852 1883 1893 nec
1920 1850 2055 1893 tem-

484 1924 593 1994 plo,
626 1940 724 1980 nec
753 1923 1022 1982 mmnibus
1048 1928 1320 1982 struendis
1352 1944 1568 1981 manum
1600 1928 1887 1984 admovere
1911 1939 2060 1999 pate-

484 2028 694 2074 rentur.
729 2018 865 2075 Cum
914 2021 1110 2075 frustra
1163 2020 1513 2084 laborarent,
1541 2022 1648 2075 Deo
1694 2020 2055 2076 lsraelitarum

485 2108 665 2163 studia
728 2121 1107 2182 prosperante,
1157 2112 1327 2165 armis
1374 2112 1571 2167 deinde
1625 2113 1912 2182 correptis,
1963 2128 2058 2169 eos

487 2200 798 2267 opprimere
843 2202 1149 2255 voluerunt.
1183 2198 1403 2267 Verum,
1432 2201 1720 2269 adjuvante
1756 2204 1886 2270 Deo,
1933 2204 2057 2259 victi

486 2292 555 2345 ab
590 2292 719 2361 ipsis
765 2291 1138 2361 interfectique
1169 2302 1314 2347 sunt.
1342 2293 1421 2346 Ad
1453 2294 1553 2347 hoc
1587 2302 1768 2349 autem
1806 2296 2059 2365 praelium

487 2380 541 2434 in
573 2380 766 2435 vallem
792 2381 1051 2452 Josapbat
1078 2383 1366 2437 multitudo
1385 2398 1504 2438 sese
1522 2385 1763 2457 collegit,
1788 2386 1879 2455 qui
1906 2385 2061 2442 locus

487 2487 590 2525 non
624 2471 805 2525 ntultis
834 2471 902 2525 ab
926 2471 1297 2543 Hierosolyma
1334 2474 1527 2528 stadiis
1563 2489 1754 2530 versus
1787 2477 2055 2531 orientem

484 2563 672 2617 distat.
738 2564 908 2618 Aiunt
957 2564 1158 2618 nudum
1201 2573 1256 2617 et
1294 2566 1614 2633 eqttitationi
1674 2575 1861 2635 aptum
1913 2581 2057 2622 esse.

482 2652 754 2709 Cancrum
808 2656 1142 2725 potentiores
1188 2656 1449 2723 quosdam
1503 2655 1757 2711 lsraelitis
1818 2656 2056 2711 divinum

487 2747 745 2815 templum
792 2747 1200 2801 exstruentibus
1250 2747 1534 2810 invidisse,
1584 2757 1640 2800 et
1696 2748 1828 2802 nihil
1880 2758 2061 2803 tamen

486 2838 802 2907 profecisse,
842 2839 1056 2893 docebit
1095 2839 1283 2893 beatus
1308 2839 1509 2893 Esdras
1530 2840 1603 2892 ita
1629 2840 1878 2894 scribens
1907 2858 1920 2894 :
1954 2859 1972 2891 ι
2002 2839 2058 2894 1η

484 2927 805 2981 Artaxerxis
837 2934 1017 2980 autem
1046 2927 1189 2995 regis
1222 2925 1508 2980 Persarum
1544 2928 1895 2997 temporibus,
1922 2930 2061 2983 scri-

485 3027 711 3086 pserunt
745 3018 794 3071 ei
826 3018 890 3073 de
928 3017 1012 3071 his
1044 3019 1134 3086 qui
1171 3017 1486 3071 habitabant
1513 3018 1568 3071 in
1598 3016 1781 3073 Iudaea
1814 3028 1869 3072 et
1905 3018 2061 3074 Jeru-

2158 1852 2317 1906 μενον
2360 1835 2419 1887 ἐν
2466 1832 2598 1903 ναῷ,
2637 1832 2799 1885 πάλιν
2844 1829 3274 1900 κατακρατήσει,
3321 1825 3417 1878 καὶ
3460 1823 3731 1894 ἀφόρητος

2156 1927 2309 1982 ἔσται
2359 1927 2470 1988 τοῖς
2519 1924 2855 1995 ἁπανταχοῦ,
2909 1924 3005 1977 κα)⁸
3048 1921 3287 1992 δασμοὺς
3332 1917 3582 1971 ἐπιϐαλεῖ
3626 1915 3737 1969 τῶν

2154 2020 2369 2090 ὁμόρων
2401 2021 2531 2087 τισὶ,
2565 2020 2657 2073 καὶ¹
2684 2018 2978 2074 ἁλώσονται
3010 2016 3246 2082 πάντως,
3280 2012 3740 2086 καταδῃουμένων

2156 2113 2337 2175 αὐτοῖς
2372 2112 2479 2165 τῶν
2518 2113 2729 2183 χωρῶν,
2763 2114 2812 2165 εί
2849 2110 2912 2181 δή
2942 2127 3083 2173 τινες
3115 2109 3318 2161 ἕλοιντο
3346 2106 3447 2160 κᾶν
3483 2105 3615 2174 γοῦν
3640 2103 3742 2172 ὀιζιέ

2157 2201 2473 2270 ἀντιϐλέψαι
2523 2201 2702 2271 μόνον.
2756 2199 2971 2269 Ταύτης
3016 2198 3180 2251 ἕνεκα
3223 2197 3325 2265 τῆς
3366 2194 3543 2258 αἰτίας
3588 2210 3741 2262 παρ-

2156 2292 2453 2357 εσκεύαζον
2504 2292 2602 2363 μέν
2654 2309 2806 2355 τινας
2852 2290 3138 2361 ἀπείργειν
3185 2288 3388 2350 αὐτοὺς
3412 2286 3522 2339 τῶν
3553 2303 3614 2338 τε
3647 2286 3741 2338 ἐπ’

2156 2386 2305 2456 αύτῷ
2352 2385 2429 2456 τῷ
2460 2384 2593 2455 ναῷ,
2625 2385 2719 2437 καὶ
2764 2387 2876 2447 τοῖς
2925 2382 3126 2452 τείχεσι
3177 2378 3737 2456 παρεσκευασμένων.

2169 2449 2387 2546 Ἐπειδὴ
2401 2449 2475 2529 ’δὲ
2506 2449 2691 2537 αῦτοῖς
2729 2474 2985 2545 ἀνόνητος
3011 2449 3079 2543 ἦν
3106 2475 3139 2544 ἡ
3168 2449 3395 2541 σπόυδιῖ,
3428 2469 3564 2522 Θεοῦ
3604 2486 3746 2522 κατ-

2158 2568 2471 2638 ευρύνοντος
2502 2570 2615 2631 τοῖς
2647 2567 2706 2633 ἐξ
2727 2565 2945 2637 Ἰσραὴλ
2987 2564 3085 2634 τὴν
3134 2563 3243 2616 τῶν
3293 2561 3745 2632 ἐπιτηδευμάτων

2156 2660 2295 2723 ὁδὸν,
2328 2660 2624 2724 ὡπλίζοντο
2668 2659 2872 2722 λοιπὸν,
2900 2657 2994 2710 καὶ
3029 2654 3488 2726 καταστρατεύειν
3521 2653 3741 2723 ἤθελον.

2172 2751 2310 2803 Ἀλλ’
2346 2751 2585 2821 ἥλωσαν,
2611 2750 2707 2803 καὶ
2755 2748 3077 2802 πεπτώκασι
3132 2746 3500 2816 ἐπαμύνοντος
3551 2744 3743 2805 αὐτοῖς

2158 2840 2315 2893 Θεοῦ.
2344 2841 2539 2908 Γέγονε
2589 2839 2647 2893 δὲ
2689 2838 2799 2892 τῶν
2842 2840 2923 2901 είς
2964 2836 3123 2890 τοῦτο
3168 2834 3661 2907 συναγηγερμένων
3708 2833 3743 2903 ἡ

2159 2931 2400 3002 ἄθροισις
2450 2934 2507 2984 ἐν
2542 2932 2608 3001 τῇ
2641 2930 2845 2984 κοιλάδι
2868 2930 3156 2997 Ἰωσαφὰτ,
3193 2928 3367 2999 χῶρος
3399 2928 3455 2980 δὲ
3483 2922 3637 2989 οὗτος
3681 2925 3743 2977 ού

2162 3021 2377 3085 πολλοῖς
2424 3022 2659 3083 σταδίοις
2701 3021 2920 3092 ἀπέχων
2965 3023 3065 3092 τῆς
3103 3018 3475 3090 Ἰερουσαλὴμ,
3524 3020 3581 3071 ἐν
3623 3020 3745 3082 τοῖς

485 3109 674 3176 salem,
719 3109 1019 3174 Balsamus,
1055 3118 1110 3164 et
1152 3108 1515 3173 Mithridates,
1568 3119 1623 3165 et
1668 3109 1958 3173 Sabellius,
2001 3120 2055 3166 et

2157 3112 2293 3184 πρὸς
2319 3112 2401 3182 ὴῶ
2433 3112 2640 3184 μέρεσι.
2661 3112 2830 3166 Ψιλὸν
2859 3111 2916 3164 δὲ
2940 3106 3079 3163 εἷναί
3116 3126 3266 3179 φασι,
3286 3111 3379 3162 καί⁵
3412 3108 3743 3178 ἱππήλατον.

484 3199 787 3265 Reatimus,
828 3210 882 3255 et
919 3200 1277 3267 Beltbetmus,
1322 3210 1375 3254 et
1419 3200 1810 3257 Geentetbmus
1855 3202 2055 3267 scriba,

484 3302 537 3345 et
570 3291 759 3363 reliqui
801 3291 917 3359 ejus
944 3292 1150 3347 ordinis
1181 3292 1235 3345 in
1274 3291 1519 3347 Samaria
1566 3293 1887 3361 cmterisque
1924 3292 2059 3349 locis

485 3383 897 3448 habitantes”,
930 3401 949 3437 ι
1008 3384 1059 3438 in
1117 3384 1257 3439 hanc
1326 3388 1650 3439 sententiam
1694 3403 1708 3439 :
1760 3383 2056 3440 Jerusalem

487 3476 602 3529 fore
629 3476 902 3530 civitatem
944 3475 1440 3546 inexpugnabilem,
1473 3474 1641 3548 234
1671 3491 1772 3532 nec
1815 3476 1925 3532 ulla
1965 3493 2057 3532 ra-

490 3568 637 3622 tione
676 3568 799 3622 aliis
825 3569 1043 3638 regibus
1074 3569 1405 3635 subiectam;
1455 3570 1551 3623 sed
1581 3569 1929 3625 rebellantem
1960 3586 2058 3624 au-

486 3659 799 3724 dacissime,
832 3670 911 3723 et,
964 3660 1010 3713 si
1066 3660 1347 3731 antiquum
1393 3670 1596 3716 statum
1629 3675 1694 3716 ac
1737 3660 2055 3732 dignitatem

491 3749 737 3818 recipiat,
766 3748 1190 3821 Babyloniorum
1237 3751 1595 3821 principibus,
1636 3750 1731 3820 qui
1772 3760 1886 3805 tum
1934 3750 2058 3805 fue-

489 3842 618 3903 rint,
668 3857 925 3896 curarum
988 3840 1186 3897 fluctus
1232 3843 1616 3896 excitaturam.
1665 3844 1736 3897 At
1780 3844 1923 3899 enim
1972 3843 2059 3899 his

487 3933 704 4003 scriptis
765 3932 893 3987 nihil
955 3933 1178 3989 omnino
1242 3934 1517 3988 consecuti
1578 3943 1727 3990 sunt.
1778 3933 2060 4003 Rogabant

487 4039 646 4093 porro
691 4024 909 4093 quidam
964 4039 996 4078 e
1039 4022 1311 4089 Samaria,
1360 4033 1420 4079 ut
1465 4024 1596 4092 ipsis
1643 4040 1765 4080 cum
1814 4025 1900 4081 his
1964 4027 2057 4096 qui

492 4114 762 4185 Babylone
803 4124 1148 4180 revenerant,
1191 4114 1442 4171 laborare
1471 4115 1813 4173 etatdilicare
1844 4118 2054 4173 liceret.

489 4205 774 4274 llepulsam
812 4206 1069 4261 tulerunt.
1102 4206 1463 4272 Quamobrem
1501 4208 1627 4261 dum
1658 4210 1915 4264 adversus
1941 4210 2060 4264 illo-

488 4312 603 4351 rum
635 4305 821 4366 postea
852 4297 1282 4352 machinationes
1305 4313 1363 4352 se
1396 4307 1611 4353 tuentur
1644 4299 1922 4364 Israelita),
1947 4316 2055 4355 nou

484 4402 673 4454 parum
714 4395 839 4441 sunt
869 4387 1172 4457 defatigati.

2161 3202 2283 3257 Ὅτι
2323 3203 2380 3256 δὲ
2426 3202 2811 3273 διεφθονήκασι
2867 3200 2965 3271 μέν
3016 3217 3159 3263 τινες
3202 3199 3311 3253 τῶν
3355 3199 3749 3268 δυνατωτέρων

2157 3296 2269 3357 τοῖς
2306 3293 2368 3358 ἐξ
2398 3292 2614 3366 Ἰσραὴλ
2646 3294 2736 3347 τὸν
2780 3292 2923 3347 θεῖον
2954 3293 3227 3363 ἐγείρουσι
3257 3291 3408 3355 ναὸν,
3435 3290 3655 3361 ὤνησαν
3690 3290 3749 3343 δὲ

2156 3383 2328 3450 οὐδὲν,
2369 3383 2569 3448 διδάξει
2618 3383 2791 3452 λέγων
2839 3385 2867 3436 6
2912 3384 3176 3453 μακάριος
3207 3382 3439 3453 Ἔσδρας
3466 3397 3481 3413 ο
3514 3400 3530 3432 ι
3555 3382 3647 3435 Ἐν
3690 3381 3750 3435 δὲ

2156 3476 2265 3536 τοῖς
2294 3473 2386 3526 ἐπὶ
2409 3472 2768 3544 Ἀρταξέρξου
2816 3472 2908 3525 τοῦ
2949 3470 3175 3543 Περσῶν
3209 3470 3469 3541 βασιλέως
3502 3470 3747 3541 χρόνοις,

2156 3565 2508 3635 κατέγραψαν
2550 3566 2691 3618 κατὰ
2732 3563 2841 3617 τῶν
2872 3563 3266 3617 κατοικούντων
3295 3565 3354 3616 ἐν
3382 3566 3449 3633 τῇ
3480 3562 3747 3634 Ἰουδαίᾳ,

2157 3659 2250 3711 καὶ
2294 3659 2351 3710 ἐν
2386 3657 2738 3729 Ἰερουσαλὴμ
2787 3657 3051 3729 Βήλεμος,
3093 3657 3188 3710 καὶ
3237 3654 3594 3726 Μιθριδάτης,
3642 3658 3749 3710 καὶ

2128 3748 2461 3813 -Σαϐέλλιος,
2497 3750 2591 3802 καὶ
2624 3749 2899 3819 Ῥάθιμος,
2934 3750 3029 3802 καὶ
3076 3748 3397 3819 Βέλτεθμος,
3444 3748 3535 3801 καὶ
3578 3748 3752 3801 Γεέν-

2155 3840 2352 3911 τεθμος
2380 3843 2408 3894 6
2440 3842 2823 3909 γραμματεὺς,
2856 3841 2950 3893 καὶ
2978 3841 3026 3892 οί
3052 3838 3229 3893 λοιποὶ
3272 3842 3321 3894 oi
3372 3840 3579 3902 τούτοις
3613 3856 3753 3892 συν.

2155 3933 2500 4003 τασσόμενοι,
2536 3932 2812 3995 οἰκοῦντες
2848 3931 2906 3985 δέ
2949 3933 3006 3984 ἐν
3037 3933 3339 4004 Σαμαρείᾳ,
3376 3932 3609 3995 καὶτοῖς
3636 3932 3748 3985 ἄλ-

2155 4024 2266 4089 λοις
2295 4024 2499 4086 τόποις.
2526 4043 2543 4075 ι
2569 4020 2677 4077 Ἦν
2709 4024 2764 4077 δέ
2796 4024 2892 4094 τῆς
2928 4023 3147 4094 γραφῆς
3178 4023 3351 4077 τοιάδε
3390 4040 3474 4086 τις
3505 4024 3537 4094 ἡ
3574 4023 3747 4077 δύνα-

2159 4134 2272 4187 μις,
2303 4116 2379 4178 ὡς
2424 4117 2508 4186 εἴη
2562 4116 2660 4185 μὲν
2708 4115 2860 4178 πόλις
2906 4115 3209 4185 ἄθραυστον
3258 4115 3457 4186 ἔχουσα
3508 4116 3749 4185 δύναμιν

2168 4206 2542 4279 Ἰερουσαλὴμ,
2576 4207 2785 4277 ἤκουσα
2837 4206 2893 4259 δὲ
2936 4206 3183 4277 οὐδαμῶς
3228 4209 3338 4270 τοῖς
3385 4206 3492 4260 τῶν
3537 4208 3749 4277 ἐτέρων

2157 4300 2347 4373 χωρῶν
2388 4299 2723 4369 βασιλεῦσιν·
2760 4300 3186 4371 ἀντεγειρομένη
3221 4301 3278 4353 δὲ
3308 4300 3506 4371 μᾶλλον
3534 4300 3750 4371 σφόδρα

2156 4391 2439 4455 νεανικῶς,
2473 4392 2537 4445 ἵν’
2565 4393 2614 4444 εἰ
2662 4391 2872 4461 γένοιτο
2919 4392 3080 4447 πάλιν
3114 4393 3476 4462 ύπονοστῆσαι
3509 4392 3640 4461 πρὸς
3680 4392 3750 4445 τὸ

482 4478 730 4548 ἀρχαῖον,
765 4477 861 4529 καὶ
888 4478 1070 4540 αὐτοῖς
1099 4476 1348 4531 σαλεύσει
1379 4479 1661 4549 φροντίδας
1688 4481 1800 4543 τοῖς
1830 4480 1929 4548 τῆς
1978 4479 2298 4545 Βαϐυλῶνος
2360 4482 2501 4535 κατὰ
2555 4484 2781 4551 καιροὺς
2820 4482 3314 4553 ὴγουμένοις.Ἀλλ’
3376 4483 3591 4552 ὤνησαν
3634 4482 3747 4552 μὲν

482 4570 551 4621 τά
588 4567 764 4621 τοιάδε
810 4568 1147 4637 γεγραφότες
1185 4569 1459 4633 παντελῶς
1507 4570 1677 4625 οὐδέν.
1710 4571 2059 4641 Παρεκάλουν
2097 4572 2154 4625 δέ
2186 4590 2329 4636 τινες
2375 4574 2485 4627 τῶν
2531 4576 2588 4627 ἐν
2636 4575 2942 4646 Σαμαρείᾳ,
3004 4574 3112 4627 τῶν
3144 4576 3207 4626 ἐκ
3242 4573 3559 4637 Βαϐυλῶνος
3608 4591 3747 4643 μετ-

482 4659 828 4716 οικισθέντων
857 4659 1282 4731 συνεργάζεσθαι
1310 4678 1391 4727 τε,
1419 4661 1512 4714 καὶ
1572 4662 1971 4731 συνοικοδομεῖν
2028 4663 2233 4726 αὐτοῖς.
2264 4664 2329 4717 υἱ
2357 4663 2415 4716 δὲ
2454 4664 2553 4718 οὐκ
2584 4664 2797 4735 ἤθελον,
2831 4666 2924 4718 καὶ
2968 4665 3169 4735 ταύτης
3196 4664 3357 4717 ’ἑνεκα
3388 4664 3485 4734 τῆς
3554 4664 3747 4732 αἰτίας

483 4754 828 4825 κεκμήκασιν
874 4752 934 4806 οὺ
988 4751 1257 4823 μετρίως,
1306 4755 1427 4816 ταῖς
1477 4754 1699 4807 ἐκείνων
1747 4753 2059 4818 ἐπιϐουλαῖς
2094 4754 2502 4821 ἀντεξάγοντες.

555 4846 652 4902 Est
699 4858 864 4915 porro
909 4845 1051 4913 apud
1088 4841 1316 4898 Esdram
1367 4842 1422 4897 in
1474 4844 1619 4898 hunc
1658 4845 1871 4900 modum
1901 4862 1915 4898 :
1945 4863 1963 4896 ι
1996 4845 2055 4900 ΕΙ

2236 4846 2553 4918 Γέγραπται
2606 4846 2663 4899 δέ
2728 4844 2902 4910 οὕτως
2977 4847 3034 4899 ἐν
3108 4842 3187 4914 τῷ
3250 4844 3455 4915 Ἐσδρᾳ
3534 4842 3739 4897 πάλιν·

483 4937 772 4992 audierunt
838 4936 1159 4992 tribulantes
1198 4934 1392 4989 ludant
1450 4945 1505 4991 et
1552 4934 1858 5005 Benjamin,
1911 4937 2053 5004 quod

2162 4953 2181 4988 ι
2215 4936 2326 4990 Καὶ⁸
2366 4937 2607 5008 ἥκουσαν
2657 4937 2705 4989 οἱ
2737 4936 3011 5001 θλίϐοντες
3056 4934 3277 4998 Ἰούδαν,
3307 4936 3402 4987 καὶ
3453 4934 3738 5003 Βενιαμὶν,

487 5025 583 5078 filii
616 5027 1107 5099 transmigrationis
1135 5027 1405 5082 aedificant
1434 5027 1655 5082 domum
1685 5028 1911 5083 Domino
1942 5029 2053 5083 Deo

2156 5027 2237 5081 ὅτι
2297 5028 2344 5080 oi
2391 5027 2497 5080 uioi.
2547 5026 2647 5098 τῆς
2705 5027 2961 5091 ἀποικίας
3017 5024 3388 5095 οἰκοδομοῦσιν
3449 5020 3595 5076 οἷκον
3652 5022 3739 5095 τῷ

486 5114 673 5169 Israel.
715 5116 781 5169 Et
803 5127 1153 5174 accesserunt
1182 5118 1248 5172 ad
1278 5118 1666 5173 Zorobabelem
1699 5127 1754 5174 et
1782 5119 2053 5189 principes

2156 5118 2344 5189 Κυρίῳ
2387 5118 2506 5189 Θεῷ
2527 5118 2772 5191 Ἰσραήλ·
2810 5119 2903 5172 καὶ
2949 5120 3181 5189 ἤγγισαν
3230 5116 3367 5188 πρὸς
3409 5113 3734 5186 Ζοροϐάϐελ,

486 5204 841 5271 familiarum,
870 5216 926 5263 et
947 5208 1205 5264 dixerunt
1225 5210 1305 5266 eis
1332 5228 1344 5264 :
1373 5208 1729 5266 IEdiﬁcemus
1752 5209 2051 5276 vobiscum,

2159 5209 2255 5262 καὶ
2286 5208 2421 5279 πρὸς
2449 5211 2574 5273 τοὺς
2600 5211 2865 5281 ἄρχοντας
2892 5209 2998 5262 τῶν
3024 5209 3285 5281 πατριῶν,
3318 5209 3411 5261 καὶ
3450 5199 3605 5258 εἷπον
3632 5203 3735 5257 αύ-

484 5296 611 5367 quia
660 5296 803 5351 sicut
839 5310 936 5352 vos
980 5299 1273 5368 quaerimus
1316 5301 1483 5357 Deum
1532 5311 1794 5368 vestrum,
1843 5309 1900 5359 et
1947 5301 2047 5372 ipsi

2156 5303 2260 5365 τοῖς
2282 5320 2293 5332 ·
2325 5302 2780 5373 Οἰκοδομήσωμεν
2806 5302 2925 5373 μεθ’
2960 5302 3131 5371 ὑμῶν,
3161 5302 3242 5355 ὅτι
3281 5301 3356 5363 ὡς
3387 5299 3545 5369 ὑμεῖς
3572 5297 3737 5364 ὲκξτὶ·

484 5402 586 5443 nos
615 5386 987 5442 sacriﬁcamus
1018 5401 1050 5441 ιι
1093 5387 1283 5444 diebus
1321 5389 1637 5457 Asaradam,
1680 5391 1824 5461 regis
1852 5392 2044 5456 Assur,

2156 5394 2352 5465 τοῦμεν
2382 5394 2474 5449 τὸν
2504 5394 2634 5448 Θεὸν
2665 5393 2836 5464 ὑμῶν,
2870 5394 2964 5446 καὶ
3008 5392 3157 5463 αύτῷ
3200 5394 3357 5463 ἡμεῖς
3404 5388 3737 5456 θυσιάζομεν

484 5478 574 5548 qui
610 5477 761 5533 duxit
782 5492 884 5533 nos
917 5476 1044 5532 huc.
1078 5475 1375 5534 Zorobabel
1404 5487 1585 5535 autent
1611 5496 1733 5536 cum
1761 5481 2050 5537 comitibus

2156 5482 2263 5536 ἀπὸ
2311 5484 2533 5554 ἡμερῶν
2558 5483 2861 5555 Ἀσαραδάν
2913 5482 3175 5553 βασιλέως
3197 5480 3430 5551 ’Δσσοὺρ
3456 5478 3550 5533 τοῦ
3580 5476 3731 5543 ἐνέγ-

553 5657 599 5692 ⁵τ
633 5654 675 5712 ll
709 5656 864 5713 Esdr.
905 5671 988 5725 ιιι,
1021 5656 1218 5727 passim
1249 5671 1264 5722 ;
1307 5652 1347 5709 ll
1382 5654 1537 5710 Esdr.
1574 5669 1646 5718 tv,
1679 5655 1764 5709 l7.
1842 5654 1887 5687 ⁸⁸
1916 5654 1976 5710 lll
2008 5654 2055 5708 E:

2156 5672 2255 5719 .tt,
2298 5655 2381 5709 l6.
