3950 6200
274 226 384 286 589
1167 226 1715 285 COMMENTARIUS
1755 226 1822 284 IN
1862 222 2128 283 JOELEM
2165 221 2608 281 PROPllETAM.
3444 231 3550 289 390

271 362 475 409 καντος
526 346 675 416 ἡμᾶς
721 337 846 400 ὧδε.
877 346 940 401 Οἱ
984 346 1039 401 δὲ
1076 350 1205 420 περὶ
1233 350 1323 403 τὸν
1355 350 1662 421 Ζοροϐάϐελ
1696 342 1831 405 εἴποι

1993 347 2091 402 suis
2131 347 2407 417 respondit
2437 366 2451 402 :
2486 346 2603 402 Non
2635 346 2788 403 vobis
2817 356 2871 402 et
2915 346 3091 414 nobis,
3128 356 3183 402 ut
3221 347 3553 405 :edificemus

272 436 395 505 Οὐχ
436 436 569 505 ὑμῖν
599 438 694 491 καὶ
742 440 878 508 ἡμῖν
926 438 1020 492 τοῦ
1055 440 1408 511 οἰκοδομῆσαι
1436 438 1584 496 οἷκον
1631 441 1711 512 τῷ
1753 442 1832 495 Θει

1996 441 2195 493 lomum
2227 437 2335 493 Deo
2367 449 2576 504 nostro,
2609 438 2863 507 quoniam
2890 454 2991 494 nos
3026 440 3127 511 ipsi
3168 440 3397 510 idipsum
3426 442 3556 497 aedi-

272 529 459 599 ήμῶν,
494 531 576 584 ὅτι
621 532 786 601 ἡμεῖς
825 532 981 585 αὐτοὶ
1022 532 1116 585 ἐπὶ
1161 533 1223 586 τὸ
1268 533 1403 587 αὐτὸ
1445 535 1832 606 οἰκοδομήσομε

1997 530 2258 587 icabimus
2301 530 2528 587 Domino
2574 532 2684 588 Deo
2726 543 2933 598 nostro,
2975 534 3115 589 sicut
3157 536 3418 605 praecepit
3460 550 3557 589 no—

273 620 473 693 Κυρίῳ
522 621 604 693 τῷ
644 621 765 693 Θεῷ
811 624 988 695 ἡμῶν,
1022 624 1098 687 ὡς
1130 625 1434 679 ἐνετείλατο
1462 628 1594 697 ἡμῖν
1632 625 1815 697 Κῦρος

1996 625 2058 679 »εδ
2102 622 2277 692 Cyrus
2315 638 2409 679 rex
2472 625 2782 680 Persarum.
2840 626 2905 679 Et
2950 626 3050 680 fuit
3090 628 3321 697 populus
3399 638 3556 684 terra:

275 713 538 783 βασιλεὺς
567 715 814 786 Περσῶν.
846 716 959 769 Καὶ
986 712 1056 788 ἦν
1082 719 1111 770 ό
1138 717 1265 780 λαὺς
1286 716 1388 787 τῆς
1418 718 1523 788 γῆς
1542 717 1752 771 ἐκλύων
1774 717 1835 771 τὰ

1994 714 2275 770 lissolvens
2318 729 2512 769 manus
2537 715 2697 781 Juda,
2729 725 2784 772 et
2811 718 3177 787 impediebant
3221 719 3349 787 ipsis
3381 718 3554 773 acditi-

274 806 470 875 χεῖρας
518 804 613 859 τοῦ
660 804 791 859 λαοῦ
815 804 1007 869 Ἰούδα,
1043 807 1139 861 καὶ⁵
1182 806 1491 870 ἐνεπόδιζον
1535 807 1732 870 αὐτοὺς
1778 824 1834 860 το

1996 806 2267 873 :ationem,
2298 813 2352 861 et
2393 806 2775 861 conducebant
2799 808 3067 862 adversus
3106 821 3203 862 eos
3246 809 3556 863 consiliato-

274 895 606 965 οἰκοδομεῖν,
637 898 733 950 καὶ
764 896 1118 967 μισθούμενοι
1161 897 1250 950 ἐπ’
1275 898 1495 963 αὐτοὺς,
1524 897 1834 951 ἐὸουλεύονι

1997 912 2082 965 es,
2135 907 2195 952 ut
2242 899 2588 953 destruerent
2625 898 2910 953 consilium
2960 913 3149 954 eorum
3173 900 3243 952 ⁸ο.
3272 918 3291 951 ι
3328 900 3433 955 Sed
3471 916 3557 956 eo-

274 988 375 1041 τοῦ
418 986 771 1042 διασκεδάσαι
820 986 1019 1059 βουλὴν
1061 987 1263 1042 αὐτῶν.
1294 1007 1313 1040 ι
1347 987 1489 1041 Ἀλλ’
1514 988 1834 1042 ἐπεϐούλευο

1991 1006 2093 1045 ἰΙῐΠ
2129 990 2338 1046 insidia:
2374 1000 2430 1045 et
2476 989 2785 1046 molitiones
2827 992 2895 1046 ad
2938 992 3165 1047 nihilum
3214 994 3551 1049 reciderunt.

279 1081 407 1151 μὲν,
448 1082 735 1151 ἄπρακτος
765 1079 824 1133 δὲ
860 1079 955 1133 καὶ
988 1079 1196 1144 τούτοις
1222 1083 1256 1152 ή
1288 1080 1630 1153 ἐπιχείρησις
1653 1077 1839 1152 ἧν.”0¹ι

1996 1082 2073 1137 Jbi
2108 1083 2447 1152 postmodum
2478 1081 2696 1137 omissis
2733 1081 3015 1138 fraudibus
3046 1084 3396 1140 clandestinis
3418 1125 3436 1151 ,
3468 1086 3556 1140 vi-

273 1172 334 1227 δέ
362 1174 466 1245 τῆς
499 1172 758 1243 λαθραίου
788 1171 973 1225 λοιπὸν
1004 1171 1302 1244 ἀτονούσης
1332 1173 1629 1245 ἐπιδουλῆς
1654 1172 1746 1227 τὸν
1771 1191 1833 1227 πο

1993 1173 2110 1229 εἰιιαι
2168 1183 2357 1244 gentes
2404 1189 2596 1230 omnes
2664 1174 2717 1228 in
2775 1186 3018 1244 apertam
3070 1177 3177 1231 vim
3228 1192 3293 1233 ac
3353 1179 3553 1234 bellum

275 1266 449 1334 λέμου
481 1265 646 1336 νόμον
672 1264 843 1335 ᾔεσαν
870 1264 1290 1336 στρατευόμενοι
1312 1266 1511 1329 πάντες
1532 1268 1580 1319 οί
1605 1265 1835 1338 περίοικ‹

1996 1275 2285 1334 :ruperunt,
2318 1280 2471 1321 caesae
2502 1266 2804 1337 fugataeque
2831 1275 2979 1321 sunt.
3006 1265 3158 1333 Quod
3196 1268 3318 1325 inde
3355 1284 3556 1339 cogno-

277 1358 392 1410 τῶν
439 1355 632 1419 ἐθνῶν,
676 1355 895 1425 ἥλωσάν
936 1371 1019 1419 τε,
1056 1356 1151 1409 καὶ
1202 1355 1545 1421 πεπτώκασι,
1573 1357 1837 1411 κάντεῦθε

2003 1374 2115 1414 cas.
2180 1357 2388 1414 Rursus
2441 1358 2585 1414 enim
2647 1358 2786 1415 libro
2832 1360 3071 1415 secundo
3125 1360 3206 1415 sic
3254 1370 3340 1415 est
3381 1378 3395 1415 :
3436 1380 3454 1413 ι
3489 1362 3559 1417 Ει

277 1449 348 1502 ἂν
376 1447 591 1519 μάθοις.
616 1448 826 1520 Γράφει
854 1448 961 1521 γάρ
987 1442 1089 1503 ὦδε
1120 1448 1281 1503 πάλιν
1313 1450 1372 1504 ἐν
1405 1449 1485 1521 τῷ
1515 1450 1754 1523 δευτέρῳ
1790 1450 1837 1521 βι

1998 1459 2175 1505 actum
2219 1459 2324 1517 est,
2361 1465 2484 1505 cum
2530 1451 2771 1506 audisset
2813 1450 3137 1517 Sanahalat,
3173 1462 3228 1508 et
3244 1452 3465 1519 Tobias,
3501 1464 3558 1508 et

275 1542 417 1613 ὄλίῳ
438 1560 452 1574 ο
492 1561 512 1593 ι
547 1543 658 1595 Kal.
693 1542 909 1611 ἐγένετο
936 1543 1013 1606 ὡς
1039 1543 1237 1615 ήκουσε
1267 1542 1607 1607 Σαναϐαλάτ,
1637 1544 1729 1597 καὶ
1754 1544 1835 1597 To;

2001 1541 2203 1604 trabes,
2246 1549 2303 1595 et
2334 1540 2623 1607 Amanitte,
2663 1544 2807 1611 quod
2840 1542 3085 1597 ascendit
3123 1558 3344 1614 germen
3384 1544 3561 1600 muris

275 1632 429 1701 ϐίας,
453 1634 550 1688 καὶ
591 1634 642 1687 oi
668 1633 927 1705 Ἄραϐες,
958 1635 1052 1688 καὶ
1081 1636 1130 1688 οί
1155 1635 1485 1707 Ἀμμανῖται
1511 1636 1593 1690 ὅτι
1626 1636 1797 1706 ἀνέϐη
1832 1654 1835 1665 ·

1998 1630 2303 1697 lerusalem,
2335 1632 2595 1703 quoniam
2638 1633 2984 1701 incmperunt
3016 1635 3302 1692 cicatrices
3335 1637 3558 1703 obduci,

274 1692 556 1798 φυὴητοίς
586 1692 823 1798 τείχεσιν
860 1692 1235 1799 ’ίέρουσαλὴμξ
1266 1692 1364 1781 καὶ
1408 1729 1490 1782 ὅτι
1537 1692 1834 1800 ἧρξαντοΙι

2002 1732 2031 1778 :t
2070 1692 2369 1779 molestum.
2407 1725 2488 1779 eis
2532 1724 2709 1779 visum
2758 1724 2862 1779 fuit
2906 1724 3082 1781 valde.
3135 1727 3203 1782 Et
3239 1732 3557 1801 congregati

276 1818 583 1888 διασφαγαὶ
610 1818 1079 1890 ἀναφράσσεσθαι,
1104 1819 1200 1872 καὶ
1227 1819 1466 1891 πονηρὸν
1493 1820 1677 1883 αὐτοῖς
1699 1820 1836 1890 ἐφάν

2006 1824 2100 1869 unt
2128 1829 2317 1871 omnes
2346 1815 2397 1869 in
2427 1831 2617 1881 unum,
2647 1823 2706 1870 ut
2733 1816 3006 1882 venirent,
3031 1826 3087 1872 et
3119 1828 3471 1887 percuterent
3500 1822 3563 1877 in

282 1910 514 1982 σφόδρα.
542 1911 655 1965 Καὶ
696 1911 1043 1982 συνήχθησαν
1082 1911 1290 1975 πάντες
1323 1912 1416 1964 ἐπ)⁵
1462 1911 1523 1965 τὸ
1567 1911 1699 1966 αὐτὸ
1728 1912 1842 1977 ἐξελ

2008 1907 2300 1975 erusalem,
2364 1916 2419 1963 et
2472 1906 2717 1964 facerent
2757 1909 3136 1980 direptionem.
3175 1909 3244 1966 Et
3281 1912 3564 1970 oravimus

278 2003 417 2066 θεῖν,
460 2003 558 2057 καὶ
602 2003 1024 2075 παρατάξασθαι
1069 2005 1128 2059 ἐν
1160 2004 1535 2077 Ἰερουσαλήμ.
1586 2004 1694 2057 Καὶ
1739 2004 1838 2076 πρὸ

2002 2001 2042 2055 ιθ
2088 2000 2254 2055 Deum
2306 2008 2578 2065 nostrum,
2622 2000 2819 2071 inquit,
2874 2010 2931 2056 et
2973 2003 3264 2059 statuimus
3307 2007 3562 2062 custodes

278 2096 490 2167 Κύριον
536 2096 629 2150 τὸν
675 2096 807 2149 Θεὸν
847 2096 1029 2167 ήμῶν,
1078 2098 1233 2169 φησι,
1280 2096 1731 2169 προσηυξάμεθα,
1779 2114 1838 2151 κο

2000 2106 2140 2161 nper
2192 2105 2287 2146 eos
2337 2091 2424 2147 die
2458 2106 2522 2146 ac
2572 2100 2731 2146 nocte
2784 2091 2979 2147 afacie
3033 2106 3244 2148 eorum.
3302 2094 3369 2149 Et
3418 2096 3560 2151 dixit

276 2190 595 2260 ἐστήσαμεν
641 2189 1000 2259 προφύλακας
1039 2191 1127 2244 ἐπ’
1158 2189 1376 2255 αὐτοὺς,
1418 2191 1634 2262 ἡμέρας
1661 2191 1753 2244 καὶ
1784 2207 1836 2244 νι

2010 2186 2179 2239 udas:
2208 2183 2453 2239 Contrita
2489 2192 2574 2239 est
2603 2183 2867 2239 fortitudo
2900 2184 3246 2241 inimicorum
3280 2195 3335 2242 et
3369 2189 3561 2245 multi-

276 2278 410 2342 κτὺς
436 2278 546 2331 ἀπὸ
571 2277 865 2348 προσώπου
898 2279 1098 2335 αὐτῶν.
1131 2281 1242 2335 Καὶ
1284 2276 1437 2334 εἷπεν
1469 2281 1705 2346 Ἰούδας⁶
1736 2283 1836 2335 Συν

1995 2278 2108 2334 ,ιιιίο
2135 2294 2326 2350 magna
2349 2278 2417 2334 ου.
2450 2297 2469 2331 ›
2499 2278 2554 2332 In
2578 2276 2666 2333 bis
2693 2276 2837 2332 nulla
2862 2278 3067 2333 mentio
3096 2278 3251 2335 vallis
3275 2280 3555 2352 Josaphat.

275 2369 475 2441 ετρίὸη
504 2373 540 2442 ή
568 2371 731 2441 ἰσχῦς
758 2371 868 2425 τῶν
898 2372 1129 2444 ἐχθρῶν,
1163 2373 1259 2427 καὶ
1284 2372 1441 2444 ὄχλος
1474 2373 1660 2439 πολύς.
1694 2392 1713 2425 ι
1766 2376 1835 2428 Kc

1998 2368 2090 2426 loc
2142 2378 2323 2424 autem
2372 2371 2439 2424 ad
2487 2384 2588 2425 nos
2649 2368 2941 2425 traditione
2997 2371 3262 2441 pervenit.
3319 2370 3558 2428 Meretur

278 2462 570 2532 σεσίγηται
602 2463 701 2533 μὲν
729 2464 787 2516 ἐν
814 2463 1024 2528 τούτοις
1060 2465 1160 2535 τῆς
1182 2464 1431 2527 κοιλάδος
1458 2467 1492 2536 ή
1526 2466 1738 2537 μνήμη.
1772 2464 1838 2518 Φέ

2005 2478 2192 2532 ιιιοηιιο
2242 2462 2402 2518 fidem
2451 2462 2761 2532 prophetia,
2818 2463 2993 2534 ipsmn
3058 2463 3216 2519 nobis
3277 2463 3565 2521 conflictus

279 2571 364 2625 ρει
392 2553 455 2607 δὲ
482 2552 642 2607 τοῦτο
676 2554 839 2609 πάλιν
867 2557 947 2619 εἰς
981 2557 1129 2627 ἡμᾶς
1146 2559 1175 2611 ό
1193 2558 1295 2628 τῆς
1314 2557 1666 2629 παραδόσεως
1693 2557 1839 2625 λόγος

2002 2570 2153 2610 ocum
2194 2554 2504 2610 nominans.
2539 2553 2607 2608 Et
2630 2552 2791 2622 hujus
2815 2555 3061 2609 historiae
3088 2555 3402 2612 meminisse
3435 2572 3562 2627 pro-

290 2644 620 2717 Ἀξοόχρεως
661 2647 718 2700 δὲ
763 2649 843 2711 είς
895 2649 1082 2703 πίστιν
1133 2650 1167 2720 ἡ
1214 2650 1521 2721 προφητεία
1571 2650 1665 2704 καὶ
1713 2651 1850 2705 αύτὸι

2000 2650 2196 2703 thetam
2228 2648 2483 2711 dicimus,
2520 2647 2649 2702 dum
2686 2647 3015 2702 vaticinatur
3058 2648 3229 2704 Deum
3259 2663 3560 2721 congrega-

278 2737 414 2807 ἡμῖν
439 2736 531 2789 τὸν
554 2736 647 2789 τοῦ
670 2738 907 2810 πολέμου
935 2741 1114 2813 χῶρον
1147 2741 1611 2813 κατονομάζουσα.
1631 2743 1838 2814 Ταύτης

2004 2756 2162 2794 urunt
2192 2741 2243 2794 in
2277 2738 2475 2792 vallem
2513 2736 2774 2807 Josapbat
2805 2752 2993 2794 omnes
3026 2746 3251 2810 gentes:
3280 2754 3389 2795 non
3422 2740 3562 2795 invi-

278 2830 381 2898 τῆς
430 2828 673 2900 ἱστορίας
732 2832 1046 2903 μεμνῆσθαί
1091 2851 1309 2906 φαμεν,
1361 2832 1609 2900 συνάξειν
1648 2836 1838 2905 λέγοντ

2004 2846 2061 2885 as
2099 2830 2218 2886 sine
2252 2828 2419 2884 dubio
2461 2827 2837 2899 congregabit,
2871 2829 2965 2883 sed
2993 2843 3058 2883 eo
3092 2828 3336 2884 volentes
3364 2845 3564 2886 conve-

279 2923 464 2977 πάντα
487 2923 559 2976 τὰ
595 2922 723 2994 ἔθνη
749 2925 829 2987 είς
864 2926 964 2997 τὴν
996 2926 1220 2982 κοιλάδα
1249 2927 1343 2982 τοῦ
1367 2928 1659 2999 Ἰωσαφάτ.
1705 2929 1839 3000 Δῆλο

2007 2924 2096 2979 ιίισθ
2127 2938 2234 2978 non
2266 2920 2603 2990 prohibebit,
2640 2929 2704 2974 ut
2736 2934 2858 2975 cum
2890 2920 2997 2976 illis
3026 2919 3292 2990 disceptet
3313 2920 3475 2992 235
3496 2921 3567 2978 de

278 3012 338 3065 δὲ
371 3013 455 3066 ὅτι
481 3015 584 3066 οὐκ
604 3014 810 3068 ἄκοντα
840 3014 979 3081 ἄξει,
1007 3016 1123 3070 ἀλλ’
1150 3018 1233 3071 ὅτι
1264 3017 1564 3090 βουλόμενα
1605 3019 1780 3074 ἐλθεῖν
1812 3036 1838 3073 ο

2006 3013 2145 3069 srael
2191 3020 2247 3068 et
2288 3012 2610 3067 hareditate
2644 3026 2762 3079 sua,
2796 3026 2960 3081 quam
2992 3012 3299 3079 diviserint,
3334 3013 3566 3084 Babylo-

279 3104 543 3157 κωλύσει.
588 3106 1044 3179 Διακριθήσεσθαι
1093 3109 1150 3162 δὲ
1197 3111 1333 3181 πρὸς
1382 3110 1558 3166 ταῦτα
1606 3111 1736 3183 περὶ
1779 3128 1839 3164 το

2006 3106 2196 3161 tiorum
2231 3104 2491 3174 reliquias
2534 3103 2880 3172 diripientes,
2913 3105 3100 3167 credo,
3133 3112 3190 3159 et
3230 3107 3566 3174 temporibus

293 3196 536 3268 Ἰσραήλ,
572 3197 668 3251 καὶ
697 3198 797 3269 τῆς
828 3200 1024 3254 ἐαυτοῦ
1066 3201 1454 3273 κληρονομίας,
1491 3203 1562 3274 ἢν
1607 3203 1853 3257 καταδιείη

2006 3196 2198 3252 niseris
2255 3209 2349 3251 eos
2410 3194 2757 3258 adorientes,
2817 3202 2870 3247 et
2928 3209 3123 3263 pueros
3186 3197 3566 3253 meretricibus

281 3289 447 3343 λαντο
493 3290 888 3363 διαρπάζοντες
939 3311 1042 3347 που
1092 3294 1235 3365 τάχα
1266 3295 1336 3349 τὰ
1381 3296 1491 3349 τῶν
1520 3296 1841 3351 Βαδυλωνίω

2004 3289 2267 3353 lonantes,
2306 3293 2600 3355 partesque
2634 3282 2883 3352 corporis
2923 3284 3264 3338 verecundas
3289 3284 3564 3341 inusitatis

280 3378 535 3449 λείψανα,
572 3384 667 3436 καὶ
712 3385 771 3436 ἐν
800 3384 977 3455 καιρῷ
1005 3383 1106 3454 τῆς
1131 3385 1508 3457 ταλαιπωρίας
1540 3387 1840 3440 συνεπιτιθέ

2002 3378 2180 3449 tupris
2227 3376 2582 3447 objicientes,
2624 3383 2679 3427 et
2722 3384 2978 3444 tanquam
3029 3375 3286 3430 nundinis
3327 3375 3562 3432 aliorum

283 3490 475 3545 μενοι,
512 3477 607 3529 καὶ
652 3480 882 3547 πόρναις
932 3478 1032 3549 μὲν
1074 3478 1145 3533 τὰ
1192 3479 1455 3549 παιδάρια
1505 3480 1843 3551 χαριζόμενοι

2007 3469 2188 3525 ibtdini
2221 3468 2542 3531 vendentes,
2586 3464 2817 3535 indeque
2857 3466 2910 3519 in
2941 3466 3129 3536 epulas
3165 3476 3220 3523 et
3263 3467 3567 3525 ebrietates

279 3568 582 3640 προθέντες
618 3570 676 3623 δὲ
720 3568 791 3623 τὰ
832 3569 995 3640 κόρια
1030 3571 1167 3642 πρὸς
1200 3569 1446 3643 ἀσυνήθη
1480 3571 1754 3642 πορνείαν,
1785 3589 1839 3625 κε

1060 3571 1167 3642 πρὸς
1200 3569 1446 3643 ἀσυνήθη
1480 3571 1754 3642 πορνείαν,
1785 3570 1881 3625 καί⁹
1978 3573 2256 3633 sumptum
2283 3559 2620 3626 colligentes.

274 3659 393 3715 οἷον
471 3662 944 3734 ἐκκαπηλεύοντες
1019 3665 1139 3727 ταῖς
1200 3662 1404 3734 ἐτέρων
1472 3664 1795 3733 ἀσελγίαις,
1872 3660 1993 3719 εἷτα
2048 3658 2174 3721 τοὺς
2234 3651 2485 3709 ὲντεῦθεν
2551 3649 2779 3723 μισθοὺς
2825 3651 2906 3714 εἰς
2949 3649 3157 3724 τροφὰς
3223 3652 3317 3707 καὶ
3390 3650 3566 3725 μέθας

280 3754 659 3823 συλλέγοντες.

351 3847 537 3917 Φαμὲν
586 3846 642 3899 δέ
684 3864 738 3900 τι
770 3848 865 3901 καὶ
903 3848 987 3917 ἐφ’
1017 3846 1176 3919 ἡμῶν
1207 3847 1448 3901 τοιοῦτον
1478 3846 1750 3917 γενέσθαι,
1782 3848 1881 3920 τὴν

2048 3833 2168 3891 Non
2209 3828 2475 3887 dissimile
2501 3828 2759 3901 quiddam
2796 3836 2850 3884 et
2881 3828 2935 3883 in
2968 3829 3127 3886 nobis
3167 3830 3368 3888 factum
3405 3834 3557 3892 afﬁr-

281 3938 371 3991 διά
389 3937 632 4009 Χριστοῦ
652 3937 920 4009 λύτρωσιν
945 3940 1339 4010 ἐννενοηκότες.
1359 3938 1624 4003 Ἐξείλετο
1651 3940 1750 4011 μὲν
1772 3940 1841 4009 γά

2004 3941 2129 3984 nare
2157 3938 2475 3997 possumus,
2511 3936 2637 3977 cum
2681 3922 3112 3992 redemptionem
3158 3919 3362 3980 Christi
3416 3930 3564 4001 cogi-

282 4032 434 4100 ήμᾶς
461 4029 846 4101 αἰχμαλώτους
872 4031 1054 4096 ὄντας,
1086 4033 1180 4086 καὶ
1211 4032 1316 4086 ὑπὸ
1337 4031 1589 4103 τυράννῳ
1614 4032 1842 4102 πράττω¹

1999 4035 2173 4074 amus.
2200 4016 2455 4087 Captivos
2483 4014 2627 4068 enim
2663 4028 2785 4079 nos,
2845 4021 2900 4068 et
2924 4022 3184 4085 tyranno,
3220 4015 3557 4088 importuno,

282 4140 403 4186 τας,
419 4121 627 4193 πικρῷ,
651 4140 720 4194 φη
730 4124 812 4192 μὶ,
845 4122 909 4194 δὴ
933 4123 1012 4194 τῷ
1036 4124 1271 4196 Σατανᾷ,
1301 4123 1597 4195 ἀνεκόμισε
1616 4122 1672 4175 δὲ
1689 4122 1838 4176 ὥσπε

2005 4126 2227 4181 nquam,
2257 4108 2474 4162 Satanae
2496 4104 2741 4161 subditos
2768 4105 2989 4176 eripuit,
3009 4114 3063 4162 et
3089 4107 3245 4177 quasi
3274 4108 3326 4163 in
3360 4119 3565 4166 terram

272 4217 361 4276 τίς
408 4214 517 4283 γῆν
557 4213 743 4283 ἁγίαν,
773 4215 855 4278 εἰς
898 4214 1176 4268 πολιτείαν
1222 4212 1607 4285 εὐαγγελικήν,
1633 4213 1714 4277 εἰς
1761 4212 1832 4277 ἓξι

2002 4211 2223 4256 μοιιοιοαι
2252 4197 2490 4263 reduxit,
2526 4196 2595 4251 ad
2627 4197 2792 4251 vitam
2845 4197 3236 4277 evangelicam,
3279 4200 3347 4256 ad
3400 4202 3562 4260 babi-

282 4306 728 4377 εὑμαθεστάτην,
756 4308 837 4370 είς
868 4305 1025 4359 πόλιν
1067 4306 1478 4378 τετειχισμένην
1676 4303 1842 4375 νοητὴ

2005 4304 2091 4344 um
2124 4298 2177 4344 et
2208 4303 2408 4351 mores,
2449 4300 2680 4356 quorum
2724 4284 2982 4342 facillima
3035 4298 3120 4345 est
3168 4291 3446 4362 cognitio,
3491 4296 3561 4350 ad

293 4396 696 4467 Ἰερουσαλήμ,
738 4397 859 4468 ἥτις
922 4398 1071 4451 ἐστὶν
1121 4397 1423 4469 Ἐκκλησία
1470 4395 1607 4450 Θεοῦ
1656 4395 1853 4459 ζῶντος

2001 4384 2169 4437 trbem
2207 4394 2368 4434 muro
2393 4379 2627 4435 cinctam
2648 4417 2663 4442 ,
2703 4393 2897 4434 novam
2931 4379 3232 4438 Jerusalem
3255 4424 3270 4447 ,
3323 4399 3442 4453 quae
3476 4395 3561 4443 est

288 4508 307 4541 ι
330 4487 753 4559 Οἰκοδομείσθαι
781 4491 1227 4560 παρασκευάσας,
1250 4489 1325 4553 ὡς
1352 4487 1535 4552 λίθους
1563 4488 1775 4559 τιμίους
1800 4488 1848 4540 εί

1998 4474 2225 4531 Ecclesia
2258 4473 2350 4528 Dei
2388 4473 2622 4530 viventis
2651 4514 2668 4541 ,
2717 4484 2872 4546 aptos
2929 4476 3161 4533 reddens
3209 4487 3269 4533 ut
3303 4488 3558 4551 tanquam

283 4580 411 4632 ναὸν
460 4579 642 4645 ἅγιον,
676 4582 756 4643 είς
802 4581 1223 4653 κατοικητήριον
1271 4578 1406 4634 Θεοῦ
1437 4582 1495 4632 ἐν
1527 4578 1820 4651 πνεύματι.

2000 4566 2184 4635 apides
2220 4563 2444 4635 pretiosi
2493 4563 2561 4635 σι,
2593 4586 2613 4619 σ
2642 4566 3153 4636 Superasdificemur
3202 4568 3255 4623 in
3302 4569 3560 4641 templum

296 4673 462 4725 Ἀλλά
510 4675 625 4736 τοῖς
673 4675 737 4727 ἐκ
789 4673 1088 4745 βασκανίας
1136 4674 1318 4737 πόνοις
1360 4674 1394 4745 ή
1438 4672 1547 4726 τῶν
1587 4672 1856 4744 δαιμονίωε

2000 4667 2248 4723 .anctttm,
2281 4657 2334 4712 in
2370 4656 2744 4713 habitaculum
2780 4656 2894 4721 Dei,
2934 4658 2986 4712 in
3033 4659 3230 4730 spiritu
3256 4660 3323 4716 ⁶¹.
3372 4680 3392 4713 ι
3450 4663 3560 4718 Sed

282 4764 598 4834 ἀνεφλέχθη
641 4764 831 4817 ἀνοσία
874 4764 1103 4837 πληθὺς,
1138 4765 1233 4820 καὶ
1268 4766 1449 4836 μέντοι
1501 4764 1637 4835 πρὸς
1666 4763 1842 4818 τούτοι

2003 4750 2197 4805 uvidis:
2228 4748 2502 4805 doloribus
2529 4749 2759 4806 nefanda
2789 4750 3094 4806 daemonum
3130 4751 3286 4807 turba
3314 4753 3558 4822 incensa,

284 4859 334 4910 oi.
368 4860 485 4920 τοῖς
511 4856 743 4926 δόγμασι
774 4857 874 4927 τῆς
909 4856 1167 4929 ἀληθείας
1207 4857 1525 4928 μαχόμενοι,
1557 4856 1741 4909 πολλοὶ
1777 4855 1843 4926 μὲ

1995 4850 2145 4912 atque
2171 4841 2393 4912 insuper
2440 4842 2753 4913 dogmatum
2794 4842 3039 4897 veritatis
3083 4843 3387 4899 adversarii
3431 4860 3555 4901 cre-

285 4946 387 5008 τὰς
417 4944 565 4999 κατὰ
602 4945 710 4998 τῶν
759 4946 930 5015 ἁγίων
976 4946 1199 5015 ἐφόδους
1230 4946 1574 5017 πεποίηνται,
1610 4944 1845 5014 ἠδίκησα

1995 4939 2109 4990 bras
2142 4934 2194 4989 in
2226 4944 2445 4990 sanctos
2483 4934 2823 4989 incursiones
2857 4935 3143 5002 fecerunt;
3196 4935 3332 4991 nihil
3369 4946 3555 4995 tamen

285 5037 343 5089 δέ
393 5036 553 5089 οὐδὲν
605 5036 1034 5106 προασπίζοντος
1070 5036 1229 5102 Θεοῦ,
1271 5034 1781 5109 παραθαρσύνοντος
1821 5033 1845 5087 δ

1997 5026 2054 5081 tis
2093 5034 2419 5092 nocuerunt,
2446 5025 2557 5080 Deo
2599 5034 2923 5095 protegente
2961 5033 3017 5080 et
3048 5025 3269 5084 Christo
3296 5028 3557 5087 fiduciam

284 5128 554 5199 Χριστοῦ,
587 5131 683 5182 καὶ
727 5129 999 5198 λέγοντος,
1035 5127 1215 5199 θλίψιν
1263 5129 1412 5196 ἕξετε
1454 5129 1513 5181 ἐν
1551 5126 1628 5198 τῷ
1666 5124 1844 5196 κόσμιξ

1996 5114 2262 5183 tfferente,
2304 5116 2411 5173 illis
2456 5117 2680 5172 verbis:
2716 5134 2735 5168 ι
2794 5117 3082 5186 Conlidite,
3112 5120 3245 5193 quia
3305 5137 3407 5195 ego
3447 5125 3556 5181 vici

285 5219 432 5274 ἀλλὰ
470 5238 489 5271 ι
516 5221 800 5292 Θαρσεῖτε,
828 5220 942 5290 ἐγὼ
971 5223 1233 5293 νενίκηκα
1263 5222 1354 5275 τὸν
1384 5221 1609 5291 κόσμον.
1640 5239 1659 5272 ι
1682 5217 1845 5271 Ὕθλο

1996 5212 2239 5267 nundum
2286 5210 2353 5267 ⁸³.
2395 5228 2415 5262 ›
2476 5208 2695 5264 Frivola
2737 5219 2792 5265 et
2836 5210 3001 5267 anilia
3056 5223 3184 5270 sunt
3227 5229 3348 5286 qua;
3411 5215 3556 5287 apud

288 5313 396 5382 μὲν
440 5314 595 5385 παρὰ
636 5316 750 5378 τοῖς
780 5314 1057 5378 Ἰουδαίοις
1105 5314 1325 5386 σαθρὸς,
1355 5314 1450 5367 καὶ
1496 5311 1770 5385 γραώδης,
1806 5310 1848 5364 ὡ

1995 5302 2203 5360 Iudaeos
2232 5301 2695 5358 circumferuntur
2723 5343 2739 5367 ,
2790 5304 2922 5360 olim
2968 5305 3021 5361 in
3076 5305 3213 5362 valle
3248 5307 3508 5377 Josaphat
3534 5342 3555 5371 ,

287 5405 443 5458 ἔσται
493 5404 637 5460 κατὰ
682 5407 909 5477 καιροὺς
958 5408 1017 5459 ἐν
1067 5409 1133 5479 τῇ
1187 5405 1392 5460 κοιλάδι
1424 5404 1518 5459 τοῦ
1540 5404 1847 5473 Ἰωσαφὰτ

1991 5398 2069 5452 ubi
2110 5396 2304 5452 mortui
2339 5397 2392 5452 in
2429 5396 2597 5451 vitam
2651 5396 2935 5463 redierint,
2988 5398 3152 5455 Deum
3200 5401 3267 5455 de
3297 5400 3551 5453 omnibus

289 5496 443 5567 παρὰ
472 5495 611 5550 Θεοῦ
653 5500 797 5552 κατά
835 5499 1055 5553 πάντων
1088 5498 1292 5569 κρίσις,
1324 5497 1463 5568 μετὰ
1489 5496 1552 5550 τὸ
1585 5493 1849 5549 ἀναθιῶνο

1984 5488 2239 5559 iudicium
2274 5487 2621 5557 habiturum,
2681 5499 2736 5545 et
2758 5498 3030 5562 quotquot
3075 5491 3175 5547 sub
3216 5490 3356 5545 cmlo
3395 5494 3544 5554 sunt,

371 5673 416 5707 ³³
450 5675 467 5728 ι
499 5672 657 5729 Esdr.
699 5689 773 5743 tv,
809 5675 918 5731 1-5.
993 5676 1038 5708 ⁶⁶
1064 5675 1107 5730 ll
1137 5673 1294 5730 Esdr.
1326 5688 1397 5738 tv,
1427 5671 1579 5727 7-l0.
1657 5673 1697 5706 "
1736 5669 1921 5727 lPetr.

1832 5681 1921 5727 :tr.
1955 5685 2016 5740 ιι,
2049 5671 2102 5725 5.
2178 5672 2223 5704 “
2257 5671 2455 5743 Ephes.
2490 5686 2547 5737 ιι,
2579 5669 2669 5737 2i,
2699 5670 2789 5726 ‘22.
2865 5672 2910 5704 “
2945 5669 3099 5725 Joan.
3137 5683 3249 5735 χιιι,
3304 5666 3392 5721 33.
