3948 6208
464 257 562 313 59!

470 380 537 435 de
582 373 667 429 bis
704 385 823 442 quae
858 369 1143 425 adversum
1185 369 1331 438 ipsos
1359 362 1821 438 perpetraverint,
1860 359 2025 413 ratio—
2054 357 2099 413 A

458 481 583 522 nem
622 461 927 517 reddituros
956 459 1022 513 “.
1055 458 1183 524 Quae
1227 458 1479 527 cogitatio
1527 455 1640 510 ﬁeri
1687 450 1871 520 nequit
1903 450 2029 517 quin

462 555 691 611 ridicula
723 553 813 615 sit,
844 549 1274 620 quandoquidem
1309 547 1567 602 divinitus
1591 543 1850 613 inspirata
1886 537 2034 593 Scri-

464 660 622 719 ptura
682 643 1023 715 prOpbetiam
1080 640 1399 709 completam
1426 654 1547 694 esse
1573 638 1722 701 dicit,
1756 644 1811 690 et
1856 644 2034 702 pugna

465 736 749 792 commissa
774 734 827 787 iu
856 732 991 786 valle
1019 729 1304 801 Josapbat,
1341 743 1372 784 a
1406 727 1601 782 vicinis
1632 723 1882 794 gentibus
1914 733 2033 789 poc-

466 842 565 883 uas
600 834 837 881 exactas.
872 821 1151 876 lrruerunt
1179 821 1348 884 enim,
1403 827 1461 872 ut
1485 817 1621 881 dixi,
1667 815 1721 868 in
1776 811 2034 881 reliquias

467 920 703 981 lsraelis,
752 916 1001 984 quamvis
1023 911 1213 982 jactati
1248 909 1505 965 aerumnis
1546 908 1703 976 longe
1741 902 2029 974 plurimis;

468 1009 775 1077 Babyloniis
821 1003 1083 1061 siouidem
1115 1013 1168 1057 In
1205 1001 1524 1057 servitutem
1573 996 1804 1052 traditus
1830 996 2032 1050 fuerat.

538 1270 705 1325 Vens.
745 1267 865 1322 4-6.
904 1264 971 1317 Et
995 1263 1207 1334 quidem
1238 1261 1362 1331 quid
1393 1260 1522 1314 mihi
1543 1269 1593 1315 et
1629 1259 1793 1323 vobis,
1842 1258 2033 1328 Tyrus,

470 1374 516 1418 et
542 1361 726 1423 Sidon,
747 1371 794 1412 et
817 1357 983 1411 omnia
1010 1354 1239 1409 Gattlaea
1279 1353 1699 1421 alienigenarum
1722 1352 1747 1404 ?
1780 1348 2035 1419 Nunquid

470 1452 859 1509 retributionem
888 1465 973 1501 vos
996 1446 1283 1500 retribuitis
1308 1443 1461 1508 mihi,
1489 1452 1581 1495 aut
1621 1430 1758 1495 iram
1785 1442 1839 1495 in
1880 1442 2038 1494 corde

471 1544 701 1599 retinetis
726 1540 894 1594 mihi?
939 1537 1196 1592 Velociter
1214 1546 1261 1590 et
1283 1536 1385 1588 cito
1410 1533 1623 1587 reddam
1646 1532 2036 1586 retributionem

470 1646 693 1691 vestram
734 1633 790 1685 in
856 1631 1031 1697 capita
1080 1638 1272 1683 vestra.
1324 1624 1432 1678 Pro
1478 1640 1537 1678 eo
1582 1624 1722 1693 quod
1763 1633 2037 1692 argentum

470 1744 642 1781 meum
673 1734 722 1779 et
754 1739 940 1777 aurum
971 1737 1141 1775 meum
1171 1718 1391 1780 tulistis,
1415 1726 1463 1770 et
1487 1716 1650 1769 electa
1674 1731 1808 1779 mea,
1832 1723 1880 1768 et
1905 1714 2039 1766 bona
2071 1698 2113 1751 Β

470 1819 723 1872 intulistis
750 1816 805 1869 in
825 1811 1018 1880 templa
1057 1819 1248 1865 vestra.
1278 1808 1447 1861 Filios
1475 1805 1644 1869 Juda,
1684 1814 1733 1858 et
1774 1804 1913 1872 lilio:
1956 1803 2041 1857 Je-

440 1952 443 1955 γ
474 1910 700 1964 rusalem
726 1904 1031 1961 vendidistis
1070 1902 1193 1968 ﬁliis
1225 1900 1388 1971 236
1428 1895 1753 1963 Graecorum,
1779 1902 1837 1947 ut
1882 1893 2042 1957 εἰὶσε·-

478 2002 603 2056 retis
641 2015 727 2053 eos
757 2013 820 2050 ea:
847 1996 1042 2064 ﬁnibus
1077 1994 1208 2047 suis.

545 2173 788 2231 XXXIX.
840 2171 1043 2227 Omnes
1079 2170 1259 2239 itaque
1304 2176 1496 2238 gentes
1546 2172 1734 2221 contra
1787 2158 2043 2216 Israelem

476 2267 787 2339 congregati
818 2275 963 2327 sunt,
994 2262 1261 2325 Moabitae,
1297 2259 1514 2314 Idumaei
1546 2267 1599 2314 et
1622 2255 1881 2319 Jebusmi,
1916 2252 2048 2307 Am-

478 2361 695 2415 uiouitae
724 2366 779 2410 et
808 2354 1046 2424 reliquae.
1072 2353 1241 2423 llujus
1278 2351 1493 2407 consilii
1529 2358 1584 2404 et
1606 2345 1868 2402 facinoris
1890 2351 2042 2397 ante-

479 2451 736 2519 signanos
797 2448 960 2500 fuisse
1012 2460 1133 2500 reor
1178 2444 1566 2508 Damascenos,
1602 2438 1818 2510 Tyrios,
1865 2444 1920 2489 et
1954 2432 2049 2503 qui

481 2538 893 2609 appellabantur
931 2535 1247 2599 Philistiim,
1275 2542 1330 2587 et
1355 2544 1526 2600 usque
1576 2530 1644 2583 ad
1678 2528 1849 2598 ipsam
1883 2524 2047 2589 Getb,

481 2646 601 2701 quae
630 2628 1053 2698 alienigenarum
1115 2626 1334 2681 dicitur.
1372 2620 1639 2689 Quocirca
1695 2620 1775 2673 sic
1804 2632 1898 2673 eos
1924 2616 2049 2669 uui-

482 2735 761 2776 versorum
798 2717 938 2773 Deus
957 2717 1153 2771 alfatur
1187 2731 1202 2768 :
1239 2733 1257 2766 ι
1317 2714 1455 2780 Quid
1499 2711 1633 2766 mihi
1664 2719 1719 2765 et
1740 2708 1914 2774 vobis,
1943 2705 2051 2776 Ty-

484 2828 598 2879 rus,
632 2821 686 2867 et
711 2811 902 2873 Sidon,
928 2818 983 2863 et
1027 2807 1203 2862 omnis
1232 2804 1457 2861 Galilaea
1504 2802 1930 2870 alienigenarum
1958 2796 1983 2850 ?
2025 2814 2045 2848 ι

487 2905 633 2971 Quas
670 2904 815 2957 enim
866 2900 1184 2955 occasiones
1229 2895 1484 2958 feritatis,
1528 2893 1719 2959 inquit,
1766 2890 2050 2955 habentes,

485 3010 725 3051 :erumna
775 3006 1021 3062 pressum
1076 2988 1357 3051 lsraelem,
1415 2994 1471 3041 et
1506 2999 1536 3037 a
1586 2980 1895 3050 Babyloniis
1941 2994 2048 3034 non

486 3085 799 3155 vulgaribus
833 3081 1186 3137 incommodis
1219 3086 1499 3132 oneratum
1553 3074 1818 3130 scelerate
1865 3073 2049 3141 oppri-

488 3179 655 3241 mitis,
685 3186 740 3231 et
764 3175 959 3230 acerbe
1000 3173 1078 3228 illi
1115 3170 1462 3234 insultantes,
1511 3175 1567 3222 et
1614 3180 1702 3219 me
1755 3164 1894 3219 forte
1931 3162 2057 3217 irri-

489 3271 679 3325 dentes
717 3266 1115 3337 quodatnmodo
1135 3304 1151 3329 ,
1178 3263 1267 3331 qui
1295 3274 1418 3315 eum
1466 3258 1687 3314 servavi
1733 3267 1788 3311 et
1817 3255 2052 3321 delendi,

490 3375 555 3416 ac
582 3359 792 3429 probris
824 3370 927 3410 non
951 3354 1261 3409 dubitantes
1289 3351 1553 3411 lacerare,
1578 3347 1687 3401 imo
1710 3361 1841 3401 vero
1874 3344 2053 3414 reipsa

492 3450 737 3506 allicere?
774 3446 950 3513 Quare
978 3444 1130 3500 brevi
1162 3441 1419 3497 ultionem
1468 3437 1766 3508 recipietis,
1794 3444 1848 3491 et
1876 3435 2057 3489 veniet

494 3541 643 3597 vobis
680 3541 733 3594 in
759 3547 920 3607 caput
960 3546 1198 3591 vestrum
1234 3552 1249 3601 ;
1298 3545 1487 3603 pmnas
1516 3530 1660 3585 enim
1693 3528 1826 3582 mihi
1865 3527 2052 3582 vobis-

492 3647 616 3687 cum
656 3632 712 3685 in
744 3629 885 3682 valle
916 3626 1180 3696 Josapbat
1214 3625 1580 3693 disceptaturo
1623 3619 1890 3691 pendetis.
1944 3616 2059 3673 Ac-

494 3726 648 3775 cusat
680 3726 857 3771 autem
896 3731 1007 3779 eos,
1042 3722 1100 3768 ut
1134 3714 1224 3782 qui
1279 3712 1449 3766 electa
1501 3710 1681 3779 templi
1714 3708 2054 3778 diripuerint,

496 3815 553 3860 et
581 3817 743 3858 aurea
763 3815 891 3855 vasa
919 3800 1279 3870 compilarint,
1311 3808 1472 3868 atque
1493 3800 1560 3853 ad
1581 3813 1800 3853 suorum
1832 3798 2059 3852 deorum

496 3897 757 3952 honorem
793 3889 1606 3948 dedicaverint.lntolerandum
1659 3903 1843 3958 porro,
1892 3888 2061 3944 etdi-

497 4002 618 4043 rum
665 3984 975 4053 negotium,
1030 3990 1086 4038 et
1126 3982 1268 4052 quod
1301 3982 1433 4036 satis
1478 3982 1548 4036 sit
1573 3981 1639 4035 ad
1682 3979 2056 4035 offendendum

2080 3039 2122 3098 C

496 4079 686 4146 Deum,
724 4074 877 4145 cujus
904 4076 995 4131 illa
1029 4090 1129 4131 vox
1158 4091 1173 4127 :
1208 4094 1226 4126 ι
1264 4074 1506 4129 Gloriam
1534 4088 1709 4128 meam
1754 4073 1910 4128 alteri
1947 4088 2055 4126 non

496 4169 656 4233 dabo,
705 4183 879 4238 neque
928 4167 1139 4223 laudem
1198 4180 1372 4220 meam
1418 4164 1572 4220 idolis
1594 4164 1661 4219 ⁸⁸.
1693 4183 1712 4216 ›
1745 4164 1883 4231 Quid
1912 4164 2057 4219 enim

495 4261 640 4315 aliud
667 4260 828 4316 luerit
857 4259 1220 4315 sacrosanctis
1241 4259 1609 4313 anathematis
1627 4258 1892 4313 idolorum
1930 4255 2057 4311 fana

496 4350 898 4416 condecorare,
953 4364 1114 4418 quam
1175 4349 1561 4418 propemodum
1611 4346 1951 4417 proclamare
1993 4360 2057 4400 ac

498 4443 702 4507 dicere,
737 4438 1106 4495 universitatis
1137 4437 1295 4507 huius
1332 4437 1502 4494 Deum
1532 4438 1798 4493 secundas
1834 4447 2050 4502 tenere,

500 4534 587 4587 illa
616 4539 793 4587 autem
831 4530 1053 4599 primas,
1087 4536 1143 4583 et
1178 4528 1408 4583 salutem
1435 4529 1564 4583 dare
1595 4543 1777 4597 posse,
1804 4542 1833 4582 a
1858 4528 2059 4598 quibus

498 4618 832 4680 adorentur?
864 4618 973 4674 Nec
1004 4617 1201 4672 suﬂlcit
1243 4617 1419 4683 vobis,
1470 4617 1664 4688 inquit,
1707 4619 1774 4673 ad
1809 4618 2059 4689 impieta-

498 4724 605 4769 tem
634 4754 649 4779 ,
686 4710 884 4767 divinis
940 4709 1178 4763 donariis
1228 4708 1489 4777 spoliasse
1537 4708 1797 4777 templum
1852 4724 2057 4775 meum,

498 4808 719 4876 insuper
748 4803 887 4860 ﬁlios
919 4802 1054 4858 Juda
1087 4809 1142 4856 et
1205 4799 1344 4855 ﬁlios
1393 4798 1692 4855 Jerusalem
1737 4801 2059 4857 vendidistis

497 4896 805 4952 Graecorum
848 4894 993 4950 (iliis.
1022 4892 1249 4949 Factum
1291 4891 1437 4948 istud
1458 4891 1752 4947 verisimile
1812 4900 1896 4947 est
1926 4931 1944 4957 ,
1998 4901 2059 4947 ut

499 4987 665 5055 aliqui
693 5001 884 5057 nempe
911 5001 978 5041 ex
1006 4982 1171 5041 Israel
1205 4984 1259 5038 in
1311 4993 1481 5039 terras
1519 4983 1757 5054 gentium
1805 4983 2060 5053 deporta-

498 5087 706 5142 rentur,
734 5078 1036 5132 ementibus
1060 5087 1115 5132 et
1144 5076 1537 5139 abducentibus
1583 5084 1678 5130 aut
1712 5073 1896 5145 Tyriis
1943 5075 2058 5130 for-

500 5176 665 5232 tasse,
692 5175 786 5219 aut
814 5166 936 5220 aliis
962 5176 1323 5223 mercaturam
1358 5166 1702 5236 facientibus,
1741 5175 1797 5224 et
1829 5167 2059 5237 quaestui

500 5254 860 5325 comparando
885 5255 1097 5311 deditis.

572 5624 621 5658 “
648 5622 831 5680 lPelr.
884 5635 957 5687 tv,
996 5619 1049 5673 5.
1124 5619 1167 5650 "
1195 5617 1297 5672 lsa.
1341 5618 1538 5683 nu,8.

1442 247 1503 303 S.
1545 238 1819 301 CYRILLI
1859 229 2327 291 ALEXANDRINI
2365 226 2685 284 ARCHIEP.

3609 224 3710 280 δαὶ

2128 350 2251 412 τοὺς
2299 346 2545 418 νεκρούς.
2575 346 2790 399 Οίονται
2832 345 2890 397 δὲ
2939 346 3020 398 ὅτι
3070 344 3183 397 τῶν
3213 341 3292 406 είς
3323 341 3518 406 αὐτοὺς
3552 344 3712 398 ἕνεκα

2134 440 2434 509 γεγονότων
2480 437 2764 491 ἀποτιοῦσι
2792 438 3003 505 λόγους,
3029 437 3079 490 oi
3110 436 3248 490 κατὰ
3280 437 3460 489 πᾶσαν
3490 436 3590 506 τὴν
3624 436 3712 489 ὑπ’

2132 529 2382 601 οὐρανόν.
2401 529 2716 598 Ἀμοιρήσει
2738 527 2783 579 δ’
2813 527 2878 580 ἂν
2907 526 3156 596 οὐδαμῶς
3177 525 3268 579 τοῦ
3297 523 3560 594 γελᾶσθαι
3587 526 3716 597 πρέ-

2134 638 2258 672 πειν
2283 618 2343 672 τὸ
2369 618 2660 688 ἐνθύμημα
2695 619 2901 682 αὐτοῖς,
2936 619 3035 684 τῆς
3082 616 3441 669 θεοπνεύστου
3490 616 3717 687 Γραφῆς

2132 711 2202 765 τὰ
2243 712 2339 781 τῆς
2383 710 2720 781 προφητείας
2750 709 3154 781 ἐκπεπεράνθαι
3186 708 3474 779 λεγούσης,
3506 710 3600 761 καὶ
3633 710 3719 762 ὅτι

2133 802 2287 865 δίκας
2321 800 2607 871 ἐξῄτηνται
2654 801 2805 872 παρὰ
2847 801 2982 854 Θεοῦ
3015 800 3084 853 τά
3111 800 3363 870 περίοικα
3387 800 3498 853 τῶν
3521 800 3720 864 ἐθνῶν,

2133 893 2227 946 τοῦ
2278 892 2516 963 πολέμου
2562 894 2843 960 γεγονότος
2872 894 2930 945 ἐν
2967 895 3032 963 τῇ
3070 891 3275 945 κοιλάδι
3305 891 3400 944 τοῦ
3424 893 3722 956 Ἰωσαφάτ.

2148 984 2525 1056 Ἐπέθρωσκεν
2545 986 2671 1055 γὰρ,
2690 985 2764 1048 ὡς
2778 984 2933 1053 ἔφην,
2952 987 3064 1046 τοῖς
3078 983 3350 1054 λειψάνοις
3366 982 3459 1036 τοῦ
3479 984 3720 1056 Ἰσραὴλ,

2136 1077 2310 1131 καίτοι
2354 1076 2611 1146 πλείστην
2656 1076 2787 1145 ὅσην
2836 1075 3163 1137 ἀνατλάντος
3208 1073 3602 1142 ταλαιπωρίαν,
3628 1075 3720 1127 δέ·

2136 1170 2317 1223 δονται
2347 1169 2455 1240 γὰρ
2483 1169 2595 1230 τοῖς
2622 1167 3011 1229 Βαϐυλωνίοις.

2205 1262 2317 1315 Kal
2342 1277 2410 1327 γε
2443 1260 2499 1312 τι
2525 1259 2655 1329 ἐμοὶ
2696 1258 2795 1312 καὶ
2823 1258 2984 1326 ὑμῖν,
3014 1258 3213 1326 Τύρος,
3247 1258 3343 1312 καὶ
3378 1256 3587 1324 Σιδὼν,
3619 1258 3723 1313 καὶ

2137 1354 2305 1409 πᾶσα
2372 1352 2669 1405 Γαλιλαία
2733 1351 3143 1419 ἀλλοφύλων;
3195 1352 3283 1419 μὴ
3337 1353 3726 1421 ἀνταπόδομα

2136 1447 2304 1515 ὑμεῖς
2333 1442 2763 1498 ἀνταποδίδοτέ
2797 1461 2919 1511 μοι,
2952 1442 2990 1511 ἢ
3022 1443 3484 1511 μνησικακεῐτε;
3516 1443 3727 1509 Ὀξέως

2138 1538 2237 1593 καὶ
2267 1535 2490 1605 ταχέως
2514 1534 2920 1589 ἀνταποδώσω
2945 1534 3010 1587 τὸ
3035 1534 3420 1603 ἀνταπόδομα
3442 1534 3613 1604 ὑμῶν
3633 1538 3724 1601 εἰς

2140 1627 2407 1695 κεφαλὰς
2451 1625 2799 1696 ὑμῶν.Ἀνθ’
2828 1620 2916 1679 ὦν
2943 1624 3011 1678 τὸ
3040 1624 3325 1693 ἀργύριόν
3349 1643 3491 1694 μου,
3520 1627 3619 1680 καὶ
3654 1627 3723 1679 τὸ

2140 1720 2399 1789 χρυσίον
2430 1736 2550 1788 μου
2595 1717 2856 1782 ἐλάϐετε,
2897 1717 2997 1771 καὶ
3028 1718 3100 1771 τὰ
3127 1716 3413 1771 ἑπίλεκτά
3446 1734 3586 1784 μου,
3622 1717 3723 1770 καί

2140 1813 2213 1864 τὰ
2240 1810 2396 1864 καλὰ
2423 1808 2795 1878 εισενέγκατε
2834 1811 2922 1873 εὶς
2952 1810 3093 1883 τοὺς
3122 1808 3308 1874 ναοὺς
3339 1807 3522 1876 ὑμῶν.
3572 1808 3722 1873 Τοὺς

2140 1901 2309 1967 υἱοὺς
2342 1900 2547 1965 Ἰούδα,
2577 1900 2673 1952 καὶ
2705 1900 2847 1966 τοὺς
2875 1900 3045 1966 υἱοὺς
3075 1898 3462 1967 Ἰερουσαλὴμ
3503 1897 3727 1952 ἀπέδο-

2143 1997 2254 2047 σθε
2280 1991 2403 2057 τοῖς
2430 1991 2579 2056 υἱοῖς
2613 1990 2730 2044 τῶν
2775 1991 3103 2057 Ἑλλήνων,
3134 1990 3293 2056 ὅπως
3324 1990 3593 2060 ἐξώσητε
3620 1992 3733 2045 αὑ-

2144 2083 2285 2149 τοὺς
2308 2083 2376 2136 ἐκ
2410 2082 2528 2135 τῶν
2554 2084 2735 2151 ὁρίων
2764 2082 2983 2136 αὐτῶν.
3106 2146 3111 2152 ἠ

2214 2174 2337 2231 ΛΘ’.
2378 2175 2567 2237 Ἔθνος
2611 2175 2708 2243 μὲν
2752 2170 2846 2228 οὖν
2883 2175 3028 2228 ἆπαν
3057 2173 3201 2228 κατὰ
3231 2173 3326 2228 τοῦ
3349 2172 3567 2245 Ἰσραὴλ
3597 2190 3734 2226 συν-

2145 2270 2448 2340 αγήγερται
2468 2306 2483 2332 ,
2509 2267 2814 2330 Μωαϐῖται,
2833 2266 3138 2337 Ἰδουμαῖοι,
3158 2266 3490 2329 Ἰεϐουσαίοι,
3508 2267 3735 2336 Ἀμμα-

2146 2366 2308 2426 νῖται,
2337 2358 2434 2414 καὶ
2460 2361 2509 2412 οἱ
2537 2359 2734 2412 λοιποί.
2772 2357 3053 2428 Κατάρξαι
3085 2359 3162 2421 δὲ,
3184 2353 3358 2427 οἶμαι,
3388 2358 3604 2427 βουλῆς,
3633 2358 3738 2410 καὶ

2146 2450 2560 2525 ἐγχειρημάτων
2606 2450 3021 2521 Δαμασκηνοὺς,
3047 2449 3143 2503 καὶ
3171 2448 3425 2519 Τυρίους,
3458 2448 3557 2500 καὶ
3603 2447 3739 2510 τοὺς

2147 2543 2517 2614 καλουμένους
2546 2540 2871 2610 Φιλιστιεὶμ,
2897 2540 2991 2593 καὶ
3020 2540 3212 2611 μέχρις
3237 2538 3407 2607 αὐτῆς
3452 2538 3557 2608 τῆς
3599 2538 3737 2603 Γὲτ,

2146 2635 2267 2706 ¹Ιτγτις
2313 2633 2557 2687 καλεῖται
2606 2632 2701 2686 καὶ
2754 2631 3085 2700 ἀλλοφύλων.
3123 2631 3409 2701 Τοιγάρτοι
3452 2629 3547 2682 καί⁵
3594 2630 3743 2701 πρὸς

2149 2726 2345 2788 αὐτοὺς
2391 2727 2420 2778 ό
2467 2724 2573 2777 τῶν
2632 2724 2769 2777 ὅλων
2809 2721 2968 2786 Θεός·
3006 2740 3025 2773 t
3056 2723 3166 2775 Kal.
3210 2721 3263 2773 τί
3300 2719 3423 2790 ἐμοὶ
3465 2721 3559 2773 καὶ
3603 2720 3766 2791 ὑμῖν,

2150 2816 2344 2888 Τύρος,
2369 2816 2462 2869 καὶ
2492 2814 2679 2879 Σιδὼν,
2712 2814 2806 2868 καὶ
2843 2815 2993 2867 πᾶσα
3018 2812 3278 2866 Γαλιλαία
3314 2811 3627 2880 ἀλλοφύλων
3652 2828 3673 2877 ;
3718 2830 3739 2864 ι

2154 2906 2323 2970 Ποίας
2352 2906 2482 2977 γάρ,
2515 2906 2668 2977 φησὶ,
2695 2904 2793 2969 τὰς
2827 2906 3077 2975 ἀφορμὰς
3105 2904 3203 2975 τῆς
3234 2904 3559 2973 ἀγριότητος
3582 2902 3746 2973 ἔχον-

2155 3013 2268 3061 τες,
2297 2996 2724 3068 ταλαιποροῦντα
2762 2995 2854 3049 τὸν
2883 2995 3118 3064 Ἰσραὴλ,
3154 2993 3248 3047 καὶ
3277 2996 3399 3056 ταῖς
3445 2993 3511 3045 ἐκ
3557 2992 3745 3045 Βαϐυ-

2154 3087 2361 3142 λωνίων
2384 3089 2688 3158 συμφοραῖς
2714 3088 2774 3139 οὐ
2800 3086 3037 3157 μετρίως
3060 3084 3474 3155 κατηχθημένον
3504 3084 3746 3148 ἀνοσίως

2156 3178 2551 3250 ἐπιφορτίζετε,
2588 3177 2799 3248 πικρῶς
2827 3176 3219 3239 ἐπιϐαίνοντες,
3252 3176 3346 3226 καὶ¹
3370 3169 3481 3226 οἷον
3510 3173 3620 3243 ἐμὲ
3650 3190 3746 3243 γε-

2156 3270 2357 3330 λῶντες
2395 3269 2487 3323 τὸν
2526 3267 2767 3333 σώζοντα
2798 3268 2942 3338 τάχα
2974 3284 3097 3332 που,
3126 3266 3221 3321 καὶ
3249 3266 3619 3336 ἀμυνόμενον,
3652 3264 3751 3320 καὶ

2156 3361 2225 3421 τὰ
2255 3360 2465 3433 ἐχθρῶν
2494 3362 2573 3424 είς
2604 3360 2705 3430 ἐμὲ
2743 3358 3052 3428 τολμῶντες
3095 3358 3292 3426 λέγειν,
3332 3357 3530 3428 μᾶλλον
3562 3358 3613 3411 δ’
3644 3358 3749 3431 ήδη

2158 3452 2253 3506 καὶ
2279 3451 2509 3522 δρᾶσαι;
2541 3449 2654 3502 Οὐκ
2682 3443 2774 3502 οὖν
2803 3450 2883 3511 είς
2911 3447 3126 3519 μακρὰν
3155 3447 3499 3517 ἀπολήψεσθε
3520 3447 3588 3499 τὸ
3617 3448 3752 3501 ἀντ-

2157 3541 2422 3611 απόδομα.
2481 3540 2637 3608 Ἥξει
2686 3540 2745 3592 δέ
2789 3540 2919 3610 ὑμῖν
2966 3539 3046 3601 είς
3089 3537 3366 3608 κεφαλήν·
3416 3537 3578 3599 δίκας
3638 3536 3751 3611 γάρ

2158 3634 2429 3688 ἀποτιεῖτε
2459 3631 2581 3702 ἐμοὶ
2610 3630 2685 3702 τῷ
2715 3629 3186 3702 διακριθησομένῳ
3218 3628 3353 3700 πρὸς
3381 3628 3523 3697 ὑμᾶς
3570 3628 3635 3680 ἐν
3681 3630 3751 3699 τῇ

2158 3724 2364 3778 κοιλάδι
2394 3722 2488 3776 τοῦ
2513 3723 2801 3792 Ἰωσαφάτ.
2862 3722 3116 3789 Ἐγκαλεῖ
3132 3721 3189 3774 δὲ
3213 3720 3395 3783 αὐτοῖς
3423 3720 3499 3782 ὡς
3512 3719 3757 3791 διηρπα-

2158 3815 2278 3868 κόσι
2317 3813 2416 3884 μὲν
2444 3812 2513 3866 τὰ
2534 3813 2793 3866 ἐπίλεκτα
2829 3811 2922 3865 τοῦ
2967 3812 3119 3878 ναοῦ,
3148 3812 3245 3864 καὶ
3268 3810 3337 3863 τὰ
3360 3811 3534 3881 χρυσᾶ
3570 3811 3754 3882 σκεύη

2161 3903 2501 3975 σεσυληκόσι,
2533 3904 2626 3957 καὶ
2672 3906 2792 3966 ταῖς
2840 3903 2948 3955 τῶν
2993 3902 3137 3956 ἰδίων
3171 3902 3321 3955 Θεῶν
3359 3899 3753 3955 ἀνατεθεικόσι

2157 3998 2364 4067 τιμαῖς.
2382 3995 2676 4065 Ἀφόρητον
2713 3994 2769 4047 δὲ
2810 3994 2870 4046 τὸ
2904 3993 3113 4065 χρῆμα,
3149 3992 3244 4046 καὶ
3270 3992 3483 4063 πικρὸν,
3518 3994 3621 4045 καὶ
3648 3994 3756 4046 οὐκ

2125 4147 2130 4151 μ
2159 4083 2431 4146 ἀνικάνως
2463 4082 2585 4154 ἕχον
2615 4082 2695 4146 εἷς
2719 4099 2782 4150 γε
2804 4081 2865 4134 τὸ
2894 4081 3152 4134 δύνασθαι
3177 4080 3562 4149 καταλυπῆσαι
3585 4081 3750 4134 Θεόν.

2162 4180 2306 4248 Ἔφη
2337 4176 2467 4248 γὰρ,
2491 4177 2573 4229 ὅτι
2613 4194 2630 4226 ι
2659 4176 2767 4244 Τὴν
2799 4174 2957 4238 δόξαν
2999 4190 3100 4243 μου
3130 4172 3301 4243 ἑτέρῳ
3326 4173 3386 4224 οὺ
3420 4170 3601 4237 δώσω,
3624 4172 3755 4225 οὐδὲ

2159 4268 2258 4333 τὰς
2281 4269 2479 4340 ἀρετάς
2505 4285 2604 4339 μου
2635 4271 2745 4330 τοῖς
2770 4266 3048 4335 γλυπτοῖς.
3083 4284 3101 4317 ›
3130 4265 3196 4317 Τί
3223 4264 3332 4332 γὰρ
3359 4263 3544 4333 ἕτερον
3568 4262 3640 4316 ἂν
3665 4264 3759 4334 εἴη

2159 4360 2220 4413 τὸ
2246 4363 2359 4424 τοῖς
2395 4359 2557 4424 θείοις
2588 4358 2905 4429 ἀναθήμασι
2931 4357 3057 4423 τοὺς
3080 4356 3185 4410 τῶν
3207 4354 3443 4408 εἰδώλων
3466 4354 3760 4408 κατακαλ-

2167 4451 2345 4506 λύνειν
2372 4451 2553 4515 ναοὺς,
2580 4450 2613 4522 ἢ
2646 4449 2929 4521 μονονουχὶ
2959 4445 3403 4519 διακεκραγέναι,
3425 4447 3519 4501 καὶ
3538 4445 3758 4514 λέγειν,

2167 4541 2242 4606 ὡς
2270 4541 2355 4612 εἴη
2387 4541 2485 4612 μὲν
2521 4542 2551 4595 ὁ
2594 4540 2701 4594 τῶν
2743 4541 2879 4594 ὅλων
2906 4538 3036 4602 Θεὸς
3071 4540 3129 4592 ἐν
3154 4538 3446 4609 δευτέροις,
3480 4536 3550 4590 τὰ
3599 4538 3663 4590 δὲ
3700 4540 3764 4593 ἐν

2166 4633 2344 4702 λόγοις
2369 4633 2462 4686 τοῦ
2493 4632 2841 4704 προύχοντος,
2865 4632 2957 4686 καὶ
2982 4631 3175 4696 σώζειν
3200 4630 3410 4692 εἰδότας
3430 4630 3554 4690 τοὺς
3585 4629 3764 4694 ἰδίους

2168 4727 2571 4797 προσκυνητάς;
2595 4725 2704 4779 Καὶ
2729 4725 2829 4778 οὐκ
2849 4724 3090 4795 ἀπόχρη,
3113 4723 3277 4794 φημὶ,
3300 4722 3380 4785 εἰς
3403 4721 3761 4789 δυσσέϐειαν,

2168 4819 2295 4889 ὑμῖν
2337 4818 2399 4871 τὸ
2431 4818 2537 4871 τῶν
2563 4818 2721 4871 θείων
2753 4817 3117 4889 ἀναθημάτων
3162 4816 3255 4869 τὸν
3300 4815 3430 4885 ἐμὸν
3458 4814 3761 4883 γυμνῶσαι

2167 4907 2322 4973 νεὼν,
2358 4907 2490 4960 ἀλλὰ
2517 4907 2625 4978 γὰρ
2652 4908 2748 4960 καὶ
2772 4909 2898 4971 τοὺς
2927 4908 3075 4970 υἱοὺς
3101 4905 3289 4970 Ἰούδα,
3324 4904 3419 4958 καὶ
3442 4904 3569 4966 τοὺς
3598 4905 3765 4969 υἱοὺς

2177 4995 2531 5067 Ἰερουσαλὴμ
2560 4996 2825 5049 ἀπέδοσθε
2853 4998 2968 5059 τοῖς
3008 4997 3141 5058 υίοῖς
3175 4993 3284 5047 τῶν
3321 4992 3610 5063 Ἑλλήνων.
3655 4994 3766 5045 Γε-

2166 5088 2350 5141 νέσθαι
2382 5087 2439 5139 δέ
2471 5106 2525 5140 τι
2558 5087 2798 5141 τοιοῦτον
2840 5088 3007 5149 εἰκὸς,
3036 5085 3108 5149 ὡς
3158 5087 3215 5139 ἐν
3255 5088 3374 5148 ταῖς
3405 5084 3616 5155 χώραις
3644 5086 3766 5140 τῶν

2167 5177 2334 5232 ἐθνῶν
2357 5194 2509 5241 τινας
2540 5179 2975 5249 ἁποκομισθῆναι
3010 5176 3118 5230 τῶν
3147 5176 3204 5243 ἐξ
3225 5176 3463 5247 Ἰσραὴλ,
3492 5176 3767 5248 ἀπεμπο-

2168 5268 2402 5321 λούντων
2450 5270 2645 5333 αὐτοὺς
2677 5269 2710 5340 ἢ
2741 5268 2953 5339 Τυρίων
2988 5268 3169 5338 τυχὸν,
3195 5268 3229 5338 ἦ
3276 5268 3369 5321 καὶ
3407 5267 3639 5339 ἐτέρων,
3677 5264 3766 5331 οἷς

2171 5358 2408 5429 ἐμπορία
2448 5359 2510 5413 τὸ
2556 5359 3004 5431 σπουδαζόμενον,
3033 5360 3127 5413 καὶ
3173 5358 3509 5430 φιλοκερδεῖν
3539 5358 3603 5411 τὸ
3636 5360 3768 5412 ἐπι-

2170 5450 2329 5520 τήδευ
2337 5468 2432 5522 μα.
