3950 6200
321 254 354 283 τ’
367 257 431 283 7.?

320 280 352 313 ἰ
368 280 434 312 λιι)

325 462 437 515 τῶν
483 463 716 514 ἀνοσίων
751 463 1143 533 προεστηκόσιν
1193 463 1473 533 αἱρέσεων,
1509 463 1557 515 οἳ
1599 465 1725 527 τοὺς
1759 464 1910 525 υἱοὺς

323 556 428 622 τῆς
458 553 787 624 Ἐκκλησέας
827 553 1107 622 μονονουχὶ
1131 553 1520 622 διαρπάζοντες
1552 557 1616 623 τῇ
1656 553 1764 605 τῶν
1797 551 1913 603 Ἐλ-

327 646 506 716 λήνων
555 643 942 698 καταπωλοῦσι
976 645 1154 714 σοφία,
1181 645 1266 696 ἵνα
1298 645 1651 698 πολυπλόκων
1696 643 1916 698 ἐννοιῶν

328 737 836 806 ἀναπιμπλάμενοι,
883 736 1070 805 πικροὶ
1116 736 1396 804 γένωνται,
1422 736 1672 805 ζητηταὶ,
1718 736 1916 805 μᾶλλον

327 829 388 881 δὲ
423 829 668 890 ἀπειθεῖς
708 845 767 880 τε
821 830 913 880 καὶ
943 827 1232 899 ἀλιτήριοι,
1262 830 1352 880 καὶ
1391 829 1458 880 τὰ
1504 829 1638 898 ὀρθά
1671 828 1917 898 διαστρέ-

329 938 547 989 ῳοντες,
582 920 757 972 καίτοι
802 918 918 972 δέον
957 921 1099 989 ἁπλῇ
1143 919 1426 973 διαϐιῶναι
1458 921 1679 990 φράσει,
1709 921 1800 973 καὶ
1831 919 1917 971 τὸν

329 1009 717 1080 ἀκαπὴλευτον
754 1009 909 1076 λόγον
958 1010 1056 1078 τῆς
1099 1008 1352 1078 ἀληθείας
1406 1009 1811 1079 μέλετᾷν,Ἔξιι›
1855 1009 1917 1079 δὴ

329 1097 429 1154 οὖν
457 1101 566 1153 τῶν
594 1101 738 1153 ἰδίων
767 1100 929 1171 ὁρίων
958 1099 1210 1168 γενέσθαι
1250 1094 1374 1164 τοὺς
1404 1102 1789 1172 ἠπατημένους
1819 1120 1920 1155 πα-

333 1195 956 1268 ρασκευάζουσινῖοροι
987 1195 1041 1248 δέ
1072 1195 1258 1267 ὥσπερ
1287 1199 1380 1250 καὶ
1411 1196 1562 1268 χώρα
1584 1197 1692 1250 τῶν
1717 1199 1920 1252 τέκνων

329 1288 791 1357 ῖτῆςἙκκλησίας
833 1288 935 1356 τῆς
969 1287 1226 1358 ἀληθείας
1269 1292 1300 1358 ἡ
1347 1290 1569 1357 γνῶσις,
1603 1290 1695 1343 καί
1740 1290 1800 1343 τὸ
1843 1294 1921 1355 εἰς

334 1381 449 1432 πᾶν
495 1379 672 1432 ὁτιοῦν
718 1379 825 1431 τῶν
865 1380 1108 1450 ἀκριϐῶς
1143 1381 1524 1451 ἐξητασμένων
1550 1384 1629 1445 εἰς
1657 1381 1923 1454 ὀρθότητα

332 1470 609 1532 νενευκός.
645 1470 870 1539 Λέγοιτο
922 1470 967 1522 δ’
993 1470 1058 1522 ἂν
1106 1472 1329 1534 εἰκότως
1375 1474 1550 1543 χρυσᾶ
1600 1474 1790 1545 σκεύη,
1832 1474 1925 1527 καὶ

333 1561 578 1630 ἀργυρᾶ,
620 1561 712 1614 καὶ
747 1561 1006 1613 ἐπίλεκτοι
1041 1561 1197 1624 Θεοῦ,
1233 1563 1327 1616 καὶ
1373 1563 1516 1616 κατὰ
1548 1564 1608 1616 τὸ
1645 1565 1841 1635 ἀληθὲς
1874 1566 1924 1617 οὶ

337 1645 526 1704 πίστει
583 1652 1062 1722 κατηγλαῖσμένοι,
1095 1655 1190 1706 καὶ
1228 1657 1341 1718 τοῖς
1386 1657 1444 1722 ἐξ
1493 1657 1668 1728 ἔργων
1703 1658 1925 1725 ἀγαθοῖς

335 1742 623 1812 αὐχήμασι
661 1745 1092 1815 κεχρυσωμένοι,
1126 1746 1220 1798 καὶ
1256 1747 1334 1814 τῷ
1366 1748 1466 1817 τῆς
1495 1749 1775 1811 εὐσεϐείας
1804 1749 1920 1802 δια-

339 1834 648 1897 στίλϐοντες
677 1835 882 1889 κάλλει.
901 1836 1040 1888 Ἀλλ’
1065 1838 1112 1890 εἰ
1143 1827 1350 1906 γένοιτό
1377 1857 1499 1892 τινα
1524 1840 1630 1894 τῶν
1657 1835 1758 1894 ὧδε
1783 1841 1924 1912 λαμ-

338 1927 500 1996 πρῶν
527 1931 639 1990 τοῖς
671 1927 770 1998 τῆς
815 1929 1030 1999 ἀπάτης
1077 1929 1280 1983 ἁλῶναι
1328 1931 1565 2002 βρόχοις,
1601 1933 1922 1987 ἀκούσονται

335 2020 565 2081 πάντως
589 2021 636 2071 οἱ
666 2019 766 2088 τῆς
809 2020 1026 2090 ἀπάτης
1064 2021 1303 2092 εὑρεταὶ,
1345 2041 1362 2074 ι
1395 2024 1467 2077 Τὸ
1500 2025 1763 2095 ἀργύριόν
1797 2044 1920 2096 μου,

336 2111 440 2162 καὶ
481 2111 543 2161 τὸ
577 2110 798 2180 χρυσίον
849 2128 950 2181 μου
993 2112 1235 2179 ἐλάϐετε,
1271 2115 1364 2169 καὶ
1411 2114 1481 2168 τά
1518 2117 1780 2170 ἐπίλεκτά
1821 2137 1922 2190 μου

337 2201 703 2272 εἱσηνέγκατε
753 2203 833 2266 εἰς
885 2203 1011 2266 τοὺς
1057 2205 1220 2268 ναοὺς
1273 2199 1444 2277 ὑμῶν.
1483 2208 1819 2279 »Ἔγκλημα
1868 2210 1924 2263 δὲ

336 2293 503 2346 τοῦτο
522 2293 693 2346 δεινόν
718 2311 777 2346 τε
819 2295 912 2347 καὶ
933 2295 1346 2364 δυσδιάφυκτον.
1365 2297 1420 2350 Ἀ
1431 2300 1797 2370 μαρτάνοντες
1820 2301 1926 2372 γὰρ

340 2387 425 2446 εἰς
454 2386 584 2448 τοὺς
613 2385 874 2454 ἀδελφοὺς
903 2387 1081 2456 ἡμῶν,
1116 2388 1253 2459 ὑπὲρ
1273 2379 1345 2442 ὧν
1374 2380 1607 2461 Χριστὸς
1637 2393 1926 2460 ἀπέθανεν,

339 2476 510 2529 αὐτὸν
545 2475 788 2530 ἀδικοῦσι
817 2477 1072 2548 Χριστὸν,
1180 2481 1349 2552 πάντη
1377 2499 1435 2534 τε
1463 2483 1556 2536 καὶ
1595 2485 1806 2547 πάντως
1832 2486 1928 2548 τὰς

341 2567 457 2621 τῶν
482 2568 565 2630 εἰς
591 2569 751 2621 αὐτὸν
785 2570 1148 2642 πεπλημμελη
1159 2576 1332 2643 μένων
1355 2575 1508 2638 δίκας
1538 2575 1870 2629 ἀποτιοῦσιν.

421 2659 532 2712 Καὶ
568 2659 693 2713 ἰδοὺ
718 2659 833 2730 ἐγὼ
863 2654 1136 2731 ἐξεγειζρω
1165 2666 1385 2732 αὐτοὺς
1405 2668 1473 2720 ἐκ
1494 2667 1600 2721 τοῦ
1629 2669 1836 2730 τόπου,
1857 2665 1928 2723 οὗ

344 2750 652 2806 ἀπέδοσθε
685 2751 906 2819 αὐτοὺς
927 2753 1079 2806 ἐκεῖ·
1109 2755 1202 2808 καὶ
1238 2755 1642 2810 ἀνταποδώσω
1671 2758 1930 2811 ἀνταπό-

346 2841 504 2911 δομα
533 2842 700 2911 ὑμῶν
736 2847 824 2910 εἰς
867 2847 1136 2914 κεφαλὰς
1171 2848 1358 2917 ὑμῶν.
1402 2851 1511 2902 Καὶ
1551 2848 1933 2919 ἀποδώσομαι

345 2935 496 3001 τσὺς
548 2935 714 3001 ὐἱοὺς
757 2937 945 3005 ὑμῶν,
979 2939 1079 2991 καὶ
1123 2939 1228 3004 τὰς
1269 2940 1594 3009 θυγατέρας
1635 2940 1801 3010 ὑμῶν
1849 2945 1935 3007 εἰς

1211 253 1754 309 COMMENTAIHUS
1796 252 1859 308 IN
1901 249 2160 306 JOELEII
2204 248 2641 303 PI’tGI‘IlE'I‘APd.

402 372 610 441 Πρέπει
641 372 683 422 δ’
711 370 773 422 ἂν
806 372 831 422 ξ,
861 370 1033 438 λόγος,
1062 371 1133 432 ὧς
1165 370 1226 438 γέ
1265 390 1353 441 μοι
1379 373 1647 440 φαίνεται,
1673 373 1766 426 καὶ
1795 373 1904 433 τοῖς
1937 375 1978 428 Α

3478 255 3580 306 55H

2083 367 2178 420 llic
2205 382 2402 428 sermo,
2445 367 2486 418 si
2517 374 2661 417 recte
2720 365 3032 429 ratiocinor,
3070 368 3234 419 etiam
3305 369 3354 420 iu
3398 372 3584 424 nefan-

2013 460 2201 510 darum
2235 459 2497 510 luerosut’n
2531 455 2784 524 prmsidcs
2810 457 3098 525 quadrahit
3132 498 3145 521 ,
3190 459 3279 525 qui
3331 460 3585 514 Ecclesia:

2017 550 2158 604 ﬁlios
2193 558 2395 601 tantum
2434 563 2534 602 non
2569 549 2902 616 abripicnlcs
2929 587 2942 610 ,
2983 547 3183 601 Graecae
3231 549 3585 618 philosophim

2015 642 2272 703 ‘vendunt,
2322 649 2377 692 ut
2413 640 2684 707 impeditis
2721 641 3091 706 intelligcnriis
3124 641 3331 708 repleti,
3369 645 3584 699 molesu

2017 736 2400 802 disputatores,
2431 733 2512 786 vel
2537 735 2713 801 potius
2743 733 3001 787 increduli
3031 742 3081 786 ct
3111 736 3430 801 pestilentes
3461 751 3588 789 cva-

2019 826 2164 889 dant,
2205 836 2345 879 recta
2381 837 2773 895 pervertentes,
2806 842 2928 881 cum
2961 828 3255 881 secundum
3289 829 3586 898 simplicem

2019 918 2344 971 locutionem
2408 920 2615 989 vivere,
2673 931 2726 972 et
2782 936 3088 976 sermonem
3147 923 3392 976 veritatis
3445 924 3590 975 nulla

2021 1008 2208 1063 fraude
2267 1020 2580 1078 corruptum
2637 1011 2882 1065 meditari
2945 1022 3212 1080 oporteat.
3283 1013 3321 1066 E
3397 1014 3593 1066 linilms

2025 1101 2187 1168 igitur
2221 1111 2277 1153 ut.
2303 1101 2589 1168 cjieiantur
2616 1102 2681 1155 ab
2711 1104 2840 1171 ipsis
2882 1105 3088 1174 decepti
3115 1141 3128 1168 ,
3170 1107 3219 1159 iu
3255 1121 3416 1161 causa
3444 1117 3591 1161 sunt.

2019 1187 2183 1261 237
2227 1191 2373 1246 Finis
2406 1209 2554 1259 vero,
2594 1195 2735 1248 sicut
2763 1206 2816 1249 et
2849 1197 2996 1265 regio
3027 1186 3261 1250 'liliorum
3295 1198 3551 1253 Et't‘lt‘SI'J'.
3579 1241 3593 1262 ,

2024 1284 2258 1352 cognitio
2294 1285 2538 1339 veritatis
2587 1296 2690 1352 est,
2740 1288 2968 1356 etquod
3015 1288 3080 1340 ad
3133 1304 3291 1341 omne
3333 1290 3592 1358 quidquid

2025 1380 2274 1431 aecurate
2331 1379 2395 1431 ad
2454 1379 2833 1434 rectitudinem
2873 1369 3208 1448 exploratum
3252 1391 3366 1443 est,
3401 1384 3596 1452 vergit.

2025 1467 2100 1519 Ac
2133 1468 2324 1520 merito
2375 1483 2526 1534 sane,
2572 1480 2627 1524 et
2653 1486 2780 1525 vcrc
2821 1485 2949 1524 vasa
2984 1486 3167 1536 aurea,
3215 1482 3268 1526 et
3317 1483 3597 1542 argentea,

2026 1566 2075 1610 et
2113 1557 2283 1612 elcCta
2315 1555 2405 1612 Dei
2435 1560 2614 1614 vocari
2639 1571 2868 1630 possunt
2897 1561 3000 1615 lide
3032 1562 3302 1626 exornati,
3351 1571 3405 1615 et
3475 1577 3603 1630 ope—

2028 1666 2146 1703 rum
2183 1650 2352 1717 gloria
2387 1651 2621 1706 inaurati
2669 1667 2733 1706 ac
2764 1654 2982 1721 pietatis
3033 1653 3319 1720 splendore
3365 1656 3599 1708 corusci.

2031 1741 2189 1808 Quod
2217 1744 2262 1797 si
2306 1744 2594 1812 contigerit
2624 1745 2928 1814 quempiam
2969 1744 3162 1798 horum
3195 1745 3267 1797 ita
3299 1743 3502 1798 clarum
3541 1761 3605 1798 ac

2031 1834 2259 1887 nitidum
2291 1832 2513 1888 fallacia:
2551 1833 2759 1903 laqueis
2784 1835 3008 1900 irretiri,
3053 1837 3278 1890 audient
3306 1837 3470 1903 plane
3504 1836 3602 1890 fal-

2031 1926 2292 1981 laciarum
2319 1925 2628 1982 inventores
2659 1942 2672 1977 :
2714 1945 2732 1978 σ
2767 1926 3062 1994 Argentum
3091 1942 3268 2004 meum
3305 1935 3360 1982 et
3409 1942 3599 1981 aurum

2033 2032 2210 2071 meum
2239 2017 2455 2080 tulistis,
2506 2027 2559 2072 et
2593 2015 2767 2072 electa
2808 2033 2927 2073 mea
2979 2019 3242 2072 intulistis
3282 2019 3332 2071 in
3379 2017 3602 2072 delubra

2032 2111 2234 2159 vestra.
2280 2125 2297 2157 ι
2338 2106 2554 2161 Crimen
2592 2109 2730 2162 istud
2761 2109 3020 2164 horribile
3045 2118 3148 2172 est,
3185 2118 3239 2163 ct
3273 2109 3596 2179 supplicium

2034 2195 2329 2250 difliculter
2379 2189 2615 2266 elTugiet.
2662 2187 2964 2254 Peccantes
3023 2199 3255 2268 namque
3304 2200 3361 2252 in
3410 2198 3607 2252 fratres

2036 2297 2248 2343 nostros
2281 2330 2296 2355 ,
2329 2305 2426 2358 pro
2469 2290 2662 2360 quibus
2718 2292 2972 2346 Christus
3018 2303 3264 2346 mortuus
3309 2303 3393 2346 est
3427 2291 3496 2358 °‘,
3545 2292 3598 2344 iu

2035 2376 2309 2432 Christum
2356 2380 2530 2448 ipsmn
2589 2392 2714 2435 sunt
2760 2383 3009 2452 injuriosi
3041 2424 3057 2447 ,
3115 2384 3202 2438 cui
3247 2384 3507 2446 omnino,
3551 2393 3603 2438 et

2037 2471 2276 2526 omnium
2320 2488 2438 2541 qua:
2483 2474 2536 2526 iu
2577 2477 2700 2528 etim
2745 2476 3120 2542 peccaverint,
3163 2490 3354 2545 pmnas
3402 2474 3606 2544 persol-

2037 2573 2186 2617 vent.

2111 2655 2274 2708 Vens.
2310 2655 2360 2718 7,
2403 2656 2454 2708 8.
2489 2654 2623 2708 Ecce
2650 2672 2743 2724 ego
2764 2657 2958 2710 suscita
2982 2673 3067 2710 cos
3095 2656 3318 2722 deloco,
3359 2657 3448 2710 ubi
3487 2673 3615 2710 ven-

2039 2747 2250 2802 didisti:
2271 2764 2356 2801 eos
2383 2748 2535 2813 illic;
2567 2759 2613 2802 et
2642 2749 2856 2804 reddam
2877 2751 3268 2805 retributionem
3295 2763 3517 2806 vestram
3552 2750 3607 2801 in

2041 2841 2217 2907 capita
2244 2849 2434 2894 vestra.
2483 2839 2550 2894 Et
2591 2843 2818 2896 vendam
2866 2842 3004 2911 ﬁlios
3034 2855 3229 2899 vestros
3270 2853 3319 2898 et
3361 2844 3503 2913 ﬁlias
3539 2861 3615 2898 vc-

2041 2942 2179 2986 atras
2206 2933 2262 2985 in
2294 2949 2481 2988 mamts
2506 2933 2742 3003 ﬁliorum
2768 2935 2935 3000 Juda,
2954 2946 3001 2989 et
3033 2936 3402 2990 venundabunt
3437 2954 3524 2991 eos
3559 2939 3618 2991 in

348 3028 557 3095 χεῖρας
600 3027 744 3081 υἱῶν
783 3019 986 3094 Ἰούδα,
1020 3020 1118 3084 καὶ
1161 3031 1575 3086 ἀποδώσονται
1600 3034 1822 3100 αὐτοὺς
1850 3036 1934 3098 εἰς

2044 3026 2417 3094 captivitatem,
2449 3027 2503 3079 in
2533 3035 2733 3096 gentem
2755 3043 2870 3096 quae
2905 3027 3109 3096 procul,
3143 3030 3389 3099 quoniam
3428 3028 3616 3083 Domi-

349 3119 773 3187 αἰχμαλωσίαν
807 3123 894 3186 εἰς
925 3122 1100 3190 ἔθνος
1137 3125 1374 3193 μακρὰν
1411 3125 1660 3196 ἀπέχον,
1705 3125 1792 3180 ὅτι
1826 3129 1940 3182 Κύ-

344 3225 483 3279 ριος
507 3210 839 3277 ἐλάλησεν.

426 3304 519 3357 Μ’.
546 3305 841 3374 Ἀπρακτα
875 3305 971 3374 μὲν
997 3305 1064 3360 τὰ
1087 3307 1532 3378 Τυρίωτὲσεσθαι
1551 3315 1938 3383 μηχανήματα,

350 3396 452 3448 καὶ
495 3394 563 3447 τὰ
602 3397 666 3448 ἐκ
716 3395 814 3466 τῆς
859 3397 1187 3469 δυστροπίας
1244 3400 1523 3471 εὑρέματα
1567 3403 1706 3456 κατά
1748 3406 1855 3456 τῶν
1885 3405 1941 3469 ἐξ

367 3484 630 3556 Ἰσραὴλ,
693 3477 1062 3557 ἐναργέστατα
1103 3506 1287 3560 φησιν,
1348 3491 1406 3554 ἐξ
1467 3493 1823 3564 ἀντιστρόφου
1887 3495 1943 3547 δὲ

355 3575 555 3647 ὥσπερ
598 3577 851 3643 ⁴γενέσθαι
885 3581 996 3642 τοῖς
1024 3581 1311 3652 ἠδικηκόσι
1346 3581 1443 3653 τὴν
1494 3584 1800 3654 συμφορὰν,
1852 3585 1944 3637 καὶ

353 3664 474 3725 τοῖς
502 3665 637 3726 ἴσοις
665 3665 924 3718 ἐναλῶναι
953 3672 1160 3733 κακοῖς,
1206 3672 1486 3742 μονονουχὶ
1512 3673 1817 3744 πιπτούσης
1865 3677 1944 3737 εἰς

358 3755 606 3824 κεφαλὰς
639 3756 746 3809 τῶν
772 3757 962 3810 ἀνόσια
989 3760 1534 3832 πεπλημμεληκότων
1563 3767 1660 3833 τῆς
1697 3764 1945 3818 ίσοστάθ-

363 3861 468 3917 μου
511 3847 689 3917 δίκης.
737 3849 949 3920 Ὥσπερ
997 3849 1106 3922 γὰρ
1152 3851 1304 3909 αὐτοὶ
1354 3853 1414 3906 τὸ
1471 3844 1528 3918 ἐξ
1574 3855 1740 3908 Ἰούδα
1790 3857 1946 3925 γένος

363 3934 530 4005 εἶλον,
564 3936 685 3992 εἶτα
718 3944 832 4004 τοῖς
867 3938 1316 4012 ἀνδραποδισταῖς
1336 3944 1648 4010 δεδώκασιν,
1676 3947 1944 4016 ἀποκομί-

364 4031 479 4094 ζειν
522 4033 770 4095 εἰπόντες
824 4034 902 4096 είς
956 4034 1107 4097 ἔθνος
1158 4036 1394 4107 μακρὰν,
1453 4037 1593 4091 οὕτω
1637 4038 1705 4091 τὰ
1768 4037 1947 4091 αὐτῶν

363 4122 964 4192 ἀπεμπολησθήσεσθαι
1012 4122 1179 4179 τέκνα
1217 4129 1370 4194 φησι,
1412 4129 1500 4182 διὰ
1543 4131 1723 4200 χειρὸς
1760 4129 1944 4182 Ἰούδα.

366 4213 476 4265 Καὶ
515 4215 600 4266 ὅτι
655 4214 873 4278 πάντως
923 4217 1100 4270 τοιάδε
1154 4221 1511 4290 συμϐήσεται,
1576 4221 1949 4291 προσεμπεδοῖ

365 4304 561 4372 λέγων,
644 4323 661 4356 ι
698 4305 816 4358 Ὀτι
883 4305 1088 4378 Κύριος
1140 4309 1419 4379 ἐλάλησεν.
1453 4330 1471 4360 ι
1545 4311 1830 4381 Ἀνήνυτον
1891 4311 1948 4362 δὲ

2044 3137 2140 3174 nus
2164 3119 2364 3174 locutus
2387 3131 2483 3174 est.

2115 3300 2226 3354 XL.
2261 3301 2520 3372 Tyrorum
2551 3300 2980 3354 machinationes
3003 3307 3055 3353 et
3097 3314 3356 3368 perversa
3398 3301 3617 3358 inventa

2044 3405 2232 3446 contra
2270 3391 2434 3446 Israel
2465 3392 2643 3444 inania
2693 3390 2827 3456 fore,
2877 3404 3137 3458 perquam
3176 3390 3412 3446 dilucide
3457 3391 3612 3446 afﬁr-

2045 3492 2176 3548 mat,
2210 3491 2264 3537 et
2295 3483 2358 3536 iis
2397 3483 2489 3550 qui
2539 3481 2810 3544 laeserunt,
2846 3481 3000 3548 quasi
3028 3496 3094 3535 ex
3127 3480 3356 3536 adverso
3395 3469 3629 3537 calami?

2046 3585 2210 3628 tatem
2239 3573 2622 3628 remetiendam
2653 3612 2667 3637 ,
2705 3574 3034 3642 paribusque
3074 3573 3229 3629 malis
3262 3575 3429 3644 probe
3462 3575 3618 3631 iuva--

2048 3666 2215 3720 lutum
2273 3667 2374 3730 iri,
2428 3675 2633 3719 tantum
2678 3681 2780 3720 non
2832 3667 2995 3720 simili
3027 3681 3187 3735 pinna
3246 3670 3521 3725 recidente
3566 3672 3619 3725 in

2047 3758 2224 3827 capita
2258 3772 2483 3823 eorum,
2537 3757 2627 3826 qui
2703 3759 2864 3827 impie
2913 3759 3276 3829 deliquerunt.
3342 3763 3621 3828 Quomodo

2050 3865 2284 3918 namque
2314 3849 2415 3920 ipsi
2449 3864 2618 3920 genus
2649 3849 2788 3905 Juda
2819 3852 3099 3920 captivum
3129 3852 3397 3919 fecerunt,
3425 3855 3622 3910 deinde

2047 3955 2145 4010 pro
2183 3942 2469 4010 mancipiis
2508 3943 2805 4009 venditum,
2841 3945 2906 3995 ad
2951 3953 3188 3999 remotas
3225 3955 3416 4012 gentes
3453 3946 3622 4000 abdu-

2048 4033 2274 4087 cendum
2307 4034 2614 4087 dederunt:
2654 4035 2733 4089 sic
2793 4049 2980 4088 eorum
3032 4035 3233 4089 liberos
3281 4051 3378 4104 per
3433 4053 3623 4092 manus

2048 4123 2188 4178 Juda
2221 4125 2442 4178 venales
2485 4124 2695 4178 futuros
2734 4135 2984 4190 testatur,
3030 4135 3084 4177 et
3112 4125 3177 4178 ad
3218 4141 3447 4196 unguem
3482 4130 3621 4182 idem

2051 4230 2306 4284 passuros
2332 4215 2652 4279 testiﬁcaris,
2702 4216 2798 4280 ait,
2855 4235 2873 4267 ι
2913 4216 3046 4281 Quia
3105 4217 3364 4272 Dominus
3413 4221 3622 4274 locutus

2051 4316 2152 4362 est.
2196 4325 2216 4361 ι
2249 4305 2392 4360 Nihil
2425 4316 2606 4360 autem
2637 4309 2876 4361 omnium
2924 4323 3045 4377 quae
3091 4308 3232 4363 Deus
3265 4309 3523 4379 loquitur,
3558 4313 3625 4365 ad

365 4401 591 4459 πάντως
619 4396 771 4449 οὐδὲν
802 4397 829 4448 ὃ
864 4397 1156 4464 φθέγγεται
1191 4399 1339 4462 Θεός.
1372 4400 1480 4453 Καὶ
1508 4400 1637 4468 γοῦν
1683 4399 1782 4470 ἔφη
1819 4401 1934 4471 Χρι·

2054 4413 2167 4453 rem
2196 4414 2302 4453 non
2335 4398 2633 4454 confertur.
2661 4397 2844 4467 Itaque
2871 4399 3120 4456 Christus
3153 4403 3362 4471 inquit:
3390 4423 3407 4454 ι
3447 4403 3621 4457 Verba

367 4486 514 4550 στος⁹
555 4506 572 4537 ι
605 4489 668 4539 Οἱ
709 4488 854 4556 λόγοι
895 4505 994 4557 μου
1027 4490 1087 4541 οὐ
1118 4490 1191 4560 μὴ
1225 4491 1554 4563 παρέλθωσι.
1586 4511 1604 4544 ›
1653 4492 1761 4544 Καὶ
1799 4491 1953 4544 ταυτὶ

370 4581 470 4650 μὲν
499 4579 807 4648 ἱστορικῶς.

438 4673 507 4723 Εἰ
535 4672 593 4723 δὲ
619 4671 680 4740 δή
703 4687 786 4734 τις
805 4671 976 4722 ἕλοιτο
1013 4670 1325 4741 περιαθρεῖν
1370 4672 1436 4725 τὰ
1467 4673 1828 4742 πνευματικὰ,
1858 4673 1951 4727 καὶ

367 4759 478 4814 τῶν
511 4761 918 4831 κεκρυμμένων
956 4761 1406 4831 ἀναπίμπλασθαι
1438 4763 1745 4833 νοημάτων,
1778 4765 1951 4834 ἐννοή-

371 4869 454 4904 σει
490 4853 676 4916 πάλιν,
702 4852 782 4904 ὅτι
816 4852 910 4906 καὶ
936 4853 1202 4924 Ἑλλήνων
1230 4855 1413 4918 παῖδες
1439 4855 1488 4907 οἱ
1521 4858 1639 4919 ταῖς
1670 4844 1950 4926 δοκησισο-

373 4944 528 5012 φίαις
575 4944 1018 5017 ἐξωιρρυωμένοι,
1072 4949 1165 5002 καὶ
1207 4944 1311 5019 μὴν
1345 4949 1436 5003 καὶ
1477 4952 1738 5022 αἰρετικοὶ
1785 4953 1949 5007 πολυ-

373 5034 601 5096 πλόκοις
638 5037 854 5106 ἀπάτης
884 5040 1158 5110 εὑρήμασι
1182 5041 1242 5093 τὸ
1270 5041 1444 5096 δοκεῖν
1481 5043 1534 5094 τί
1561 5060 1739 5110 σφισιν
1769 5044 1951 5108 αὐτοῖς

375 5127 765 5195 ἀπονέμοντες,
788 5122 1122 5200 ἀποφέρουσι
1147 5133 1255 5186 τῶν
1284 5134 1664 5205 ἁπλουστέρων
1689 5135 1840 5198 τινάς
1857 5137 1955 5206 τῆς

377 5216 545 5286 ὀρθῆς
577 5236 636 5271 τε
670 5221 763 5272 καὶ
797 5222 1099 5292 ἀμωμήτου
1132 5225 1388 5289 πίστεως,
1417 5223 1491 5298 ἧς
1515 5227 1580 5279 ἂν
1608 5226 1775 5296 ἔχοιεν
1804 5228 1956 5299 παρά

377 5307 535 5374 Θεοῦ,
568 5308 664 5361 καὶ
697 5313 812 5371 τοῖς
854 5311 1066 5381 βρόχοις
1090 5313 1188 5383 τῆς
1220 5315 1434 5384 ἀπάτης
1471 5316 1737 5378 ἐνδέοντες
1773 5333 1959 5386 μονον-

375 5401 527 5469 ουχὶ,
559 5401 656 5453 καὶ
702 5403 758 5453 ἐν
789 5401 1132 5472 δορυκτήτων
1178 5406 1343 5476 μοίρᾳ
1375 5405 1643 5470 λαϐόντες,
1691 5408 1898 5476 ἀποκομ
1913 5408 1960 5457 ί-

377 5488 529 5553 ζουσι
561 5492 672 5545 τῶν
703 5494 802 5563 τῆς
831 5495 1086 5564 ἀληθείας
1110 5497 1249 5566 ὅρων
1283 5499 1356 5562 ὡς
1388 5500 1661 5554 ἀποτάτω.
1707 5495 1841 5553 Ἃλλ’
1866 5502 1956 5570 ὅγε

426 5661 546 5721 ι⁶⁶Ι
575 5670 700 5725 Cur.
736 5686 848 5731 \‘lll,
887 5671 971 5723 ll.
1046 5674 1086 5706 ⁸⁷
1121 5673 1305 5725 Matth.
1355 5677 1626 5737 xxuv,‘23.

705 5765 954 5826 ἶἈτιιυι
1021 5769 1135 5826 GR.
1189 5771 1385 5828 LXXI.

2057 4506 2177 4546 mea
2222 4507 2326 4546 non
2385 4491 2684 4547 interibunt
2727 4493 2792 4547 ".

2055 4583 2190 4640 rice.

2127 4675 2280 4742 Quod
2297 4676 2439 4730 sicui
2459 4675 2632 4746 placet
2649 4678 2994 4734 considerare
3011 4679 3332 4749 spiritualia,
3354 4689 3407 4734 et
3426 4679 3627 4735 abditis

2055 4765 2426 4835 intelligentiis
2473 4783 2532 4824 se
2590 4769 2828 4838 explere,
2877 4771 3138 4839 cogitabit
3180 4772 3342 4824 etiam
3379 4770 3625 4837 Graecos,

2058 4858 2192 4913 falsa
2231 4859 2484 4930 Opinione
2516 4862 2795 4930 sapientiae
2837 4862 3180 4930 supercilium
3218 4862 3468 4917 tollentes
3493 4902 3508 4927 ,
3559 4879 3625 4919 ac

2057 4962 2321 5020 praeterea
2377 4953 2695 5016 haereticos,
2752 4953 2820 5007 ob
2866 4953 3106 5006 involuta
3164 4952 3497 5010 fallaciarum
3539 4956 3629 5010 in-

2057 5053 2219 5097 venta
2273 5045 2644 5099 existimantes
2697 5027 2755 5098 Se
2797 5058 2918 5098 esse
2969 5044 3194 5114 aliquid,
3236 5046 3627 5116 simpliciorum

2061 5137 2321 5202 quosdam
2383 5151 2412 5188 a
2454 5143 2599 5190 recta
2631 5145 2684 5188 et
2735 5135 3005 5206 inculpata
3057 5137 3180 5204 fide,
3233 5153 3396 5208 quam
3451 5155 3481 5192 a
3520 5140 3629 5193 Deo

2063 5226 2266 5281 habere
2325 5228 2552 5297 possint,
2610 5236 2896 5293 avertere,
2955 5239 3007 5284 et
3051 5231 3369 5299 imposturae
3425 5231 3629 5299 laqueis

2063 5317 2324 5383 irretitos,
2361 5320 2743 5388 propemodum
2780 5337 3061 5377 servorum
3105 5325 3270 5395 238
3319 5325 3457 5385 loco,
3493 5325 3628 5390 quos

2064 5410 2230 5464 armis
2275 5413 2536 5480 ceperint,
2581 5429 2609 5466 a
2649 5414 2844 5470 finibus
2890 5417 3138 5471 veritatis
3184 5418 3430 5485 abripere
3466 5417 3629 5481 quam

2065 5501 2395 5572 l0":‘iissime.
2428 5503 2694 5561 Caeterum
2727 5508 3102 5564 universorum
3126 5507 3268 5560 Deus
3303 5517 3486 5558 eorum
3528 5501 3630 5553 im;

2853 4513 2871 4546 ι
2936 4495 3001 4548 Et
3029 4496 3142 4550 hac
3192 4496 3408 4565 quidem
3449 4497 3621 4550 histoc

3216 5771 3285 5835 13
