3950 6200
354 299 458 357 505

1348 293 1409 351 S.
1450 288 1723 349 CYRILLI
1760 281 2233 344 ALEXANDRINI
2272 282 2588 344 ARClllEP.

3499 283 3601 349 396

354 418 677 488 probitatem
730 414 1121 484 infringitmct
1172 413 1426 482 deceptos
1462 411 1679 482 quidem
1735 411 1934 465 liberos

2048 398 2143 462 τῶν
2197 407 2333 462 ὅλων
2394 407 2525 470 Θεὸς
2580 407 2858 478 ἄπρακτον
2925 403 3102 458 αὐτῶν
3155 404 3447 475 ἀποφαίνει
3508 404 3609 479 τὴν

354 512 654 573 dimittens,
682 508 819 562 lilios
851 521 1141 576 pravorum
1198 506 1481 577 doctorum
1519 506 1584 558 ad
1617 503 1809 559 Judam
1840 506 1933 559 ad-

353 603 519 655 ducit.
558 600 659 654 Per
705 600 804 654 hos
841 598 1192 654 nihilominus
1232 597 1459 665 intelligi
1506 599 1718 665 possint
1762 600 1930 655 divini

354 693 623 759 discipuli,
659 702 712 747 et
740 700 1005 763 quotquot
1032 690 1233 747 Christi
1263 690 1581 760 mysterium
1610 690 1927 760 loquuntur,

353 785 554 852 quique
577 784 643 837 ab
668 784 881 838 illorum
909 783 1194 837 fraudibus
1232 782 1526 848 liberatos,
1579 783 1645 837 ad
1696 783 1923 851 praecla-

356 891 471 928 ram
502 884 556 929 et
580 875 865 929 amabilem
888 873 1005 942 ejus
1040 874 1358 929 servitutem
1406 874 1693 940 reducunt,
1740 883 1794 929 et
1824 890 1929 929 non

356 978 513 1017 secus
545 974 707 1032 atque
733 964 976 1032 captivos
1008 964 1249 1032 rapiunt,
1287 965 1351 1017 ad
1381 979 1538 1018 suum
1566 978 1660 1019 eos
1686 964 1931 1019 habitum

357 1057 793 1125 sententiamque
821 1055 1212 1110 transferentes
1233 1099 1247 1123 ,
1271 1072 1392 1126 qum
1414 1057 1481 1110 ab
1510 1056 1723 1113 illorum
1748 1058 1931 1113 multis

356 1149 790 1203 millibusdistat.
812 1149 1063 1221 Magnum
1083 1150 1280 1219 quippe
1297 1150 1636 1205 intervallum
1656 1151 1796 1206 inter
1814 1168 1933 1205 san-

354 1251 566 1294 «torum
601 1251 655 1295 et
686 1243 905 1296 istorum
928 1242 1228 1295 doctrinam
1258 1245 1520 1297 cernitur.
1543 1244 1749 1297 Dicitur
1769 1245 1931 1297 etiam

355 1334 607 1388 Christus
621 1350 684 1389 ex
704 1334 891 1389 Graeca
907 1335 1292 1405 superstitione
1315 1334 1381 1389 ad
1398 1335 1766 1403 cognitionem
1790 1336 1929 1406 ejus,

356 1425 448 1491 qui
501 1436 695 1478 natura
737 1435 821 1479 est
856 1426 1017 1493 Deus,
1063 1440 1356 1481 conversos
1401 1435 1457 1479 ut
1507 1427 1752 1496 captivos
1790 1428 1933 1481 acci-

360 1531 508 1585 pere.
554 1516 645 1570 Sic
684 1518 827 1571 enim
871 1518 1079 1572 David:
1114 1536 1132 1569 (
1171 1518 1482 1572 Ascendens
1522 1518 1575 1571 in
1612 1518 1801 1585 altum,
1836 1534 1931 1572 ca-

361 1608 558 1674 ptivam
616 1608 766 1661 duxit
821 1608 1218 1677 captivitatem,
1286 1606 1434 1661 dedit
1499 1608 1637 1662 dona
1696 1610 1932 1664 homini-

360 1699 459 1751 bus
484 1698 548 1750 “.
592 1718 609 1749 ι

429 1877 593 1930 Vens.
636 1876 787 1931 9—12.
825 1874 1126 1933 Prwdicate
1166 1879 1275 1931 lucc
1327 1880 1380 1933 in
1426 1878 1701 1946 qentibus,
1735 1881 1933 1934 sancti-

358 1969 512 2036 ﬁcate
538 1969 759 2033 bellant,
794 1972 1045 2025 suscitate
1080 1982 1395 2038 pugnatam
1420 2013 1433 2035 ,
1464 1971 1719 2037 accedite,
1752 1983 1799 2027 et
1850 1991 1936 2027 as-

360 2062 581 2127 cendite,
608 2078 782 2115 omnes
807 2063 906 2115 viri
934 2061 1232 2114 bellatores.
1254 2060 1524 2116 Conridite
1555 2076 1736 2119 aratra
1768 2078 1937 2120 vestra

359 2153 413 2204 in
448 2153 652 2220 gladios
683 2161 729 2205 et
787 2152 949 2221 falces
1007 2163 1201 2205 restras
1227 2154 1281 2206 in
1320 2154 1552 2209 lanceas.
1608 2154 1731 2211 Non
1782 2157 1939 2226 fortis

360 2245 505 2295 dicat
540 2260 559 2299 :
599 2242 755 2295 Valeo
800 2260 916 2311 ego.
960 2242 1386 2313 Congregamini,
1423 2255 1468 2299 et
1516 2246 1711 2299 intrate
1761 2264 1937 2301 omnes

360 2345 533 2400 gentes
562 2350 653 2402 per
692 2335 994 2398 circuitum,
1040 2344 1088 2389 et
1142 2336 1535 2405 congregamini
1576 2336 1726 2402 illuc,
1784 2356 1937 2393 man-

362 2432 538 2477 suetus
565 2424 633 2477 sit
668 2434 952 2494 pugnator.
989 2424 1351 2497 Consurgunt,
1378 2437 1423 2482 et
1448 2430 1734 2482 ascendant
1766 2442 1940 2499 gentes

362 2519 415 2569 in
463 2516 648 2570 vallem
706 2516 992 2587 Josapltat,
1038 2518 1166 2588 quia
1223 2519 1294 2573 ibi
1360 2520 1546 2574 sedebo
1594 2529 1650 2573 ut
1703 2520 1941 2591 judicem

364 2623 540 2659 (mutes
574 2617 751 2676 gentes
775 2608 829 2661 in
847 2608 1097 2663 circuitu.

440 2867 573 2922 XLI.
634 2868 1009 2924 Comminatus
1074 2873 1348 2940 gentibus,
1408 2888 1661 2941 passuras
1742 2879 1940 2934 malum

369 2958 510 3025 quod
536 2957 657 3010 aliis
702 2956 990 3021 fecerant,
1041 2969 1096 3011 et
1129 2960 1332 3013 scelera
1384 2975 1479 3014 sua
1539 2976 1636 3031 pro
1678 2963 1941 3033 dignitate

368 3046 622 3110 luiturus,
655 3046 768 3117 jam
799 3046 1100 3101 orationem
1132 3048 1197 3101 ad
1223 3048 1457 3104 cultores
1491 3064 1621 3105 suos
1645 3054 1915 3108 convertit

368 3154 505 3209 quos
532 3140 755 3195 minime
783 3139 998 3194 timidos
1016 3149 1070 3195 et
1087 3139 1440 3206 elfeminatos,
1469 3143 1596 3212 quin
1626 3145 1803 3214 potius
1826 3148 1943 3202 ani-

372 3246 552 3286 mosos
584 3247 647 3286 ac
680 3238 930 3286 strenuos
987 3245 1110 3287 esse
1159 3232 1409 3287 hortatur
1436 3273 1451 3298 ,
1517 3244 1807 3291 ettantum
1841 3254 1946 3293 non

371 3324 633 3378 adhibere
679 3323 1008 3393 praeconium
1038 3364 1053 3390 ,
1117 3327 1259 3393 quod
1300 3324 1366 3379 ab
1399 3326 1654 3382 omnibus
1687 3330 1947 3383 exaudia-

370 3427 477 3480 tur,
508 3424 563 3469 et
598 3415 664 3469 ad
700 3430 933 3485 pugnam
966 3424 1152 3485 gentes
1184 3416 1378 3471 dehinc
1419 3417 1693 3487 colligere,
1743 3434 1947 3489 easque

375 3508 747 3573 inﬂammare,
799 3518 857 3563 ut
919 3510 1023 3563 huc
1082 3509 1305 3578 gradum
1356 3511 1681 3579 accelerent,
1736 3514 1945 3569 tametsi

375 3601 607 3655 fortasse
670 3601 832 3653 vitam
881 3601 1116 3667 quietam
1167 3610 1223 3655 et
1276 3616 1305 3654 a
1367 3602 1508 3657 bello
1563 3604 1949 3659 abhorrentem

374 3703 535 3759 agere
587 3690 796 3744 malint.
877 3689 989 3744 lloc
1053 3701 1229 3746 autem
1266 3702 1349 3747 est
1402 3695 1627 3748 reddere
1674 3697 1953 3750 audentis-

376 3784 563 3847 simos,
611 3792 666 3837 et
710 3781 1058 3850 persuadere,
1119 3784 1193 3835 uti
1229 3783 1525 3850 conﬁdant,
1573 3786 1689 3854 ipso
1742 3789 1951 3855 'propu-

376 3882 599 3935 gnanle,
639 3872 873 3925 hostium
907 3887 1025 3927 sese
1056 3873 1343 3942 petituros.
1385 3873 1568 3944 Itaque
1596 3914 1610 3939 ,
1672 3895 1692 3927 ι
1735 3877 1788 3929 in
1832 3892 1955 3945 gen-

379 3960 523 4023 tibus
559 3959 673 4013 hzcc
706 3961 996 4030 prmdicate
1025 4000 1039 4026 ,
1095 3962 1293 4029 inquit,
1329 3974 1383 4018 et
1440 3964 1777 4020 sanctiﬁcate
1836 3968 1953 4021 bel-

379 4049 511 4102 lum.
552 4068 571 4101 ι
606 4047 723 4103 iam
752 4049 875 4113 hoc,
914 4068 934 4101 ι
994 4053 1349 4118 sanctiﬁcate,
1390 4071 1409 4104 ι
1445 4067 1660 4109 rursum
1695 4057 1828 4110 nihil
1870 4068 1953 4112 est

380 4140 525 4194 aliud
567 4156 753 4210 quam,
788 4143 919 4196 mihi
943 4143 1090 4198 velut
1120 4153 1469 4209 consecrate;
1505 4160 1603 4216 ego
1644 4149 1790 4201 enim
1839 4148 1952 4203 bel-

382 4232 505 4287 labo
556 4242 610 4287 et
652 4235 718 4286 ad
765 4234 991 4303 gloriam
1038 4252 1210 4291 meam
1245 4253 1333 4293 res
1378 4248 1588 4306 agetur.
1621 4238 1955 4295 Oecumbeut

380 4325 549 4390 enim,
579 4326 670 4393 qui
728 4326 987 4381 honorem
1042 4344 1216 4383 tnemn
1253 4329 1410 4398 lignis
1439 4340 1493 4385 et
1546 4330 1813 4402 lapidibus
1858 4334 1955 4387 tri-

1925 3096 1940 3121 ’
1972 3098 2013 3154 C

2032 498 2387 569 κακουργίαν,
2422 498 2517 551 καὶ
2551 498 2730 566 ἀνίησι
2772 494 2871 565 μὲν
2901 496 3025 559 τοὺς
3050 496 3456 565 ἠπατημένους,
3481 498 3609 560 τοὺς

2030 590 2087 643 δὲ
2119 589 2227 643 τῶν
2260 589 2653 658 ἀπατησάντων
2687 586 2828 643 κατά
2868 586 3103 658 μάθησιν
3148 582 3299 651 υἱοὺς
3344 589 3613 659 προσάγει

2033 685 2145 745 τοῖς
2177 683 2235 747 ἐξ
2270 681 2459 738 Ἰούδα.
2503 680 2761 751 Νοηθεῖεν
2800 679 2842 732 δ’
2871 680 2935 732 ἂν
2959 673 3103 733 οῦτοι
3134 680 3293 734 πάλιν
3329 681 3378 733 οἱ
3417 680 3614 733 θεσπέ-

2034 786 2141 823 σιοι
2170 769 2429 841 μαθηταὶ,
2462 770 2555 823 καὶ
2575 770 2687 821 ὅσοι
2711 768 2769 821 τὸ
2794 768 3027 839 Χριστοῦ
3048 768 3266 822 λαλοῦσι
3294 771 3612 841 μυστήριον,

2032 865 2080 916 οί
2110 863 2166 915 δὲ
2197 866 2297 934 τῆς
2321 864 2544 916 ἐκείνων
2573 862 2781 932 πλάνης
2821 862 3269 928 ἀπαλλάττοντες,
3314 865 3396 924 είς
3442 863 3615 932 καλήν

2031 973 2092 1008 τε
2150 956 2242 1008 καὶ
2281 955 2601 1026 ἀξιέραστον
2656 955 2991 1024 ἀποφέρουσι
3038 953 3300 1017 δουλείαν,
3358 953 3457 1024 τὴν
3510 952 3618 1006 ὑπὸ

2032 1043 2251 1115 Χριστῷ
2290 1044 2554 1115 δηλονότι,
2600 1045 2694 1096 καὶ
2733 1038 2843 1096 οἷον
2873 1042 3251 1113 αἰχμαλώτους
3282 1044 3614 1114 ἁρπάζουσι,

2037 1134 2533 1205 μετατιθέντείείς
2578 1134 2675 1204 τὴν
2723 1132 2930 1187 ἑαυτῶν
2968 1134 3082 1199 ’ἐξιν
3130 1150 3189 1185 τε
3231 1133 3323 1185 καὶ
3363 1131 3614 1203 γνώμην,

2036 1230 2159 1299 ἥτις
2198 1229 2423 1281 ἐκείνων
2450 1228 2595 1281 ἐστὶν
2628 1228 2899 1282 ἀποτάτω.
2947 1227 3089 1280 Πολὺ
3140 1226 3249 1298 γὰρ
3301 1226 3361 1279 τὸ
3411 1225 3617 1295 μεταξὺ

2031 1319 2132 1390 τῆς
2178 1318 2400 1390 γνώμης
2439 1337 2498 1372 τε
2550 1320 2659 1373 τῶν
2694 1320 2884 1387 ἁγίων,
2939 1320 3033 1371 καὶ
3074 1319 3171 1389 τῆς
3210 1318 3317 1371 τῶν
3358 1317 3619 1371 τοιούτων

2034 1412 2250 1482 ὁρᾶται.
2284 1412 2514 1479 Λέγεται
2546 1411 2602 1464 δὲ
2632 1412 2724 1465 καὶ
2749 1412 2776 1463 6
2803 1410 3035 1477 Χριστὸς
3058 1410 3182 1472 τοὺς
3212 1409 3276 1462 ἐκ
3302 1410 3401 1477 τῆς
3438 1409 3622 1476 Ἐλλη-

2033 1500 2192 1570 νικῆς
2244 1502 2458 1572 ἀπάτης
2504 1504 2583 1565 είς
2629 1502 2923 1569 ἐπίγνωσιν
2952 1500 3044 1553 τοῦ
3082 1500 3222 1553 κατά
3272 1500 3432 1569 φύσιν
3478 1499 3618 1552 Θεοῦ

2038 1591 2535 1661 μετενηνεγμένους
2562 1592 2635 1654 ὡς
2677 1590 3050 1661 αἰχμαλώτους
3082 1591 3240 1643 ἑλεῖν.
3275 1591 3415 1660 Ἔφη
3449 1590 3560 1660 γὰρ
3590 1591 3618 1641 ό

2036 1682 2218 1747 Δαϐὶδ,
2254 1700 2271 1732 ι
2316 1681 2548 1744 Ἀναϐὰς
2573 1683 2651 1745 είς
2681 1681 2832 1751 ὕψος,
2879 1681 3298 1752 ᾐχμαλώτευσεν
3333 1681 3615 1752 αἰχμαλω-

1952 1754 2009 1811 "B
2041 1774 2183 1839 σίαν,
2218 1772 2418 1826 δέδωκε
2450 1773 2656 1843 δόματα
2686 1775 2797 1835 τοῖς
2828 1772 3155 1844 ἀνθρώποις.
3184 1792 3201 1824 ι

2109 1866 2419 1934 Κηρύξατε
2440 1864 2623 1918 ταῦτα
2646 1866 2715 1918 ἐν
2753 1864 2874 1929 τοῖς
2903 1865 3145 1920 ἔθνεσιν
3163 1882 3175 1893 ·
3200 1864 3485 1935 ἁγιάσατε
3505 1866 3619 1918 πόα

2038 1959 2244 2025 ,τε-μον,
2299 1955 2633 2025 ﬁere/pate
2669 1954 2809 2019 τοὺς
2852 1953 3147 2024 μαχητὰς,
3187 1955 3622 2025 προσαγάγετε,

2037 2048 2137 2101 καὶ
2157 2048 2507 2101 ἁναϐαίνετε
2526 2046 2749 2112 πάντες
2768 2045 2983 2114 ἄνδρες
3003 2046 3378 2115 πολεμισταί.
3398 2048 3624 2115 Συγκό-

2028 2144 2194 2209 ηψατε
2222 2140 2295 2193 τὰ
2331 2139 2549 2207 ἄροτρα
2581 2138 2745 2208 ὑμῶν
2773 2140 2859 2205 εἰς
2885 2138 3201 2208 ῥομφαίας,
3238 2136 3333 2190 καὶ
3380 2137 3449 2190 τὰ
3485 2136 3623 2204 δρέ-

2024 2248 2201 2285 nam
2224 2231 2390 2300 ὑμῶν
2410 2234 2497 2297 εἰς
2522 2230 2945 2300 σειρομάστας.
2962 2230 3016 2281 '0
3047 2228 3343 2293 ἀδύνατος
3373 2229 3621 2298 λεγέτωδ

2052 2324 2261 2391 Ἰσχύω
2311 2325 2445 2395 ἐγώ.
2509 2322 3011 2391 Συναθροίζεσθε,
3055 2321 3149 2376 καί
3198 2324 3625 2391 εὶσπορεύεσθε

2041 2410 2237 2465 πάντα
2276 2413 2349 2467 τὰ
2382 2413 2525 2480 ἔθνη
2582 2414 2899 2477 κυκλόθεν,
2940 2412 3039 2465 καὶ
3084 2412 3429 2481 συνάχθητε
3471 2413 3625 2479 ἐκεῖ,

2041 2503 2236 2571 πραῢς
2275 2504 2431 2558 ἔστω
2478 2503 2872 2573 πολεμιστής.
2934 2501 3485 2572 Ἐξεγειρέσθωσαν,
3519 2504 3628 2557 καὶ

2042 2594 2530 2649 άναὸαινέτωσαν
2550 2596 2624 2651 τὰ
2656 2596 2800 2664 ἔθνη
2826 2598 2913 2663 είς
2956 2595 3071 2663 τὴν
3108 2596 3360 2651 κοιλάδα
3414 2597 3629 2651 Ἰωσα-

2042 2686 2181 2757 φὰτ,
2208 2688 2298 2741 ὅτι
2332 2686 2462 2741 ἐκεῖ
2487 2686 2668 2744 amato")
2694 2686 2800 2743 τοῦ
2826 2687 3123 2757 διακρῖναι
3145 2687 3341 2743 πάντα
3372 2687 3444 2741 τὰ
3475 2689 3629 2758 ἔθνη

2034 2780 2358 2834 κυκλόθεν.

2113 2872 2248 2925 MA'.
2309 2870 2635 2941 Ἀπειλήσας
2666 2872 2780 2935 τοῖς
2822 2870 3000 2926 ἔθνεσι
3037 2871 3137 2936 τάς
3168 2872 3227 2937 ἐξ
3264 2872 3632 2943 ἀντιστρόφου

2047 2963 2351 3033 συμφοράς,
2408 2962 2503 3017 καὶ
2552 2961 2659 3015 τῶν
2705 2963 2934 3017 ἀνοσίων
2998 2963 3172 3034 ἔργων
3229 2963 3461 3032 ἰσοπαλῆ
3518 2964 3629 3033 τὴν

2045 3054 2217 3125 δίκην,
2246 3054 2535 3124 καθίστησι
2556 3054 2645 3107 τὸν
2677 3053 2833 3123 λόγον
2862 3054 2952 3107 ἐπὶ
2979 3054 3104 3117 τοὺς
3137 3054 3295 3117 ἰδίους
3322 3054 3420 3125 ἤδη
3453 3071 3639 3125 προσ-

2049 3126 2305 3215 κυνητάς,
2350 3144 2442 3208 οὓς
2483 3146 2682 3216 ἥκιστα
2738 3145 2837 3216 μὲν
2889 3145 3117 3209 δειλοὺς,
3172 3147 3265 3198 καὶ
3312 3145 3636 3216 ἀνάνδρους,

2048 3232 2186 3290 εἶναι
2234 3237 2290 3289 δὲ
2336 3236 2535 3307 μᾶλλον
2583 3235 2793 3288 κελεύει
2848 3236 3149 3299 νεανικοὺς,
3202 3235 3295 3287 καὶ
3344 3230 3639 3304 μονονουχὶ

2048 3326 2351 3398 διαπρυσίῳ
2382 3326 2685 3398 κεχρῆσθαι
2730 3326 3065 3398 κηρύγματι,
3120 3326 3399 3395 συλλέγειν
3426 3343 3484 3377 τε
3526 3326 3639 3394 ἥδη

2050 3419 2188 3488 πρὸς
2222 3418 2401 3489 μάχην
2430 3418 2496 3471 τὰ
2526 3418 2671 3487 ἔθνη,
2721 3420 2814 3471 καὶ
2845 3419 3104 3471 ἀνάπτειν
3153 3417 3464 3487 ἐπείγεσθαι
3494 3416 3640 3484 πρὸς

2048 3511 2208 3563 τοῦτο
2251 3510 2413 3574 αὐτὰ,
2459 3510 2562 3563 κᾶν
2590 3511 2637 3562 εἰ
2676 3510 2878 3565 ⁹ἐλοιντο
2913 3510 3074 3579 τυχὸν
3117 3508 3213 3579 τὴν
3252 3508 3523 3579 ἠρεμαίαν
3566 3520 3635 3559 τε

2050 3603 2145 3657 καὶ
2173 3603 2510 3673 ἀφιλόμαχον
2538 3604 2751 3657 ἑλέσθαι
2785 3605 2951 3675 ζωήν.
2985 3605 3154 3657 Τοῦτο
3174 3604 3231 3657 δὲ
3273 3600 3341 3674 ἦν
3370 3601 3639 3672 εὐτολμοι

2051 3696 2247 3759 τάτους
2277 3696 2688 3764 ἀποφαίνοντος,
2725 3696 2818 3748 καὶ
2854 3696 2939 3748 ἐπ’
2971 3696 3120 3766 αύτῷ
3150 3697 3367 3769 θαρρεῖν
3401 3695 3636 3749 ἀναπεί-

2053 3787 2257 3850 θοντος,
2285 3789 2366 3840 ὃτι
2393 3791 2486 3840 καὶ
2514 3788 2621 3839 τῶν
2656 3786 2865 3857 ἐχθρῶν
2910 3788 3165 3857 ἀμείνους
3207 3788 3419 3840 ἔσονται
3463 3786 3639 3839 αὑτοῦ

2054 3878 2506 3950 προασπίζοντος.
2544 3896 2562 3929 ι
2595 3878 2781 3931 Ταῦτα
2806 3878 2869 3949 δὴ
2900 3875 2991 3933 οῦν
3022 3881 3077 3935 ἐν
3104 3883 3214 3943 τοῖς
3256 3880 3430 3932 ἔθνεσι
3461 3879 3641 3948 κηρύ-

2056 3970 2201 4034 ξατε,
2226 3972 2387 4041 φησὶ,
2407 3974 2498 4024 καὶ
2526 3971 2787 4040 ἁγιάσατε
2813 3972 3065 4042 πόλεμον.
3084 3991 3100 4023 ι
3123 3972 3231 4025 Καὶ
3247 3972 3305 4023 τὸ
3331 3971 3642 4041 Ἄγιάσατε

2056 4061 2214 4115 πάλιν
2242 4062 2409 4129 ἐστὶν,
2452 4063 2604 4133 Ἐμοὶ
2633 4061 3007 4133 καθιερώσατε
3031 4063 3231 4133 τρόπον
3272 4061 3411 4125 τινὰ,
3439 4061 3640 4130 ἔσομαι

2056 4153 2166 4222 γάρ
2202 4153 2230 4205 6
2267 4152 2513 4223 μαχητὴς
2558 4151 2690 4222 ἐγὼ,
2738 4153 2831 4206 καὶ⁸
2879 4155 2958 4215 είς
2996 4152 3134 4222 ἐμὴν
3175 4150 3330 4215 δόξαν
3375 4150 3527 4202 ἔσται
3574 4150 3642 4201 τὸ

2057 4246 2354 4315 δρώμενον,
2392 4245 2753 4316 Τεονήξονται
2790 4248 2898 4316 γὰρ
2945 4248 2991 4298 οἱ
3032 4246 3129 4316 τὴν
3164 4245 3301 4315 ἐμὴν
3342 4244 3499 4309 δόξαν
3535 4244 3641 4294 άν-

2057 4336 2290 4405 άψαντες
2310 4336 2485 4403 ξύλοις
2514 4356 2571 4390 τε
2600 4340 2694 4391 καὶ
2724 4338 3108 4402 λίθοις.”Απαν
3135 4338 3191 4390 δὲ
3220 4338 3279 4388 τὸ
3308 4336 3638 4403 ἀγιάζεσθαι

382 4414 635 4469 buerunt.
702 4416 873 4472 Omne
911 4428 1089 4473 autem
1142 4422 1283 4487 quod
1348 4422 1677 4475 sanctiﬁcari
1733 4422 1942 4488 dicitur,

2061 4428 2374 4500 λεγόμενον,
2396 4430 2476 4494 εἰς
2507 4430 2662 4496 δόξαν
2686 4431 2773 4483 ἀεὶ
2809 4431 3140 4501 προσάγεται
3168 4430 3322 4483 Θεοῦ.
3354 4429 3452 4481 Διά
3480 4428 3643 4481 τοῦτό

384 4520 599 4575 semper
628 4522 749 4560 cum
793 4508 968 4562 divina
1021 4510 1190 4578 gloria
1249 4511 1413 4581 239
1461 4511 1804 4579 conjunctum
1852 4525 1956 4570 est.

384 4592 507 4647 Ideo
546 4592 619 4648 ait
654 4612 667 4651 :
705 4613 722 4645 ι
758 4594 1101 4651 Sanctiticate
1132 4600 1352 4665 bellum,
1386 4600 1642 4655 suscitato
1690 4614 1954 4673 pugnato-

387 4699 492 4738 res.
534 4702 551 4736 ι
586 4685 650 4738 Ει
679 4684 857 4739 adhuc
900 4686 1197 4757 subjungil,
1261 4707 1279 4738 ι
1318 4689 1597 4753 Accedite,
1637 4705 1825 4748 onmes
1856 4695 1957 4751 viri

386 4770 705 4827 bellatores.
747 4790 766 4824 ι
795 4772 970 4828 Ponat
996 4775 1228 4845 agricola
1254 4791 1413 4831 curas
1474 4786 1529 4831 et
1559 4780 1796 4835 studiqu
1853 4785 1955 4841 sibi

386 4860 797 4931 charissimum;
859 4880 926 4919 ex
974 4872 1157 4919 aratro
1190 4865 1577 4935 rhomphaeam,
1627 4879 1682 4924 et
1732 4888 1766 4927 e
1820 4872 1957 4930 falce

386 4948 629 5005 lanceam
686 4954 789 5009 sibi
843 4953 1112 5020 fabricet;
1147 4970 1253 5011 non
1306 4953 1452 5010 enim
1498 4964 1700 5012 terram
1742 4960 1952 5015 colendi

387 5050 598 5109 tempus
627 5054 733 5110 est,
758 5046 851 5099 sed
879 5046 988 5102 Deo
1020 5056 1332 5118 contempto
1368 5049 1529 5103 dandi
1560 5064 1766 5120 paruas.
1803 5053 1955 5120 Quod

387 5133 431 5187 si
486 5133 607 5199 quis
664 5135 910 5190 inﬁrmus
963 5138 1165 5207 fuerit,
1220 5154 1287 5196 ne
1335 5141 1759 5197 imbecillitatem
1816 5160 1948 5214 pra:-

388 5232 576 5288 tcxat;
626 5226 917 5281 mentiatur
971 5230 1169 5297 potius,
1217 5233 1261 5287 si
1314 5234 1492 5300 Iubet,
1546 5245 1602 5291 et
1657 5236 1760 5291 sibi
1809 5239 1952 5295 vires

386 5332 492 5369 non
526 5315 713 5370 deesse
743 5328 1003 5375 autumet.
1059 5322 1213 5375 Absit
1263 5324 1405 5378 enim
1441 5337 1497 5380 ut
1527 5330 1594 5383 ab
1652 5330 1735 5384 his
1785 5335 1950 5386 armis

386 5421 446 5461 se
472 5418 745 5462 removeat
776 5409 789 5462 !
822 5410 1230 5480 Congregatuini
1267 5415 1447 5485 igitur,
1481 5436 1691 5484 omnes,
1755 5425 1949 5493 inquit,

388 5496 479 5566 qui
511 5498 712 5553 circum
744 5498 981 5555 Judtcam
1009 5503 1286 5571 habitatis,
1316 5517 1368 5563 ct
1409 5511 1552 5565 mitis
1581 5526 1797 5582 quoque
1840 5533 1941 5585 pu-

465 5676 509 5710 ⁵³
534 5678 675 5734 Paul.
717 5694 885 5745 van,
918 5680 1000 5734 19.

2061 4535 2225 4589 φησιν
2277 4539 2294 4571 ι
2337 4520 2627 4588 Ἀγιάσατε
2659 4521 2914 4590 πόλεμον,
2959 4521 3270 4590 ἐξεγείρατε
3297 4520 3420 4582 τοὺς
3457 4538 3641 4589 μαχη-

2058 4612 2175 4675 τάς.
2198 4631 2215 4663 ι
2252 4614 2361 4665 Καὶ
2379 4612 2441 4681 δὴ
2464 4612 2559 4663 καὶ
2589 4614 2866 4681 ὲπιφωνεῖ,
2896 4614 2988 4666 καί
3010 4630 3161 4682 φησι,
3205 4632 3221 4663 ι
3251 4612 3663 4681 Προσαγάγετε,

2059 4703 2260 4766 πάντες
2292 4703 2481 4774 ἄνδρες
2509 4702 2827 4773 πολεμισταί
2836 4746 2848 4759 .
2881 4724 2898 4757 ι
2929 4704 3300 4774 Καταληγέτω
3327 4702 3423 4773 μὲν
3462 4704 3490 4754 6
3536 4719 3643 4771 γηο

2060 4793 2219 4856 πόνος
2245 4792 2351 4846 τῶν
2381 4793 2530 4864 αύτῷ
2550 4793 2880 4862 φιλαιτὰτων
2906 4794 3221 4865 φροντίδων,
3250 4793 3343 4845 καὶ
3368 4791 3640 4843 σπουδασ-

2063 4882 2267 4952 μάτων.
2307 4884 2774 4955 Μεταχαλκευέτω
2801 4884 2858 4939 δέ
2889 4886 2951 4938 τὸ
2998 4886 3095 4956 μὲν
3135 4885 3363 4954 ἄροτρον
3390 4885 3468 4945 είς
3494 4885 3635 4953 ῥομ-

2061 4973 2246 5039 φαίαν,
2280 4974 2379 5045 τὴν
2418 4974 2475 5027 δὲ
2513 4974 2785 5046 δρεπάνην
2826 4976 2905 5038 είς
2953 4974 3335 5046 σειρομάστας.
3392 4973 3467 5025 Οὐ
3522 4972 3633 5041 γάρ

2064 5064 2182 5115 ἐστι
2208 5065 2303 5117 τοῦ
2334 5070 2589 5135 γηπονεῖν
2633 5068 2661 5120 6
2694 5067 2905 5138 καιρὸς,
2948 5067 3081 5120 ἀλλά
3120 5066 3212 5119 τοῦ
3244 5066 3439 5118 διδόναι
3476 5064 3635 5129 δίκας

2060 5154 2418 5226 ὴτιμασμένῳ
2435 5156 2571 5227 Θεῷ.
2598 5157 2659 5211 Εἰ
2680 5158 2736 5211 δὲ
2756 5158 2818 5229 δή
2836 5174 2919 5219 τις
2941 5158 3022 5228 εἴη
3056 5160 3149 5212 καὶ
3169 5158 3445 5221 ἀδύνατος,
3477 5160 3633 5227 φησὶ,

2064 5243 2138 5311 μὴ
2170 5245 2369 5314 σκῆψιν
2396 5246 2564 5315 ἐχέτω
2592 5248 2650 5299 τὸ
2668 5248 2914 5312 άναλκὲς,
2946 5248 3224 5317 ψευδέσθω
3247 5248 3303 5301 δὲ
3326 5251 3419 5301 καὶ
3451 5248 3635 5314 αὐτὸς,

2062 5334 2398 5402 εἰβούλεται,
2435 5339 2525 5390 καὶ
2556 5339 2762 5405 λεγέτω
2789 5339 2849 5391 τὸ
2876 5338 3151 5393 δύνασθαι.
3187 5340 3278 5410 Μὴ
3300 5341 3408 5411 γὰρ
3440 5340 3503 5409 δὴ
3533 5340 3637 5391 τῶν

2059 5426 2237 5478 ὅπλων
2278 5430 2392 5500 ἤτω
2433 5432 2669 5503 μακράν.
2707 5432 3095 5502 Συναγείρεσθε
3139 5432 3201 5503 δὴ
3242 5429 3334 5487 οὖν
3378 5432 3637 5494 ἅπαντες,

2726 5526 2785 5545 ’1-
2834 5525 2873 5545 5,
2902 5526 2913 5545 Ι

2060 5522 2241 5590 φησὶν,
2282 5525 2329 5575 οἱ
2370 5525 2553 5595 κύκλῳ
2587 5525 2682 5596 τῆς
2726 5525 3005 5590 Ἰουδαίας,
3057 5525 3150 5579 καὶ
3196 5528 3224 5578 ὁ
3269 5524 3451 5595 πραῢς
3486 5525 3638 5577 ἔσται
