  <div class='ocr_page' id='page_1' title='image "/cluster/home/n/w/nwhite01/storage/ocr_20150623/71/hvd.32044073502007/204.png"; bbox 0 0 3948 6208; ppageno 0'>
   <div class='ocr_carea' id='block_1_1' title="bbox 297 315 3533 400">
    <p class='ocr_par' dir='ltr' id='par_1_1' title="bbox 297 315 3533 400">
     <span class='ocr_line' id='line_1_1' title="bbox 297 315 3533 400; baseline 0.001 -14"><span class='ocrx_word' id='word_1_1' title='bbox 297 328 403 389; x_wconf 73' lang='lat'><strong>397</strong></span> <span class='ocrx_word' id='word_1_2' title='bbox 1178 315 1728 390; x_wconf 60' lang='lat' dir='ltr'><strong>COMMENTARIUS</strong></span> <span class='ocrx_word' id='word_1_3' title='bbox 1769 316 1832 386; x_wconf 72' lang='lat' dir='ltr'><strong>ta</strong></span> <span class='ocrx_word' id='word_1_4' title='bbox 1873 317 2135 386; x_wconf 69' lang='lat' dir='ltr'><strong>JOELEM</strong></span> <span class='ocrx_word' id='word_1_5' title='bbox 2175 316 2615 388; x_wconf 57' lang='lat' dir='ltr'><strong>adornauit.</strong></span> <span class='ocrx_word' id='word_1_6' title='bbox 3426 344 3533 400; x_wconf 70' lang='lat'><strong>593</strong></span> 
     </span>
    </p>
   </div>
   <div class='ocr_carea' id='block_1_2' title="bbox 297 438 1830 519">
    <p class='ocr_par' dir='ltr' id='par_1_2' title="bbox 297 438 1830 515">
     <span class='ocr_line' id='line_1_2' title="bbox 297 438 1830 515; baseline 0.001 -21"><span class='ocrx_word' id='word_1_7' title='bbox 297 438 564 512; x_wconf 81' lang='grc' dir='ltr'>μαχητὴς,</span> <span class='ocrx_word' id='word_1_8' title='bbox 610 440 875 506; x_wconf 81' lang='grc' dir='ltr'><strong>τουτέστι,</strong></span> <span class='ocrx_word' id='word_1_9' title='bbox 925 443 1020 494; x_wconf 72' lang='grc' dir='ltr'>καὶ</span> <span class='ocrx_word' id='word_1_10' title='bbox 1071 442 1125 496; x_wconf 82' lang='grc' dir='ltr'><strong>εί</strong></span> <span class='ocrx_word' id='word_1_11' title='bbox 1150 462 1234 508; x_wconf 88' lang='grc' dir='ltr'><strong>τις</strong></span> <span class='ocrx_word' id='word_1_12' title='bbox 1271 445 1379 498; x_wconf 80' lang='grc' dir='ltr'><strong>τῶν</strong></span> <span class='ocrx_word' id='word_1_13' title='bbox 1429 446 1714 515; x_wconf 83' lang='grc' dir='ltr'>ἀοργήτων</span> <span class='ocrx_word' id='word_1_14' title='bbox 1755 445 1830 510; x_wconf 65' lang='grc' dir='ltr'>εἰη</span> 
     </span>
    </p>
   </div>
   <div class='ocr_carea' id='block_1_3' title="bbox 1938 438 3532 519">
    <p class='ocr_par' dir='ltr' id='par_1_3' title="bbox 1967 446 3532 519">
     <span class='ocr_line' id='line_1_3' title="bbox 1967 446 3532 519; baseline 0.013 -26"><span class='ocrx_word' id='word_1_15' title='bbox 1967 457 2084 510; x_wconf 82' lang='lat' dir='ltr'><strong>gnae</strong></span> <span class='ocrx_word' id='word_1_16' title='bbox 2111 459 2170 498; x_wconf 89' lang='lat' dir='ltr'><strong>se</strong></span> <span class='ocrx_word' id='word_1_17' title='bbox 2199 446 2418 508; x_wconf 86' lang='lat' dir='ltr'><strong>credat,</strong></span> <span class='ocrx_word' id='word_1_18' title='bbox 2453 447 2556 500; x_wconf 91' lang='lat' dir='ltr'><strong>hoc</strong></span> <span class='ocrx_word' id='word_1_19' title='bbox 2578 455 2659 501; x_wconf 85' lang='lat' dir='ltr'><strong>est</strong></span> <span class='ocrx_word' id='word_1_20' title='bbox 2685 489 2700 511; x_wconf 90' lang='lat'><strong>,</strong></span> <span class='ocrx_word' id='word_1_21' title='bbox 2769 448 2870 501; x_wconf 76' lang='lat' dir='ltr'><strong>e&#39;si</strong></span> <span class='ocrx_word' id='word_1_22' title='bbox 2921 450 3184 519; x_wconf 81' lang='lat' dir='ltr'><strong>quispiam</strong></span> <span class='ocrx_word' id='word_1_23' title='bbox 3231 453 3390 512; x_wconf 79' lang='lat' dir='ltr'><strong>irasci</strong></span> <span class='ocrx_word' id='word_1_24' title='bbox 3432 473 3532 513; x_wconf 89' lang='lat' dir='ltr'><strong>ne-</strong></span> 
     </span>
    </p>
   </div>
   <div class='ocr_carea' id='block_1_4' title="bbox 291 523 1830 610">
    <p class='ocr_par' dir='ltr' id='par_1_4' title="bbox 291 523 1827 604">
     <span class='ocr_line' id='line_1_4' title="bbox 291 523 1827 604; baseline 0.005 -24"><span class='ocrx_word' id='word_1_25' title='bbox 291 531 429 580; x_wconf 75' lang='grc' dir='ltr'>εστω</span> <span class='ocrx_word' id='word_1_26' title='bbox 461 528 559 582; x_wconf 74' lang='grc' dir='ltr'>καὶ</span> <span class='ocrx_word' id='word_1_27' title='bbox 590 523 745 592; x_wconf 72' lang='grc' dir='ltr'>οὗτος</span> <span class='ocrx_word' id='word_1_28' title='bbox 776 533 1044 603; x_wconf 74' lang='grc' dir='ltr'>μαχητής.</span> <span class='ocrx_word' id='word_1_29' title='bbox 1079 534 1302 604; x_wconf 82' lang='grc' dir='ltr'><strong>Ὅμοιον</strong></span> <span class='ocrx_word' id='word_1_30' title='bbox 1334 535 1410 596; x_wconf 83' lang='grc' dir='ltr'>ὡς</span> <span class='ocrx_word' id='word_1_31' title='bbox 1435 537 1483 588; x_wconf 83' lang='grc' dir='ltr'><strong>εί</strong></span> <span class='ocrx_word' id='word_1_32' title='bbox 1512 535 1680 604; x_wconf 83' lang='grc' dir='ltr'><strong>λέγει,</strong></span> <span class='ocrx_word' id='word_1_33' title='bbox 1707 536 1827 589; x_wconf 76' lang='grc' dir='ltr'>οὐδε</span> 
     </span>
    </p>
   </div>
   <div class='ocr_carea' id='block_1_5' title="bbox 1938 523 3537 610">
    <p class='ocr_par' dir='ltr' id='par_1_5' title="bbox 1965 533 3537 610">
     <span class='ocr_line' id='line_1_5' title="bbox 1965 533 3537 610; baseline 0.011 -22"><span class='ocrx_word' id='word_1_34' title='bbox 1965 533 2122 596; x_wconf 87' lang='lat' dir='ltr'><strong>sciat,</strong></span> <span class='ocrx_word' id='word_1_35' title='bbox 2164 535 2511 592; x_wconf 82' lang='lat' dir='ltr'><strong>nihilominus</strong></span> <span class='ocrx_word' id='word_1_36' title='bbox 2552 539 2690 594; x_wconf 86' lang='lat' dir='ltr'><strong>idem</strong></span> <span class='ocrx_word' id='word_1_37' title='bbox 2721 553 2871 592; x_wconf 86' lang='lat' dir='ltr'><strong>arma</strong></span> <span class='ocrx_word' id='word_1_38' title='bbox 2901 543 3178 610; x_wconf 84' lang='lat' dir='ltr'><strong>corripiat.</strong></span> <span class='ocrx_word' id='word_1_39' title='bbox 3209 545 3440 604; x_wconf 83' lang='lat' dir='ltr'><strong>Perinde</strong></span> <span class='ocrx_word' id='word_1_40' title='bbox 3471 565 3537 605; x_wconf 86' lang='lat' dir='ltr'><strong>ac</strong></span> 
     </span>
    </p>
   </div>
   <div class='ocr_carea' id='block_1_6' title="bbox 290 609 1830 704">
    <p class='ocr_par' dir='ltr' id='par_1_6' title="bbox 290 609 1828 696">
     <span class='ocr_line' id='line_1_6' title="bbox 290 609 1828 696; baseline 0.007 -26"><span class='ocrx_word' id='word_1_41' title='bbox 290 619 373 681; x_wconf 77' lang='grc' dir='ltr'>νὸς</span> <span class='ocrx_word' id='word_1_42' title='bbox 399 619 460 671; x_wconf 85' lang='grc' dir='ltr'>τὸ</span> <span class='ocrx_word' id='word_1_43' title='bbox 486 619 710 688; x_wconf 81' lang='grc' dir='ltr'><strong>σύμπαν</strong></span> <span class='ocrx_word' id='word_1_44' title='bbox 751 609 1232 694; x_wconf 73' lang='grc' dir='ltr'><strong>ὑπολελειμμένου⁹</strong></span> <span class='ocrx_word' id='word_1_45' title='bbox 1268 626 1390 680; x_wconf 80' lang='grc' dir='ltr'>Κᾶν</span> <span class='ocrx_word' id='word_1_46' title='bbox 1417 628 1466 680; x_wconf 86' lang='grc' dir='ltr'><strong>εί</strong></span> <span class='ocrx_word' id='word_1_47' title='bbox 1498 627 1733 696; x_wconf 86' lang='grc' dir='ltr'>γηπόνος</span> <span class='ocrx_word' id='word_1_48' title='bbox 1776 645 1828 680; x_wconf 90' lang='grc' dir='ltr'><strong>τι</strong></span> 
     </span>
    </p>
   </div>
   <div class='ocr_carea' id='block_1_7' title="bbox 1938 609 3532 704">
    <p class='ocr_par' dir='ltr' id='par_1_7' title="bbox 1963 624 3532 704">
     <span class='ocr_line' id='line_1_7' title="bbox 1963 624 3532 704; baseline 0.013 -28"><span class='ocrx_word' id='word_1_49' title='bbox 1963 624 2008 676; x_wconf 89' lang='lat' dir='ltr'><strong>si</strong></span> <span class='ocrx_word' id='word_1_50' title='bbox 2031 625 2194 690; x_wconf 85' lang='lat' dir='ltr'><strong>dicat,</strong></span> <span class='ocrx_word' id='word_1_51' title='bbox 2222 626 2370 680; x_wconf 90' lang='lat' dir='ltr'><strong>nullo</strong></span> <span class='ocrx_word' id='word_1_52' title='bbox 2393 641 2614 694; x_wconf 87' lang='lat' dir='ltr'><strong>prorsus</strong></span> <span class='ocrx_word' id='word_1_53' title='bbox 2653 630 2842 685; x_wconf 84' lang='lat' dir='ltr'><strong>reliCIo</strong></span> <span class='ocrx_word' id='word_1_54' title='bbox 2877 647 2890 684; x_wconf 89' lang='lat'><strong>:</strong></span> <span class='ocrx_word' id='word_1_55' title='bbox 2925 632 3050 686; x_wconf 87' lang='lat' dir='ltr'><strong>Sive</strong></span> <span class='ocrx_word' id='word_1_56' title='bbox 3082 649 3218 704; x_wconf 76' lang='lat' dir='ltr'><strong>Opus</strong></span> <span class='ocrx_word' id='word_1_57' title='bbox 3267 641 3532 696; x_wconf 84' lang='lat' dir='ltr'><strong>rusticum</strong></span> 
     </span>
    </p>
   </div>
   <div class='ocr_carea' id='block_1_8' title="bbox 288 712 1830 796">
    <p class='ocr_par' dir='ltr' id='par_1_8' title="bbox 288 712 1790 789">
     <span class='ocr_line' id='line_1_8' title="bbox 288 712 1790 789; baseline 0.004 -24"><span class='ocrx_word' id='word_1_58' title='bbox 288 713 390 780; x_wconf 72' lang='grc' dir='ltr'>εἴη,</span> <span class='ocrx_word' id='word_1_59' title='bbox 443 712 548 766; x_wconf 76' lang='grc' dir='ltr'><strong>κᾶν</strong></span> <span class='ocrx_word' id='word_1_60' title='bbox 592 715 643 766; x_wconf 85' lang='grc' dir='ltr'><strong>εί</strong></span> <span class='ocrx_word' id='word_1_61' title='bbox 682 713 852 778; x_wconf 86' lang='grc' dir='ltr'>δειλός</span> <span class='ocrx_word' id='word_1_62' title='bbox 909 731 968 767; x_wconf 87' lang='grc' dir='ltr'><strong>τε</strong></span> <span class='ocrx_word' id='word_1_63' title='bbox 1009 716 1103 768; x_wconf 81' lang='grc' dir='ltr'><strong>καὶ</strong></span> <span class='ocrx_word' id='word_1_64' title='bbox 1143 717 1403 788; x_wconf 82' lang='grc' dir='ltr'>ἄνανδρος</span> <span class='ocrx_word' id='word_1_65' title='bbox 1455 713 1644 789; x_wconf 76' lang='grc' dir='ltr'>(οὗτος</span> <span class='ocrx_word' id='word_1_66' title='bbox 1681 718 1790 786; x_wconf 81' lang='grc' dir='ltr'>γὰρ</span> 
     </span>
    </p>
   </div>
   <div class='ocr_carea' id='block_1_9' title="bbox 1938 712 3536 796">
    <p class='ocr_par' dir='ltr' id='par_1_9' title="bbox 1964 712 3536 796">
     <span class='ocr_line' id='line_1_9' title="bbox 1964 712 3536 796; baseline 0.015 -31"><span class='ocrx_word' id='word_1_67' title='bbox 1964 712 2127 766; x_wconf 77' lang='lat' dir='ltr'><strong>faciat</strong></span> <span class='ocrx_word' id='word_1_68' title='bbox 2156 717 2298 782; x_wconf 84' lang='lat' dir='ltr'><strong>quis,</strong></span> <span class='ocrx_word' id='word_1_69' title='bbox 2359 717 2473 772; x_wconf 92' lang='lat' dir='ltr'><strong>sive</strong></span> <span class='ocrx_word' id='word_1_70' title='bbox 2513 719 2732 774; x_wconf 90' lang='lat' dir='ltr'><strong>timidus</strong></span> <span class='ocrx_word' id='word_1_71' title='bbox 2767 731 2820 774; x_wconf 84' lang='lat' dir='ltr'><strong>et</strong></span> <span class='ocrx_word' id='word_1_72' title='bbox 2871 721 3102 778; x_wconf 83' lang='lat' dir='ltr'><strong>imbellis</strong></span> <span class='ocrx_word' id='word_1_73' title='bbox 3138 727 3207 796; x_wconf 84' lang='lat' dir='ltr'><strong>(is</strong></span> <span class='ocrx_word' id='word_1_74' title='bbox 3251 730 3395 784; x_wconf 91' lang='lat' dir='ltr'><strong>enim</strong></span> <span class='ocrx_word' id='word_1_75' title='bbox 3451 743 3536 788; x_wconf 85' lang='lat' dir='ltr'><strong>est</strong></span> 
     </span>
    </p>
   </div>
   <div class='ocr_carea' id='block_1_10' title="bbox 286 802 1830 890">
    <p class='ocr_par' dir='ltr' id='par_1_10' title="bbox 286 802 1830 880">
     <span class='ocr_line' id='line_1_10' title="bbox 286 802 1830 880; baseline 0.003 -25"><span class='ocrx_word' id='word_1_76' title='bbox 286 802 622 874; x_wconf 82' lang='grc' dir='ltr'>ἀδύνατος),</span> <span class='ocrx_word' id='word_1_77' title='bbox 641 805 742 858; x_wconf 81' lang='grc' dir='ltr'><strong>κᾶν</strong></span> <span class='ocrx_word' id='word_1_78' title='bbox 768 807 817 857; x_wconf 89' lang='grc' dir='ltr'><strong>εί</strong></span> <span class='ocrx_word' id='word_1_79' title='bbox 838 807 1028 875; x_wconf 79' lang='grc' dir='ltr'>πρᾶος,</span> <span class='ocrx_word' id='word_1_80' title='bbox 1056 807 1150 860; x_wconf 72' lang='grc' dir='ltr'>καὶ</span> <span class='ocrx_word' id='word_1_81' title='bbox 1181 808 1830 880; x_wconf 84' lang='grc' dir='ltr'>ἀφιλοπόλεμος,παραθη</span> 
     </span>
    </p>
   </div>
   <div class='ocr_carea' id='block_1_11' title="bbox 1938 802 3533 890">
    <p class='ocr_par' dir='ltr' id='par_1_11' title="bbox 1963 805 3533 890">
     <span class='ocr_line' id='line_1_11' title="bbox 1963 805 3533 890; baseline 0.013 -33"><span class='ocrx_word' id='word_1_82' title='bbox 1963 805 2269 876; x_wconf 81' lang='grc' dir='ltr'>ἀδύνατος),</span> <span class='ocrx_word' id='word_1_83' title='bbox 2293 808 2407 862; x_wconf 86' lang='lat' dir='ltr'><strong>sive</strong></span> <span class='ocrx_word' id='word_1_84' title='bbox 2433 813 2698 866; x_wconf 90' lang='lat' dir='ltr'><strong>mansueti</strong></span> <span class='ocrx_word' id='word_1_85' title='bbox 2725 814 2924 882; x_wconf 78' lang='lat' dir='ltr'><strong>ingenii</strong></span> <span class='ocrx_word' id='word_1_86' title='bbox 2949 825 3003 869; x_wconf 90' lang='lat' dir='ltr'><strong>et</strong></span> <span class='ocrx_word' id='word_1_87' title='bbox 3031 832 3059 869; x_wconf 88' lang='lat' dir='ltr'><strong>a</strong></span> <span class='ocrx_word' id='word_1_88' title='bbox 3088 817 3279 873; x_wconf 69' lang='lat' dir='ltr'><strong>béllico</strong></span> <span class='ocrx_word' id='word_1_89' title='bbox 3303 825 3533 890; x_wconf 75' lang='lat' dir='ltr'><strong>strepitu</strong></span> 
     </span>
    </p>
   </div>
   <div class='ocr_carea' id='block_1_12' title="bbox 284 895 1830 972">
    <p class='ocr_par' dir='ltr' id='par_1_12' title="bbox 284 895 1830 970">
     <span class='ocr_line' id='line_1_12' title="bbox 284 895 1830 970; baseline 0.005 -23"><span class='ocrx_word' id='word_1_90' title='bbox 284 895 460 963; x_wconf 85' lang='grc' dir='ltr'>γέσθω</span> <span class='ocrx_word' id='word_1_91' title='bbox 489 898 630 966; x_wconf 85' lang='grc' dir='ltr'>πρὸς</span> <span class='ocrx_word' id='word_1_92' title='bbox 661 896 861 968; x_wconf 86' lang='grc' dir='ltr'>μάχην.</span> <span class='ocrx_word' id='word_1_93' title='bbox 891 898 1310 970; x_wconf 86' lang='grc' dir='ltr'>Παραιτήσομαι</span> <span class='ocrx_word' id='word_1_94' title='bbox 1340 901 1450 970; x_wconf 86' lang='grc' dir='ltr'>γὰρ</span> <span class='ocrx_word' id='word_1_95' title='bbox 1475 901 1682 954; x_wconf 83' lang='grc' dir='ltr'><strong>οὐδένα.</strong></span> <span class='ocrx_word' id='word_1_96' title='bbox 1733 903 1830 954; x_wconf 87' lang='grc' dir='ltr'>Δια</span> 
     </span>
    </p>
   </div>
   <div class='ocr_carea' id='block_1_13' title="bbox 1938 895 3531 972">
    <p class='ocr_par' dir='ltr' id='par_1_13' title="bbox 1962 897 3531 972">
     <span class='ocr_line' id='line_1_13' title="bbox 1962 897 3531 972; baseline 0.013 -23"><span class='ocrx_word' id='word_1_97' title='bbox 1962 897 2191 965; x_wconf 84' lang='lat' dir='ltr'><strong>alienus,</strong></span> <span class='ocrx_word' id='word_1_98' title='bbox 2233 901 2298 953; x_wconf 90' lang='lat' dir='ltr'><strong>ad</strong></span> <span class='ocrx_word' id='word_1_99' title='bbox 2334 905 2568 971; x_wconf 84' lang='lat' dir='ltr'><strong>pugnam</strong></span> <span class='ocrx_word' id='word_1_100' title='bbox 2594 913 2766 958; x_wconf 88' lang='lat' dir='ltr'><strong>semet</strong></span> <span class='ocrx_word' id='word_1_101' title='bbox 2804 919 3033 962; x_wconf 76' lang='lat' dir='ltr'><strong>exacuat</strong></span> <span class='ocrx_word' id='word_1_102' title='bbox 3066 947 3081 972; x_wconf 92' lang='lat'><strong>,</strong></span> <span class='ocrx_word' id='word_1_103' title='bbox 3129 911 3332 964; x_wconf 90' lang='lat' dir='ltr'><strong>nullum</strong></span> <span class='ocrx_word' id='word_1_104' title='bbox 3369 930 3531 968; x_wconf 82' lang='lat' dir='ltr'><strong>recu-</strong></span> 
     </span>
    </p>
   </div>
   <div class='ocr_carea' id='block_1_14' title="bbox 283 984 1830 1085">
    <p class='ocr_par' dir='ltr' id='par_1_14' title="bbox 283 984 1828 1063">
     <span class='ocr_line' id='line_1_14' title="bbox 283 984 1828 1063; baseline 0.005 -25"><span class='ocrx_word' id='word_1_105' title='bbox 283 986 454 1054; x_wconf 85' lang='grc' dir='ltr'>κρινῶ</span> <span class='ocrx_word' id='word_1_106' title='bbox 486 987 546 1040; x_wconf 81' lang='grc' dir='ltr'>δὲ</span> <span class='ocrx_word' id='word_1_107' title='bbox 591 988 840 1054; x_wconf 76' lang='grc' dir='ltr'>ἅπαντας</span> <span class='ocrx_word' id='word_1_108' title='bbox 869 991 926 1044; x_wconf 83' lang='grc' dir='ltr'>ὲν</span> <span class='ocrx_word' id='word_1_109' title='bbox 958 995 1023 1062; x_wconf 80' lang='grc' dir='ltr'>τῇ</span> <span class='ocrx_word' id='word_1_110' title='bbox 1063 992 1269 1046; x_wconf 83' lang='grc' dir='ltr'>κοιλάδι</span> <span class='ocrx_word' id='word_1_111' title='bbox 1305 992 1401 1046; x_wconf 80' lang='grc' dir='ltr'><strong>τοῦ</strong></span> <span class='ocrx_word' id='word_1_112' title='bbox 1447 984 1735 1063; x_wconf 67' lang='grc' dir='ltr'>Ἰωσαφάτ.</span> <span class='ocrx_word' id='word_1_113' title='bbox 1785 996 1828 1046; x_wconf 89' lang='grc' dir='ltr'><strong>Τ</strong></span> 
     </span>
    </p>
   </div>
   <div class='ocr_carea' id='block_1_15' title="bbox 1938 984 3526 1085">
    <p class='ocr_par' dir='ltr' id='par_1_15' title="bbox 1959 985 3526 1070">
     <span class='ocr_line' id='line_1_15' title="bbox 1959 985 3526 1070; baseline 0.011 -30"><span class='ocrx_word' id='word_1_114' title='bbox 1959 985 2112 1040; x_wconf 85' lang='lat' dir='ltr'><strong>sabo.</strong></span> <span class='ocrx_word' id='word_1_115' title='bbox 2143 986 2404 1044; x_wconf 84' lang='lat' dir='ltr'><strong>Judicabo</strong></span> <span class='ocrx_word' id='word_1_116' title='bbox 2431 1006 2619 1047; x_wconf 86' lang='lat' dir='ltr'><strong>omnes</strong></span> <span class='ocrx_word' id='word_1_117' title='bbox 2650 994 2701 1048; x_wconf 93' lang='lat' dir='ltr'><strong>in</strong></span> <span class='ocrx_word' id='word_1_118' title='bbox 2724 997 2860 1050; x_wconf 84' lang='lat' dir='ltr'><strong>valle</strong></span> <span class='ocrx_word' id='word_1_119' title='bbox 2885 997 3144 1068; x_wconf 80' lang='lat' dir='ltr'><strong>Josapliat</strong></span> <span class='ocrx_word' id='word_1_120' title='bbox 3174 1003 3188 1055; x_wconf 68' lang='grc' dir='ltr'>ξ</span> <span class='ocrx_word' id='word_1_121' title='bbox 3219 1007 3360 1070; x_wconf 87' lang='lat' dir='ltr'><strong>quod</strong></span> <span class='ocrx_word' id='word_1_122' title='bbox 3400 1021 3526 1061; x_wconf 78' lang='lat' dir='ltr'><strong>ver-</strong></span> 
     </span>
    </p>
   </div>
   <div class='ocr_carea' id='block_1_16' title="bbox 279 1075 3533 1166">
    <p class='ocr_par' dir='ltr' id='par_1_16' title="bbox 279 1075 3533 1166">
     <span class='ocr_line' id='line_1_16' title="bbox 279 1075 3533 1166; baseline 0.011 -36"><span class='ocrx_word' id='word_1_123' title='bbox 279 1076 612 1149; x_wconf 81' lang='grc' dir='ltr'>δὲΔιακρινῶ</span> <span class='ocrx_word' id='word_1_124' title='bbox 640 1082 914 1152; x_wconf 80' lang='grc' dir='ltr'>σημαίνει,</span> <span class='ocrx_word' id='word_1_125' title='bbox 939 1084 1020 1137; x_wconf 79' lang='grc' dir='ltr'>ὅτι</span> <span class='ocrx_word' id='word_1_126' title='bbox 1045 1085 1251 1156; x_wconf 81' lang='grc' dir='ltr'>Κριτὴς</span> <span class='ocrx_word' id='word_1_127' title='bbox 1275 1086 1469 1155; x_wconf 81' lang='grc' dir='ltr'>ἔσομαι</span> <span class='ocrx_word' id='word_1_128' title='bbox 1490 1087 1858 1154; x_wconf 84' lang='grc' dir='ltr'>δυνατὸς,ποι-</span> <span class='ocrx_word' id='word_1_129' title='bbox 1960 1075 2088 1130; x_wconf 71' lang='lat' dir='ltr'><strong>bum</strong></span> <span class='ocrx_word' id='word_1_130' title='bbox 2119 1078 2404 1147; x_wconf 68' lang='grc' dir='ltr'>εῑεηίίίεειο</span> <span class='ocrx_word' id='word_1_131' title='bbox 2433 1081 2603 1137; x_wconf 61' lang='grc' dir='ltr'><strong>δυάδι</strong></span> <span class='ocrx_word' id='word_1_132' title='bbox 2635 1100 2730 1141; x_wconf 71' lang='lat' dir='ltr'><strong>em</strong></span> <span class='ocrx_word' id='word_1_133' title='bbox 2755 1098 2977 1156; x_wconf 70' lang='grc' dir='ltr'><strong>Ροῑθυεε</strong></span> <span class='ocrx_word' id='word_1_134' title='bbox 3035 1083 3213 1159; x_wconf 72' lang='grc' dir='ltr'>νωηίε</span> <span class='ocrx_word' id='word_1_135' title='bbox 3245 1106 3298 1149; x_wconf 68' lang='grc' dir='ltr'><strong>ει</strong></span> <span class='ocrx_word' id='word_1_136' title='bbox 3326 1097 3533 1166; x_wconf 77' lang='grc' dir='ltr'>ευρνιί-</span> 
     </span>
    </p>
   </div>
   <div class='ocr_carea' id='block_1_17' title="bbox 279 1166 1830 1250">
    <p class='ocr_par' dir='ltr' id='par_1_17' title="bbox 279 1171 1830 1249">
     <span class='ocr_line' id='line_1_17' title="bbox 279 1171 1830 1249; baseline 0.01 -30"><span class='ocrx_word' id='word_1_137' title='bbox 279 1171 392 1231; x_wconf 84' lang='grc' dir='ltr'>ναῖς</span> <span class='ocrx_word' id='word_1_138' title='bbox 456 1187 516 1222; x_wconf 89' lang='grc' dir='ltr'><strong>τε</strong></span> <span class='ocrx_word' id='word_1_139' title='bbox 560 1172 654 1224; x_wconf 80' lang='grc' dir='ltr'><strong>καὶ</strong></span> <span class='ocrx_word' id='word_1_140' title='bbox 697 1173 877 1237; x_wconf 81' lang='grc' dir='ltr'>δίκαις</span> <span class='ocrx_word' id='word_1_141' title='bbox 919 1176 1086 1238; x_wconf 73' lang='grc' dir='ltr'>ὲνιεὶς</span> <span class='ocrx_word' id='word_1_142' title='bbox 1135 1177 1262 1239; x_wconf 73' lang='grc' dir='ltr'>τοὺς</span> <span class='ocrx_word' id='word_1_143' title='bbox 1305 1177 1714 1248; x_wconf 62' lang='grc' dir='ltr'><strong>διαρπάσαντας</strong></span> <span class='ocrx_word' id='word_1_144' title='bbox 1759 1178 1830 1249; x_wconf 71' lang='grc' dir='ltr'><strong>μὲ</strong></span> 
     </span>
    </p>
   </div>
   <div class='ocr_carea' id='block_1_18' title="bbox 1938 1166 3532 1250">
    <p class='ocr_par' dir='ltr' id='par_1_18' title="bbox 1960 1166 3532 1250">
     <span class='ocr_line' id='line_1_18' title="bbox 1960 1166 3532 1250; baseline 0.015 -30"><span class='ocrx_word' id='word_1_145' title='bbox 1960 1166 2059 1222; x_wconf 88' lang='lat' dir='ltr'><strong>ciis</strong></span> <span class='ocrx_word' id='word_1_146' title='bbox 2092 1183 2456 1240; x_wconf 85' lang='lat' dir='ltr'><strong>prosequens,</strong></span> <span class='ocrx_word' id='word_1_147' title='bbox 2493 1175 2582 1243; x_wconf 91' lang='lat' dir='ltr'><strong>qui</strong></span> <span class='ocrx_word' id='word_1_148' title='bbox 2623 1175 2922 1234; x_wconf 86' lang='lat' dir='ltr'><strong>diviserunt</strong></span> <span class='ocrx_word' id='word_1_149' title='bbox 2953 1190 3157 1238; x_wconf 90' lang='lat' dir='ltr'><strong>terram</strong></span> <span class='ocrx_word' id='word_1_150' title='bbox 3207 1201 3379 1241; x_wconf 86' lang='lat' dir='ltr'><strong>meam</strong></span> <span class='ocrx_word' id='word_1_151' title='bbox 3406 1227 3420 1250; x_wconf 89' lang='lat'><strong>,</strong></span> <span class='ocrx_word' id='word_1_152' title='bbox 3477 1198 3532 1243; x_wconf 90' lang='lat' dir='ltr'><strong>et</strong></span> 
     </span>
    </p>
   </div>
   <div class='ocr_carea' id='block_1_19' title="bbox 277 1259 1830 1348">
    <p class='ocr_par' dir='ltr' id='par_1_19' title="bbox 277 1259 1830 1340">
     <span class='ocr_line' id='line_1_19' title="bbox 277 1259 1830 1340; baseline 0.006 -29"><span class='ocrx_word' id='word_1_153' title='bbox 277 1262 378 1328; x_wconf 77' lang='grc' dir='ltr'>γῆν</span> <span class='ocrx_word' id='word_1_154' title='bbox 423 1259 523 1331; x_wconf 82' lang='grc' dir='ltr'><strong>τὴν</strong></span> <span class='ocrx_word' id='word_1_155' title='bbox 553 1263 714 1334; x_wconf 82' lang='grc' dir='ltr'>ἐμὴν,</span> <span class='ocrx_word' id='word_1_156' title='bbox 769 1265 958 1336; x_wconf 86' lang='grc' dir='ltr'>κλήρῳ</span> <span class='ocrx_word' id='word_1_157' title='bbox 990 1266 1047 1319; x_wconf 85' lang='grc' dir='ltr'>δὲ</span> <span class='ocrx_word' id='word_1_158' title='bbox 1079 1267 1434 1339; x_wconf 84' lang='grc' dir='ltr'>διαλαχόντας</span> <span class='ocrx_word' id='word_1_159' title='bbox 1470 1269 1564 1322; x_wconf 80' lang='grc' dir='ltr'><strong>τὸν</strong></span> <span class='ocrx_word' id='word_1_160' title='bbox 1617 1268 1830 1340; x_wconf 85' lang='grc' dir='ltr'>Ἰσραὴλ</span> 
     </span>
    </p>
   </div>
   <div class='ocr_carea' id='block_1_20' title="bbox 1938 1259 3521 1348">
    <p class='ocr_par' dir='ltr' id='par_1_20' title="bbox 1957 1260 3521 1348">
     <span class='ocr_line' id='line_1_20' title="bbox 1957 1260 3521 1348; baseline 0.015 -36"><span class='ocrx_word' id='word_1_161' title='bbox 1957 1267 2104 1314; x_wconf 85' lang='lat' dir='ltr'><strong>sorte</strong></span> <span class='ocrx_word' id='word_1_162' title='bbox 2145 1260 2539 1320; x_wconf 86' lang='lat' dir='ltr'><strong>distribuerunt</strong></span> <span class='ocrx_word' id='word_1_163' title='bbox 2571 1267 2772 1334; x_wconf 91' lang='lat' dir='ltr'><strong>Israel,</strong></span> <span class='ocrx_word' id='word_1_164' title='bbox 2833 1271 3277 1345; x_wconf 89' lang='lat' dir='ltr'><strong>tradideruntque</strong></span> <span class='ocrx_word' id='word_1_165' title='bbox 3325 1283 3521 1348; x_wconf 79' lang='lat' dir='ltr'><strong>pueros</strong></span> 
     </span>
    </p>
   </div>
   <div class='ocr_carea' id='block_1_21' title="bbox 275 1352 1830 1437">
    <p class='ocr_par' dir='ltr' id='par_1_21' title="bbox 275 1352 1830 1432">
     <span class='ocr_line' id='line_1_21' title="bbox 275 1352 1830 1432; baseline 0.008 -29"><span class='ocrx_word' id='word_1_166' title='bbox 275 1353 366 1403; x_wconf 81' lang='grc' dir='ltr'>καὶ</span> <span class='ocrx_word' id='word_1_167' title='bbox 425 1352 653 1424; x_wconf 80' lang='grc' dir='ltr'>πόρναις</span> <span class='ocrx_word' id='word_1_168' title='bbox 706 1355 806 1425; x_wconf 85' lang='grc' dir='ltr'>μὲν</span> <span class='ocrx_word' id='word_1_169' title='bbox 865 1357 1160 1423; x_wconf 81' lang='grc' dir='ltr'><strong>δεδωκότας</strong></span> <span class='ocrx_word' id='word_1_170' title='bbox 1216 1359 1286 1413; x_wconf 80' lang='grc' dir='ltr'>τὰ</span> <span class='ocrx_word' id='word_1_171' title='bbox 1338 1361 1619 1432; x_wconf 82' lang='grc' dir='ltr'>παιδάρια,</span> <span class='ocrx_word' id='word_1_172' title='bbox 1686 1378 1830 1416; x_wconf 85' lang='grc' dir='ltr'>κατα</span> 
     </span>
    </p>
   </div>
   <div class='ocr_carea' id='block_1_22' title="bbox 1938 1352 3528 1437">
    <p class='ocr_par' dir='ltr' id='par_1_22' title="bbox 1960 1352 3528 1437">
     <span class='ocr_line' id='line_1_22' title="bbox 1960 1352 3528 1437; baseline 0.017 -36"><span class='ocrx_word' id='word_1_173' title='bbox 1960 1352 2352 1420; x_wconf 86' lang='lat' dir='ltr'><strong>meretricibus,</strong></span> <span class='ocrx_word' id='word_1_174' title='bbox 2394 1365 2448 1412; x_wconf 93' lang='lat' dir='ltr'><strong>et</strong></span> <span class='ocrx_word' id='word_1_175' title='bbox 2477 1358 2680 1427; x_wconf 84' lang='lat' dir='ltr'><strong>puellas</strong></span> <span class='ocrx_word' id='word_1_176' title='bbox 2708 1363 3086 1431; x_wconf 89' lang='lat' dir='ltr'><strong>vendiderunt,</strong></span> <span class='ocrx_word' id='word_1_177' title='bbox 3136 1378 3298 1437; x_wconf 87' lang='lat' dir='ltr'><strong>atque</strong></span> <span class='ocrx_word' id='word_1_178' title='bbox 3348 1380 3404 1425; x_wconf 92' lang='lat' dir='ltr'><strong>ut</strong></span> <span class='ocrx_word' id='word_1_179' title='bbox 3447 1373 3528 1426; x_wconf 82' lang='lat' dir='ltr'><strong>vi-</strong></span> 
     </span>
    </p>
   </div>
   <div class='ocr_carea' id='block_1_23' title="bbox 273 1443 1830 1519">
    <p class='ocr_par' dir='ltr' id='par_1_23' title="bbox 273 1445 1826 1519">
     <span class='ocr_line' id='line_1_23' title="bbox 273 1445 1826 1519; baseline 0.008 -23"><span class='ocrx_word' id='word_1_180' title='bbox 273 1445 631 1514; x_wconf 83' lang='grc' dir='ltr'>πεπρακότας</span> <span class='ocrx_word' id='word_1_181' title='bbox 689 1447 746 1500; x_wconf 82' lang='grc' dir='ltr'>δὲ</span> <span class='ocrx_word' id='word_1_182' title='bbox 778 1446 846 1501; x_wconf 84' lang='grc' dir='ltr'>τὰ</span> <span class='ocrx_word' id='word_1_183' title='bbox 893 1449 1139 1519; x_wconf 87' lang='grc' dir='ltr'>κοράσια,</span> <span class='ocrx_word' id='word_1_184' title='bbox 1184 1451 1278 1504; x_wconf 75' lang='grc' dir='ltr'><strong>καὶ</strong></span> <span class='ocrx_word' id='word_1_185' title='bbox 1311 1451 1387 1515; x_wconf 81' lang='grc' dir='ltr'>ὡς</span> <span class='ocrx_word' id='word_1_186' title='bbox 1427 1447 1569 1507; x_wconf 74' lang='grc' dir='ltr'>οἶνον</span> <span class='ocrx_word' id='word_1_187' title='bbox 1599 1456 1826 1508; x_wconf 82' lang='grc' dir='ltr'>ὲκπεπω</span> 
     </span>
    </p>
   </div>
   <div class='ocr_carea' id='block_1_24' title="bbox 1938 1443 2387 1519">
    <p class='ocr_par' dir='ltr' id='par_1_24' title="bbox 1957 1443 2387 1502">
     <span class='ocr_line' id='line_1_24' title="bbox 1957 1443 2387 1502; baseline 0.021 -9"><span class='ocrx_word' id='word_1_188' title='bbox 1957 1454 2084 1496; x_wconf 90' lang='lat' dir='ltr'><strong>num</strong></span> <span class='ocrx_word' id='word_1_189' title='bbox 2115 1443 2387 1502; x_wconf 85' lang='lat' dir='ltr'><strong>biberunt.</strong></span> 
     </span>
    </p>
   </div>
   <div class='ocr_carea' id='block_1_25' title="bbox 271 1536 1830 1707">
    <p class='ocr_par' dir='ltr' id='par_1_25' title="bbox 271 1536 1818 1707">
     <span class='ocr_line' id='line_1_25' title="bbox 271 1536 459 1592; baseline 0.021 -4"><span class='ocrx_word' id='word_1_190' title='bbox 271 1536 401 1590; x_wconf 82' lang='grc' dir='ltr'>κότα</span> <span class='ocrx_word' id='word_1_191' title='bbox 445 1579 459 1592; x_wconf 97' lang='grc'><strong>.</strong></span> 
     </span>
     <span class='ocr_line' id='line_1_26' title="bbox 353 1555 1818 1707; baseline 0.008 -26"><span class='ocrx_word' id='word_1_192' title='bbox 353 1555 722 1700; x_wconf 51' lang='grc' dir='ltr'>Ἐἒιφωνήσει</span> <span class='ocrx_word' id='word_1_193' title='bbox 751 1620 795 1684; x_wconf 69' lang='grc' dir='ltr'>δ’</span> <span class='ocrx_word' id='word_1_194' title='bbox 833 1632 898 1686; x_wconf 82' lang='grc' dir='ltr'>ἂν</span> <span class='ocrx_word' id='word_1_195' title='bbox 935 1633 1003 1687; x_wconf 76' lang='grc' dir='ltr'>τὰ</span> <span class='ocrx_word' id='word_1_196' title='bbox 1039 1634 1216 1688; x_wconf 83' lang='grc' dir='ltr'>τοιάδε</span> <span class='ocrx_word' id='word_1_197' title='bbox 1248 1636 1409 1689; x_wconf 87' lang='grc' dir='ltr'>πάλιν</span> <span class='ocrx_word' id='word_1_198' title='bbox 1437 1639 1551 1699; x_wconf 77' lang='grc' dir='ltr'>τοῖς</span> <span class='ocrx_word' id='word_1_199' title='bbox 1581 1639 1679 1707; x_wconf 82' lang='grc' dir='ltr'><strong>τῆς</strong></span> <span class='ocrx_word' id='word_1_200' title='bbox 1725 1639 1818 1692; x_wconf 86' lang='grc' dir='ltr'><strong>Ἐκ</strong></span> 
     </span>
    </p>
   </div>
   <div class='ocr_carea' id='block_1_26' title="bbox 1938 1536 3526 1707">
    <p class='ocr_par' dir='ltr' id='par_1_26' title="bbox 2026 1608 3526 1698">
     <span class='ocr_line' id='line_1_27' title="bbox 2026 1608 3526 1698; baseline 0.016 -23"><span class='ocrx_word' id='word_1_201' title='bbox 2026 1608 2176 1677; x_wconf 84' lang='lat' dir='ltr'><strong>Talia</strong></span> <span class='ocrx_word' id='word_1_202' title='bbox 2213 1637 2423 1680; x_wconf 87' lang='lat' dir='ltr'><strong>rursum</strong></span> <span class='ocrx_word' id='word_1_203' title='bbox 2454 1627 2708 1687; x_wconf 77' lang='lat' dir='ltr'><strong>Ecclesia:</strong></span> <span class='ocrx_word' id='word_1_204' title='bbox 2745 1634 2992 1692; x_wconf 85' lang='lat' dir='ltr'><strong>hostibus</strong></span> <span class='ocrx_word' id='word_1_205' title='bbox 3042 1639 3302 1696; x_wconf 88' lang='lat' dir='ltr'><strong>Dominus</strong></span> <span class='ocrx_word' id='word_1_206' title='bbox 3347 1644 3526 1698; x_wconf 87' lang='lat' dir='ltr'><strong>accla-</strong></span> 
     </span>
    </p>
   </div>
   <div class='ocr_carea' id='block_1_27' title="bbox 271 1713 1830 1798">
    <p class='ocr_par' dir='ltr' id='par_1_27' title="bbox 271 1713 1830 1797">
     <span class='ocr_line' id='line_1_28' title="bbox 271 1713 1830 1797; baseline 0.008 -27"><span class='ocrx_word' id='word_1_207' title='bbox 271 1719 501 1788; x_wconf 80' lang='grc' dir='ltr'>κλησίας</span> <span class='ocrx_word' id='word_1_208' title='bbox 550 1722 762 1792; x_wconf 80' lang='grc' dir='ltr'><strong>ἐχθροῖς</strong></span> <span class='ocrx_word' id='word_1_209' title='bbox 805 1725 832 1776; x_wconf 87' lang='grc' dir='ltr'><strong>ό</strong></span> <span class='ocrx_word' id='word_1_210' title='bbox 865 1723 1089 1794; x_wconf 84' lang='grc' dir='ltr'>Κύριος,</span> <span class='ocrx_word' id='word_1_211' title='bbox 1142 1713 1190 1777; x_wconf 71' lang='grc' dir='ltr'>οἳ</span> <span class='ocrx_word' id='word_1_212' title='bbox 1224 1725 1330 1778; x_wconf 78' lang='grc' dir='ltr'><strong>κᾶν</strong></span> <span class='ocrx_word' id='word_1_213' title='bbox 1375 1727 1719 1797; x_wconf 74' lang='grc' dir='ltr'>παμπληθεὶ,</span> <span class='ocrx_word' id='word_1_214' title='bbox 1753 1731 1830 1783; x_wconf 75' lang='grc' dir='ltr'>κα¹</span> 
     </span>
    </p>
   </div>
   <div class='ocr_carea' id='block_1_28' title="bbox 1938 1713 3526 1798">
    <p class='ocr_par' dir='ltr' id='par_1_28' title="bbox 1955 1714 3526 1798">
     <span class='ocr_line' id='line_1_29' title="bbox 1955 1714 3526 1798; baseline 0.017 -34"><span class='ocrx_word' id='word_1_215' title='bbox 1955 1714 2186 1767; x_wconf 82' lang='lat' dir='ltr'><strong>moverit</strong></span> <span class='ocrx_word' id='word_1_216' title='bbox 2222 1731 2236 1767; x_wconf 91' lang='lat'><strong><em>:</em></strong></span> <span class='ocrx_word' id='word_1_217' title='bbox 2277 1717 2368 1786; x_wconf 87' lang='lat' dir='ltr'><strong>qui</strong></span> <span class='ocrx_word' id='word_1_218' title='bbox 2418 1734 2726 1789; x_wconf 84' lang='lat' dir='ltr'><strong>quanquam</strong></span> <span class='ocrx_word' id='word_1_219' title='bbox 2765 1725 2896 1779; x_wconf 86' lang='lat' dir='ltr'><strong>totis</strong></span> <span class='ocrx_word' id='word_1_220' title='bbox 2929 1731 3101 1798; x_wconf 87' lang='lat' dir='ltr'><strong>copiis</strong></span> <span class='ocrx_word' id='word_1_221' title='bbox 3142 1741 3198 1785; x_wconf 90' lang='lat' dir='ltr'><strong>et</strong></span> <span class='ocrx_word' id='word_1_222' title='bbox 3241 1737 3388 1788; x_wconf 90' lang='lat' dir='ltr'><strong>omni</strong></span> <span class='ocrx_word' id='word_1_223' title='bbox 3437 1752 3526 1790; x_wconf 89' lang='lat' dir='ltr'><strong>ro-</strong></span> 
     </span>
    </p>
   </div>
   <div class='ocr_carea' id='block_1_29' title="bbox 269 1803 1830 1912">
    <p class='ocr_par' dir='ltr' id='par_1_29' title="bbox 269 1811 1830 1889">
     <span class='ocr_line' id='line_1_30' title="bbox 269 1811 1830 1889; baseline 0.006 -26"><span class='ocrx_word' id='word_1_224' title='bbox 269 1811 357 1881; x_wconf 76' lang='grc' dir='ltr'>ὖλῃ</span> <span class='ocrx_word' id='word_1_225' title='bbox 388 1812 623 1882; x_wconf 80' lang='grc' dir='ltr'>δυνάμει</span> <span class='ocrx_word' id='word_1_226' title='bbox 658 1813 927 1883; x_wconf 81' lang='grc' dir='ltr'>χρώμενοι</span> <span class='ocrx_word' id='word_1_227' title='bbox 952 1814 1060 1869; x_wconf 82' lang='grc' dir='ltr'><strong>τῶν</strong></span> <span class='ocrx_word' id='word_1_228' title='bbox 1091 1815 1258 1884; x_wconf 78' lang='grc' dir='ltr'>ἁγίων</span> <span class='ocrx_word' id='word_1_229' title='bbox 1284 1819 1830 1889; x_wconf 75' lang='grc' dir='ltr'>καταστρατεύονται,</span> 
     </span>
    </p>
   </div>
   <div class='ocr_carea' id='block_1_30' title="bbox 1938 1803 3510 1912">
    <p class='ocr_par' dir='ltr' id='par_1_30' title="bbox 1946 1803 3510 1891">
     <span class='ocr_line' id='line_1_31' title="bbox 1946 1803 3510 1891; baseline 0.017 -35"><span class='ocrx_word' id='word_1_230' title='bbox 1946 1803 2076 1858; x_wconf 89' lang='lat' dir='ltr'><strong>bore</strong></span> <span class='ocrx_word' id='word_1_231' title='bbox 2103 1815 2322 1862; x_wconf 87' lang='lat' dir='ltr'><strong>sanctos</strong></span> <span class='ocrx_word' id='word_1_232' title='bbox 2359 1813 2742 1880; x_wconf 80' lang='lat' dir='ltr'><strong>Oppugnarint,</strong></span> <span class='ocrx_word' id='word_1_233' title='bbox 2775 1818 2969 1871; x_wconf 85' lang='lat' dir='ltr'><strong>cadent</strong></span> <span class='ocrx_word' id='word_1_234' title='bbox 3012 1820 3253 1887; x_wconf 79' lang='lat' dir='ltr'><strong>profecto</strong></span> <span class='ocrx_word' id='word_1_235' title='bbox 3297 1839 3510 1891; x_wconf 83' lang='lat' dir='ltr'><strong>Oumes,</strong></span> 
     </span>
    </p>
   </div>
   <div class='ocr_carea' id='block_1_31' title="bbox 267 1893 1830 1978">
    <p class='ocr_par' dir='ltr' id='par_1_31' title="bbox 267 1903 1830 1976">
     <span class='ocr_line' id='line_1_32' title="bbox 267 1903 1830 1976; baseline 0.006 -23"><span class='ocrx_word' id='word_1_236' title='bbox 267 1903 564 1954; x_wconf 76' lang='grc' dir='ltr'>πεσοῦνται</span> <span class='ocrx_word' id='word_1_237' title='bbox 587 1903 651 1974; x_wconf 82' lang='grc' dir='ltr'>δὴ</span> <span class='ocrx_word' id='word_1_238' title='bbox 680 1904 878 1967; x_wconf 87' lang='grc' dir='ltr'>πάντες</span> <span class='ocrx_word' id='word_1_239' title='bbox 901 1905 1063 1962; x_wconf 78' lang='grc' dir='ltr'>αὑτοῦ</span> <span class='ocrx_word' id='word_1_240' title='bbox 1093 1906 1542 1976; x_wconf 74' lang='grc' dir='ltr'>προασπίζοντος,</span> <span class='ocrx_word' id='word_1_241' title='bbox 1564 1909 1830 1973; x_wconf 68' lang='grc' dir='ltr'>κάκείνους</span> 
     </span>
    </p>
   </div>
   <div class='ocr_carea' id='block_1_32' title="bbox 1938 1893 3518 1978">
    <p class='ocr_par' dir='ltr' id='par_1_32' title="bbox 1952 1893 3518 1978">
     <span class='ocr_line' id='line_1_33' title="bbox 1952 1893 3518 1978; baseline 0.017 -32"><span class='ocrx_word' id='word_1_242' title='bbox 1952 1893 2072 1962; x_wconf 87' lang='lat' dir='ltr'><strong>ipso</strong></span> <span class='ocrx_word' id='word_1_243' title='bbox 2093 1905 2407 1968; x_wconf 77' lang='lat' dir='ltr'><strong>protegente</strong></span> <span class='ocrx_word' id='word_1_244' title='bbox 2448 1911 2503 1955; x_wconf 90' lang='lat' dir='ltr'><strong>et</strong></span> <span class='ocrx_word' id='word_1_245' title='bbox 2526 1900 2647 1957; x_wconf 90' lang='lat' dir='ltr'><strong>illos</strong></span> <span class='ocrx_word' id='word_1_246' title='bbox 2679 1906 2894 1973; x_wconf 90' lang='lat' dir='ltr'><strong>quidem</strong></span> <span class='ocrx_word' id='word_1_247' title='bbox 2921 1919 3222 1978; x_wconf 84' lang='lat' dir='ltr'><strong>evertente,</strong></span> <span class='ocrx_word' id='word_1_248' title='bbox 3257 1930 3382 1971; x_wconf 91' lang='lat' dir='ltr'><strong>suos</strong></span> <span class='ocrx_word' id='word_1_249' title='bbox 3418 1933 3518 1973; x_wconf 83' lang='lat' dir='ltr'><strong>au-</strong></span> 
     </span>
    </p>
   </div>
   <div class='ocr_carea' id='block_1_33' title="bbox 265 1988 1830 2073">
    <p class='ocr_par' dir='ltr' id='par_1_33' title="bbox 265 1994 1830 2067">
     <span class='ocr_line' id='line_1_34' title="bbox 265 1994 1830 2067; baseline 0.006 -22"><span class='ocrx_word' id='word_1_250' title='bbox 265 1994 362 2064; x_wconf 77' lang='grc' dir='ltr'><strong>μὲν</strong></span> <span class='ocrx_word' id='word_1_251' title='bbox 401 1996 898 2067; x_wconf 78' lang='grc' dir='ltr'>καταστρέφοντος,</span> <span class='ocrx_word' id='word_1_252' title='bbox 947 1997 1376 2067; x_wconf 73' lang='grc' dir='ltr'>ἀνατειχίζοντος</span> <span class='ocrx_word' id='word_1_253' title='bbox 1417 2000 1472 2053; x_wconf 81' lang='grc' dir='ltr'>δὲ</span> <span class='ocrx_word' id='word_1_254' title='bbox 1509 2001 1638 2065; x_wconf 82' lang='grc' dir='ltr'>τοὺς</span> <span class='ocrx_word' id='word_1_255' title='bbox 1685 2002 1830 2064; x_wconf 65' lang='grc' dir='ltr'>ἰδίους</span> 
     </span>
    </p>
   </div>
   <div class='ocr_carea' id='block_1_34' title="bbox 1938 1988 3514 2073">
    <p class='ocr_par' dir='ltr' id='par_1_34' title="bbox 1953 1988 3514 2073">
     <span class='ocr_line' id='line_1_35' title="bbox 1953 1988 3514 2073; baseline 0.018 -36"><span class='ocrx_word' id='word_1_256' title='bbox 1953 1993 2058 2039; x_wconf 89' lang='lat' dir='ltr'><strong>tem</strong></span> <span class='ocrx_word' id='word_1_257' title='bbox 2086 1988 2318 2046; x_wconf 88' lang='lat' dir='ltr'><strong>cultores</strong></span> <span class='ocrx_word' id='word_1_258' title='bbox 2347 1991 2470 2058; x_wconf 84' lang='lat' dir='ltr'><strong>ﬁde,</strong></span> <span class='ocrx_word' id='word_1_259' title='bbox 2496 2009 2610 2063; x_wconf 87' lang='lat' dir='ltr'><strong>spe,</strong></span> <span class='ocrx_word' id='word_1_260' title='bbox 2645 1997 2909 2054; x_wconf 83' lang='lat' dir='ltr'><strong>cltarltate</strong></span> <span class='ocrx_word' id='word_1_261' title='bbox 2939 2011 2988 2056; x_wconf 89' lang='lat' dir='ltr'><strong>et</strong></span> <span class='ocrx_word' id='word_1_262' title='bbox 3021 2001 3372 2073; x_wconf 82' lang='lat' dir='ltr'><strong>benignitatis</strong></span> <span class='ocrx_word' id='word_1_263' title='bbox 3399 2023 3514 2065; x_wconf 78' lang='lat' dir='ltr'><strong>sua:</strong></span> 
     </span>
    </p>
   </div>
   <div class='ocr_carea' id='block_1_35' title="bbox 262 2079 1830 2165">
    <p class='ocr_par' dir='ltr' id='par_1_35' title="bbox 262 2083 1830 2165">
     <span class='ocr_line' id='line_1_36' title="bbox 262 2083 1830 2165; baseline 0.013 -35"><span class='ocrx_word' id='word_1_264' title='bbox 262 2083 656 2155; x_wconf 82' lang='grc' dir='ltr'>προσκυνητάς</span> <span class='ocrx_word' id='word_1_265' title='bbox 680 2086 884 2150; x_wconf 86' lang='grc' dir='ltr'>πίστει,</span> <span class='ocrx_word' id='word_1_266' title='bbox 912 2086 1008 2138; x_wconf 74' lang='grc' dir='ltr'>καὶ</span> <span class='ocrx_word' id='word_1_267' title='bbox 1037 2086 1232 2155; x_wconf 77' lang='grc' dir='ltr'>ἐλπίδι,</span> <span class='ocrx_word' id='word_1_268' title='bbox 1259 2091 1353 2144; x_wconf 79' lang='grc' dir='ltr'>καὶ</span> <span class='ocrx_word' id='word_1_269' title='bbox 1387 2091 1599 2164; x_wconf 78' lang='grc' dir='ltr'>ἀγάπῃ,</span> <span class='ocrx_word' id='word_1_270' title='bbox 1635 2093 1728 2147; x_wconf 79' lang='grc' dir='ltr'><strong>καὶ</strong></span> <span class='ocrx_word' id='word_1_271' title='bbox 1749 2094 1830 2165; x_wconf 69' lang='grc' dir='ltr'><strong>τῆς</strong></span> 
     </span>
    </p>
   </div>
   <div class='ocr_carea' id='block_1_36' title="bbox 1938 2079 3268 2165">
    <p class='ocr_par' dir='ltr' id='par_1_36' title="bbox 1951 2079 3268 2155">
     <span class='ocr_line' id='line_1_37' title="bbox 1951 2079 3268 2155; baseline 0.016 -25"><span class='ocrx_word' id='word_1_272' title='bbox 1951 2079 2290 2146; x_wconf 82' lang='lat' dir='ltr'><strong>muneribus,</strong></span> <span class='ocrx_word' id='word_1_273' title='bbox 2331 2099 2604 2140; x_wconf 89' lang='lat' dir='ltr'><strong>murorum</strong></span> <span class='ocrx_word' id='word_1_274' title='bbox 2634 2088 2825 2155; x_wconf 82' lang='lat' dir='ltr'><strong>instar,</strong></span> <span class='ocrx_word' id='word_1_275' title='bbox 2853 2094 3268 2154; x_wconf 82' lang='lat' dir='ltr'><strong>corroborattte.</strong></span> 
     </span>
    </p>
   </div>
   <div class='ocr_carea' id='block_1_37' title="bbox 262 2175 1040 2247">
    <p class='ocr_par' dir='ltr' id='par_1_37' title="bbox 262 2175 1040 2247">
     <span class='ocr_line' id='line_1_38' title="bbox 262 2175 1040 2247; baseline 0.005 -20"><span class='ocrx_word' id='word_1_276' title='bbox 262 2175 396 2238; x_wconf 73' lang='grc' dir='ltr'>ιδίας</span> <span class='ocrx_word' id='word_1_277' title='bbox 425 2176 770 2247; x_wconf 74' lang='grc' dir='ltr'>ἡμερότητος</span> <span class='ocrx_word' id='word_1_278' title='bbox 797 2177 1040 2246; x_wconf 76' lang='grc' dir='ltr'>ἀγαθοῖς.</span> 
     </span>
    </p>
   </div>
   <div class='ocr_carea' id='block_1_38' title="bbox 334 2266 1847 2345">
    <p class='ocr_par' dir='ltr' id='par_1_38' title="bbox 334 2266 1847 2345">
     <span class='ocr_line' id='line_1_39' title="bbox 334 2266 1847 2345; baseline 0.01 -28"><span class='ocrx_word' id='word_1_279' title='bbox 334 2266 848 2330; x_wconf 80' lang='grc' dir='ltr'>Ἐξαποστειλατε</span> <span class='ocrx_word' id='word_1_280' title='bbox 874 2267 1159 2338; x_wconf 67' lang='grc' dir='ltr'>δρέπανα,</span> <span class='ocrx_word' id='word_1_281' title='bbox 1184 2271 1272 2326; x_wconf 85' lang='grc' dir='ltr'>ὅτι</span> <span class='ocrx_word' id='word_1_282' title='bbox 1299 2277 1680 2344; x_wconf 81' lang='grc' dir='ltr'>παρέστηκεν</span> <span class='ocrx_word' id='word_1_283' title='bbox 1707 2292 1847 2345; x_wconf 75' lang='grc' dir='ltr'>τρυά</span> 
     </span>
    </p>
   </div>
   <div class='ocr_carea' id='block_1_39' title="bbox 258 2355 1846 2438">
    <p class='ocr_par' dir='ltr' id='par_1_39' title="bbox 258 2355 1846 2438">
     <span class='ocr_line' id='line_1_40' title="bbox 258 2355 1846 2438; baseline 0.014 -31"><span class='ocrx_word' id='word_1_284' title='bbox 258 2356 467 2426; x_wconf 70' lang='grc' dir='ltr'>γητος,</span> <span class='ocrx_word' id='word_1_285' title='bbox 517 2360 965 2429; x_wconf 77' lang='grc' dir='ltr'>εὶσπορεύεσθε,</span> <span class='ocrx_word' id='word_1_286' title='bbox 1018 2365 1289 2429; x_wconf 60' lang='lat' dir='ltr'><strong>«accite,</strong></span> <span class='ocrx_word' id='word_1_287' title='bbox 1335 2355 1485 2422; x_wconf 73' lang='grc' dir='ltr'>διὸτι</span> <span class='ocrx_word' id='word_1_288' title='bbox 1526 2369 1766 2438; x_wconf 83' lang='grc' dir='ltr'>πλήρης</span> <span class='ocrx_word' id='word_1_289' title='bbox 1807 2369 1846 2437; x_wconf 77' lang='grc' dir='ltr'>ἡ</span> 
     </span>
    </p>
   </div>
   <div class='ocr_carea' id='block_1_40' title="bbox 256 2451 1844 2528">
    <p class='ocr_par' dir='ltr' id='par_1_40' title="bbox 256 2451 1844 2528">
     <span class='ocr_line' id='line_1_41' title="bbox 256 2451 1844 2528; baseline 0.008 -26"><span class='ocrx_word' id='word_1_290' title='bbox 256 2451 484 2516; x_wconf 82' lang='grc' dir='ltr'>ληνός·</span> <span class='ocrx_word' id='word_1_291' title='bbox 525 2451 871 2520; x_wconf 75' lang='grc' dir='ltr'>ὐπερχεῖται</span> <span class='ocrx_word' id='word_1_292' title='bbox 903 2454 976 2508; x_wconf 87' lang='grc' dir='ltr'>τὰ</span> <span class='ocrx_word' id='word_1_293' title='bbox 1008 2455 1332 2524; x_wconf 79' lang='grc' dir='ltr'>ὑπολήνια,</span> <span class='ocrx_word' id='word_1_294' title='bbox 1371 2458 1461 2512; x_wconf 83' lang='grc' dir='ltr'>ὅτι</span> <span class='ocrx_word' id='word_1_295' title='bbox 1496 2461 1844 2528; x_wconf 80' lang='grc' dir='ltr'><strong>ἐπληθύνθη</strong></span> 
     </span>
    </p>
   </div>
   <div class='ocr_carea' id='block_1_41' title="bbox 255 2539 1846 2619">
    <p class='ocr_par' dir='ltr' id='par_1_41' title="bbox 255 2539 1846 2619">
     <span class='ocr_line' id='line_1_42' title="bbox 255 2539 1846 2619; baseline 0.01 -28"><span class='ocrx_word' id='word_1_296' title='bbox 255 2539 323 2593; x_wconf 58' lang='grc' dir='ltr'>τὰ</span> <span class='ocrx_word' id='word_1_297' title='bbox 361 2541 530 2595; x_wconf 79' lang='grc' dir='ltr'>κακὰ</span> <span class='ocrx_word' id='word_1_298' title='bbox 560 2543 778 2598; x_wconf 77' lang='grc' dir='ltr'>αὐτῶν.</span> <span class='ocrx_word' id='word_1_299' title='bbox 804 2540 981 2614; x_wconf 85' lang='grc' dir='ltr'>Ἦχοι</span> <span class='ocrx_word' id='word_1_300' title='bbox 1001 2547 1398 2616; x_wconf 78' lang='grc' dir='ltr'>ήκούσθησαν</span> <span class='ocrx_word' id='word_1_301' title='bbox 1416 2550 1487 2603; x_wconf 76' lang='grc' dir='ltr'><strong>ἐν·</strong></span> <span class='ocrx_word' id='word_1_302' title='bbox 1513 2550 1590 2619; x_wconf 80' lang='grc' dir='ltr'>τῇ</span> <span class='ocrx_word' id='word_1_303' title='bbox 1613 2551 1846 2607; x_wconf 76' lang='grc' dir='ltr'>κοιλάδι</span> 
     </span>
    </p>
   </div>
   <div class='ocr_carea' id='block_1_42' title="bbox 255 2631 1844 2713">
    <p class='ocr_par' dir='ltr' id='par_1_42' title="bbox 255 2631 1844 2713">
     <span class='ocr_line' id='line_1_43' title="bbox 255 2631 1844 2713; baseline 0.008 -26"><span class='ocrx_word' id='word_1_304' title='bbox 255 2631 362 2698; x_wconf 74' lang='grc' dir='ltr'>τῆς</span> <span class='ocrx_word' id='word_1_305' title='bbox 391 2633 598 2702; x_wconf 82' lang='grc' dir='ltr'>δίκης,</span> <span class='ocrx_word' id='word_1_306' title='bbox 632 2634 721 2688; x_wconf 86' lang='grc' dir='ltr'>ὅτι</span> <span class='ocrx_word' id='word_1_307' title='bbox 746 2636 926 2706; x_wconf 77' lang='grc' dir='ltr'>ἐγγὺς</span> <span class='ocrx_word' id='word_1_308' title='bbox 965 2639 1004 2706; x_wconf 74' lang='grc' dir='ltr'><em>ἠ</em></span> <span class='ocrx_word' id='word_1_309' title='bbox 1030 2639 1220 2708; x_wconf 81' lang='grc' dir='ltr'>ἡμέρα</span> <span class='ocrx_word' id='word_1_310' title='bbox 1256 2642 1476 2709; x_wconf 79' lang='grc' dir='ltr'>Κυρίου</span> <span class='ocrx_word' id='word_1_311' title='bbox 1510 2642 1582 2697; x_wconf 76' lang='grc' dir='ltr'><strong>ὲν</strong></span> <span class='ocrx_word' id='word_1_312' title='bbox 1614 2640 1688 2713; x_wconf 78' lang='grc' dir='ltr'>τῇ</span> <span class='ocrx_word' id='word_1_313' title='bbox 1719 2661 1844 2699; x_wconf 82' lang='grc' dir='ltr'>κοι-</span> 
     </span>
    </p>
   </div>
   <div class='ocr_carea' id='block_1_43' title="bbox 256 2723 1845 2802">
    <p class='ocr_par' dir='ltr' id='par_1_43' title="bbox 256 2723 1845 2802">
     <span class='ocr_line' id='line_1_44' title="bbox 256 2723 1845 2802; baseline 0.008 -24"><span class='ocrx_word' id='word_1_314' title='bbox 256 2725 390 2779; x_wconf 80' lang='grc' dir='ltr'>λάδι</span> <span class='ocrx_word' id='word_1_315' title='bbox 427 2723 544 2794; x_wconf 83' lang='grc' dir='ltr'>τῆς</span> <span class='ocrx_word' id='word_1_316' title='bbox 565 2725 759 2795; x_wconf 74' lang='grc' dir='ltr'>δίκης.</span> <span class='ocrx_word' id='word_1_317' title='bbox 801 2727 855 2779; x_wconf 82' lang='grc' dir='ltr'><strong>Ὀ</strong></span> <span class='ocrx_word' id='word_1_318' title='bbox 890 2727 1063 2796; x_wconf 80' lang='grc' dir='ltr'>ἣλιος</span> <span class='ocrx_word' id='word_1_319' title='bbox 1088 2730 1188 2784; x_wconf 74' lang='grc' dir='ltr'>καὶ</span> <span class='ocrx_word' id='word_1_320' title='bbox 1215 2733 1252 2800; x_wconf 76' lang='grc' dir='ltr'><em>ἡ</em></span> <span class='ocrx_word' id='word_1_321' title='bbox 1282 2732 1516 2802; x_wconf 77' lang='grc' dir='ltr'>σελήνη</span> <span class='ocrx_word' id='word_1_322' title='bbox 1539 2736 1845 2791; x_wconf 80' lang='grc' dir='ltr'>συσκοτά-</span> 
     </span>
    </p>
   </div>
   <div class='ocr_carea' id='block_1_44' title="bbox 255 2818 1845 2897">
    <p class='ocr_par' dir='ltr' id='par_1_44' title="bbox 255 2818 1845 2897">
     <span class='ocr_line' id='line_1_45' title="bbox 255 2818 1845 2897; baseline 0.009 -27"><span class='ocrx_word' id='word_1_323' title='bbox 255 2833 507 2881; x_wconf 83' lang='grc' dir='ltr'>σουσιν,</span> <span class='ocrx_word' id='word_1_324' title='bbox 554 2818 654 2871; x_wconf 77' lang='grc' dir='ltr'>καὶ</span> <span class='ocrx_word' id='word_1_325' title='bbox 692 2820 765 2872; x_wconf 85' lang='grc' dir='ltr'>τὰ</span> <span class='ocrx_word' id='word_1_326' title='bbox 806 2818 999 2888; x_wconf 79' lang='grc' dir='ltr'>ἄστρα</span> <span class='ocrx_word' id='word_1_327' title='bbox 1041 2819 1340 2877; x_wconf 81' lang='grc' dir='ltr'>δύσουσιν</span> <span class='ocrx_word' id='word_1_328' title='bbox 1383 2825 1450 2879; x_wconf 84' lang='grc' dir='ltr'>τὸ</span> <span class='ocrx_word' id='word_1_329' title='bbox 1487 2826 1705 2897; x_wconf 72' lang='grc' dir='ltr'>φέγγος</span> <span class='ocrx_word' id='word_1_330' title='bbox 1735 2830 1845 2884; x_wconf 80' lang='grc' dir='ltr'><strong>αὐ-</strong></span> 
     </span>
    </p>
   </div>
   <div class='ocr_carea' id='block_1_45' title="bbox 255 2908 1844 2989">
    <p class='ocr_par' dir='ltr' id='par_1_45' title="bbox 255 2908 1844 2989">
     <span class='ocr_line' id='line_1_46' title="bbox 255 2908 1844 2989; baseline 0.009 -26"><span class='ocrx_word' id='word_1_331' title='bbox 255 2908 387 2964; x_wconf 60' lang='grc' dir='ltr'>τῶν.</span> <span class='ocrx_word' id='word_1_332' title='bbox 429 2909 488 2961; x_wconf 89' lang='grc' dir='ltr'><em>Ὁ</em></span> <span class='ocrx_word' id='word_1_333' title='bbox 519 2909 590 2963; x_wconf 79' lang='grc' dir='ltr'>δὲ</span> <span class='ocrx_word' id='word_1_334' title='bbox 628 2911 841 2980; x_wconf 83' lang='grc' dir='ltr'>Κύριος</span> <span class='ocrx_word' id='word_1_335' title='bbox 859 2913 927 2966; x_wconf 88' lang='grc' dir='ltr'>ἐκ</span> <span class='ocrx_word' id='word_1_336' title='bbox 956 2911 1108 2968; x_wconf 81' lang='grc' dir='ltr'><strong>Σιὼν</strong></span> <span class='ocrx_word' id='word_1_337' title='bbox 1126 2916 1610 2986; x_wconf 79' lang='grc' dir='ltr'>ἀνακεκράξεται,</span> <span class='ocrx_word' id='word_1_338' title='bbox 1654 2922 1752 2976; x_wconf 79' lang='grc' dir='ltr'>καὶ</span> <span class='ocrx_word' id='word_1_339' title='bbox 1773 2923 1844 2989; x_wconf 73' lang='grc' dir='ltr'><strong>ἐξ</strong></span> 
     </span>
    </p>
   </div>
   <div class='ocr_carea' id='block_1_46' title="bbox 265 3000 1846 3082">
    <p class='ocr_par' dir='ltr' id='par_1_46' title="bbox 265 3000 1846 3082">
     <span class='ocr_line' id='line_1_47' title="bbox 265 3000 1846 3082; baseline 0.009 -27"><span class='ocrx_word' id='word_1_340' title='bbox 265 3000 662 3072; x_wconf 80' lang='grc' dir='ltr'>Ἰερουσαλὴμ</span> <span class='ocrx_word' id='word_1_341' title='bbox 692 3003 872 3058; x_wconf 85' lang='grc' dir='ltr'>δώσει</span> <span class='ocrx_word' id='word_1_342' title='bbox 907 3006 1117 3076; x_wconf 71' lang='grc' dir='ltr'><em>φωνὴν</em></span> <span class='ocrx_word' id='word_1_343' title='bbox 1159 3008 1365 3074; x_wconf 65' lang='grc' dir='ltr'>αὐτοῦ,</span> <span class='ocrx_word' id='word_1_344' title='bbox 1400 3011 1497 3065; x_wconf 77' lang='grc' dir='ltr'>καὶ</span> <span class='ocrx_word' id='word_1_345' title='bbox 1524 3014 1846 3082; x_wconf 80' lang='grc' dir='ltr'>σεισοήσε-</span> 
     </span>
    </p>
   </div>
   <div class='ocr_carea' id='block_1_47' title="bbox 256 3094 1033 3168">
    <p class='ocr_par' dir='ltr' id='par_1_47' title="bbox 256 3094 1033 3168">
     <span class='ocr_line' id='line_1_48' title="bbox 256 3094 1033 3168; baseline 0.008 -21"><span class='ocrx_word' id='word_1_346' title='bbox 256 3108 339 3148; x_wconf 80' lang='grc' dir='ltr'><strong>ται</strong></span> <span class='ocrx_word' id='word_1_347' title='bbox 371 3097 410 3149; x_wconf 83' lang='lat' dir='ltr'><strong>d</strong></span> <span class='ocrx_word' id='word_1_348' title='bbox 433 3094 717 3162; x_wconf 71' lang='grc' dir='ltr'>οὐραγὸς,</span> <span class='ocrx_word' id='word_1_349' title='bbox 750 3096 848 3149; x_wconf 80' lang='grc' dir='ltr'>καὶ</span> <span class='ocrx_word' id='word_1_350' title='bbox 875 3098 914 3165; x_wconf 80' lang='grc' dir='ltr'><strong>η</strong></span> <span class='ocrx_word' id='word_1_351' title='bbox 935 3097 1033 3168; x_wconf 77' lang='grc' dir='ltr'>γῆ.</span> 
     </span>
    </p>
   </div>
   <div class='ocr_carea' id='block_1_48' title="bbox 318 3185 1839 3264">
    <p class='ocr_par' dir='ltr' id='par_1_48' title="bbox 318 3185 1839 3264">
     <span class='ocr_line' id='line_1_49' title="bbox 318 3185 1839 3264; baseline 0.007 -25"><span class='ocrx_word' id='word_1_352' title='bbox 318 3186 466 3240; x_wconf 73' lang='lat' dir='ltr'><strong>MB’.</strong></span> <span class='ocrx_word' id='word_1_353' title='bbox 505 3185 587 3238; x_wconf 82' lang='grc' dir='ltr'><strong>Τὰ</strong></span> <span class='ocrx_word' id='word_1_354' title='bbox 617 3187 717 3255; x_wconf 83' lang='grc' dir='ltr'>μὲν</span> <span class='ocrx_word' id='word_1_355' title='bbox 761 3188 1030 3258; x_wconf 86' lang='grc' dir='ltr'>πρόσοικα</span> <span class='ocrx_word' id='word_1_356' title='bbox 1059 3190 1169 3244; x_wconf 84' lang='grc' dir='ltr'><strong>τῶν</strong></span> <span class='ocrx_word' id='word_1_357' title='bbox 1216 3191 1386 3246; x_wconf 78' lang='grc' dir='ltr'>ἐθνῶν</span> <span class='ocrx_word' id='word_1_358' title='bbox 1427 3195 1526 3264; x_wconf 80' lang='grc' dir='ltr'>τῆς</span> <span class='ocrx_word' id='word_1_359' title='bbox 1577 3194 1839 3260; x_wconf 83' lang='grc' dir='ltr'>Ἰουδαίας</span> 
     </span>
    </p>
   </div>
   <div class='ocr_carea' id='block_1_49' title="bbox 255 3276 1838 3353">
    <p class='ocr_par' dir='ltr' id='par_1_49' title="bbox 255 3276 1838 3353">
     <span class='ocr_line' id='line_1_50' title="bbox 255 3276 1838 3353; baseline 0.016 -36"><span class='ocrx_word' id='word_1_360' title='bbox 255 3276 639 3348; x_wconf 42' lang='grc' dir='ltr'>γῇςνἋραϐάς</span> <span class='ocrx_word' id='word_1_361' title='bbox 677 3295 738 3330; x_wconf 89' lang='grc' dir='ltr'><strong>τε</strong></span> <span class='ocrx_word' id='word_1_362' title='bbox 783 3281 928 3350; x_wconf 75' lang='grc' dir='ltr'>φημὶ</span> <span class='ocrx_word' id='word_1_363' title='bbox 969 3281 1062 3335; x_wconf 80' lang='grc' dir='ltr'>καὶ</span> <span class='ocrx_word' id='word_1_364' title='bbox 1115 3282 1368 3353; x_wconf 86' lang='grc' dir='ltr'>Τυρίους,</span> <span class='ocrx_word' id='word_1_365' title='bbox 1398 3284 1705 3352; x_wconf 82' lang='grc' dir='ltr'>Γετθαίους,</span> <span class='ocrx_word' id='word_1_366' title='bbox 1744 3289 1838 3342; x_wconf 77' lang='grc' dir='ltr'>καὶ</span> 
     </span>
    </p>
   </div>
   <div class='ocr_carea' id='block_1_50' title="bbox 254 3368 1832 3446">
    <p class='ocr_par' dir='ltr' id='par_1_50' title="bbox 254 3368 1832 3446">
     <span class='ocr_line' id='line_1_51' title="bbox 254 3368 1832 3446; baseline 0.008 -26"><span class='ocrx_word' id='word_1_367' title='bbox 254 3368 585 3438; x_wconf 71' lang='grc' dir='ltr'>Φιλιστιεὶμ,</span> <span class='ocrx_word' id='word_1_368' title='bbox 618 3369 933 3437; x_wconf 80' lang='grc' dir='ltr'>Μωαϐίτας,</span> <span class='ocrx_word' id='word_1_369' title='bbox 969 3371 1064 3426; x_wconf 67' lang='grc' dir='ltr'><strong>καὶ</strong></span> <span class='ocrx_word' id='word_1_370' title='bbox 1103 3372 1456 3444; x_wconf 80' lang='grc' dir='ltr'>Ἰδουμαίους,</span> <span class='ocrx_word' id='word_1_371' title='bbox 1476 3375 1832 3446; x_wconf 82' lang='grc' dir='ltr'>Ἀμμανίτας,</span> 
     </span>
    </p>
   </div>
   <div class='ocr_carea' id='block_1_51' title="bbox 254 3459 1832 3537">
    <p class='ocr_par' dir='ltr' id='par_1_51' title="bbox 254 3459 1832 3537">
     <span class='ocr_line' id='line_1_52' title="bbox 254 3459 1832 3537; baseline 0.008 -25"><span class='ocrx_word' id='word_1_372' title='bbox 254 3461 342 3512; x_wconf 68' lang='grc' dir='ltr'><strong>καὶ</strong></span> <span class='ocrx_word' id='word_1_373' title='bbox 379 3459 783 3530; x_wconf 87' lang='grc' dir='ltr'>Γεργεσαίους,</span> <span class='ocrx_word' id='word_1_374' title='bbox 813 3463 978 3516; x_wconf 78' lang='grc' dir='ltr'>οἱονεὶ</span> <span class='ocrx_word' id='word_1_375' title='bbox 1008 3464 1268 3533; x_wconf 82' lang='grc' dir='ltr'>σάλπιγγι</span> <span class='ocrx_word' id='word_1_376' title='bbox 1305 3468 1676 3537; x_wconf 84' lang='grc' dir='ltr'>κεχρημένους</span> <span class='ocrx_word' id='word_1_377' title='bbox 1715 3488 1832 3524; x_wconf 85' lang='grc' dir='ltr'>συν-</span> 
     </span>
    </p>
   </div>
   <div class='ocr_carea' id='block_1_52' title="bbox 253 3552 1830 3630">
    <p class='ocr_par' dir='ltr' id='par_1_52' title="bbox 253 3552 1830 3630">
     <span class='ocr_line' id='line_1_53' title="bbox 253 3552 1830 3630; baseline 0.007 -26"><span class='ocrx_word' id='word_1_378' title='bbox 253 3552 500 3622; x_wconf 78' lang='grc' dir='ltr'>αγείρειν</span> <span class='ocrx_word' id='word_1_379' title='bbox 545 3552 829 3606; x_wconf 80' lang='grc' dir='ltr'>ἐκέλευσεν</span> <span class='ocrx_word' id='word_1_380' title='bbox 867 3554 948 3618; x_wconf 87' lang='grc' dir='ltr'><strong>είς</strong></span> <span class='ocrx_word' id='word_1_381' title='bbox 988 3555 1086 3625; x_wconf 83' lang='grc' dir='ltr'>τὴν</span> <span class='ocrx_word' id='word_1_382' title='bbox 1135 3555 1357 3611; x_wconf 82' lang='grc' dir='ltr'>κοιλάδα</span> <span class='ocrx_word' id='word_1_383' title='bbox 1395 3557 1489 3611; x_wconf 81' lang='grc' dir='ltr'><strong>τοῦ</strong></span> <span class='ocrx_word' id='word_1_384' title='bbox 1547 3560 1830 3630; x_wconf 75' lang='grc' dir='ltr'>Ἰωσαφὰτ,</span> 
     </span>
    </p>
   </div>
   <div class='ocr_carea' id='block_1_53' title="bbox 253 3639 1836 3720">
    <p class='ocr_par' dir='ltr' id='par_1_53' title="bbox 253 3639 1836 3720">
     <span class='ocr_line' id='line_1_54' title="bbox 253 3639 1836 3720; baseline 0.008 -29"><span class='ocrx_word' id='word_1_385' title='bbox 253 3639 319 3702; x_wconf 76' lang='grc' dir='ltr'>ὡς</span> <span class='ocrx_word' id='word_1_386' title='bbox 341 3641 556 3694; x_wconf 79' lang='grc' dir='ltr'>αὐτίκα</span> <span class='ocrx_word' id='word_1_387' title='bbox 579 3642 641 3711; x_wconf 82' lang='grc' dir='ltr'>δὴ</span> <span class='ocrx_word' id='word_1_388' title='bbox 674 3642 820 3710; x_wconf 86' lang='grc' dir='ltr'>μάλα</span> <span class='ocrx_word' id='word_1_389' title='bbox 844 3644 1284 3716; x_wconf 80' lang='grc' dir='ltr'>τεθνηξομένους,</span> <span class='ocrx_word' id='word_1_390' title='bbox 1318 3649 1412 3701; x_wconf 74' lang='grc' dir='ltr'><strong>καὶ</strong></span> <span class='ocrx_word' id='word_1_391' title='bbox 1445 3649 1648 3720; x_wconf 84' lang='grc' dir='ltr'>πικρὰς</span> <span class='ocrx_word' id='word_1_392' title='bbox 1676 3652 1836 3720; x_wconf 71' lang='grc' dir='ltr'>ὑφέξε-</span> 
     </span>
    </p>
   </div>
   <div class='ocr_carea' id='block_1_54' title="bbox 255 3731 1834 3806">
    <p class='ocr_par' dir='ltr' id='par_1_54' title="bbox 255 3731 1834 3806">
     <span class='ocr_line' id='line_1_55' title="bbox 255 3731 1834 3806; baseline 0.009 -24"><span class='ocrx_word' id='word_1_393' title='bbox 255 3745 404 3794; x_wconf 71' lang='lat' dir='ltr'><strong>ma;</strong></span> <span class='ocrx_word' id='word_1_394' title='bbox 439 3731 522 3800; x_wconf 83' lang='grc' dir='ltr'><strong>τῷ</strong></span> <span class='ocrx_word' id='word_1_395' title='bbox 554 3731 791 3801; x_wconf 81' lang='grc' dir='ltr'>κρίνοντι</span> <span class='ocrx_word' id='word_1_396' title='bbox 825 3731 999 3796; x_wconf 85' lang='grc' dir='ltr'>δίκας.</span> <span class='ocrx_word' id='word_1_397' title='bbox 1034 3735 1352 3806; x_wconf 84' lang='grc' dir='ltr'>Παραθήγει</span> <span class='ocrx_word' id='word_1_398' title='bbox 1381 3738 1437 3790; x_wconf 79' lang='grc' dir='ltr'>δὲ</span> <span class='ocrx_word' id='word_1_399' title='bbox 1473 3742 1588 3792; x_wconf 75' lang='grc' dir='ltr'>νυνὶ</span> <span class='ocrx_word' id='word_1_400' title='bbox 1616 3743 1742 3804; x_wconf 85' lang='grc' dir='ltr'>τοὺς</span> <span class='ocrx_word' id='word_1_401' title='bbox 1773 3743 1834 3806; x_wconf 80' lang='grc' dir='ltr'><strong>ἐξ</strong></span> 
     </span>
    </p>
   </div>
   <div class='ocr_carea' id='block_1_55' title="bbox 265 3819 1832 3900">
    <p class='ocr_par' dir='ltr' id='par_1_55' title="bbox 265 3819 1832 3900">
     <span class='ocr_line' id='line_1_56' title="bbox 265 3819 1832 3900; baseline 0.01 -28"><span class='ocrx_word' id='word_1_402' title='bbox 265 3819 483 3894; x_wconf 70' lang='grc' dir='ltr'>Ἰσραὴλ</span> <span class='ocrx_word' id='word_1_403' title='bbox 513 3823 594 3884; x_wconf 86' lang='grc' dir='ltr'>εἰς</span> <span class='ocrx_word' id='word_1_404' title='bbox 617 3823 824 3893; x_wconf 81' lang='grc' dir='ltr'>ἄμαχόν</span> <span class='ocrx_word' id='word_1_405' title='bbox 851 3841 974 3877; x_wconf 84' lang='grc' dir='ltr'>τινα</span> <span class='ocrx_word' id='word_1_406' title='bbox 997 3825 1325 3896; x_wconf 81' lang='grc' dir='ltr'>προθυμίαν,</span> <span class='ocrx_word' id='word_1_407' title='bbox 1371 3828 1467 3881; x_wconf 81' lang='grc' dir='ltr'>καὶ</span> <span class='ocrx_word' id='word_1_408' title='bbox 1507 3830 1832 3900; x_wconf 78' lang='grc' dir='ltr'>δυσάντητον</span> 
     </span>
    </p>
   </div>
   <div class='ocr_carea' id='block_1_56' title="bbox 255 3909 1832 3994">
    <p class='ocr_par' dir='ltr' id='par_1_56' title="bbox 255 3909 1832 3994">
     <span class='ocr_line' id='line_1_57' title="bbox 255 3909 1832 3994; baseline 0.009 -32"><span class='ocrx_word' id='word_1_409' title='bbox 255 3909 441 3982; x_wconf 76' lang='grc' dir='ltr'>ἀλκὴν,</span> <span class='ocrx_word' id='word_1_410' title='bbox 477 3912 571 3964; x_wconf 84' lang='grc' dir='ltr'><strong>καὶ</strong></span> <span class='ocrx_word' id='word_1_411' title='bbox 598 3911 663 3982; x_wconf 84' lang='grc' dir='ltr'>δὴ</span> <span class='ocrx_word' id='word_1_412' title='bbox 705 3915 1198 3986; x_wconf 77' lang='grc' dir='ltr'>συναγηγερμένοις</span> <span class='ocrx_word' id='word_1_413' title='bbox 1238 3917 1598 3988; x_wconf 76' lang='grc' dir='ltr'>ἐπιθρώσκειν</span> <span class='ocrx_word' id='word_1_414' title='bbox 1643 3921 1832 3994; x_wconf 85' lang='grc' dir='ltr'>ὥσπερ</span> 
     </span>
    </p>
   </div>
   <div class='ocr_carea' id='block_1_57' title="bbox 254 4000 1830 4082">
    <p class='ocr_par' dir='ltr' id='par_1_57' title="bbox 254 4000 1830 4082">
     <span class='ocr_line' id='line_1_58' title="bbox 254 4000 1830 4082; baseline 0.008 -30"><span class='ocrx_word' id='word_1_415' title='bbox 254 4000 650 4070; x_wconf 75' lang='grc' dir='ltr'>διακελεύεται,</span> <span class='ocrx_word' id='word_1_416' title='bbox 686 4005 798 4059; x_wconf 86' lang='grc' dir='ltr'>δεῖν</span> <span class='ocrx_word' id='word_1_417' title='bbox 828 4007 885 4059; x_wconf 84' lang='grc' dir='ltr'>δὲ</span> <span class='ocrx_word' id='word_1_418' title='bbox 927 4006 1165 4077; x_wconf 87' lang='grc' dir='ltr'>πολέμου</span> <span class='ocrx_word' id='word_1_419' title='bbox 1188 4007 1406 4079; x_wconf 87' lang='grc' dir='ltr'>δείμασι</span> <span class='ocrx_word' id='word_1_420' title='bbox 1448 4013 1830 4082; x_wconf 82' lang='grc' dir='ltr'>κατεπτοημέ-</span> 
     </span>
    </p>
   </div>
   <div class='ocr_carea' id='block_1_58' title="bbox 256 4093 1828 4174">
    <p class='ocr_par' dir='ltr' id='par_1_58' title="bbox 256 4093 1828 4174">
     <span class='ocr_line' id='line_1_59' title="bbox 256 4093 1828 4174; baseline 0.008 -29"><span class='ocrx_word' id='word_1_421' title='bbox 256 4109 390 4161; x_wconf 79' lang='grc' dir='ltr'>νους,</span> <span class='ocrx_word' id='word_1_422' title='bbox 423 4093 554 4149; x_wconf 74' lang='grc' dir='ltr'>οὔτε</span> <span class='ocrx_word' id='word_1_423' title='bbox 588 4096 693 4167; x_wconf 82' lang='grc' dir='ltr'>μὴν</span> <span class='ocrx_word' id='word_1_424' title='bbox 727 4099 806 4161; x_wconf 88' lang='grc' dir='ltr'>εἰς</span> <span class='ocrx_word' id='word_1_425' title='bbox 839 4099 1018 4170; x_wconf 82' lang='grc' dir='ltr'>μάχην</span> <span class='ocrx_word' id='word_1_426' title='bbox 1069 4100 1246 4164; x_wconf 79' lang='grc' dir='ltr'>ἰόντας</span> <span class='ocrx_word' id='word_1_427' title='bbox 1288 4101 1445 4167; x_wconf 84' lang='grc' dir='ltr'>ὅλως,</span> <span class='ocrx_word' id='word_1_428' title='bbox 1495 4103 1828 4174; x_wconf 81' lang='grc' dir='ltr'>ἡγουμένους</span> 
     </span>
    </p>
   </div>
   <div class='ocr_carea' id='block_1_59' title="bbox 252 4184 1830 4266">
    <p class='ocr_par' dir='ltr' id='par_1_59' title="bbox 252 4184 1830 4266">
     <span class='ocr_line' id='line_1_60' title="bbox 252 4184 1830 4266; baseline 0.007 -28"><span class='ocrx_word' id='word_1_429' title='bbox 252 4184 302 4237; x_wconf 74' lang='grc' dir='ltr'>δὲ</span> <span class='ocrx_word' id='word_1_430' title='bbox 333 4187 543 4257; x_wconf 71' lang='grc' dir='ltr'>μᾶλλον</span> <span class='ocrx_word' id='word_1_431' title='bbox 573 4189 634 4241; x_wconf 88' lang='grc' dir='ltr'><strong>τὸ</strong></span> <span class='ocrx_word' id='word_1_432' title='bbox 668 4191 852 4260; x_wconf 81' lang='grc' dir='ltr'>χρῆμα</span> <span class='ocrx_word' id='word_1_433' title='bbox 893 4190 1126 4262; x_wconf 79' lang='grc' dir='ltr'>τρυφὴν,</span> <span class='ocrx_word' id='word_1_434' title='bbox 1177 4192 1272 4246; x_wconf 74' lang='grc' dir='ltr'><strong>καὶ</strong></span> <span class='ocrx_word' id='word_1_435' title='bbox 1314 4193 1374 4245; x_wconf 80' lang='grc' dir='ltr'>ὲν</span> <span class='ocrx_word' id='word_1_436' title='bbox 1419 4193 1658 4266; x_wconf 80' lang='grc' dir='ltr'>θυμηδίᾳ</span> <span class='ocrx_word' id='word_1_437' title='bbox 1697 4196 1830 4249; x_wconf 77' lang='grc' dir='ltr'>αὐτὸ</span> 
     </span>
    </p>
   </div>
   <div class='ocr_carea' id='block_1_60' title="bbox 254 4280 1828 4358">
    <p class='ocr_par' dir='ltr' id='par_1_60' title="bbox 254 4280 1828 4358">
     <span class='ocr_line' id='line_1_61' title="bbox 254 4280 1828 4358; baseline 0.024 -39"><span class='ocrx_word' id='word_1_438' title='bbox 254 4280 729 4350; x_wconf 73' lang='grc' dir='ltr'>καταγράφοντας,</span> <span class='ocrx_word' id='word_1_439' title='bbox 777 4283 869 4336; x_wconf 79' lang='grc' dir='ltr'>καὶ</span> <span class='ocrx_word' id='word_1_440' title='bbox 910 4283 1216 4356; x_wconf 88' lang='grc' dir='ltr'>γεγηθότας</span> <span class='ocrx_word' id='word_1_441' title='bbox 1266 4287 1324 4339; x_wconf 87' lang='grc' dir='ltr'>ὲν</span> <span class='ocrx_word' id='word_1_442' title='bbox 1359 4289 1460 4358; x_wconf 79' lang='grc' dir='ltr'><strong>ἴσῳ</strong></span> <span class='ocrx_word' id='word_1_443' title='bbox 1489 4290 1602 4352; x_wconf 80' lang='grc' dir='ltr'>τοῖς</span> <span class='ocrx_word' id='word_1_444' title='bbox 1635 4288 1734 4353; x_wconf 83' lang='grc' dir='ltr'><strong>τὰς</strong></span> <span class='ocrx_word' id='word_1_445' title='bbox 1768 4290 1828 4355; x_wconf 71' lang='grc' dir='ltr'>ἐξ</span> 
     </span>
    </p>
   </div>
   <div class='ocr_carea' id='block_1_61' title="bbox 249 4371 1823 4453">
    <p class='ocr_par' dir='ltr' id='par_1_61' title="bbox 249 4371 1823 4453">
     <span class='ocr_line' id='line_1_62' title="bbox 249 4371 1823 4453; baseline 0.007 -30"><span class='ocrx_word' id='word_1_446' title='bbox 249 4371 511 4439; x_wconf 67' lang='grc' dir='ltr'>ἀμπέλων</span> <span class='ocrx_word' id='word_1_447' title='bbox 563 4373 867 4444; x_wconf 81' lang='grc' dir='ltr'>εὐκαρπίας</span> <span class='ocrx_word' id='word_1_448' title='bbox 914 4375 1248 4446; x_wconf 86' lang='grc' dir='ltr'>συλλέγουσι.</span> <span class='ocrx_word' id='word_1_449' title='bbox 1298 4378 1568 4451; x_wconf 81' lang='grc' dir='ltr'>Ταύτῃτοί</span> <span class='ocrx_word' id='word_1_450' title='bbox 1622 4399 1784 4453; x_wconf 84' lang='grc' dir='ltr'>φησιν</span> <span class='ocrx_word' id='word_1_451' title='bbox 1809 4387 1823 4413; x_wconf 68' lang='grc' dir='ltr'><em>δ</em></span> 
     </span>
    </p>
   </div>
   <div class='ocr_carea' id='block_1_62' title="bbox 255 4462 1821 4544">
    <p class='ocr_par' dir='ltr' id='par_1_62' title="bbox 255 4462 1821 4544">
     <span class='ocr_line' id='line_1_63' title="bbox 255 4462 1821 4544; baseline 0.008 -33"><span class='ocrx_word' id='word_1_452' title='bbox 255 4479 271 4511; x_wconf 83' lang='grc' dir='ltr'><strong>ι</strong></span> <span class='ocrx_word' id='word_1_453' title='bbox 291 4462 746 4528; x_wconf 73' lang='grc' dir='ltr'>Ἐξαποςτείλατε</span> <span class='ocrx_word' id='word_1_454' title='bbox 775 4466 1032 4537; x_wconf 87' lang='grc' dir='ltr'>δρέπανα,</span> <span class='ocrx_word' id='word_1_455' title='bbox 1058 4469 1139 4521; x_wconf 84' lang='grc' dir='ltr'><strong>ὅτι</strong></span> <span class='ocrx_word' id='word_1_456' title='bbox 1167 4469 1478 4542; x_wconf 81' lang='grc' dir='ltr'>παρέστηκε</span> <span class='ocrx_word' id='word_1_457' title='bbox 1500 4473 1769 4544; x_wconf 83' lang='grc' dir='ltr'>τρυγητὸς</span> <span class='ocrx_word' id='word_1_458' title='bbox 1804 4492 1821 4524; x_wconf 75' lang='lat' dir='ltr'><strong>t</strong></span> 
     </span>
    </p>
   </div>
   <div class='ocr_carea' id='block_1_63' title="bbox 249 4553 1829 4636">
    <p class='ocr_par' dir='ltr' id='par_1_63' title="bbox 249 4553 1829 4636">
     <span class='ocr_line' id='line_1_64' title="bbox 249 4553 1829 4636; baseline 0.009 -31"><span class='ocrx_word' id='word_1_459' title='bbox 249 4553 324 4620; x_wconf 72' lang='grc' dir='ltr'><strong>(τὸ</strong></span> <span class='ocrx_word' id='word_1_460' title='bbox 341 4555 820 4618; x_wconf 79' lang='grc' dir='ltr'>ἐξαποστείλατε</span> <span class='ocrx_word' id='word_1_461' title='bbox 840 4558 1028 4626; x_wconf 75' lang='grc' dir='ltr'>τιθεὶς,</span> <span class='ocrx_word' id='word_1_462' title='bbox 1059 4561 1180 4613; x_wconf 76' lang='grc' dir='ltr'>ἀντὶ</span> <span class='ocrx_word' id='word_1_463' title='bbox 1205 4560 1323 4625; x_wconf 80' lang='grc' dir='ltr'>τοῦ,</span> <span class='ocrx_word' id='word_1_464' title='bbox 1353 4563 1714 4636; x_wconf 71' lang='grc' dir='ltr'>ἐκπέμψατε),</span> <span class='ocrx_word' id='word_1_465' title='bbox 1735 4567 1829 4620; x_wconf 72' lang='grc' dir='ltr'>καὶ</span> 
     </span>
    </p>
   </div>
   <div class='ocr_carea' id='block_1_64' title="bbox 246 4645 1826 4727">
    <p class='ocr_par' dir='ltr' id='par_1_64' title="bbox 246 4645 1826 4727">
     <span class='ocr_line' id='line_1_65' title="bbox 246 4645 1826 4727; baseline 0.011 -32"><span class='ocrx_word' id='word_1_466' title='bbox 246 4645 551 4711; x_wconf 78' lang='grc' dir='ltr'>ἑκτείνατε,</span> <span class='ocrx_word' id='word_1_467' title='bbox 585 4647 835 4721; x_wconf 85' lang='grc' dir='ltr'>καθάπερ</span> <span class='ocrx_word' id='word_1_468' title='bbox 859 4651 1052 4720; x_wconf 85' lang='grc' dir='ltr'>ἀμέλει</span> <span class='ocrx_word' id='word_1_469' title='bbox 1088 4653 1182 4705; x_wconf 72' lang='grc' dir='ltr'>καὶ</span> <span class='ocrx_word' id='word_1_470' title='bbox 1209 4655 1259 4706; x_wconf 88' lang='grc' dir='ltr'><strong>οί</strong></span> <span class='ocrx_word' id='word_1_471' title='bbox 1303 4657 1510 4727; x_wconf 80' lang='grc' dir='ltr'>τρυγᾷν</span> <span class='ocrx_word' id='word_1_472' title='bbox 1553 4657 1826 4721; x_wconf 79' lang='grc' dir='ltr'>εἰωθότες.</span> 
     </span>
    </p>
   </div>
   <div class='ocr_carea' id='block_1_65' title="bbox 245 4737 1829 4820">
    <p class='ocr_par' dir='ltr' id='par_1_65' title="bbox 245 4737 1829 4820">
     <span class='ocr_line' id='line_1_66' title="bbox 245 4737 1829 4820; baseline 0.009 -31"><span class='ocrx_word' id='word_1_473' title='bbox 245 4737 540 4793; x_wconf 75' lang='grc' dir='ltr'>Κείσονται</span> <span class='ocrx_word' id='word_1_474' title='bbox 569 4740 678 4813; x_wconf 78' lang='grc' dir='ltr'><strong>γάρ</strong></span> <span class='ocrx_word' id='word_1_475' title='bbox 709 4741 916 4813; x_wconf 77' lang='grc' dir='ltr'>ἕτοιμοι</span> <span class='ocrx_word' id='word_1_476' title='bbox 944 4743 1080 4814; x_wconf 81' lang='grc' dir='ltr'>πρὸς</span> <span class='ocrx_word' id='word_1_477' title='bbox 1107 4745 1410 4817; x_wconf 83' lang='grc' dir='ltr'>ἀναίρεσιν,</span> <span class='ocrx_word' id='word_1_478' title='bbox 1438 4749 1723 4820; x_wconf 82' lang='grc' dir='ltr'>εὐτρεπεῖς</span> <span class='ocrx_word' id='word_1_479' title='bbox 1749 4753 1829 4814; x_wconf 85' lang='grc' dir='ltr'><strong>είς</strong></span> 
     </span>
    </p>
   </div>
   <div class='ocr_carea' id='block_1_66' title="bbox 246 4832 1826 4910">
    <p class='ocr_par' dir='ltr' id='par_1_66' title="bbox 246 4832 1826 4910">
     <span class='ocr_line' id='line_1_67' title="bbox 246 4832 1826 4910; baseline 0.011 -31"><span class='ocrx_word' id='word_1_480' title='bbox 246 4832 589 4900; x_wconf 79' lang='grc' dir='ltr'>κατατομήν.</span> <span class='ocrx_word' id='word_1_481' title='bbox 649 4834 1070 4906; x_wconf 82' lang='grc' dir='ltr'>Ἀποκειρέσθω,</span> <span class='ocrx_word' id='word_1_482' title='bbox 1116 4837 1303 4908; x_wconf 82' lang='grc' dir='ltr'>φησὶν,</span> <span class='ocrx_word' id='word_1_483' title='bbox 1346 4839 1376 4891; x_wconf 84' lang='grc' dir='ltr'>ὁ</span> <span class='ocrx_word' id='word_1_484' title='bbox 1418 4839 1697 4910; x_wconf 82' lang='grc' dir='ltr'>πολέμιος,</span> <span class='ocrx_word' id='word_1_485' title='bbox 1749 4842 1826 4906; x_wconf 84' lang='grc' dir='ltr'>ὡς</span> 
     </span>
    </p>
   </div>
   <div class='ocr_carea' id='block_1_67' title="bbox 245 4919 1821 5004">
    <p class='ocr_par' dir='ltr' id='par_1_67' title="bbox 245 4919 1821 5004">
     <span class='ocr_line' id='line_1_68' title="bbox 245 4919 1821 5004; baseline 0.011 -35"><span class='ocrx_word' id='word_1_486' title='bbox 245 4919 302 4985; x_wconf 70' lang='grc' dir='ltr'>ἐξ</span> <span class='ocrx_word' id='word_1_487' title='bbox 322 4921 576 4990; x_wconf 77' lang='grc' dir='ltr'>ἀμπέλου</span> <span class='ocrx_word' id='word_1_488' title='bbox 610 4921 821 4994; x_wconf 77' lang='grc' dir='ltr'>βότρυς⁴</span> <span class='ocrx_word' id='word_1_489' title='bbox 868 4926 1144 4980; x_wconf 87' lang='grc' dir='ltr'>πατείσθω</span> <span class='ocrx_word' id='word_1_490' title='bbox 1194 4927 1251 4980; x_wconf 85' lang='grc' dir='ltr'>δὲ</span> <span class='ocrx_word' id='word_1_491' title='bbox 1289 4929 1479 5002; x_wconf 82' lang='grc' dir='ltr'>ὥσπερ</span> <span class='ocrx_word' id='word_1_492' title='bbox 1511 4927 1580 4984; x_wconf 83' lang='grc' dir='ltr'>’έν</span> <span class='ocrx_word' id='word_1_493' title='bbox 1623 4933 1821 5004; x_wconf 80' lang='grc' dir='ltr'>ληνοῖς,</span> 
     </span>
    </p>
   </div>
   <div class='ocr_carea' id='block_1_68' title="bbox 246 5011 1816 5093">
    <p class='ocr_par' dir='ltr' id='par_1_68' title="bbox 246 5011 1816 5093">
     <span class='ocr_line' id='line_1_69' title="bbox 246 5011 1816 5093; baseline 0.01 -34"><span class='ocrx_word' id='word_1_494' title='bbox 246 5011 488 5079; x_wconf 75' lang='grc' dir='ltr'>σωρηδὸν</span> <span class='ocrx_word' id='word_1_495' title='bbox 534 5011 638 5064; x_wconf 77' lang='grc' dir='ltr'><strong>ὑπὸ</strong></span> <span class='ocrx_word' id='word_1_496' title='bbox 680 5013 847 5075; x_wconf 86' lang='grc' dir='ltr'>πόδας</span> <span class='ocrx_word' id='word_1_497' title='bbox 880 5013 1151 5084; x_wconf 86' lang='grc' dir='ltr'>κείμενος.</span> <span class='ocrx_word' id='word_1_498' title='bbox 1191 5034 1210 5068; x_wconf 74' lang='grc' dir='ltr'><strong>ι</strong></span> <span class='ocrx_word' id='word_1_499' title='bbox 1260 5019 1657 5090; x_wconf 83' lang='grc' dir='ltr'>Είσπορεύεσθε</span> <span class='ocrx_word' id='word_1_500' title='bbox 1689 5024 1816 5093; x_wconf 81' lang='grc' dir='ltr'>γὰρ,</span> 
     </span>
    </p>
   </div>
   <div class='ocr_carea' id='block_1_69' title="bbox 245 5102 1817 5182">
    <p class='ocr_par' dir='ltr' id='par_1_69' title="bbox 245 5102 1817 5182">
     <span class='ocr_line' id='line_1_70' title="bbox 245 5102 1817 5182; baseline 0.01 -31"><span class='ocrx_word' id='word_1_501' title='bbox 245 5102 399 5168; x_wconf 73' lang='grc' dir='ltr'>φησι,</span> <span class='ocrx_word' id='word_1_502' title='bbox 454 5106 699 5168; x_wconf 80' lang='grc' dir='ltr'>πατείτε,</span> <span class='ocrx_word' id='word_1_503' title='bbox 740 5105 874 5158; x_wconf 87' lang='grc' dir='ltr'>διότι</span> <span class='ocrx_word' id='word_1_504' title='bbox 921 5107 1138 5179; x_wconf 85' lang='grc' dir='ltr'>πλήρης</span> <span class='ocrx_word' id='word_1_505' title='bbox 1183 5110 1216 5180; x_wconf 84' lang='grc' dir='ltr'>ἡ</span> <span class='ocrx_word' id='word_1_506' title='bbox 1267 5109 1491 5182; x_wconf 78' lang='grc' dir='ltr'>ληνὸς,›</span> <span class='ocrx_word' id='word_1_507' title='bbox 1553 5114 1817 5181; x_wconf 85' lang='grc' dir='ltr'>τουτέστι,</span> 
     </span>
    </p>
   </div>
   <div class='ocr_carea' id='block_1_70' title="bbox 247 5193 1819 5275">
    <p class='ocr_par' dir='ltr' id='par_1_70' title="bbox 247 5193 1819 5275">
     <span class='ocr_line' id='line_1_71' title="bbox 247 5193 1819 5275; baseline 0.012 -34"><span class='ocrx_word' id='word_1_508' title='bbox 247 5193 680 5266; x_wconf 85' lang='grc' dir='ltr'>συγκεκόμισται</span> <span class='ocrx_word' id='word_1_509' title='bbox 711 5197 846 5267; x_wconf 84' lang='grc' dir='ltr'>πρὸς</span> <span class='ocrx_word' id='word_1_510' title='bbox 884 5198 1106 5269; x_wconf 72' lang='grc' dir='ltr'>ὄλεθρον</span> <span class='ocrx_word' id='word_1_511' title='bbox 1153 5201 1262 5255; x_wconf 85' lang='grc' dir='ltr'><strong>τῶν</strong></span> <span class='ocrx_word' id='word_1_512' title='bbox 1300 5202 1470 5257; x_wconf 75' lang='grc' dir='ltr'>ἐθνῶν</span> <span class='ocrx_word' id='word_1_513' title='bbox 1507 5205 1539 5275; x_wconf 81' lang='grc' dir='ltr'><strong>ἡ</strong></span> <span class='ocrx_word' id='word_1_514' title='bbox 1593 5205 1819 5275; x_wconf 81' lang='grc' dir='ltr'>πληθὺς,</span> 
     </span>
    </p>
   </div>
   <div class='ocr_carea' id='block_1_71' title="bbox 239 5281 1818 5367">
    <p class='ocr_par' dir='ltr' id='par_1_71' title="bbox 239 5281 1818 5367">
     <span class='ocr_line' id='line_1_72' title="bbox 239 5281 1818 5367; baseline 0.008 -32"><span class='ocrx_word' id='word_1_515' title='bbox 239 5281 391 5336; x_wconf 76' lang='grc' dir='ltr'>οὐδὲν</span> <span class='ocrx_word' id='word_1_516' title='bbox 413 5284 476 5337; x_wconf 80' lang='grc' dir='ltr'>τὸ</span> <span class='ocrx_word' id='word_1_517' title='bbox 503 5286 832 5340; x_wconf 84' lang='grc' dir='ltr'>κωλύονὺπὺ</span> <span class='ocrx_word' id='word_1_518' title='bbox 862 5289 1028 5352; x_wconf 88' lang='grc' dir='ltr'>πόδας</span> <span class='ocrx_word' id='word_1_519' title='bbox 1059 5285 1196 5344; x_wconf 80' lang='grc' dir='ltr'>εῖναι</span> <span class='ocrx_word' id='word_1_520' title='bbox 1235 5293 1358 5354; x_wconf 84' lang='grc' dir='ltr'>τοὺς</span> <span class='ocrx_word' id='word_1_521' title='bbox 1386 5292 1532 5356; x_wconf 84' lang='grc' dir='ltr'>σούς.</span> <span class='ocrx_word' id='word_1_522' title='bbox 1568 5311 1586 5346; x_wconf 77' lang='grc' dir='ltr'><strong>ι</strong></span> <span class='ocrx_word' id='word_1_523' title='bbox 1616 5295 1818 5367; x_wconf 77' lang='grc' dir='ltr'>’Υπερ-</span> 
     </span>
    </p>
   </div>
   <div class='ocr_carea' id='block_1_72' title="bbox 239 5374 1830 5450">
    <p class='ocr_par' dir='ltr' id='par_1_72' title="bbox 239 5374 1830 5450">
     <span class='ocr_line' id='line_1_73' title="bbox 239 5374 1830 5450; baseline 0.011 -26"><span class='ocrx_word' id='word_1_524' title='bbox 239 5374 417 5442; x_wconf 75' lang='grc' dir='ltr'>χεῖται</span> <span class='ocrx_word' id='word_1_525' title='bbox 457 5375 525 5428; x_wconf 79' lang='grc' dir='ltr'><strong>τά</strong></span> <span class='ocrx_word' id='word_1_526' title='bbox 555 5375 844 5448; x_wconf 84' lang='grc' dir='ltr'>ὑπολήνια.</span> <span class='ocrx_word' id='word_1_527' title='bbox 871 5398 890 5431; x_wconf 77' lang='lat' dir='ltr'><strong>t</strong></span> <span class='ocrx_word' id='word_1_528' title='bbox 944 5381 1177 5450; x_wconf 82' lang='grc' dir='ltr'>Σημείον</span> <span class='ocrx_word' id='word_1_529' title='bbox 1228 5382 1286 5436; x_wconf 81' lang='grc' dir='ltr'>δὲ</span> <span class='ocrx_word' id='word_1_530' title='bbox 1337 5383 1425 5438; x_wconf 83' lang='grc' dir='ltr'><strong>διὰ</strong></span> <span class='ocrx_word' id='word_1_531' title='bbox 1464 5384 1668 5440; x_wconf 88' lang='grc' dir='ltr'>τούτων</span> <span class='ocrx_word' id='word_1_532' title='bbox 1705 5384 1830 5443; x_wconf 78' lang='grc' dir='ltr'>οἷον.</span> 
     </span>
    </p>
   </div>
   <div class='ocr_carea' id='block_1_73' title="bbox 237 5462 1812 5549">
    <p class='ocr_par' dir='ltr' id='par_1_73' title="bbox 237 5462 1812 5549">
     <span class='ocr_line' id='line_1_74' title="bbox 237 5462 1812 5549; baseline 0.013 -35"><span class='ocrx_word' id='word_1_533' title='bbox 237 5462 554 5536; x_wconf 69' lang='grc' dir='ltr'>ἀμφιλαφές</span> <span class='ocrx_word' id='word_1_534' title='bbox 596 5468 706 5521; x_wconf 80' lang='grc' dir='ltr'><strong>τῶν</strong></span> <span class='ocrx_word' id='word_1_535' title='bbox 736 5470 816 5534; x_wconf 87' lang='grc' dir='ltr'><strong>είς</strong></span> <span class='ocrx_word' id='word_1_536' title='bbox 849 5472 1234 5544; x_wconf 75' lang='grc' dir='ltr'>καταπατησιν</span> <span class='ocrx_word' id='word_1_537' title='bbox 1271 5479 1812 5549; x_wconf 80' lang='grc' dir='ltr'>συγκεκομισμένων.</span> 
     </span>
    </p>
   </div>
   <div class='ocr_carea' id='block_1_74' title="bbox 248 5549 1816 5636">
    <p class='ocr_par' dir='ltr' id='par_1_74' title="bbox 248 5549 1816 5636">
     <span class='ocr_line' id='line_1_75' title="bbox 248 5549 1816 5636; baseline 0.012 -30"><span class='ocrx_word' id='word_1_538' title='bbox 248 5549 340 5606; x_wconf 75' lang='grc' dir='ltr'><strong>ἐν</strong></span> <span class='ocrx_word' id='word_1_539' title='bbox 369 5556 476 5626; x_wconf 82' lang='grc' dir='ltr'><strong>γάρ</strong></span> <span class='ocrx_word' id='word_1_540' title='bbox 508 5575 590 5610; x_wconf 88' lang='grc' dir='ltr'><strong>τοι</strong></span> <span class='ocrx_word' id='word_1_541' title='bbox 622 5562 742 5622; x_wconf 84' lang='grc' dir='ltr'>ταῖς</span> <span class='ocrx_word' id='word_1_542' title='bbox 768 5560 877 5615; x_wconf 82' lang='grc' dir='ltr'><strong>τῶν</strong></span> <span class='ocrx_word' id='word_1_543' title='bbox 909 5561 1150 5633; x_wconf 83' lang='grc' dir='ltr'>βοτρύων</span> <span class='ocrx_word' id='word_1_544' title='bbox 1178 5565 1481 5633; x_wconf 85' lang='grc' dir='ltr'>ἀφθονίαις,</span> <span class='ocrx_word' id='word_1_545' title='bbox 1518 5569 1612 5622; x_wconf 80' lang='grc' dir='ltr'><strong>καὶ</strong></span> <span class='ocrx_word' id='word_1_546' title='bbox 1645 5571 1816 5636; x_wconf 84' lang='grc' dir='ltr'>αὑτὰς</span> 
     </span>
    </p>
   </div>
   <div class='ocr_carea' id='block_1_75' title="bbox 237 5640 1814 5730">
    <p class='ocr_par' dir='ltr' id='par_1_75' title="bbox 237 5640 1814 5730">
     <span class='ocr_line' id='line_1_76' title="bbox 237 5640 1814 5730; baseline 0.013 -36"><span class='ocrx_word' id='word_1_547' title='bbox 237 5640 432 5708; x_wconf 82' lang='grc' dir='ltr'>ό‹.¹ίνος</span> <span class='ocrx_word' id='word_1_548' title='bbox 473 5648 735 5712; x_wconf 85' lang='grc' dir='ltr'>πολλάκις</span> <span class='ocrx_word' id='word_1_549' title='bbox 774 5651 1063 5722; x_wconf 80' lang='grc' dir='ltr'>ὑπεραίρει</span> <span class='ocrx_word' id='word_1_550' title='bbox 1105 5654 1202 5718; x_wconf 81' lang='grc' dir='ltr'>τὰς</span> <span class='ocrx_word' id='word_1_551' title='bbox 1233 5655 1444 5726; x_wconf 89' lang='grc' dir='ltr'>ληνούς.</span> <span class='ocrx_word' id='word_1_552' title='bbox 1493 5659 1566 5712; x_wconf 78' lang='grc' dir='ltr'><strong>Τὸ</strong></span> <span class='ocrx_word' id='word_1_553' title='bbox 1611 5651 1814 5730; x_wconf 81' lang='grc' dir='ltr'>πλῆθος</span> 
     </span>
    </p>
   </div>
   <div class='ocr_carea' id='block_1_76' title="bbox 236 5732 1811 5822">
    <p class='ocr_par' dir='ltr' id='par_1_76' title="bbox 236 5732 1811 5822">
     <span class='ocr_line' id='line_1_77' title="bbox 236 5732 1811 5822; baseline 0.012 -38"><span class='ocrx_word' id='word_1_554' title='bbox 236 5734 300 5804; x_wconf 78' lang='grc' dir='ltr'>δὴ</span> <span class='ocrx_word' id='word_1_555' title='bbox 325 5732 415 5788; x_wconf 73' lang='grc' dir='ltr'>οὖν</span> <span class='ocrx_word' id='word_1_556' title='bbox 433 5739 539 5792; x_wconf 80' lang='grc' dir='ltr'>τῶν</span> <span class='ocrx_word' id='word_1_557' title='bbox 562 5739 667 5791; x_wconf 64' lang='grc' dir='ltr'>ὑπ’,</span> <span class='ocrx_word' id='word_1_558' title='bbox 689 5740 851 5804; x_wconf 81' lang='grc' dir='ltr'>πόδας</span> <span class='ocrx_word' id='word_1_559' title='bbox 880 5743 1141 5811; x_wconf 83' lang='grc' dir='ltr'>κειμένων</span> <span class='ocrx_word' id='word_1_560' title='bbox 1163 5744 1328 5815; x_wconf 84' lang='grc' dir='ltr'>δηλοῖ,</span> <span class='ocrx_word' id='word_1_561' title='bbox 1354 5747 1548 5816; x_wconf 84' lang='grc' dir='ltr'>λέγων,</span> <span class='ocrx_word' id='word_1_562' title='bbox 1573 5767 1589 5800; x_wconf 78' lang='grc' dir='ltr'><strong>ι</strong></span> <span class='ocrx_word' id='word_1_563' title='bbox 1614 5750 1811 5822; x_wconf 82' lang='grc' dir='ltr'>’Υπερ-</span> 
     </span>
    </p>
   </div>
   <div class='ocr_carea' id='block_1_77' title="bbox 2000 2248 3516 2337">
    <p class='ocr_par' dir='ltr' id='par_1_77' title="bbox 2000 2248 3516 2337">
     <span class='ocr_line' id='line_1_78' title="bbox 2000 2248 3516 2337; baseline 0.015 -31"><span class='ocrx_word' id='word_1_564' title='bbox 2000 2248 2183 2326; x_wconf 64' lang='lat' dir='ltr'><strong>,Veas.</strong></span> <span class='ocrx_word' id='word_1_565' title='bbox 2217 2256 2405 2311; x_wconf 79' lang='grc'><strong>15-16.</strong></span> <span class='ocrx_word' id='word_1_566' title='bbox 2433 2257 2674 2315; x_wconf 78' lang='lat' dir='ltr'><strong>Emittite</strong></span> <span class='ocrx_word' id='word_1_567' title='bbox 2700 2263 2884 2331; x_wconf 77' lang='lat' dir='ltr'><strong>falces,</strong></span> <span class='ocrx_word' id='word_1_568' title='bbox 2926 2269 3174 2337; x_wconf 80' lang='lat' dir='ltr'><strong>quoniam</strong></span> <span class='ocrx_word' id='word_1_569' title='bbox 3215 2273 3363 2326; x_wconf 74' lang='lat' dir='ltr'><strong>adest</strong></span> <span class='ocrx_word' id='word_1_570' title='bbox 3403 2277 3516 2327; x_wconf 85' lang='lat' dir='ltr'><strong>vi&#39;n-</strong></span> 
     </span>
    </p>
   </div>
   <div class='ocr_carea' id='block_1_78' title="bbox 1949 2345 3508 2430">
    <p class='ocr_par' dir='ltr' id='par_1_78' title="bbox 1949 2345 3508 2430">
     <span class='ocr_line' id='line_1_79' title="bbox 1949 2345 3508 2430; baseline 0.014 -34"><span class='ocrx_word' id='word_1_571' title='bbox 1949 2345 2402 2412; x_wconf 84' lang='lat' dir='ltr'><strong>demia;introite</strong></span> <span class='ocrx_word' id='word_1_572' title='bbox 2433 2393 2448 2419; x_wconf 93' lang='lat'><strong>,</strong></span> <span class='ocrx_word' id='word_1_573' title='bbox 2501 2355 2728 2419; x_wconf 79' lang='lat' dir='ltr'><strong>calcate,</strong></span> <span class='ocrx_word' id='word_1_574' title='bbox 2781 2361 2906 2427; x_wconf 73' lang='lat' dir='ltr'><strong>quia</strong></span> <span class='ocrx_word' id='word_1_575' title='bbox 2965 2363 3171 2427; x_wconf 73' lang='lat' dir='ltr'><strong>plenum</strong></span> <span class='ocrx_word' id='word_1_576' title='bbox 3232 2365 3508 2430; x_wconf 75' lang='lat' dir='ltr'><strong>torcular;</strong></span> 
     </span>
    </p>
   </div>
   <div class='ocr_carea' id='block_1_79' title="bbox 1949 2439 3518 2517">
    <p class='ocr_par' dir='ltr' id='par_1_79' title="bbox 1949 2439 3518 2517">
     <span class='ocr_line' id='line_1_80' title="bbox 1949 2439 3518 2517; baseline 0.016 -31"><span class='ocrx_word' id='word_1_577' title='bbox 1949 2439 2243 2492; x_wconf 74' lang='lat' dir='ltr'><strong>redundant</strong></span> <span class='ocrx_word' id='word_1_578' title='bbox 2285 2443 2598 2508; x_wconf 79' lang='lat' dir='ltr'><strong>toreularia,</strong></span> <span class='ocrx_word' id='word_1_579' title='bbox 2645 2447 2770 2514; x_wconf 78' lang='lat' dir='ltr'><strong>quia</strong></span> <span class='ocrx_word' id='word_1_580' title='bbox 2809 2449 3164 2517; x_wconf 84' lang='lat' dir='ltr'><strong>multiplicata</strong></span> <span class='ocrx_word' id='word_1_581' title='bbox 3209 2466 3329 2508; x_wconf 77' lang='lat' dir='ltr'><strong>sunt</strong></span> <span class='ocrx_word' id='word_1_582' title='bbox 3374 2460 3518 2511; x_wconf 81' lang='lat' dir='ltr'><strong>mala</strong></span> 
     </span>
    </p>
   </div>
   <div class='ocr_carea' id='block_1_80' title="bbox 1947 2526 3519 2613">
    <p class='ocr_par' dir='ltr' id='par_1_80' title="bbox 1947 2526 3519 2613">
     <span class='ocr_line' id='line_1_81' title="bbox 1947 2526 3519 2613; baseline 0.015 -35"><span class='ocrx_word' id='word_1_583' title='bbox 1947 2539 2145 2581; x_wconf 84' lang='lat' dir='ltr'><strong>eorum.</strong></span> <span class='ocrx_word' id='word_1_584' title='bbox 2197 2526 2413 2584; x_wconf 77' lang='lat' dir='ltr'><strong>Sonitus</strong></span> <span class='ocrx_word' id='word_1_585' title='bbox 2457 2536 2629 2588; x_wconf 82' lang='lat' dir='ltr'><strong>auditi</strong></span> <span class='ocrx_word' id='word_1_586' title='bbox 2671 2549 2792 2592; x_wconf 80' lang='lat' dir='ltr'><strong>sunt</strong></span> <span class='ocrx_word' id='word_1_587' title='bbox 2837 2541 2891 2592; x_wconf 83' lang='lat' dir='ltr'><strong>in</strong></span> <span class='ocrx_word' id='word_1_588' title='bbox 2925 2541 3060 2595; x_wconf 81' lang='lat' dir='ltr'><strong>valle</strong></span> <span class='ocrx_word' id='word_1_589' title='bbox 3107 2544 3300 2610; x_wconf 84' lang='lat' dir='ltr'><strong>judicii</strong></span> <span class='ocrx_word' id='word_1_590' title='bbox 3329 2587 3346 2611; x_wconf 95' lang='lat'><strong>,</strong></span> <span class='ocrx_word' id='word_1_591' title='bbox 3394 2549 3519 2613; x_wconf 79' lang='lat' dir='ltr'><strong>quia</strong></span> 
     </span>
    </p>
   </div>
   <div class='ocr_carea' id='block_1_81' title="bbox 1940 2614 3518 2699">
    <p class='ocr_par' dir='ltr' id='par_1_81' title="bbox 1940 2614 3518 2699">
     <span class='ocr_line' id='line_1_82' title="bbox 1940 2614 3518 2699; baseline 0.015 -32"><span class='ocrx_word' id='word_1_592' title='bbox 1940 2614 2098 2682; x_wconf 75' lang='lat' dir='ltr'><strong>juxta</strong></span> <span class='ocrx_word' id='word_1_593' title='bbox 2139 2629 2212 2672; x_wconf 82' lang='lat' dir='ltr'><strong>est</strong></span> <span class='ocrx_word' id='word_1_594' title='bbox 2255 2621 2364 2674; x_wconf 84' lang='lat' dir='ltr'><strong>dies</strong></span> <span class='ocrx_word' id='word_1_595' title='bbox 2419 2622 2634 2678; x_wconf 85' lang='lat' dir='ltr'><strong>Domini</strong></span> <span class='ocrx_word' id='word_1_596' title='bbox 2669 2629 2723 2680; x_wconf 84' lang='lat' dir='ltr'><strong>in</strong></span> <span class='ocrx_word' id='word_1_597' title='bbox 2760 2630 2891 2683; x_wconf 83' lang='lat' dir='ltr'><strong>valle</strong></span> <span class='ocrx_word' id='word_1_598' title='bbox 2911 2631 3127 2699; x_wconf 83' lang='lat' dir='ltr'><strong>judicii.</strong></span> <span class='ocrx_word' id='word_1_599' title='bbox 3183 2633 3276 2689; x_wconf 87' lang='lat' dir='ltr'><strong>Sol</strong></span> <span class='ocrx_word' id='word_1_600' title='bbox 3311 2646 3356 2689; x_wconf 87' lang='lat' dir='ltr'><strong>et</strong></span> <span class='ocrx_word' id='word_1_601' title='bbox 3391 2637 3518 2692; x_wconf 82' lang='lat' dir='ltr'><strong>luna</strong></span> 
     </span>
    </p>
   </div>
   <div class='ocr_carea' id='block_1_82' title="bbox 1948 2709 3514 2792">
    <p class='ocr_par' dir='ltr' id='par_1_82' title="bbox 1948 2709 3514 2792">
     <span class='ocr_line' id='line_1_83' title="bbox 1948 2709 3514 2792; baseline 0.015 -32"><span class='ocrx_word' id='word_1_602' title='bbox 1948 2709 2446 2778; x_wconf 84' lang='lat' dir='ltr'><strong>obtenebrabuntur,</strong></span> <span class='ocrx_word' id='word_1_603' title='bbox 2469 2725 2516 2769; x_wconf 85' lang='lat' dir='ltr'><strong>et</strong></span> <span class='ocrx_word' id='word_1_604' title='bbox 2544 2719 2709 2773; x_wconf 81' lang='lat' dir='ltr'><strong>stella:</strong></span> <span class='ocrx_word' id='word_1_605' title='bbox 2725 2721 2958 2775; x_wconf 86' lang='lat' dir='ltr'><strong>occidere</strong></span> <span class='ocrx_word' id='word_1_606' title='bbox 2981 2723 3172 2792; x_wconf 79' lang='lat' dir='ltr'><strong>facient</strong></span> <span class='ocrx_word' id='word_1_607' title='bbox 3191 2726 3514 2792; x_wconf 74' lang='lat' dir='ltr'><strong>splendorem</strong></span> 
     </span>
    </p>
   </div>
   <div class='ocr_carea' id='block_1_83' title="bbox 1946 2799 3517 2881">
    <p class='ocr_par' dir='ltr' id='par_1_83' title="bbox 1946 2799 3517 2881">
     <span class='ocr_line' id='line_1_84' title="bbox 1946 2799 3517 2881; baseline 0.015 -31"><span class='ocrx_word' id='word_1_608' title='bbox 1946 2813 2119 2854; x_wconf 79' lang='lat' dir='ltr'><strong>suum.</strong></span> <span class='ocrx_word' id='word_1_609' title='bbox 2151 2799 2222 2856; x_wconf 87' lang='lat' dir='ltr'><strong>Et</strong></span> <span class='ocrx_word' id='word_1_610' title='bbox 2249 2803 2502 2862; x_wconf 82' lang='lat' dir='ltr'><strong>Dominus</strong></span> <span class='ocrx_word' id='word_1_611' title='bbox 2539 2809 2602 2863; x_wconf 87' lang='lat' dir='ltr'><strong>de</strong></span> <span class='ocrx_word' id='word_1_612' title='bbox 2627 2808 2757 2866; x_wconf 85' lang='lat' dir='ltr'><strong>Sion</strong></span> <span class='ocrx_word' id='word_1_613' title='bbox 2795 2812 3044 2869; x_wconf 74' lang='lat' dir='ltr'><strong>elautabit</strong></span> <span class='ocrx_word' id='word_1_614' title='bbox 3073 2853 3088 2881; x_wconf 89' lang='lat'><strong>,</strong></span> <span class='ocrx_word' id='word_1_615' title='bbox 3145 2827 3194 2871; x_wconf 87' lang='lat' dir='ltr'><strong>et</strong></span> <span class='ocrx_word' id='word_1_616' title='bbox 3223 2816 3517 2874; x_wconf 78' lang='lat' dir='ltr'><strong>Jerusalem</strong></span> 
     </span>
    </p>
   </div>
   <div class='ocr_carea' id='block_1_84' title="bbox 1946 2887 3378 2966">
    <p class='ocr_par' dir='ltr' id='par_1_84' title="bbox 1946 2887 3378 2966">
     <span class='ocr_line' id='line_1_85' title="bbox 1946 2887 3378 2966; baseline 0.019 -27"><span class='ocrx_word' id='word_1_617' title='bbox 1946 2887 2090 2941; x_wconf 77' lang='lat' dir='ltr'><strong>dabit</strong></span> <span class='ocrx_word' id='word_1_618' title='bbox 2112 2905 2284 2946; x_wconf 83' lang='lat' dir='ltr'><strong>vocem</strong></span> <span class='ocrx_word' id='word_1_619' title='bbox 2305 2910 2479 2963; x_wconf 84' lang='lat' dir='ltr'><strong>suam,</strong></span> <span class='ocrx_word' id='word_1_620' title='bbox 2515 2909 2560 2952; x_wconf 85' lang='lat' dir='ltr'><strong>et</strong></span> <span class='ocrx_word' id='word_1_621' title='bbox 2586 2900 2878 2957; x_wconf 75' lang='lat' dir='ltr'><strong>movebitur</strong></span> <span class='ocrx_word' id='word_1_622' title='bbox 2916 2909 3103 2960; x_wconf 62' lang='lat' dir='ltr'><strong>caelum</strong></span> <span class='ocrx_word' id='word_1_623' title='bbox 3139 2918 3189 2962; x_wconf 79' lang='lat' dir='ltr'><strong>et</strong></span> <span class='ocrx_word' id='word_1_624' title='bbox 3216 2917 3378 2966; x_wconf 83' lang='lat' dir='ltr'><strong>terra.</strong></span> 
     </span>
    </p>
   </div>
   <div class='ocr_carea' id='block_1_85' title="bbox 2018 3186 3510 3280">
    <p class='ocr_par' dir='ltr' id='par_1_85' title="bbox 2018 3186 3510 3280">
     <span class='ocr_line' id='line_1_86' title="bbox 2018 3186 3510 3280; baseline 0.016 -37"><span class='ocrx_word' id='word_1_625' title='bbox 2018 3187 2177 3246; x_wconf 83' lang='lat' dir='ltr'><strong>XLII.</strong></span> <span class='ocrx_word' id='word_1_626' title='bbox 2207 3192 2490 3252; x_wconf 85' lang='lat' dir='ltr'><strong>Finitimos</strong></span> <span class='ocrx_word' id='word_1_627' title='bbox 2517 3186 2716 3254; x_wconf 65' lang='lat' dir='ltr'><strong>Iudaeae</strong></span> <span class='ocrx_word' id='word_1_628' title='bbox 2735 3201 2981 3272; x_wconf 81' lang='lat' dir='ltr'><strong>pupulas,</strong></span> <span class='ocrx_word' id='word_1_629' title='bbox 3011 3205 3242 3273; x_wconf 81' lang='lat' dir='ltr'><strong>Arabas,</strong></span> <span class='ocrx_word' id='word_1_630' title='bbox 3269 3210 3510 3280; x_wconf 85' lang='lat' dir='ltr'><strong>inquam,</strong></span> 
     </span>
    </p>
   </div>
   <div class='ocr_carea' id='block_1_86' title="bbox 1943 3280 3521 3360">
    <p class='ocr_par' dir='ltr' id='par_1_86' title="bbox 1943 3280 3521 3360">
     <span class='ocr_line' id='line_1_87' title="bbox 1943 3280 3521 3360; baseline 0.01 -26"><span class='ocrx_word' id='word_1_631' title='bbox 1943 3290 1997 3335; x_wconf 92' lang='lat' dir='ltr'><strong>et</strong></span> <span class='ocrx_word' id='word_1_632' title='bbox 2026 3280 2238 3352; x_wconf 83' lang='lat' dir='ltr'><strong>Tyrios,</strong></span> <span class='ocrx_word' id='word_1_633' title='bbox 2273 3283 2527 3343; x_wconf 85' lang='lat' dir='ltr'><strong>Getbaeos</strong></span> <span class='ocrx_word' id='word_1_634' title='bbox 2564 3299 2619 3344; x_wconf 92' lang='lat' dir='ltr'><strong>et</strong></span> <span class='ocrx_word' id='word_1_635' title='bbox 2667 3292 2981 3360; x_wconf 89' lang='lat' dir='ltr'><strong>Philistiim,</strong></span> <span class='ocrx_word' id='word_1_636' title='bbox 3028 3295 3287 3353; x_wconf 73' lang='lat' dir='ltr'><strong>Moabitae</strong></span> <span class='ocrx_word' id='word_1_637' title='bbox 3322 3311 3379 3355; x_wconf 91' lang='lat' dir='ltr'><strong>et</strong></span> <span class='ocrx_word' id='word_1_638' title='bbox 3399 3299 3521 3354; x_wconf 89' lang='lat' dir='ltr'><strong>Idu-</strong></span> 
     </span>
    </p>
   </div>
   <div class='ocr_carea' id='block_1_87' title="bbox 1942 3377 3506 3452">
    <p class='ocr_par' dir='ltr' id='par_1_87' title="bbox 1942 3377 3506 3452">
     <span class='ocr_line' id='line_1_88' title="bbox 1942 3377 3506 3452; baseline 0.014 -26"><span class='ocrx_word' id='word_1_639' title='bbox 1942 3377 2488 3438; x_wconf 63' lang='lat' dir='ltr'><strong>meos,Ammonitas</strong></span> <span class='ocrx_word' id='word_1_640' title='bbox 2515 3391 2570 3436; x_wconf 92' lang='lat' dir='ltr'><strong>et</strong></span> <span class='ocrx_word' id='word_1_641' title='bbox 2614 3383 2931 3452; x_wconf 69' lang='lat' dir='ltr'><strong>Gergcsaeos</strong></span> <span class='ocrx_word' id='word_1_642' title='bbox 2971 3388 3121 3442; x_wconf 90' lang='lat' dir='ltr'><strong>velut</strong></span> <span class='ocrx_word' id='word_1_643' title='bbox 3171 3391 3312 3444; x_wconf 66' lang='lat' dir='ltr'><strong>tubae</strong></span> <span class='ocrx_word' id='word_1_644' title='bbox 3354 3392 3506 3448; x_wconf 72' lang='lat' dir='ltr'><strong>clau-</strong></span> 
     </span>
    </p>
   </div>
   <div class='ocr_carea' id='block_1_88' title="bbox 1943 3465 3513 3552">
    <p class='ocr_par' dir='ltr' id='par_1_88' title="bbox 1943 3465 3513 3552">
     <span class='ocr_line' id='line_1_89' title="bbox 1943 3465 3513 3552; baseline 0.015 -35"><span class='ocrx_word' id='word_1_645' title='bbox 1943 3465 2164 3533; x_wconf 79' lang='lat' dir='ltr'><strong>goribus</strong></span> <span class='ocrx_word' id='word_1_646' title='bbox 2213 3468 2266 3521; x_wconf 92' lang='lat' dir='ltr'><strong>in</strong></span> <span class='ocrx_word' id='word_1_647' title='bbox 2295 3470 2487 3525; x_wconf 89' lang='lat' dir='ltr'><strong>vallem</strong></span> <span class='ocrx_word' id='word_1_648' title='bbox 2536 3471 2798 3543; x_wconf 83' lang='lat' dir='ltr'><strong>Josaphat</strong></span> <span class='ocrx_word' id='word_1_649' title='bbox 2849 3493 3180 3547; x_wconf 70' lang='lat' dir='ltr'><strong>congregare</strong></span> <span class='ocrx_word' id='word_1_650' title='bbox 3207 3483 3369 3552; x_wconf 87' lang='lat' dir='ltr'><strong>jussit</strong></span> <span class='ocrx_word' id='word_1_651' title='bbox 3397 3525 3413 3551; x_wconf 93' lang='lat'><strong>,</strong></span> <span class='ocrx_word' id='word_1_652' title='bbox 3453 3496 3513 3541; x_wconf 93' lang='lat' dir='ltr'><strong>ut</strong></span> 
     </span>
    </p>
   </div>
   <div class='ocr_carea' id='block_1_89' title="bbox 1941 3559 3509 3647">
    <p class='ocr_par' dir='ltr' id='par_1_89' title="bbox 1941 3559 3509 3647">
     <span class='ocr_line' id='line_1_90' title="bbox 1941 3559 3509 3647; baseline 0.015 -39"><span class='ocrx_word' id='word_1_653' title='bbox 1941 3559 2335 3626; x_wconf 89' lang='lat' dir='ltr'><strong>quamprimum</strong></span> <span class='ocrx_word' id='word_1_654' title='bbox 2391 3564 2682 3620; x_wconf 88' lang='lat' dir='ltr'><strong>morituros</strong></span> <span class='ocrx_word' id='word_1_655' title='bbox 2744 3567 2908 3639; x_wconf 65' lang='grc'><strong>240</strong></span> <span class='ocrx_word' id='word_1_656' title='bbox 2961 3578 3016 3625; x_wconf 82' lang='lat' dir='ltr'><strong>et</strong></span> <span class='ocrx_word' id='word_1_657' title='bbox 3077 3575 3302 3629; x_wconf 84' lang='lat' dir='ltr'><strong>acerbas</strong></span> <span class='ocrx_word' id='word_1_658' title='bbox 3344 3577 3509 3647; x_wconf 83' lang='lat' dir='ltr'><strong>judici</strong></span> 
     </span>
    </p>
   </div>
   <div class='ocr_carea' id='block_1_90' title="bbox 1940 3653 3506 3727">
    <p class='ocr_par' dir='ltr' id='par_1_90' title="bbox 1940 3653 3506 3727">
     <span class='ocr_line' id='line_1_91' title="bbox 1940 3653 3506 3727; baseline 0.017 -26"><span class='ocrx_word' id='word_1_659' title='bbox 1940 3661 2127 3716; x_wconf 68' lang='lat' dir='ltr'><strong>patrias</strong></span> <span class='ocrx_word' id='word_1_660' title='bbox 2158 3653 2547 3719; x_wconf 81' lang='lat' dir='ltr'><strong>persoluturos.</strong></span> <span class='ocrx_word' id='word_1_661' title='bbox 2583 3656 2735 3713; x_wconf 86' lang='lat' dir='ltr'><strong>Nunc</strong></span> <span class='ocrx_word' id='word_1_662' title='bbox 2763 3662 3036 3718; x_wconf 88' lang='lat' dir='ltr'><strong>Israelitas</strong></span> <span class='ocrx_word' id='word_1_663' title='bbox 3061 3666 3127 3719; x_wconf 90' lang='lat' dir='ltr'><strong>ad</strong></span> <span class='ocrx_word' id='word_1_664' title='bbox 3166 3668 3506 3727; x_wconf 88' lang='lat' dir='ltr'><strong>alacritatem</strong></span> 
     </span>
    </p>
   </div>
   <div class='ocr_carea' id='block_1_91' title="bbox 1940 3739 3509 3824">
    <p class='ocr_par' dir='ltr' id='par_1_91' title="bbox 1940 3739 3509 3824">
     <span class='ocr_line' id='line_1_92' title="bbox 1940 3739 3509 3824; baseline 0.018 -35"><span class='ocrx_word' id='word_1_665' title='bbox 1940 3739 2230 3805; x_wconf 86' lang='lat' dir='ltr'><strong>quamdam</strong></span> <span class='ocrx_word' id='word_1_666' title='bbox 2287 3742 2759 3815; x_wconf 78' lang='lat' dir='ltr'><strong>inexpugnabilem</strong></span> <span class='ocrx_word' id='word_1_667' title='bbox 2822 3749 3188 3824; x_wconf 77' lang='lat' dir='ltr'><strong>invictamque</strong></span> <span class='ocrx_word' id='word_1_668' title='bbox 3235 3758 3509 3818; x_wconf 81' lang='lat' dir='ltr'><strong>fortitudi-</strong></span> 
     </span>
    </p>
   </div>
   <div class='ocr_carea' id='block_1_92' title="bbox 1941 3833 3506 3923">
    <p class='ocr_par' dir='ltr' id='par_1_92' title="bbox 1941 3833 3506 3923">
     <span class='ocr_line' id='line_1_93' title="bbox 1941 3833 3506 3923; baseline 0.02 -43"><span class='ocrx_word' id='word_1_669' title='bbox 1941 3843 2062 3882; x_wconf 88' lang='lat' dir='ltr'><strong>nem</strong></span> <span class='ocrx_word' id='word_1_670' title='bbox 2089 3833 2408 3898; x_wconf 81' lang='lat' dir='ltr'><strong>exsuscitat,</strong></span> <span class='ocrx_word' id='word_1_671' title='bbox 2456 3836 2698 3908; x_wconf 87' lang='lat' dir='ltr'><strong>adeoque</strong></span> <span class='ocrx_word' id='word_1_672' title='bbox 2735 3841 2786 3894; x_wconf 90' lang='lat' dir='ltr'><strong>in</strong></span> <span class='ocrx_word' id='word_1_673' title='bbox 2853 3857 3208 3915; x_wconf 80' lang='lat' dir='ltr'><strong>congregatos</strong></span> <span class='ocrx_word' id='word_1_674' title='bbox 3251 3851 3462 3910; x_wconf 89' lang='lat' dir='ltr'><strong>insilirc</strong></span> <span class='ocrx_word' id='word_1_675' title='bbox 3489 3897 3506 3923; x_wconf 91' lang='lat'><strong>,</strong></span> 
     </span>
    </p>
   </div>
   <div class='ocr_carea' id='block_1_93' title="bbox 1939 3924 3509 4002">
    <p class='ocr_par' dir='ltr' id='par_1_93' title="bbox 1939 3924 3509 4002">
     <span class='ocr_line' id='line_1_94' title="bbox 1939 3924 3509 4002; baseline 0.019 -29"><span class='ocrx_word' id='word_1_676' title='bbox 1939 3924 2092 3989; x_wconf 87' lang='lat' dir='ltr'><strong>quasi</strong></span> <span class='ocrx_word' id='word_1_677' title='bbox 2117 3924 2292 3992; x_wconf 88' lang='lat' dir='ltr'><strong>jubet,</strong></span> <span class='ocrx_word' id='word_1_678' title='bbox 2324 3937 2376 3981; x_wconf 89' lang='lat' dir='ltr'><strong>et</strong></span> <span class='ocrx_word' id='word_1_679' title='bbox 2401 3928 2500 3992; x_wconf 87' lang='lat' dir='ltr'><strong>ait,</strong></span> <span class='ocrx_word' id='word_1_680' title='bbox 2530 3945 2622 3986; x_wconf 86' lang='lat' dir='ltr'><strong>eos</strong></span> <span class='ocrx_word' id='word_1_681' title='bbox 2649 3947 2811 4000; x_wconf 88' lang='lat' dir='ltr'><strong>quam</strong></span> <span class='ocrx_word' id='word_1_682' title='bbox 2836 3939 3066 3991; x_wconf 79' lang='lat' dir='ltr'><strong>maxime</strong></span> <span class='ocrx_word' id='word_1_683' title='bbox 3111 3941 3380 4000; x_wconf 89' lang='lat' dir='ltr'><strong>audentes</strong></span> <span class='ocrx_word' id='word_1_684' title='bbox 3434 3949 3509 4002; x_wconf 87' lang='lat' dir='ltr'><strong>vi-</strong></span> 
     </span>
    </p>
   </div>
   <div class='ocr_carea' id='block_1_94' title="bbox 1937 4013 3505 4092">
    <p class='ocr_par' dir='ltr' id='par_1_94' title="bbox 1937 4013 3505 4092">
     <span class='ocr_line' id='line_1_95' title="bbox 1937 4013 3505 4092; baseline 0.015 -26"><span class='ocrx_word' id='word_1_685' title='bbox 1937 4013 2050 4067; x_wconf 88' lang='lat' dir='ltr'><strong>deri</strong></span> <span class='ocrx_word' id='word_1_686' title='bbox 2074 4024 2350 4083; x_wconf 90' lang='lat' dir='ltr'><strong>oportere,</strong></span> <span class='ocrx_word' id='word_1_687' title='bbox 2381 4018 2669 4089; x_wconf 88' lang='lat' dir='ltr'><strong>virilesque</strong></span> <span class='ocrx_word' id='word_1_688' title='bbox 2709 4031 2772 4077; x_wconf 86' lang='lat' dir='ltr'><strong>ac</strong></span> <span class='ocrx_word' id='word_1_689' title='bbox 2815 4033 3102 4092; x_wconf 88' lang='lat' dir='ltr'><strong>strenuos,</strong></span> <span class='ocrx_word' id='word_1_690' title='bbox 3163 4031 3328 4085; x_wconf 91' lang='lat' dir='ltr'><strong>etiam</strong></span> <span class='ocrx_word' id='word_1_691' title='bbox 3383 4035 3505 4090; x_wconf 87' lang='lat' dir='ltr'><strong>belli</strong></span> 
     </span>
    </p>
   </div>
   <div class='ocr_carea' id='block_1_95' title="bbox 1941 4108 3506 4188">
    <p class='ocr_par' dir='ltr' id='par_1_95' title="bbox 1941 4108 3506 4188">
     <span class='ocr_line' id='line_1_96' title="bbox 1941 4108 3506 4188; baseline 0.015 -29"><span class='ocrx_word' id='word_1_692' title='bbox 1941 4108 2240 4163; x_wconf 89' lang='lat' dir='ltr'><strong>terroribus</strong></span> <span class='ocrx_word' id='word_1_693' title='bbox 2299 4121 2698 4179; x_wconf 87' lang='lat' dir='ltr'><strong>consternatos,</strong></span> <span class='ocrx_word' id='word_1_694' title='bbox 2725 4125 2778 4169; x_wconf 90' lang='lat' dir='ltr'><strong>et</strong></span> <span class='ocrx_word' id='word_1_695' title='bbox 2807 4132 3041 4188; x_wconf 77' lang='lat' dir='ltr'><strong>pugnam</strong></span> <span class='ocrx_word' id='word_1_696' title='bbox 3070 4137 3362 4181; x_wconf 89' lang='lat' dir='ltr'><strong>conserere</strong></span> <span class='ocrx_word' id='word_1_697' title='bbox 3394 4127 3506 4181; x_wconf 84' lang='lat' dir='ltr'><strong>t‘or-</strong></span> 
     </span>
    </p>
   </div>
   <div class='ocr_carea' id='block_1_96' title="bbox 1934 4197 3507 4280">
    <p class='ocr_par' dir='ltr' id='par_1_96' title="bbox 1934 4197 3507 4280">
     <span class='ocr_line' id='line_1_97' title="bbox 1934 4197 3507 4280; baseline 0.017 -31"><span class='ocrx_word' id='word_1_698' title='bbox 1934 4197 2246 4264; x_wconf 87' lang='lat' dir='ltr'><strong>midantes;</strong></span> <span class='ocrx_word' id='word_1_699' title='bbox 2302 4201 2430 4268; x_wconf 89' lang='lat' dir='ltr'><strong>quin</strong></span> <span class='ocrx_word' id='word_1_700' title='bbox 2463 4205 2642 4272; x_wconf 88' lang='lat' dir='ltr'><strong>potius</strong></span> <span class='ocrx_word' id='word_1_701' title='bbox 2681 4205 2732 4259; x_wconf 89' lang='lat' dir='ltr'><strong>id</strong></span> <span class='ocrx_word' id='word_1_702' title='bbox 2782 4208 2982 4265; x_wconf 87' lang='lat' dir='ltr'><strong>habere</strong></span> <span class='ocrx_word' id='word_1_703' title='bbox 3040 4227 3139 4280; x_wconf 90' lang='lat' dir='ltr'><strong>pro</strong></span> <span class='ocrx_word' id='word_1_704' title='bbox 3188 4216 3396 4274; x_wconf 85' lang='lat' dir='ltr'><strong>deliciis</strong></span> <span class='ocrx_word' id='word_1_705' title='bbox 3451 4230 3507 4276; x_wconf 88' lang='lat' dir='ltr'><strong>et</strong></span> 
     </span>
    </p>
   </div>
   <div class='ocr_carea' id='block_1_97' title="bbox 1934 4289 3501 4380">
    <p class='ocr_par' dir='ltr' id='par_1_97' title="bbox 1934 4289 3501 4380">
     <span class='ocr_line' id='line_1_98' title="bbox 1934 4289 3501 4380; baseline 0.015 -37"><span class='ocrx_word' id='word_1_706' title='bbox 1934 4289 2133 4344; x_wconf 86' lang='lat' dir='ltr'><strong>ducere</strong></span> <span class='ocrx_word' id='word_1_707' title='bbox 2160 4291 2472 4360; x_wconf 89' lang='lat' dir='ltr'><strong>voluptati,</strong></span> <span class='ocrx_word' id='word_1_708' title='bbox 2519 4311 2619 4352; x_wconf 90' lang='lat' dir='ltr'><strong>nec</strong></span> <span class='ocrx_word' id='word_1_709' title='bbox 2671 4299 2832 4354; x_wconf 88' lang='lat' dir='ltr'><strong>aliter</strong></span> <span class='ocrx_word' id='word_1_710' title='bbox 2874 4303 3150 4370; x_wconf 79' lang='lat' dir='ltr'><strong>gaudere,</strong></span> <span class='ocrx_word' id='word_1_711' title='bbox 3191 4322 3358 4377; x_wconf 90' lang='lat' dir='ltr'><strong>quam</strong></span> <span class='ocrx_word' id='word_1_712' title='bbox 3410 4315 3501 4380; x_wconf 91' lang='lat' dir='ltr'><strong>qui</strong></span> 
     </span>
    </p>
   </div>
   <div class='ocr_carea' id='block_1_98' title="bbox 1935 4380 3497 4473">
    <p class='ocr_par' dir='ltr' id='par_1_98' title="bbox 1935 4380 3497 4473">
     <span class='ocr_line' id='line_1_99' title="bbox 1935 4380 3497 4473; baseline 0.017 -41"><span class='ocrx_word' id='word_1_713' title='bbox 1935 4380 2156 4435; x_wconf 89' lang='lat' dir='ltr'><strong>uberem</strong></span> <span class='ocrx_word' id='word_1_714' title='bbox 2204 4383 2534 4440; x_wconf 80' lang='lat' dir='ltr'><strong>vindemiam</strong></span> <span class='ocrx_word' id='word_1_715' title='bbox 2577 4388 2804 4446; x_wconf 85' lang='lat' dir='ltr'><strong>faciunt.</strong></span> <span class='ocrx_word' id='word_1_716' title='bbox 2848 4391 3118 4464; x_wconf 87' lang='lat' dir='ltr'><strong>Proinde,</strong></span> <span class='ocrx_word' id='word_1_717' title='bbox 3178 4418 3197 4451; x_wconf 73' lang='grc' dir='ltr'><strong>ι</strong></span> <span class='ocrx_word' id='word_1_718' title='bbox 3232 4401 3497 4473; x_wconf 84' lang='lat' dir='ltr'><strong>Emittite,</strong></span> 
     </span>
    </p>
   </div>
   <div class='ocr_carea' id='block_1_99' title="bbox 1859 4470 3502 4560">
    <p class='ocr_par' dir='ltr' id='par_1_99' title="bbox 1859 4470 3502 4560">
     <span class='ocr_line' id='line_1_100' title="bbox 1859 4470 3502 4560; baseline 0.018 -38"><span class='ocrx_word' id='word_1_719' title='bbox 1859 4500 1907 4560; x_wconf 72' lang='grc' dir='ltr'>υ</span> <span class='ocrx_word' id='word_1_720' title='bbox 1935 4470 2127 4541; x_wconf 89' lang='lat' dir='ltr'><strong>inquit,</strong></span> <span class='ocrx_word' id='word_1_721' title='bbox 2154 4473 2335 4540; x_wconf 83' lang='lat' dir='ltr'><strong>falces,</strong></span> <span class='ocrx_word' id='word_1_722' title='bbox 2359 4479 2612 4546; x_wconf 83' lang='lat' dir='ltr'><strong>quoniam</strong></span> <span class='ocrx_word' id='word_1_723' title='bbox 2643 4481 2795 4537; x_wconf 82' lang='lat' dir='ltr'><strong>adest</strong></span> <span class='ocrx_word' id='word_1_724' title='bbox 2821 4486 3143 4544; x_wconf 66' lang='lat' dir='ltr'><strong>vindemia.»</strong></span> <span class='ocrx_word' id='word_1_725' title='bbox 3165 4470 3502 4559; x_wconf 51' lang='grc' dir='ltr'>Ἐξαποστείλ-</span> 
     </span>
    </p>
   </div>
   <div class='ocr_carea' id='block_1_100' title="bbox 1933 4560 3494 4653">
    <p class='ocr_par' dir='ltr' id='par_1_100' title="bbox 1933 4560 3494 4653">
     <span class='ocr_line' id='line_1_101' title="bbox 1933 4560 3494 4653; baseline 0.017 -39"><span class='ocrx_word' id='word_1_726' title='bbox 1933 4560 2062 4616; x_wconf 85' lang='grc' dir='ltr'>λατε</span> <span class='ocrx_word' id='word_1_727' title='bbox 2092 4565 2270 4634; x_wconf 86' lang='lat' dir='ltr'><strong>posuit</strong></span> <span class='ocrx_word' id='word_1_728' title='bbox 2299 4581 2397 4635; x_wconf 90' lang='lat' dir='ltr'><strong>pro</strong></span> <span class='ocrx_word' id='word_1_729' title='bbox 2438 4569 2782 4641; x_wconf 74' lang='grc' dir='ltr'>ἐκπέμψατε,</span> <span class='ocrx_word' id='word_1_730' title='bbox 2829 4577 3059 4633; x_wconf 88' lang='lat' dir='ltr'><strong>emittite</strong></span> <span class='ocrx_word' id='word_1_731' title='bbox 3100 4591 3155 4636; x_wconf 88' lang='lat' dir='ltr'><strong>et</strong></span> <span class='ocrx_word' id='word_1_732' title='bbox 3200 4587 3494 4653; x_wconf 81' lang='lat' dir='ltr'><strong>cxtendite,</strong></span> 
     </span>
    </p>
   </div>
   <div class='ocr_carea' id='block_1_101' title="bbox 1929 4653 3498 4733">
    <p class='ocr_par' dir='ltr' id='par_1_101' title="bbox 1929 4653 3498 4733">
     <span class='ocr_line' id='line_1_102' title="bbox 1929 4653 3498 4733; baseline 0.017 -26"><span class='ocrx_word' id='word_1_733' title='bbox 1929 4653 2190 4711; x_wconf 88' lang='lat' dir='ltr'><strong>nimirum</strong></span> <span class='ocrx_word' id='word_1_734' title='bbox 2245 4667 2302 4711; x_wconf 92' lang='lat' dir='ltr'><strong>ut</strong></span> <span class='ocrx_word' id='word_1_735' title='bbox 2341 4659 2738 4720; x_wconf 88' lang='lat' dir='ltr'><strong>vindemiantes</strong></span> <span class='ocrx_word' id='word_1_736' title='bbox 2770 4679 3186 4727; x_wconf 79' lang='lat' dir='ltr'><strong>COllSlleVel‘Ulll.</strong></span> <span class='ocrx_word' id='word_1_737' title='bbox 3233 4673 3498 4733; x_wconf 82' lang='lat' dir='ltr'><strong>Jacebunt</strong></span> 
     </span>
    </p>
   </div>
   <div class='ocr_carea' id='block_1_102' title="bbox 1927 4751 3490 4833">
    <p class='ocr_par' dir='ltr' id='par_1_102' title="bbox 1927 4751 3490 4833">
     <span class='ocr_line' id='line_1_103' title="bbox 1927 4751 3490 4833; baseline 0.014 -30"><span class='ocrx_word' id='word_1_738' title='bbox 1927 4751 2070 4804; x_wconf 91' lang='lat' dir='ltr'><strong>enim</strong></span> <span class='ocrx_word' id='word_1_739' title='bbox 2093 4754 2268 4822; x_wconf 82' lang='lat' dir='ltr'><strong>parati</strong></span> <span class='ocrx_word' id='word_1_740' title='bbox 2301 4763 2360 4808; x_wconf 90' lang='lat' dir='ltr'><strong>ut</strong></span> <span class='ocrx_word' id='word_1_741' title='bbox 2393 4755 2812 4830; x_wconf 83' lang='lat' dir='ltr'><strong>interﬁciantur,</strong></span> <span class='ocrx_word' id='word_1_742' title='bbox 2838 4764 3010 4832; x_wconf 86' lang='lat' dir='ltr'><strong>parati</strong></span> <span class='ocrx_word' id='word_1_743' title='bbox 3035 4773 3093 4819; x_wconf 91' lang='lat' dir='ltr'><strong>ut</strong></span> <span class='ocrx_word' id='word_1_744' title='bbox 3121 4776 3490 4833; x_wconf 78' lang='lat' dir='ltr'><strong>amputentur.</strong></span> 
     </span>
    </p>
   </div>
   <div class='ocr_carea' id='block_1_103' title="bbox 1925 4842 3497 4924">
    <p class='ocr_par' dir='ltr' id='par_1_103' title="bbox 1925 4842 3497 4924">
     <span class='ocr_line' id='line_1_104' title="bbox 1925 4842 3497 4924; baseline 0.013 -30"><span class='ocrx_word' id='word_1_745' title='bbox 1925 4842 2311 4911; x_wconf 83' lang='lat' dir='ltr'><strong>Abscindatur,</strong></span> <span class='ocrx_word' id='word_1_746' title='bbox 2336 4848 2553 4916; x_wconf 90' lang='lat' dir='ltr'><strong>inquit,</strong></span> <span class='ocrx_word' id='word_1_747' title='bbox 2604 4851 2796 4918; x_wconf 87' lang='lat' dir='ltr'><strong>hostis,</strong></span> <span class='ocrx_word' id='word_1_748' title='bbox 2853 4864 2976 4908; x_wconf 88' lang='lat' dir='ltr'><strong>uta</strong></span> <span class='ocrx_word' id='word_1_749' title='bbox 3027 4855 3134 4910; x_wconf 90' lang='lat' dir='ltr'><strong>vite</strong></span> <span class='ocrx_word' id='word_1_750' title='bbox 3187 4856 3398 4924; x_wconf 90' lang='lat' dir='ltr'><strong>botrus,</strong></span> <span class='ocrx_word' id='word_1_751' title='bbox 3441 4871 3497 4915; x_wconf 87' lang='lat' dir='ltr'><strong>et</strong></span> 
     </span>
    </p>
   </div>
   <div class='ocr_carea' id='block_1_104' title="bbox 1927 4933 3494 5004">
    <p class='ocr_par' dir='ltr' id='par_1_104' title="bbox 1927 4933 3494 5004">
     <span class='ocr_line' id='line_1_105' title="bbox 1927 4933 3494 5004; baseline 0.008 -18"><span class='ocrx_word' id='word_1_752' title='bbox 1927 4933 2155 5000; x_wconf 88' lang='lat' dir='ltr'><strong>pedibus</strong></span> <span class='ocrx_word' id='word_1_753' title='bbox 2201 4935 2522 5004; x_wconf 75' lang='lat' dir='ltr'><strong>subiectus,</strong></span> <span class='ocrx_word' id='word_1_754' title='bbox 2583 4939 2721 4993; x_wconf 90' lang='lat' dir='ltr'><strong>sicut</strong></span> <span class='ocrx_word' id='word_1_755' title='bbox 2764 4940 2816 4992; x_wconf 92' lang='lat' dir='ltr'><strong>in</strong></span> <span class='ocrx_word' id='word_1_756' title='bbox 2891 4941 3146 4995; x_wconf 88' lang='lat' dir='ltr'><strong>torculari</strong></span> <span class='ocrx_word' id='word_1_757' title='bbox 3201 4944 3494 4998; x_wconf 85' lang='lat' dir='ltr'><strong>acervatim</strong></span> 
     </span>
    </p>
   </div>
   <div class='ocr_carea' id='block_1_105' title="bbox 1925 5023 3493 5103">
    <p class='ocr_par' dir='ltr' id='par_1_105' title="bbox 1925 5023 3493 5103">
     <span class='ocr_line' id='line_1_106' title="bbox 1925 5023 3493 5103; baseline 0.008 -27"><span class='ocrx_word' id='word_1_758' title='bbox 1925 5023 2292 5079; x_wconf 88' lang='lat' dir='ltr'><strong>conculcetur.</strong></span> <span class='ocrx_word' id='word_1_759' title='bbox 2327 5025 2415 5079; x_wconf 86' lang='lat' dir='ltr'><strong>Ait</strong></span> <span class='ocrx_word' id='word_1_760' title='bbox 2437 5027 2580 5079; x_wconf 90' lang='lat' dir='ltr'><strong>enim</strong></span> <span class='ocrx_word' id='word_1_761' title='bbox 2607 5066 2623 5090; x_wconf 93' lang='lat'><strong>,</strong></span> <span class='ocrx_word' id='word_1_762' title='bbox 2673 5025 2700 5079; x_wconf 74' lang='grc' dir='ltr'><strong>ἰ</strong></span> <span class='ocrx_word' id='word_1_763' title='bbox 2747 5027 2991 5093; x_wconf 90' lang='lat' dir='ltr'><strong>lntroite,</strong></span> <span class='ocrx_word' id='word_1_764' title='bbox 3022 5039 3077 5085; x_wconf 89' lang='lat' dir='ltr'><strong>et</strong></span> <span class='ocrx_word' id='word_1_765' title='bbox 3107 5032 3334 5098; x_wconf 86' lang='lat' dir='ltr'><strong>calcate,</strong></span> <span class='ocrx_word' id='word_1_766' title='bbox 3367 5034 3493 5103; x_wconf 89' lang='lat' dir='ltr'><strong>quia</strong></span> 
     </span>
    </p>
   </div>
   <div class='ocr_carea' id='block_1_106' title="bbox 1924 5114 3491 5191">
    <p class='ocr_par' dir='ltr' id='par_1_106' title="bbox 1924 5114 3491 5191">
     <span class='ocr_line' id='line_1_107' title="bbox 1924 5114 3491 5191; baseline 0.008 -24"><span class='ocrx_word' id='word_1_767' title='bbox 1924 5114 2140 5184; x_wconf 89' lang='lat' dir='ltr'><strong>plenum</strong></span> <span class='ocrx_word' id='word_1_768' title='bbox 2162 5125 2243 5172; x_wconf 85' lang='lat' dir='ltr'><strong>est</strong></span> <span class='ocrx_word' id='word_1_769' title='bbox 2279 5116 2536 5182; x_wconf 87' lang='lat' dir='ltr'><strong>torcular,</strong></span> <span class='ocrx_word' id='word_1_770' title='bbox 2584 5135 2602 5168; x_wconf 74' lang='grc' dir='ltr'><strong>ι</strong></span> <span class='ocrx_word' id='word_1_771' title='bbox 2635 5117 2737 5173; x_wconf 84' lang='lat' dir='ltr'><strong>hoc</strong></span> <span class='ocrx_word' id='word_1_772' title='bbox 2774 5129 2894 5184; x_wconf 87' lang='lat' dir='ltr'><strong>est,</strong></span> <span class='ocrx_word' id='word_1_773' title='bbox 2947 5132 3285 5191; x_wconf 88' lang='lat' dir='ltr'><strong>comportata</strong></span> <span class='ocrx_word' id='word_1_774' title='bbox 3318 5135 3403 5180; x_wconf 84' lang='lat' dir='ltr'><strong>est</strong></span> <span class='ocrx_word' id='word_1_775' title='bbox 3425 5127 3491 5179; x_wconf 92' lang='lat' dir='ltr'><strong>ad</strong></span> 
     </span>
    </p>
   </div>
   <div class='ocr_carea' id='block_1_107' title="bbox 1923 5195 3488 5281">
    <p class='ocr_par' dir='ltr' id='par_1_107' title="bbox 1923 5195 3488 5281">
     <span class='ocr_line' id='line_1_108' title="bbox 1923 5195 3488 5281; baseline 0.008 -23"><span class='ocrx_word' id='word_1_776' title='bbox 1923 5205 2348 5261; x_wconf 87' lang='lat' dir='ltr'><strong>internecionem</strong></span> <span class='ocrx_word' id='word_1_777' title='bbox 2393 5209 2680 5265; x_wconf 89' lang='lat' dir='ltr'><strong>multitudo</strong></span> <span class='ocrx_word' id='word_1_778' title='bbox 2731 5195 2971 5280; x_wconf 67' lang='lat' dir='ltr'><strong>geritium</strong></span> <span class='ocrx_word' id='word_1_779' title='bbox 3006 5255 3021 5281; x_wconf 90' lang='lat'><strong>,</strong></span> <span class='ocrx_word' id='word_1_780' title='bbox 3077 5215 3215 5270; x_wconf 87' lang='lat' dir='ltr'><strong>nihil</strong></span> <span class='ocrx_word' id='word_1_781' title='bbox 3261 5216 3488 5280; x_wconf 88' lang='lat' dir='ltr'><strong>obstat,</strong></span> 
     </span>
    </p>
   </div>
   <div class='ocr_carea' id='block_1_108' title="bbox 1921 5296 3487 5369">
    <p class='ocr_par' dir='ltr' id='par_1_108' title="bbox 1921 5296 3487 5369">
     <span class='ocr_line' id='line_1_109' title="bbox 1921 5296 3487 5369; baseline 0.005 -21"><span class='ocrx_word' id='word_1_782' title='bbox 1921 5296 2214 5365; x_wconf 90' lang='lat' dir='ltr'><strong>quominus</strong></span> <span class='ocrx_word' id='word_1_783' title='bbox 2261 5297 2625 5366; x_wconf 72' lang='lat' dir='ltr'><strong>subiiciantur</strong></span> <span class='ocrx_word' id='word_1_784' title='bbox 2647 5300 2872 5369; x_wconf 89' lang='lat' dir='ltr'><strong>pedibus</strong></span> <span class='ocrx_word' id='word_1_785' title='bbox 2925 5305 3051 5359; x_wconf 91' lang='lat' dir='ltr'><strong>tuis.</strong></span> <span class='ocrx_word' id='word_1_786' title='bbox 3111 5323 3129 5356; x_wconf 77' lang='grc' dir='ltr'><strong>ι</strong></span> <span class='ocrx_word' id='word_1_787' title='bbox 3163 5305 3487 5360; x_wconf 80' lang='lat' dir='ltr'><strong>Reduudant</strong></span> 
     </span>
    </p>
   </div>
   <div class='ocr_carea' id='block_1_109' title="bbox 1923 5386 3485 5460">
    <p class='ocr_par' dir='ltr' id='par_1_109' title="bbox 1923 5386 3485 5460">
     <span class='ocr_line' id='line_1_110' title="bbox 1923 5386 3485 5460; baseline 0.003 -20"><span class='ocrx_word' id='word_1_788' title='bbox 1923 5386 2234 5442; x_wconf 89' lang='lat' dir='ltr'><strong>torcularia.</strong></span> <span class='ocrx_word' id='word_1_789' title='bbox 2270 5406 2288 5441; x_wconf 74' lang='grc' dir='ltr'><strong>ο</strong></span> <span class='ocrx_word' id='word_1_790' title='bbox 2350 5389 2579 5460; x_wconf 81' lang='lat' dir='ltr'><strong>Signum</strong></span> <span class='ocrx_word' id='word_1_791' title='bbox 2637 5391 2936 5458; x_wconf 80' lang='lat' dir='ltr'><strong>perlectum</strong></span> <span class='ocrx_word' id='word_1_792' title='bbox 3007 5395 3297 5450; x_wconf 85' lang='lat' dir='ltr'><strong>calcandos</strong></span> <span class='ocrx_word' id='word_1_793' title='bbox 3364 5407 3485 5446; x_wconf 79' lang='lat' dir='ltr'><strong>esse</strong></span> 
     </span>
    </p>
   </div>
   <div class='ocr_carea' id='block_1_110' title="bbox 1921 5481 3482 5549">
    <p class='ocr_par' dir='ltr' id='par_1_110' title="bbox 1921 5481 3482 5549">
     <span class='ocr_line' id='line_1_111' title="bbox 1921 5481 3482 5549; baseline 0.001 -15"><span class='ocrx_word' id='word_1_794' title='bbox 1921 5489 2309 5549; x_wconf 84' lang='lat' dir='ltr'><strong>comportatos.</strong></span> <span class='ocrx_word' id='word_1_795' title='bbox 2339 5481 2552 5537; x_wconf 87' lang='lat' dir='ltr'><strong>Etenim</strong></span> <span class='ocrx_word' id='word_1_796' title='bbox 2601 5483 2656 5537; x_wconf 92' lang='lat' dir='ltr'><strong>in</strong></span> <span class='ocrx_word' id='word_1_797' title='bbox 2689 5499 2916 5539; x_wconf 88' lang='lat' dir='ltr'><strong>uvarum</strong></span> <span class='ocrx_word' id='word_1_798' title='bbox 2950 5487 3280 5540; x_wconf 85' lang='lat' dir='ltr'><strong>abundantia</strong></span> <span class='ocrx_word' id='word_1_799' title='bbox 3319 5484 3482 5537; x_wconf 86' lang='lat' dir='ltr'><strong>etiam</strong></span> 
     </span>
    </p>
   </div>
   <div class='ocr_carea' id='block_1_111' title="bbox 1919 5570 3483 5643">
    <p class='ocr_par' dir='ltr' id='par_1_111' title="bbox 1919 5570 3483 5643">
     <span class='ocr_line' id='line_1_112' title="bbox 1919 5570 3483 5643; baseline 0.003 -21"><span class='ocrx_word' id='word_1_800' title='bbox 1919 5570 2033 5638; x_wconf 86' lang='lat' dir='ltr'><strong>ipsa</strong></span> <span class='ocrx_word' id='word_1_801' title='bbox 2085 5571 2373 5626; x_wconf 83' lang='lat' dir='ltr'><strong>toreularia</strong></span> <span class='ocrx_word' id='word_1_802' title='bbox 2422 5572 2606 5626; x_wconf 90' lang='lat' dir='ltr'><strong>vinum</strong></span> <span class='ocrx_word' id='word_1_803' title='bbox 2639 5589 2782 5643; x_wconf 84' lang='lat' dir='ltr'><strong>saepe</strong></span> <span class='ocrx_word' id='word_1_804' title='bbox 2822 5575 3054 5629; x_wconf 79' lang='lat' dir='ltr'><strong>excedit.</strong></span> <span class='ocrx_word' id='word_1_805' title='bbox 3100 5571 3483 5641; x_wconf 84' lang='lat' dir='ltr'><strong>Frequentiam</strong></span> 
     </span>
    </p>
   </div>
   <div class='ocr_carea' id='block_1_112' title="bbox 1919 5662 3486 5734">
    <p class='ocr_par' dir='ltr' id='par_1_112' title="bbox 1919 5662 3486 5734">
     <span class='ocr_line' id='line_1_113' title="bbox 1919 5662 3486 5734; baseline -0.001 -17"><span class='ocrx_word' id='word_1_806' title='bbox 1919 5662 2085 5731; x_wconf 85' lang='lat' dir='ltr'><strong>igitur</strong></span> <span class='ocrx_word' id='word_1_807' title='bbox 2135 5663 2234 5718; x_wconf 91' lang='lat' dir='ltr'><strong>sub</strong></span> <span class='ocrx_word' id='word_1_808' title='bbox 2285 5665 2510 5734; x_wconf 89' lang='lat' dir='ltr'><strong>pedibus</strong></span> <span class='ocrx_word' id='word_1_809' title='bbox 2558 5663 2856 5732; x_wconf 72' lang='lat' dir='ltr'><strong>iacentium</strong></span> <span class='ocrx_word' id='word_1_810' title='bbox 2901 5666 3004 5719; x_wconf 87' lang='lat' dir='ltr'><strong>hoc</strong></span> <span class='ocrx_word' id='word_1_811' title='bbox 3036 5665 3201 5718; x_wconf 83' lang='lat' dir='ltr'><strong>verbo</strong></span> <span class='ocrx_word' id='word_1_812' title='bbox 3260 5662 3486 5718; x_wconf 64' lang='lat' dir='ltr'><strong>demou:</strong></span> 
     </span>
    </p>
   </div>
   <div class='ocr_carea' id='block_1_113' title="bbox 1919 5756 3472 5824">
    <p class='ocr_par' dir='ltr' id='par_1_113' title="bbox 1919 5756 3472 5824">
     <span class='ocr_line' id='line_1_114' title="bbox 1919 5756 3472 5824; baseline -0.001 -16"><span class='ocrx_word' id='word_1_813' title='bbox 1919 5765 2073 5821; x_wconf 88' lang='lat' dir='ltr'><strong>strat,</strong></span> <span class='ocrx_word' id='word_1_814' title='bbox 2109 5775 2127 5808; x_wconf 78' lang='grc' dir='ltr'><strong>ι</strong></span> <span class='ocrx_word' id='word_1_815' title='bbox 2173 5757 2496 5812; x_wconf 81' lang='lat' dir='ltr'><strong>Reduudaut</strong></span> <span class='ocrx_word' id='word_1_816' title='bbox 2563 5757 2870 5810; x_wconf 75' lang='lat' dir='ltr'><strong>toreularia.</strong></span> <span class='ocrx_word' id='word_1_817' title='bbox 2914 5776 2932 5808; x_wconf 73' lang='grc' dir='ltr'><strong>ι</strong></span> <span class='ocrx_word' id='word_1_818' title='bbox 2965 5756 3223 5824; x_wconf 87' lang='lat' dir='ltr'><strong>Sequitur</strong></span> <span class='ocrx_word' id='word_1_819' title='bbox 3257 5773 3269 5810; x_wconf 91' lang='lat'>:</span> <span class='ocrx_word' id='word_1_820' title='bbox 3315 5775 3334 5808; x_wconf 80' lang='grc' dir='ltr'><strong>ι</strong></span> <span class='ocrx_word' id='word_1_821' title='bbox 3371 5756 3472 5807; x_wconf 65' lang='grc' dir='ltr'>εει</span> 
     </span>
    </p>
   </div>
  </div>
