3948 6208
388 349 489 401 399

1376 335 1436 391 s.
1487 332 1760 390 cvatLLt
1800 332 2266 391 suamsuam:
2307 307 2622 391 AltClltEP.

3542 334 3646 393 M0

390 467 534 516 nitus
575 457 743 512 auditi
772 463 896 512 sunt
930 453 985 509 in
1009 451 1149 507 valle
1175 450 1385 523 judicii.
1434 472 1452 504 ι
1488 451 1552 505 Et
1592 452 1850 522 quidnam
1887 453 1962 506 is-

2084 456 2238 523 ζεῖται
2273 454 2340 508 τὰ
2374 453 2652 524 ύπολήνια.
2685 473 2701 504 ι
2761 472 2778 504 ι
2803 449 2963 521 Ἷιχοι
3006 452 3277 522 ἐξήχηται)
3327 452 3381 504 ἐν
3425 454 3489 522 τῇ
3530 468 3642 506 κει·

391 553 484 607 tud
513 549 640 607 est?
667 547 861 605 Solem
903 545 1073 600 sancti
1106 544 1381 613 propheta:
1413 552 1670 597 eventura
1715 558 1966 611 praenune

392 647 570 708 tiarc,
621 650 677 696 et
728 654 1116 708 nonnunquam
1178 651 1358 690 rerum
1420 636 1656 703 ipsarum
1709 635 1968 703 imagines

391 735 574 789 animo
607 733 920 801 concipere,
954 739 1013 784 ut
1035 728 1148 796 jam
1186 737 1298 782 tttm
1333 735 1388 780 et
1415 726 1602 778 videre
1633 725 1733 780 sibi
1762 725 1964 789 futura,

389 836 445 881 et
483 839 642 880 voces
673 823 822 892 ipsas
846 821 1035 875 audire
1061 821 1366 873 videantur.
1406 816 1471 870 Et
1507 816 1630 886 quia
1660 829 1851 869 omnes
1897 815 1966 867 ad

390 931 554 971 unum
587 913 898 985 perditurus
938 921 1056 964 erat
1088 921 1409 979 progressus
1453 908 1518 959 ad
1563 905 1966 959 dimicationem

392 1006 910 1067 Nabuchodonosor,
934 1003 1000 1055 ad
1024 1001 1198 1070 ipsum
1219 998 1418 1054 [indum
1442 997 1565 1052 belli
1597 995 1965 1066 spectaculum

394 1101 572 1155 animo
619 1107 672 1153 et
723 1092 1044 1166 cogitatione
1095 1093 1354 1162 abreptus
1433 1100 1516 1144 est
1559 1085 1829 1143 ‘Jeremias
1861 1103 1876 1153 ;
1909 1095 1966 1141 ct

395 1201 604 1246 tantum
634 1203 739 1242 non
784 1185 914 1257 ipsis
968 1183 1138 1238 oculis
1183 1181 1608 1236 innumerabiles
1660 1179 1966 1234 occisormn

393 1289 641 1334 catervas
674 1272 1090 1344 contemplatus,
1119 1271 1296 1326 aiebat
1329 1287 1342 1324 :
1385 1286 1405 1320 ι
1457 1269 1566 1323 llcu
1613 1268 1741 1322 mihi
1777 1307 1791 1331 ,
1835 1267 1962 1337 quia

395 1371 575 1425 detlcit
605 1368 783 1423 anima
815 1380 933 1420 mea
959 1374 1182 1435 propter
1223 1363 1547 1418 interiectos
1597 1363 1644 1394 ⁸⁸
1677 1363 1689 1416 !
1729 1381 1747 1414 ι
1782 1360 1970 1416 Simile

394 1463 673 1532 quiddam,
703 1471 762 1514 ut
785 1468 936 1530 puto,
982 1471 1105 1512 cum
1135 1467 1189 1512 et
1221 1454 1358 1511 Joeli
1407 1455 1695 1510 accidisset
1727 1464 1779 1508 et
1829 1452 1970 1506 forte

399 1551 684 1606 tumultum
723 1549 970 1606 bellicum
1013 1549 1237 1604 auribus
1263 1545 1587 1614 accepisset,
1623 1543 1742 1597 ideo
1773 1543 1914 1595 divit
1951 1554 1965 1591 :

401 1662 421 1696 ι
461 1643 685 1697 Sonitus
714 1641 880 1696 auditi
912 1649 1040 1697 sunt
1077 1640 1132 1694 in
1175 1638 1312 1692 valle
1351 1635 1561 1706 judicii.
1605 1653 1624 1687 ι
1673 1633 1738 1688 Et
1773 1632 1969 1690 vallem

397 1737 612 1808 quidem
652 1734 842 1806 judicii
896 1733 1129 1804 appellat
1180 1729 1497 1787 certaminis
1561 1727 1756 1791 locum,
1816 1727 1969 1797 quasi

401 1844 508 1883 non
564 1828 726 1882 aliam
775 1828 844 1882 ob
901 1809 1123 1881 causam
1167 1824 1416 1895 gentibus
1463 1836 1528 1876 eo
1580 1821 1920 1892 congregatis
1950 1863 1966 1890 ,

399 1936 565 1988 qnam
601 1928 656 1976 ut
684 1921 922 1990 graviter
956 1917 1296 1988 punirentur.
1333 1932 1354 1966 ι
1397 1914 1620 1970 Sonitus
1653 1923 1834 1968 autem
1869 1927 1970 1966 au-

399 2016 562 2079 ditos,
599 2032 618 2066 ι
653 2023 746 2068 aut
782 2012 1150 2082 oppetentium
1181 2009 1412 2080 gemitus
1436 2047 1452 2071 ,
1505 2014 1599 2061 aut
1637 2005 1968 2061 vincentium

397 2107 675 2184 laetisonas
702 2120 863 2161 voces
892 2106 994 2160 hoc
1023 2105 1143 2158 loco
1175 2101 1436 2156 nominat.
1474 2098 1586 2155 Mos
1621 2099 1765 2154 enim
1806 2106 1890 2152 est
1917 2096 1973 2150 in

399 2199 518 2254 acie
547 2198 866 2254 cadentibus
906 2196 1138 2268 gemitus
1160 2194 1389 2250 fundere
1417 2235 1432 2259 ,
1483 2203 1539 2248 et
1570 2192 1769 2262 potitos
1799 2188 1972 2242 victo-

399 2288 507 2355 ria,
535 2287 845 2359 iacentibus
885 2287 1007 2358 (nec
1029 2284 1326 2354 immerito)
1365 2282 1642 2353 gloriando
1692 2279 1972 2336 insultare.

402 2379 587 2435 Solem
621 2393 784 2449 porro
810 2387 864 2432 et
903 2377 1084 2431 lunam
1118 2374 1528 2430 obtenehratum
1557 2371 1621 2424 iri
1658 2371 1755 2434 ait,
1803 2370 1977 2438 ipsas-

403 2469 732 2541 quc'stellas
755 2469 958 2523 lumine
992 2467 1303 2528 carituras;
1337 2479 1442 2518 non
1471 2461 1616 2532 quod
1671 2462 1772 2515 hoc
1802 2460 1976 2529 ipsum

407 2573 538 2616 tunc
576 2575 798 2628 passura
827 2560 934 2615 sint
973 2559 1237 2613 elementa
1272 2556 1378 2610 ullo
1429 2553 1610 2616 modo,
1666 2552 1758 2606 sed
1797 2549 1978 2619 prrelio

413 2653 572 2726 εει
615 2653 767 2721 quasi
802 2649 1056 2707 tenebras
1091 2647 1419 2712 offundente,
1454 2656 1508 2699 et
1559 2656 1816 2713 tanquam
1848 2641 1979 2696 cali-

404 2748 585 2818 ginem
646 2759 836 2800 eorum
893 2743 985 2811 qui
1024 2741 1312 2796 vincuntur
1372 2738 1548 2794 oculis
1603 2743 1978 2807 praetexente;

407 2851 624 2905 semper
685 2835 830 2889 enim
873 2843 1049 2887 terror
1095 2830 1290 2885 mortis
1332 2829 1588 2883 tenebras
1646 2826 1878 2892 ingerit,
1927 2832 1982 2875 et

405 2929 715 3000 improvisa:
749 2925 1077 2980 calamitatis
1109 2921 1420 2992 magnitudo
1453 2928 1688 2972 mentem
1737 2917 1978 2977 hebetat,

405 3018 738 3090 perindeque
772 3024 829 3070 ut
878 3013 1044 3068 solem
1093 3009 1461 3064 immensitate
1515 3006 1978 3077 perturbationum

2068 546 2186 599 λάδι
2217 547 2314 616 τῆς
2341 546 2515 616 δίκης.
2549 566 2566 596 ι
2623 545 2730 598 Καὶ
2761 544 2811 597 τί
2833 544 2897 616 δὴ
2929 545 3088 598 τοῦτό
3114 547 3295 607 ἐστιν;
3331 544 3494 608 Ἒθος
3537 549 3649 597 τοῖς

2067 637 2243 706 ἁγίοις
2264 639 2572 708 προφήταις
2598 637 2664 690 τὰ
2687 638 2917 709 ἐσόμενα
2949 635 3440 706 προαπαγγέλλειν,
3473 637 3567 688 καὶ
3592 637 3650 688 ἐν

2069 730 2260 793 αὑταῖς
2293 729 2404 782 ἔσθ’
2433 730 2522 782 ὅτε
2555 728 2800 798 γίνεσθαι
2843 731 2962 791 ταῖς
3005 727 3114 779 τῶν
3151 727 3402 798 πράξεων
3443 745 3650 794 φαντα-

2071 820 2236 884 σίαις,
2266 820 2406 872 ὥστε
2453 820 2547 872 καὶ
2600 821 2731 890 όρᾷν
2782 819 2884 888 ἤδη
2924 819 3099 870 δοκεῖν
3143 817 3211 870 τά
3263 817 3515 888 δρώμενα
3555 819 3653 870 καὶ

2069 911 2372 985 ἀκροᾶσθαι
2403 911 2618 980 φωνῶν.
2666 911 2776 964 Καὶ
2821 911 2904 963 ὃτι
2935 909 3142 972 πάντας
3180 908 3350 980 ἄρδην
3395 908 3653 961 ἀπολέσει

2070 1005 2428 1076 κεκινημένος
2456 1005 2536 1066 εἰς
2574 1002 2756 1074 μάχην
2804 1003 2832 1054 ὁ
2881 1001 3376 1072 Ναϐουχοδονόσορ,
3429 1001 3524 1054 καὶ
3569 1001 3654 1064 εἰς

2069 1099 2237 1170 αὐτὴν
2285 1096 2380 1151 τοῦ
2438 1095 2678 1166 πολέμου
2740 1093 2837 1164 τὴν
2891 1093 3114 1164 ἀπρεπῆ
3167 1091 3297 1145 θέαν
3356 1089 3656 1162 εἱρπάζετο

2073 1189 2353 1262 μονονουχὶ
2385 1189 2477 1242 καὶ
2497 1186 2706 1258 πληθὺν
2729 1185 3036 1256 ἀμέτρητον
3063 1183 3388 1254 τεθεαμένος
3420 1183 3654 1253 νεκρῶν,

2071 1284 2327 1352 ἔφασκεν,
2366 1301 2383 1329 ι
2409 1279 2565 1350 Οἴμοι
2591 1278 2722 1347 ἐγὼ,
2763 1280 2846 1330 ὅτι
2886 1277 3123 1330 ἐκλείπει
3165 1279 3198 1346 ἡ
3241 1275 3386 1347 ψυχή
3426 1293 3527 1344 μου
3563 1276 3661 1328 ἐπὶ

2069 1375 2182 1436 τοῖς
2217 1371 2600 1444 ἀνῃρημένοις.
2636 1389 2654 1422 ι
2707 1367 2960 1420 Τοιοῦτόν
3003 1385 3075 1433 τι,
3126 1367 3377 1438 καθάπερ
3417 1359 3656 1436 ἐγῷμαι,

2072 1465 2168 1519 καὶ
2211 1463 2364 1534 Ἰωήλ
2402 1462 2708 1526 πεπονθὼς,
2739 1461 2878 1530 τάχα
2934 1476 3036 1512 που
3071 1459 3162 1514 τὸν
3209 1461 3266 1512 ἐν
3323 1458 3398 1529 τῷ
3435 1458 3661 1529 πολέμῳ

2077 1556 2306 1627 θόρυϐον
2353 1556 2432 1618 εἰς
2456 1551 2550 1616 οῦς
2583 1553 2818 1622 ἐδέχετο,
2840 1553 3092 1622 ταύτῃτοί
3118 1569 3306 1621 φησιν,
3339 1570 3358 1603 ι
3381 1547 3549 1620 Ἷῐχοι
3573 1551 3662 1615 ἐξ·

2073 1647 2288 1718 ήχησαν
2317 1646 2375 1697 ἐν
2403 1647 2469 1715 τῇ
2500 1645 2704 1698 κοιλάδι
2735 1645 2834 1714 τῆς
2872 1645 3044 1713 δίκης.
3087 1664 3104 1695 ι
3137 1645 3246 1697 Καὶ
3297 1643 3517 1698 κοιλάδα
3561 1645 3661 1714 μὲν

2071 1738 2227 1810 δίκης
2263 1736 2515 1806 ὀνομάζει
2556 1735 2650 1788 τοῦ
2692 1735 2927 1804 πολέμου
2963 1735 3054 1787 τὸν
3081 1733 3281 1805 χῶρον,
3324 1734 3398 1798 ὡς
3441 1735 3544 1786 οὐκ
3571 1735 3658 1802 ἐφ’

2071 1831 2243 1902 ἑτέρῳ
2271 1827 2377 1882 τινὶ
2403 1826 2510 1880 τῶν
2538 1825 2707 1878 ἐθνῶν
2737 1824 2824 1878 ἐπ’
2868 1824 3018 1895 αὺτῷ
3067 1825 3444 1894 συνηγμένων,
3478 1825 3512 1895 ἢ
3560 1826 3652 1877 ἵνα

2073 1921 2277 1993 πικρὰς
2304 1920 2556 1974 ἐκτίσωσι
2582 1918 2757 1981 δίκας.
2809 1934 2828 1967 ι
2871 1915 3232 1987 Ἑξηχοῦντας
3259 1916 3314 1970 δὲ
3338 1917 3523 1987 ήχους,
3554 1935 3573 1967 ι
3625 1917 3660 1986 ἦ

2073 2013 2172 2076 τὰς
2196 2013 2307 2067 τῶν
2343 2011 2651 2066 πιπτόντων
2681 2007 2943 2078 ὀλολυγὰς
2977 2007 3162 2062 ἐνθάδε
3197 2008 3391 2079 φησὶν,
3442 2007 3475 2078 ἢ
3530 2007 3660 2071 τοὺς

2074 2104 2183 2161 τῶν
2215 2102 2489 2158 νικώντων
2529 2101 2898 2172 ἀλαλαγμούς.
2936 2099 3229 2170 Συμόαίνει
3261 2100 3369 2170 γὰρ
3401 2102 3458 2153 ἑν
3499 2099 3662 2152 πολέ-

2079 2213 2202 2266 μοις
2241 2193 2594 2250 καταστένειν
2637 2192 2735 2264 μέν
2761 2192 2887 2253 τοὺς
2908 2199 3232 2254 πίπτοντας,
3255 2190 3662 2259 ἐπαγάλλεσθαι

2077 2288 2136 2342 δὲ
2177 2289 2289 2350 τοῖς
2326 2285 2600 2356 κειμένοις
2641 2285 2768 2346 τοὺς
2818 2281 3253 2352 κεκρατηκότας,
3296 2283 3388 2334 καὶ
3417 2277 3477 2334 εὖ
3513 2281 3664 2350 μάλα.

2077 2379 2499 2449 ἐπικαυχᾶσθαι.
2525 2376 2713 2429 Ἥλιον
2730 2375 2808 2437 δὲ,
2829 2375 2923 2426 καὶ
2953 2374 3181 2444 σελήνην
3206 2373 3662 2444 σκοτισθήσεσθαί

2079 2489 2234 2543 φησι,
2265 2472 2358 2524 καὶ
2398 2468 2595 2532 αὐτοὺς
2627 2468 2684 2520 δὲ
2711 2467 2972 2536 ἀφεγγεῖς
3002 2465 3219 2519 ἔσεσθαι
3241 2467 3367 2528 τοῦς
3399 2464 3661 2534 ἀστέρας,

2078 2565 2175 2618 καὶ
2206 2563 2328 2634 οὐχὶ
2359 2561 2424 2632 δὴ
2455 2560 2672 2623 πάντως
2709 2560 2785 2623 ὼς
2823 2556 2982 2611 τοῦτο
3018 2557 3152 2610 αὐτὸ
3178 2557 3518 2626 πεισομένων
3551 2556 3664 2609 τῶν

2081 2654 2360 2725 στοιχείων
2398 2650 2740 2722 τοτηνικάδε,
2789 2649 2904 2702 ἀλλ’
2950 2649 3025 2712 ὡς
3074 2648 3262 2712 σκότος
3307 2647 3664 2718 ἐμποιοῦντος

2078 2747 2173 2801 τοῦ
2208 2745 2468 2813 πολέμου,
2520 2742 2614 2795 καὶ
2658 2739 2767 2795 οἷον
2799 2740 2968 2811 ἀχλὺν
2997 2743 3116 2803 ταῖς
3166 2741 3275 2793 τῶν
3330 2739 3668 2810 ἡττωμένων

2080 2839 2314 2900 ἐνιέντος
2350 2835 2526 2906 ὄψεσι.
2558 2833 2756 2897 Σκότος
2785 2833 2895 2905 γάρ
2917 2834 3004 2887 ἀεὶ
3017 2833 3110 2886 τοῦ
3134 2833 3362 2886 θανάτου
3393 2831 3452 2884 τὸ
3477 2833 3664 2900 δεῖμα,

2082 2930 2175 2984 καὶ
2203 2927 2546 2996 ἀπαμϐλύνει
2591 2926 2682 2980 τὸν
2721 2925 2846 2978 νοῦν
2895 2928 3176 2996 συμφορᾶς
3210 2925 3472 2994 ἀδοκήτου
3503 2923 3669 2995 μέγε-

2082 3022 2195 3086 θος,
2225 3020 2320 3072 καὶ
2353 3018 2542 3089 ὥσπερ
2569 3018 2720 3089 ἥλιον
2752 3017 3142 3088 καταμελαίνει
3172 3016 3269 3088 τὴν
3298 3015 3527 3086 καρδίαν
3551 3018 3666 3078 τοῖς

407 3108 746 3167 obscuritate
777 3105 969 3159 inlicit.
1019 3101 1296 3157 Clamasse
1343 3110 1520 3153 autem
1561 3098 1844 3152 Dominum
1893 3096 1976 3150 di-

2085 3113 2223 3182 ὑπέρ
2247 3110 2442 3182 μέτρον
2470 3109 2578 3162 τῶν
2613 3109 2821 3165 παθῶν.
2872 3108 3250 3178 Κεκράξεσθαι
3299 3107 3354 3160 δέ
3389 3124 3524 3178 φησι
3572 3107 3668 3162 τὸν

407 3204 502 3266 cit,
536 3210 592 3254 ut
628 3206 948 3269 prmsentem
983 3234 998 3261 ,
1036 3203 1090 3248 et
1140 3208 1243 3246 una
1282 3191 1603 3246 militantem
1646 3229 1660 3253 ,
1711 3199 1873 3257 atque
1922 3188 1975 3242 in

410 3306 618 3347 morem
659 3289 812 3344 ducis
864 3285 1140 3342 lsraelitas
1191 3284 1242 3337 in
1309 3283 1652 3338 adversarios
1700 3281 1976 3334 incitasse.

420 3384 474 3438 ln
529 3382 720 3452 primis
770 3393 898 3434 vero
946 3377 1000 3432 in
1049 3375 1446 3430 resurrectione
1488 3373 1708 3429 humani
1765 3371 1980 3442 generis

407 3473 686 3529 Christum
745 3469 890 3524 velut
939 3483 1006 3523 ex
1042 3467 1170 3522 Sion
1221 3466 1577 3520 clamatnrum
1629 3464 1810 3517 dicere
1851 3477 1981 3516 cun-

408 3563 578 3618 venit.
629 3561 805 3626 Nam,
842 3567 900 3614 ut
949 3559 1150 3614 Paulus
1198 3559 1274 3612 ait
1327 3575 1340 3611 :
1385 3575 1403 3606 ι
1459 3554 1576 3625 lpse
1619 3554 1881 3609 Dominus
1930 3554 1980 3606 in

408 3657 592 3726 jussu,
619 3653 763 3708 etin
814 3664 945 3705 voce
995 3649 1331 3718 archangeli,
1384 3649 1537 3724 etin
1582 3648 1704 3701 tuba
1759 3647 1848 3700 Dei
1887 3645 1982 3698 de-

417 3747 641 3804 scandet
673 3745 740 3799 de
761 3741 921 3807 cmlo,
953 3751 1004 3796 et
1036 3741 1231 3796 movtui
1292 3741 1383 3808 qui
1440 3740 1492 3793 in
1544 3739 1762 3794 Christo
1816 3750 1980 3801 sunt,

416 3846 700 3904 resurgent
756 3833 1070 3904 incorrupti.
1107 3832 1172 3890 ⁷ο.
1240 3850 1258 3884 ι
1309 3831 1418 3885 lloc
1492 3841 1546 3886 et
1622 3832 1704 3886 lex
1788 3829 1984 3900 Moysis

415 3928 778 3984 adumbravit.
815 3926 984 3981 Jussit
1011 3927 1156 3980 enim
1185 3923 1236 3977 in
1276 3923 1557 3977 neomenia
1611 3924 1735 3976 tuba
1783 3937 1983 3976 canere

412 4021 776 4078 lsraclitas".
855 4018 920 4072 Et
993 4016 1274 4071 neomenia
1326 4015 1543 4084 quidem
1601 4013 1767 4084 ﬁgura
1818 4011 1983 4066 futuri

413 4132 480 4172 ac
529 4115 651 4170 novi
697 4112 879 4168 szeculi
939 4111 1221 4165 evidenter
1290 4115 1470 4178 potest
1522 4105 1768 4174 intelligi.
1835 4103 1984 4170 Tuba

413 4217 597 4262 autem
667 4206 820 4262 vocis
871 4201 1214 4274 penetrantis
1245 4198 1477 4263 omnia,
1525 4197 1860 4267 archangeli,
1906 4196 1987 4250 in-

416 4316 598 4368 quam,
623 4314 783 4368 quem
819 4296 960 4350 Deus
1008 4295 1183 4348 mittet
1236 4307 1361 4345 cum
1417 4292 1564 4354 tuba,
1618 4306 1738 4360 qua:
1783 4290 1986 4360 ingenti

412 4389 626 4444 sonitus
650 4387 901 4442 claritate
964 4383 1371 4436 universitatem
1430 4389 1762 4435 mortuorum
1812 4380 1863 4432 in
1911 4380 1988 4436 vi-

417 4492 526 4534 tam
559 4477 853 4532 revocabit.
893 4475 1157 4527 Praeterea
1192 4475 1305 4541 ipse
1359 4471 1618 4524 Dominus
1664 4471 1976 4524 miraculum

2095 4470 2401 4539 κειμένους,
2459 4469 2694 4533 ἐξαίσιόν
2744 4486 2796 4522 τι

416 4571 472 4626 in
534 4568 800 4622 Lazarum
852 4563 1020 4618 edens
1047 4603 1061 4627 ,
1105 4563 1171 4617 ad
1224 4571 1633 4615 montnnentmn
1667 4561 1851 4624 venit,
1896 4570 1986 4626 et,

414 4669 476 4716 nt
508 4666 692 4714 narrat
715 4655 1069 4724 evangelista,
1098 4667 1226 4706 voce
1263 4667 1456 4721 magna
1487 4651 1785 4706 clamavit-z
1823 4672 1841 4704 ι
1890 4653 1990 4707 La-

419 4767 576 4818 zare,
613 4750 733 4807 veni
766 4751 910 4805 foras
945 4749 1009 4801 τ’.
1059 4765 1077 4798 ι
1116 4747 1435 4813 Quanquam
1463 4745 1574 4814 ipse
1621 4760 1716 4816 per
1757 4747 1991 4816 pr0phe-

421 4855 528 4897 tam
573 4843 759 4899 dicat:
813 4861 834 4893 ι
873 4839 986 4894 Non
1029 4837 1340 4899 contendet,
1388 4852 1488 4891 nec
1542 4836 1833 4904 clamabit,
1893 4855 1991 4893 nec

421 4932 674 4990 audietur
715 4933 850 4990 foris
896 4948 996 4986 vox
1047 4932 1164 5000 ejus
1193 4929 1263 4983 ".
1310 4948 1328 4979 ι
1366 4929 1591 4996 Signum
1638 4929 1800 4998 igitur
1827 4945 1990 4998 pene-

364 5020 390 5042 '
419 5025 817 5092 trabilistubaa,
866 5037 920 5082 et
970 5026 1180 5080 sonitus
1213 5023 1331 5092 ejus
1375 5037 1544 5091 usque
1600 5023 1666 5076 ad
1715 5033 1991 5077 extremos

424 5129 692 5171 terrarum
728 5113 866 5170 ﬁnes
892 5153 908 5181 ,
967 5114 1184 5182 inquam
1207 5153 1223 5178 ,
1271 5123 1328 5168 et
1381 5113 1446 5167 de
1478 5113 1643 5177 caelo,
1708 5123 1811 5176 est,
1848 5115 1990 5182 quod

420 5205 674 5262 Salvator
715 5206 823 5258 alta
846 5218 981 5258 voce
1004 5203 1274 5260 Lazarum
1315 5204 1383 5258 ab
1423 5206 1614 5261 inferis
1638 5205 1915 5260 excitavit.

495 5469 658 5525 Vsus.
707 5469 794 5523 Π.
826 5468 892 5522 At
930 5465 1183 5520 Dominus
1210 5478 1386 5534 parcet
1416 5471 1607 5537 populo
1637 5488 1754 5534 suo,
1785 5483 1831 5525 et
1867 5489 1993 5525 con-

424 5563 638 5633 fortabit
691 5564 826 5630 [ilius
860 5559 1052 5623 Israel,
1106 5568 1155 5612 et
1189 5558 1384 5622 scietis,
1424 5561 1547 5628 quia
1591 5579 1682 5630 ego
1736 5563 1988 5617 Dominus

435 5740 439 5744 ”
495 5742 538 5774 θ’
566 5738 764 5803 Jercm.
799 5757 872 5814 tv,
911 5740 998 5796 51.
1077 5739 1178 5812 ⁷⁸]
1206 5738 1395 5796 Thess.
1440 5754 1510 5802 tv,
1543 5739 1627 5794 15.

1707 5741 1749 5772 ⁷³
1789 5740 1924 5795 l’sal.
1961 5756 2122 5807 Lxxx,
2173 5743 2224 5797 4.

2087 3203 2312 3273 Κύριον,
2346 3201 2421 3265 ὡς
2449 3201 2677 3254 συνόντα
2702 3218 2761 3252 τε
2812 3200 2907 3253 καὶ
2937 3199 3355 3263 συνασπίζοντα,
3387 3199 3477 3251 καὶ
3503 3215 3668 3268 στραι

2087 3292 2256 3363 τηγοῦ
2323 3291 2478 3359 δίκην
2528 3293 2640 3354 τοῖς
2681 3290 2941 3353 ἐναντίοις
2998 3290 3360 3360 ἐποτρύνοντα
3420 3290 3548 3352 τοὺς
3607 3290 3669 3355 ἐξ

2101 3382 2336 3454 Ἰσραήλ.
2386 3383 2591 3450 Πρέποι
2632 3381 2677 3433 δ’
2706 3381 2772 3434 ἂν
2808 3381 3039 3451 μάλιστα
3072 3381 3150 3450 τῷ
3189 3381 3286 3451 τῆς
3314 3381 3669 3443 ἀναστάσεως

2091 3473 2265 3544 καιρῷ
2290 3474 2350 3526 τὸ
2377 3473 2543 3543 φάναι
2562 3472 2652 3524 τὸν
2683 3471 2903 3541 Κύριον,
2933 3471 3008 3534 ὡς
3036 3473 3099 3522 ἐκ
3130 3471 3268 3524 Σιὼν
3293 3472 3669 3542 ἀνακεκρόιξε⁴

2089 3581 2200 3620 ται.
2234 3563 2356 3615 Ὅτι
2386 3559 2564 3624 καθώς
2596 3577 2727 3630 φησι
2773 3559 3006 3622 Παῦλος,
3057 3577 3074 3609 ι
3100 3559 3272 3623 Αὐτὸς
3304 3562 3331 3613 ό
3376 3560 3578 3630 Κύριος
3611 3562 3672 3614 ἐν

2092 3651 2440 3722 κελεύσματι,
2466 3651 2559 3704 καὶ
2580 3653 2635 3703 ἐν
2659 3652 2807 3720 φωνῇ
2834 3649 3194 3719 ἀρχαγγέλου,
3221 3651 3310 3702 καὶ
3330 3651 3386 3702 ἐν
3409 3650 3671 3718 σάλπιγγι

2092 3743 2226 3796 Θεοῦ
2274 3742 2640 3812 καταϐήσεται
2689 3745 2784 3796 ἀπ’
2828 3741 3084 3814 οὐρανοῦ,
3143 3741 3236 3794 καὶ
3281 3742 3330 3794 οἱ
3378 3743 3560 3811 νεκροὶ
3611 3743 3671 3796 ἐν

2092 3831 2311 3902 Χριστῷ
2337 3831 2721 3903 ἐγερθήσονται
2753 3832 3042 3902 ἄφθαρτοι.
3070 3850 3087 3880 ι
3131 3831 3301 3884 Τοῦτο
3347 3832 3441 3885 καὶ
3471 3834 3500 3885 ὁ
3539 3832 3672 3885 Μω-

2095 3921 2230 3985 σέως
2263 3922 2423 3992 νόμος
2455 3921 2850 3992 προανετύπου.
2894 3921 3141 3974 Ἐκέλευε
3168 3922 3276 3994 γὰρ
3316 3924 3374 3976 ἐν
3410 3924 3674 3994 νεομηνίᾳ⁵

2095 4011 2376 4077 σαλπίζειν
2408 4013 2534 4076 τοὺς
2565 4013 2624 4077 ἐξ
2662 4013 2899 4085 Ἰσραήλ.
2949 4013 3057 4066 Καὶ
3091 4015 3350 4083 νεομηνία
3379 4015 3477 4082 μὲν
3503 4015 3672 4077 τύπος

2095 4104 2160 4158 ἂν
2188 4108 2378 4168 νοοῖτο,
2430 4106 2525 4159 καὶ
2557 4105 2703 4174 μάλα
2746 4106 2943 4176 σαφὴς,
2995 4104 3189 4165 αἰῶνος
3221 4104 3315 4158 τοῦ
3359 4105 3668 4174 μέλλοντος.

2095 4199 2188 4252 καὶ
2227 4197 2346 4250 νέου
2378 4199 2520 4251 κατά
2555 4197 2643 4250 τὸν
2675 4196 2910 4268 πρῶτον.
2957 4197 3021 4249 Ἢ
3068 4197 3122 4250 δέ
3165 4212 3228 4264 γε
3276 4196 3532 4263 σάλπιγξ,
3573 4197 3673 4267 τῆς

2093 4288 2417 4358 διαπρυσίας
2462 4288 2646 4357 φωνῆς
2685 4287 2784 4357 τῆς
2831 4287 2925 4340 τοῦ
2973 4289 3336 4359 ἀρχαγγέλου,
3373 4288 3481 4357 ,τῆς
3523 4291 3674 4358 παρὰ

2095 4379 2229 4432 Θεοῦ
2283 4380 2602 4446 σάλπιγγος,
2645 4378 2678 4449 ἢ
2727 4378 2931 4441 πάντας
2979 4380 3158 4450 ἐγερεῖ
3207 4379 3332 4441 τοὺς
3373 4379 3432 4431 ἐν
3481 4381 3546 4448 τῇ
3600 4382 3671 4449 γῇ

2905 4469 3000 4522 καὶ
3074 4468 3377 4540 φωνητικὸν
3443 4469 3576 4538 ἡχοῦ
3587 4488 3672 4522 σα.

2106 4562 2299 4616 Ἰστέον
2347 4561 2400 4613 δὲ
2439 4561 2520 4613 ὅτι
2563 4562 2654 4612 καὶ
2689 4561 2853 4624 αὐτὸς
2895 4563 2922 4614 ὁ
2965 4561 3166 4628 Κύριος
3201 4560 3260 4613 τὸ
3308 4561 3399 4613 ἐπὶ
3439 4562 3678 4633 Λαζάρῳ

2095 4654 2279 4724 θαῦμα
2315 4653 2559 4724 πληρῶν,
2606 4652 2836 4720 ἀφίκετο
2901 4653 3000 4723 μὲν
3055 4655 3134 4716 εἰς
3170 4654 3230 4706 τὸ
3271 4657 3554 4722 μνημεῖον,
3602 4654 3679 4715 ὡς

2091 4745 2153 4800 δέ
2188 4761 2350 4814 φησιν
2408 4745 2436 4796 ὁ
2488 4744 2900 4815 εύαγγελιστὴς,
2951 4748 3102 4816 φωνῇ
3150 4745 3361 4817 μεγάλῃ
3408 4745 3680 4813 ἐφώνησε,

2099 4854 2119 4890 ι
2144 4837 2385 4905 Λάζαρε,
2416 4835 2576 4904 δεῦρο
2622 4834 2744 4900 ἔξω,
2781 4855 2798 4885 ι
2867 4835 3043 4889 καίτοι
3087 4836 3336 4903 λέγοντος
3374 4836 3539 4888 αὐτοῦ
3591 4837 3685 4889 διὰ

2093 4925 2186 4982 τοῦ
2231 4929 2533 4998 προφήτου,
2585 4947 2601 4976 ι
2629 4928 2742 4981 Ούκ
2778 4928 2971 5000 ἐρίσει,
3025 4928 3144 4981 ούδέ
3184 4929 3504 4997 κραυγάσει,
3555 4930 3680 4981 οὐδὲ

2090 5019 2488 5090 ἀκουσθήσεται
2517 5017 2621 5083 ἔξω
2648 5019 2679 5089 ή
2713 5018 2862 5089 φωνὴ
2899 5017 3084 5071 αὑτοῦ.
3116 5037 3133 5069 ι
3175 5018 3406 5088 Σημεῖον
3447 5013 3539 5070 οὖν
3570 5017 3681 5087 ἄρα

2089 5111 2190 5180 τῆς
2216 5109 2542 5180 διαπρυσίας
2572 5109 2891 5177 σάλπιγγος,
2938 5108 3033 5162 καὶ
3061 5111 3159 5178 τῆς
3191 5109 3286 5161 ἀπ’
3324 5107 3497 5177 αὐτῆς
3536 5107 3682 5178 ἠχῆς

2092 5201 2194 5271 τῆς
2247 5203 2333 5256 ἐπ’
2375 5201 2647 5271 ἐσχάτοις,
2693 5203 2855 5272 φημὶ,
2905 5201 3000 5254 καὶ
3038 5199 3098 5264 ἐξ
3134 5197 3368 5271 ούρανοῦ
3411 5199 3474 5252 τὸ
3511 5201 3683 5270 μεγά-

2094 5293 2160 5364 λῃ
2189 5293 2280 5346 τὸν
2311 5293 2543 5365 Σωτῆρα
2591 5294 2897 5364 χρήσασθαι
2955 5295 3129 5363 φωνῇ,
3182 5289 3533 5346 διανιστάντα
3586 5290 3680 5344 τὸν

2091 5385 2242 5448 Λάζα
2251 5401 2360 5454 ρον.

2175 5476 2236 5528 '0
2282 5477 2350 5529 δὲ
2393 5477 2609 5544 Κύριος
2654 5476 2919 5543 φείσεται
2963 5475 3069 5528 τοῦ
3115 5476 3271 5529 λαοῦ
3318 5473 3537 5540 αὐτοῦ,
3572 5469 3674 5522 κιαι

2098 5567 2407 5636 ἐνισκύσει
2435 5567 2562 5633 τοῖς
2593 5569 2744 5634 υἱοῖς
2777 5565 3042 5635 Ἰσραήλ.
3084 5569 3195 5623 Καὶ
3222 5569 3550 5638 γνώσεσθε,
3588 5567 3678 5620 ὅτι

2299 5742 2339 5778 ⁷³
2367 5744 2522 5801 Joan.
2565 5762 2638 5811 XI,
2675 5745 2761 5799 43.
2843 5746 2886 5776 ⁷³
2917 5747 3016 5801 lsa.
3055 5760 3184 5811 sui,
3221 5742 3273 5797 Ξ.
