3950 6200
370 335 476 391 401

1264 335 1816 394 COMMENTARIUS
1854 335 1918 389 IN
1959 332 2225 390 JOELEM
2267 326 2707 387 PROPIIETAM.

3521 322 3623 377 4θέ

370 448 493 517 ἐγὼ
520 450 735 516 Κύριος
776 453 809 504 ὀ
856 452 999 517 Θεὸς
1028 452 1224 521 ὑμῶν,
1261 453 1657 521 κατασκηνῶν
1695 454 1764 507 ἐν
1800 452 1948 507 Σιὼν

2069 450 2199 505 Deus
2228 458 2415 513 vester,
2447 448 2692 501 habitans
2733 447 2787 499 in
2820 445 2948 500 Sion
2981 452 3152 497 monte
3188 453 3369 496 sancto
3402 457 3536 503 meo,
3578 452 3625 494 et

374 540 501 605 ὄρει
529 541 678 608 ἁγίῳ
709 560 847 611 μου.
883 544 989 595 Καὶ
1031 544 1205 596 ἔσται
1244 545 1637 612 Ἰερουσαλὴμ
1670 545 1828 614 ἁγία,
1856 545 1953 597 καί

374 631 731 698 ducrerqu
755 634 828 686 οὐ
856 633 1265 689 ὃιελεύσονται
1305 637 1378 689 δι’
1404 635 1593 703 αὐτῆς
1616 634 1721 687 ἔτι.

448 719 581 773 ΜΓ.
612 720 739 772 Ὅτε
777 722 846 774 τά
872 723 1192 794 ἐγκλήματα
1236 724 1336 794 τῆς
1375 724 1711 787 ἀποστασίας
1751 726 1861 787 τοῖς
1894 724 1954 789 ἐξ

390 809 611 879 Ἰσραὴλ
643 811 1038 881 ἐπεγράφοντο,
1085 816 1180 868 καὶ
1222 814 1488 884 δαμάλεσι
1541 815 1640 886 μὲν
1684 815 1955 886 προσεκύ-

376 918 503 952 νουν
526 903 649 962 ταῖς
679 905 930 972 χρυσαῖς,
956 903 1193 972 ἔφασκον
1220 905 1279 958 δὲ
1309 905 1561 968 ἀνοσίως,
1582 897 1741 958 Οὗτοι
1767 906 1816 958 oi
1842 904 1953 957 Θεοί

378 994 757 1063 confluxit},
777 996 998 1059 οἵτινες
1029 997 1305 1066 ἀνήγαγον
1337 1014 1395 1049 σε
1423 998 1488 1051 ὲκ
1519 998 1622 1068 γῆς
1649 999 1951 1065 Αἰγύπτου,

376 1083 505 1135 τότε
530 1085 623 1137 καλ⁸
652 1084 929 1149 ἀσθενεῖς,
962 1087 1057 1139 καὶ
1086 1086 1371 1153 εὐάλωτοι,
1403 1089 1496 1141 καὶ
1527 1091 1641 1151 τοῖς
1675 1089 1955 1159 πολεμίοις

376 1176 705 1245 ὲτοιμοτάτη
772 1176 1093 1247 προῦκειντο
1163 1178 1326 1249 θήρα.
1390 1178 1659 1251 Ταύτητοι
1721 1179 1816 1233 καὶ
1875 1181 1955 1243 εἰς

379 1267 762 1336 αἰχμαλωσίαν
795 1270 1121 1339 ἐπέμποντο.
1162 1270 1380 1341 Ἐπειδὴ
1426 1271 1482 1324 δὲ
1531 1272 1821 1341 ὴλέηνται,
1861 1272 1954 1325 καὶ

380 1358 480 1428 τὴν
521 1358 732 1410 ἑαυτῶν
772 1362 1153 1430 κατῳκήκασι,
1184 1360 1454 1431 χαλῶντος
1479 1360 1614 1413 Θεοῦ
1640 1361 1739 1424 τὰς
1762 1362 1951 1433 ὀργὰς,

375 1452 584 1519 ἄμαχοι
634 1452 840 1515 λοιπὸν,
886 1454 980 1505 καὶ
1031 1451 1489 1521 ἀνανταγώνιστοι
1536 1454 1792 1521 γεγόνασι
1842 1458 1956 1518 τοῖς

376 1542 616 1611 ἐχθροῖς,
662 1543 901 1613 ἀμογητὶ
944 1544 1341 1615 κεκρατήκασι,
1382 1544 1559 1595 καίτοι
1592 1544 1809 1597 πάντων
1846 1546 1954 1599 τῶν

378 1632 550 1685 ἐθνῶν
584 1634 1015 1705 συνειλεγμένων
1053 1637 1133 1698 είς
1178 1636 1379 1705 μάχην.
1428 1632 1733 1690 Γνώσεσθαι
1761 1636 1825 1708 δὴ
1862 1633 1955 1692 οὖν

376 1724 546 1791 φησὶν
574 1723 772 1788 αὐτοὺς
795 1725 903 1777 ἀπό
918 1741 981 1793 γε
1001 1724 1093 1777 τοῦ
1121 1725 1443 1795 κατισχύσαι
1465 1724 1573 1777 τῶν
1590 1725 1655 1779 δι’
1683 1726 1952 1791 ἐναντίας,

2054 540 2153 593 erit
2193 539 2494 593 Jerusalem
2517 548 2723 604 sancta,
2761 546 2807 591 et
2842 536 3152 605 alienigena:
3183 550 3284 587 non
3326 530 3624 585 transibunt

2051 647 2143 699 per
2163 647 2279 684 eam
2303 629 2550 698 amplius.

2128 719 2308 774 XLIII.
2343 719 2573 786 Quando
2610 720 2839 775 crimina
2878 720 3109 774 desertce
3144 727 3355 786 patrum
3405 718 3627 787 religio-

2069 813 2155 869 nis
2214 813 2637 867 intendebantur
2681 812 2956 875 Israelitis,
2999 822 3052 866 et
3086 812 3280 864 vitulos
3328 811 3627 863 adorabant

2055 917 2274 969 aureos,
2325 902 2535 956 nefarie
2583 902 2992 957 acclamantes:
3050 920 3068 951 ι
3116 900 3177 953 ll-i
3216 910 3342 953 sunt
3393 900 3465 952 dii
3527 900 3624 959 tui,

2055 994 2241 1060 Israel,
2270 996 2361 1065 qui
2388 994 2691 1048 eduxerunt
2731 1005 2782 1049 te
2814 996 2879 1049 de
2915 1003 3055 1048 terra
3093 992 3307 1062 [Egypli
3339 991 3409 1057 τι,
3446 1010 3463 1041 ι
3498 1000 3627 1042 tunc

2055 1088 2255 1141 ittlirmi
2290 1096 2463 1153 erant,
2497 1096 2552 1141 et
2586 1088 2683 1140 levi
2721 1087 2934 1155 negotio
2953 1086 3403 1154 subjugabantur,
3438 1095 3627 1136 crant-

2056 1194 2161 1248 que
2191 1178 2443 1232 hostibus
2473 1177 2665 1247 praeda:
2695 1178 3133 1246 expeditissima).
3171 1176 3293 1230 Ideo
3337 1185 3393 1229 et
3439 1176 3489 1228 in
3532 1191 3625 1229 ca-

2055 1270 2353 1340 ptivitatem
2402 1270 2825 1323 abduccbautur.
2876 1268 2943 1322 At
2994 1276 3275 1336 postquam
3321 1268 3628 1321 misericor-

2055 1361 2198 1415 diam
2252 1362 2454 1430 adepti,
2510 1361 2783 1431 regionem
2830 1374 2982 1413 suam
3038 1359 3370 1426 postliminio
3420 1358 3629 1411 habita-

2058 1462 2202 1518 runt,
2246 1454 2356 1508 Deo
2381 1454 2489 1507 iras
2518 1453 2843 1519 deponente,
2874 1453 2939 1506 de
2982 1460 3180 1505 czetero
3212 1452 3394 1504 invicti
3439 1460 3493 1504 ct
3534 1451 3621 1503 itt-

2056 1547 2392 1613 superabilcs
2437 1546 2687 1600 hostibus
2717 1545 2955 1609 fuerunt,
2987 1545 3232 1614 citraque
3278 1545 3516 1599 laborem
3550 1545 3628 1594 vi—

2057 1646 2270 1701 cerunt,
2318 1638 2419 1691 etsi
2450 1651 2640 1691 omnes
2685 1647 2872 1707 gentes
2899 1637 3185 1690 adversum
3230 1651 3322 1690 eos
3364 1633 3525 1705 2&2
3576 1634 3627 1685 in

2057 1728 2299 1797 prwlium
2346 1728 2578 1783 coirent.
2639 1728 2711 1782 Ex
2780 1742 2845 1781 eo
2886 1726 3048 1794 igitur
3116 1727 3259 1797 quod
3306 1726 3631 1779 adversariis

377 1816 461 1866 ὅτι
487 1815 580 1867 καὶ
612 1816 672 1867 ἐν
698 1817 881 1880 αὐτοῖς
913 1818 1051 1882 ἐστι,
1086 1817 1181 1869 καὶ
1218 1816 1630 1871 ἐπαναπαύεται
1662 1818 1847 1872 λοιπὸν
1884 1822 1950 1889 τῇ

2069 1820 2445 1891 ριωνιιιοὺιιιιι,
2494 1822 2809 1892 cognituros
2852 1819 3003 1883 dicit,
3032 1835 3153 1874 eum
3198 1828 3253 1874 et
3298 1819 3438 1873 ittlcr
3489 1820 3630 1885 ipsus

381 1904 517 1958 Σιὼν
549 1905 625 1971 ὡς
668 1908 802 1979 ἁγία
836 1910 1008 1964 πόλει.
1050 1912 1320 1983 Ταύτῃτοί
1382 1930 1546 1985 φησιν
1586 1914 1668 1966 ὅτι
1707 1913 1954 1982 φείσεται

380 1996 483 2063 μὲν
523 1998 632 2049 τῶν
684 2000 827 2053 ἰδίων
868 2000 1034 2065 λαῶν,
1082 2004 1178 2056 καὶ
1212 2004 1622 2071 ἀλκιμωτάτους
1664 2006 1952 2073 ἀποφανεῖ,

377 2088 727 2157 μαθήσεσθαι
768 2091 825 2143 δὲ
870 2093 1086 2158 αὐτοὺς,
1118 2095 1199 2147 ὃτι
1229 2096 1346 2164 μετ’
1390 2095 1569 2149 αὐτῶν
1593 2098 1762 2150 ἐστιν.
1792 2097 1955 2149 Ἐσε-

374 2178 507 2230 σθαι
554 2179 609 2231 δέ
652 2198 784 2250 φησι
812 2181 911 2253 τὴν
952 2184 1304 2255 Ἰερουσαλὴμ
1348 2187 1530 2255 ἁγίαν,
1578 2187 1677 2258 τὴν
1722 2187 1954 2257 ἀρχαίαν

375 2271 601 2335 πάντως
630 2272 816 2328 ἀθεϊαν
846 2274 1245 2341 ἀποϐαλοῦσαν,
1275 2278 1375 2330 οὐκ
1407 2278 1485 2330 ἔτι
1508 2277 1953 2348 ψευδομαντείας,

376 2365 475 2417 καὶ
530 2366 780 2436 γοητείας
840 2370 969 2437 παρ’
1016 2368 1153 2439 αὐτῇ
1206 2369 1555 2441 τιμωμένης,
1604 2371 1661 2422 ἐν
1707 2369 1855 2438 νόμῳ
1897 2368 1955 2421 δὲ

376 2455 586 2525 μᾶλλον
619 2457 925 2527 κρατούσης
968 2457 1149 2528 ζωῆς,
1191 2460 1285 2511 καὶ
1316 2460 1553 2529 ἀρίστων
1595 2459 1957 2529 ἐπιτηδευμά-

374 2564 488 2597 των
514 2546 716 2617 σπουδῇ
747 2548 1047 2616 γεγονότων
1082 2550 1283 2612 αὐτοῖς.
1303 2552 1559 2621 Ἐχούσης
1583 2550 1640 2603 δὲ
1674 2538 1834 2614 οὕτω,
1862 2549 1957 2602 καὶ

373 2637 574 2707 διαζῇν
597 2640 901 2711 ᾑρημένης,
929 2641 1122 2695 οὐδένα
1154 2643 1287 2713 φησὶ
1322 2641 1430 2695 τῶν
1461 2641 1668 2711 ἐχθρῶν
1694 2642 1761 2694 δι’
1786 2642 1957 2710 αὐτῆς

375 2730 832 2800 παρελεύσεσθαι,
860 2727 971 2785 οἷον
1003 2734 1103 2785 οὐκ
1141 2731 1606 2801 εύκαταγὼνιστος
1631 2730 1783 2783 ἔσται
1813 2730 1956 2784 τισὶν

374 2824 503 2876 οὐδὲ
554 2826 613 2877 ἐν
664 2825 882 2895 παρόδῳ
930 2829 1043 2889 τοῖς
1101 2826 1377 2880 ἐθέλουσιν
1433 2823 1822 2895 ἁρπαζομένη,
1882 2823 1958 2886 ὡς

375 2916 669 2989 πῴτερον,
719 2917 917 2988 μᾶλλον
960 2918 1016 2971 δὲ
1061 2918 1326 2989 ἀσφαλὴς,
1374 2918 1467 2971 καὶ
1508 2921 1629 2980 ταῖς
1664 2917 1791 2988 παρ’
1823 2914 1956 2987 ἐμοῦ

374 3008 666 3078 δυνάμεσι,
699 3011 793 3063 καὶ
817 3010 1157 3080 ἐπικουρίαις
1189 3006 1249 3063 εὖ
1284 3008 1428 3079 μάλα
1454 3007 1848 3079 τετειχισμένη.

465 3100 688 3173 ’Λληθὲς
714 3102 771 3155 δὲ
802 3102 861 3154 τὸ
891 3103 1079 3172 χρῆμα
1112 3102 1215 3155 κᾶν
1245 3103 1294 3154 εί
1324 3103 1411 3154 ἐπ’
1446 3101 1617 3170 αὐτῆς
1647 3102 1818 3152 νοοῖτο
1856 3099 1957 3170 τῆς

2063 1927 2207 1977 esse,
2258 1920 2311 1967 et
2364 1914 2414 1965 itt
2461 1924 2732 1981 posterum
2786 1928 2946 1986 super
2990 1922 3173 1968 saneta
3224 1911 3443 1965 civitate
3489 1910 3617 1961 Sion

2056 2005 2387 2073 quieturum.
2426 2004 2558 2058 Iline
2596 2006 2827 2059 alh'rmat
2885 2017 3171 2075 parsurum
3204 2002 3398 2071 populo
3426 2017 3546 2063 suo,
3576 2012 3630 2053 et

2059 2096 2470 2150 strenuissimos
2521 2098 2891 2161 redditurum,
2941 2107 2990 2152 et
3044 2106 3456 2166 perspecturus,
3506 2110 3627 2147 eum

2058 2204 2179 2243 cum
2248 2188 2381 2253 ipsis
2430 2202 2587 2255 esse;
2637 2188 2751 2243 fore
2796 2199 2975 2242 autem
3024 2187 3321 2241 Jerusalem
3366 2195 3630 2247 sanctam,

2058 2280 2340 2347 repudiato
2373 2296 2597 2349 prorsus
2621 2280 2888 2336 atheismo
2916 2280 3102 2343 veteri,
3142 2278 3290 2332 falsis
3320 2278 3626 2347 prmdictio.

2060 2375 2219 2428 nibus
2244 2383 2299 2427 et
2349 2374 2807 2427 incantationibus
2851 2372 3141 2441 despectis,
3192 2371 3243 2424 in
3290 2371 3406 2441 lege
3454 2379 3632 2421 autem

2060 2466 2186 2519 vita:
2220 2474 2493 2534 potentem
2542 2475 2596 2519 et
2646 2466 3013 2518 institutorum
3052 2463 3380 2532 optimorum
3420 2461 3631 2515 Studio-

2058 2571 2195 2610 sam.
2245 2556 2379 2610 Cum
2431 2556 2513 2611 sic
2566 2572 2623 2610 se
2670 2556 2941 2621 habuerit,
2975 2564 3031 2609 et
3080 2556 3155 2607 ita
3201 2554 3363 2607 vitam
3413 2554 3631 2622 exigere

2059 2649 2425 2715 constituerit,
2478 2648 2682 2701 uttllttttt
2729 2650 2934 2703 hostem
2969 2665 3065 2719 per
3103 2663 3223 2702 eam
3252 2646 3628 2707 transiturum,

2060 2738 2111 2792 id
2144 2747 2247 2802 est,
2275 2755 2302 2790 a
2334 2739 2551 2793 nentine
2582 2739 2739 2793 facile
2768 2740 3184 2809 expugnabitur,
3212 2752 3313 2793 uec
3344 2737 3396 2790 in
3450 2744 3627 2789 trans-

2062 2831 2138 2885 itu
2177 2846 2205 2883 a
2239 2830 2544 2885 volentibus
2578 2838 2637 2885 ttt
2676 2841 2836 2885 antea
2884 2830 3123 2900 rapietur
3150 2870 3165 2895 ,
3208 2829 3339 2898 quin
3378 2837 3488 2881 tuta
3528 2827 3631 2881 erit

2059 2922 2231 2994 copiis
2282 2922 2603 2992 auxiliisque
2649 2922 2781 2979 meis
2829 2931 2888 2978 ut
2950 2936 3104 2977 muro
3147 2921 3351 2991 optime
3398 2920 3631 2974 circum-

2061 3023 2232 3084 septa.

2132 3104 2277 3158 Istud
2312 3119 2475 3173 porro
2498 3104 2662 3159 etiam
2692 3104 2757 3159 de
2783 3102 2983 3159 Christi
3022 3101 3264 3158 Ecclesia
3296 3116 3484 3157 verum
3522 3108 3624 3153 est.

390 3193 723 3263 Ἐκκλησίας
744 3194 1002 3264 Χριστοῦ.
1052 3194 1293 3264 Κήδεται
1321 3194 1431 3264 γὰρ
1472 3192 1578 3247 τῶν
1613 3193 1755 3245 ἰδίων
1783 3209 1952 3263 προσο

2069 3193 2296 3248 Suorum
2331 3194 2474 3248 enim
2515 3195 2783 3248 cultorum
2829 3208 3015 3249 curam
3056 3193 3229 3262 gerit,
3281 3200 3335 3246 et
3388 3190 3633 3243 hostibus

380 3284 655 3354 κυνητῶν,
682 3285 907 3339 καὶτῶν
932 3284 1207 3356 πολεμίων
1249 3285 1511 3355 ἀμείνους
1554 3283 1827 3348 ἀποτελεῖ,
1868 3285 1961 3336 εὐ-

380 3375 617 3438 σθενεῖς,
640 3375 733 3426 καὶ
763 3374 1196 3444 ἀλκιμωτάτους,
1233 3374 1538 3443 εὐρωστίας
1564 3374 1834 3444 γέμοντας
1862 3374 1962 3445 τῆς

382 3468 785 3536 πνευματικῆς,
844 3466 1052 3529 εἰδότας
1080 3484 1141 3519 τε
1187 3468 1281 3519 καὶ
1332 3467 1765 3530 πεπιστευκότας
1809 3468 1889 3520 ὅτι
1933 3467 1963 3519 ὁ

377 3557 516 3619 Θεὸς
546 3558 605 3608 ὲν
633 3557 814 3619 αὐτοῖς
841 3556 929 3611 διὰ
956 3558 1050 3610 τοῦ
1081 3558 1417 3628 Πνεύματος.
1450 3578 1467 3609 ι
1494 3560 1755 3612 Κατοικεῖ
1775 3558 1882 3628 γὰρ
1905 3560 1963 3612 ὲν

379 3652 504 3712 ταῖς
534 3650 781 3718 καρδίαις
811 3650 967 3720 ἡμῶν
995 3650 1084 3705 διά
1128 3652 1225 3723 τῆς
1253 3652 1509 3714 πίστεως.
1552 3670 1570 3703 ι
1598 3651 1707 3702 Καὶ
1742 3650 1772 3701 ὁ
1803 3649 1966 3719 εὐαγ-

379 3742 643 3813 γελιστὴς
668 3743 919 3812 Ἰωάννης
942 3746 1127 3813 φησὶν,
1151 3764 1168 3795 ι
1194 3746 1286 3797 Ἐκ
1315 3744 1503 3798 τούτου
1525 3742 1866 3811 γινώσκομεν
1883 3742 1965 3798 ὅτι

382 3836 441 3883 ἐν
472 3833 610 3901 ἡμῖν
633 3834 798 3895 ἐστιν,
830 3834 894 3885 ἐκ
912 3833 1005 3885 τοῦ
1043 3835 1381 3905 Πνεύματος,
1423 3830 1484 3889 οὗ
1511 3834 1711 3888 ἔδωκεν
1746 3834 1902 3902 ἡμῖν.
1940 3850 1959 3884 ι

394 3924 559 3990 ⁸Αγία
609 3924 667 3976 δὲ
694 3924 835 3977 κατά
872 3924 933 3976 τὸ
975 3925 1173 3995 ἀληθὲς
1208 3928 1239 3995 ἡ
1284 3930 1446 3997 νοητή
1486 3943 1587 3979 που
1617 3925 1839 3990 πάντως
1876 3924 1967 3977 ἰε-

383 4015 712 4085 ρουσαλὴμ,
746 4017 1053 4080 τουτέστιν,
1092 4020 1125 4088 ἡ
1166 4018 1498 4089 Ἐκκλησία,
1536 4020 1606 4073 τὰ
1646 4018 1756 4071 τῶν
1794 4018 1965 4086 ἀγίων

382 4106 661 4175 τάγματα.
702 4108 777 4159 υύ
802 4108 909 4179 γάρ
934 4111 1051 4162 ἐστι
1084 4110 1316 4181 πάροδος
1346 4110 1666 4179 ἀλλογενῶν.
1714 4129 1732 4161 σ
1766 4111 1829 4164 Ol
1855 4110 1965 4181 γάρ

384 4196 477 4248 τοῦ
508 4197 746 4267 Χριστοῦ
776 4199 875 4268 τὴν
911 4200 1091 4270 σάρκα
1117 4201 1492 4273 ἐσταύρωσαν.
1529 4219 1547 4251 ι
1579 4198 1881 4270 Μέμνημαι
1907 4199 1965 4253 δὲ

384 4290 639 4355 λέγοντος
669 4291 762 4343 καί
804 4309 949 4354 τινος
983 4293 1091 4345 τῶν
1136 4292 1347 4362 σοφῶν,
1382 4313 1399 4342 ι
1444 4292 1570 4345 Ἐὰν
1604 4292 1827 4362 Πνεῦμα
1868 4290 1963 4345 τοῦ

383 4383 791 4447 ὲξουσιάζοντος
818 4386 991 4455 ἀναϐῇ
1026 4386 1118 4437 ἐπὶ
1144 4386 1224 4448 σὲ,
1256 4386 1418 4438 τόπον
1454 4403 1548 4437 σου
1585 4385 1658 4457 μὴ
1686 4386 1850 4455 ἀφῇς,
1882 4385 1964 4437 ὅτι

386 4475 525 4546 ἴαμα
554 4479 895 4532 καταπαύσει
923 4480 1198 4549 ἁμαρτίας
1236 4480 1495 4549 μεγάλας.
1534 4498 1552 4529 ι
1588 4478 1827 4549 Ἀσφαλῆ
1858 4478 1965 4547 γὰρ
2000 4522 2043 4576 D

383 4571 572 4638 ἔχουσι
624 4571 722 4640 τὴν
778 4573 1039 4642 καρδίαν,
1095 4573 1152 4624 οὐ
1200 4572 1460 4642 βάσιμον,
1503 4570 1611 4624 οὐδ’
1665 4571 1967 4641 ἱππήλατον

384 4667 497 4724 τοῖς
531 4663 865 4733 ἀκαθάρτοις
896 4664 1168 4733 πνεύμασι
1198 4662 1616 4732 σεσαλευμένην·
1649 4661 1871 4733 ἑδραίαν
1909 4661 1967 4713 δὲ

388 4754 615 4818 μᾶλλον,
666 4754 760 4805 καὶ
806 4756 917 4815 τοῖς
966 4754 1064 4822 τῆς
1113 4750 1369 4821 ἀληθείας
1412 4750 1677 4821 δόγμασιν
1719 4745 1777 4803 εὗ
1822 4747 1968 4819 μάλα

390 4843 849 4913 πεπυργωμένην.

461 4935 571 4987 Καὶ
616 4936 787 4989 ἔσται
817 4935 888 4987 ἐν
935 4933 1007 5000 τῇ
1039 4933 1231 5003 ἡμέρᾳ
1274 4933 1475 5001 ἐκείνῃ
1500 4950 1514 4964 ·
1555 4929 1966 4995 ἀποσταλάξει

391 5028 460 5079 τὰ
507 5026 615 5095 ὅρη
680 5027 1057 5096 γλυκασμὸν,
1111 5028 1206 5079 καὶ
1259 5028 1315 5081 οὶ
1367 5025 1586 5090 βουνοί
1628 5024 1965 5092 ρυήσοντιιι

396 5121 569 5185 πτίλα,
621 5121 722 5173 καὶ
771 5118 959 5173 πᾶσαι
1001 5121 1059 5173 at
1106 5118 1353 5187 ἀφέσεις
1389 5114 1583 5170 Ἰούδα
1628 5114 1965 5181 ῥυήσοντιιι

394 5210 601 5273 ὕδατα,
636 5209 736 5263 καὶ
779 5209 940 5279 πηγὴ
970 5209 1039 5273 ἐξ
1069 5210 1239 5263 οἴκου
1288 5207 1509 5275 Κυρίου
1559 5204 1969 5269 ἐξελεύσεται,

395 5301 489 5353 καί
515 5300 712 5354 ποτιεῖ
736 5302 841 5354 τὸν
868 5300 1232 5370 χειμιὶρῤουν
1270 5298 1387 5353 τῶν
1419 5297 1726 5366 σχοινίων.

462 5394 591 5446 MA'.
630 5394 1093 5464 ’Λναδειμαμένης
1129 5393 1289 5462 ἁγίας
1317 5391 1419 5461 τῆς
1456 5387 1831 5461 Ἰερουσαλὴμ,
1874 5390 1968 5442 καὶ

393 5487 489 5537 οὐκ
540 5485 710 5554 οῦσης
757 5486 837 5538 ἔτι
887 5487 1057 5556 βατῆς
1103 5488 1214 5548 τοῖς
1266 5483 1609 5551 ἀλλογενέσι,
1666 5482 1755 5536 διά
1803 5498 1861 5534 τε
1912 5483 1971 5534 τὸ

396 5578 817 5631 κατασκηνῶσαι
849 5579 905 5629 ἐν
935 5579 1072 5649 αὐτῇ
1108 5577 1197 5629 τὸν
1222 5577 1332 5629 τῶν
1361 5575 1497 5629 ὅλων
1528 5576 1750 5645 Κύριον,
1773 5575 1963 5643 φείσα-

462 5750 507 5783 ’ῖ
545 5751 711 5805 Ιέκυιι.
750 5768 917 5817 xvxtt,
954 5754 1003 5805 σί.
1084 5752 1126 5783 ⁷⁵
1164 5752 1335 5821 Ephcs
1383 5769 1438 5820 tt,
1474 5752 1551 5804 17.

1634 5752 1676 5781 7"
1717 5751 1730 5804 I
1766 5750 1917 5805 Joztu.
1964 5766 2033 5815 tv,

2062 3288 2372 3354 superiores
2404 3286 2551 3349 facit,
2588 3287 2862 3350 robustos,
2902 3283 3333 3343 strenuissimos,
3367 3280 3631 3349 spirituali

2063 3378 2381 3433 fortitudine
2428 3378 2632 3447 plenos,
2678 3391 2800 3429 cum
2849 3375 3025 3429 sciant
3067 3381 3122 3428 et
3159 3373 3418 3433 credant,
3462 3370 3633 3423 Deum

2064 3485 2161 3539 per
2190 3470 2449 3539 Spiritum
2480 3470 2530 3522 iu
2560 3469 2690 3538 ipsis
2710 3480 2864 3534 esse;
2906 3483 2923 3517 ι
2963 3464 3171 3520 habitat
3194 3462 3337 3517 enim
3369 3462 3421 3516 in
3454 3459 3633 3516 cordi-

2068 3561 2169 3615 bus
2204 3562 2407 3616 nostris
2442 3576 2538 3630 pcr
2572 3561 2729 3613 ﬁdem
2756 3558 2826 3611 ⁷⁸.
2863 3576 2881 3610 ι
2918 3558 2985 3612 Et
3032 3562 3089 3610 ut
3122 3554 3360 3610 Joannes
3402 3565 3635 3619 evange-

2065 3653 2190 3708 lista
2224 3652 2417 3708 scribit
2449 3670 2463 3705 :
2503 3671 2520 3703 ι
2563 3652 2617 3706 1η
2650 3652 2751 3706 hoc
2778 3648 3183 3719 cognoscimus,
3220 3645 3346 3716 quia
3389 3645 3440 3698 in
3482 3644 3637 3697 nobis

2064 3754 2167 3807 est,
2193 3744 2317 3814 quia
2358 3743 2425 3797 de
2470 3742 2676 3812 Spiritu
2733 3756 2837 3797 suo
2881 3739 3031 3795 dedit
3076 3739 3233 3793 nobis
3265 3737 3333 3790 ".
3376 3756 3394 3787 ι
3442 3735 3637 3788 Sancta

2066 3847 2243 3890 autem
2279 3844 2359 3890 est
2407 3850 2593 3890 revera
2638 3831 3019 3889 intellectualis
3067 3828 3392 3891 Jerusalem,
3448 3827 3499 3881 id
3534 3836 3637 3889 est,

2068 3926 2327 3991 Ecclesia,
2355 3936 2667 3981 sanctorum
2693 3924 2931 3979 ordines.
2960 3919 3075 3975 Non
3102 3920 3247 3975 enim
3268 3927 3350 3973 est
3383 3918 3642 3971 transitus

2065 4033 2163 4088 per
2206 4032 2326 4072 eam
2382 4016 2721 4087 alienigenis.
2761 4033 2780 4067 ι
2832 4013 2935 4080 Qui
2980 4023 3213 4082 namque
3252 4018 3380 4065 sunt
3414 4008 3639 4069 Christi,

2065 4122 2284 4165 carnem
2318 4122 2472 4162 suam
2516 4104 3006 4161 cruciﬂxerunt".
3058 4122 3077 4154 ι
3118 4100 3276 4157 Venit
3314 4100 3366 4153 in
3404 4108 3640 4153 mentem

2066 4200 2327 4269 sapientis
2368 4198 2647 4268 cujusdam
2677 4195 2920 4262 elTatum,
2949 4192 3307 4263 praecipientis
3333 4208 3347 4245 :
3376 4210 3394 4243 ι
3434 4191 3492 4246 Si
3520 4192 3641 4258 Spi-

2067 4293 2200 4346 ritus
2231 4298 2551 4361 potestatem
2578 4286 2829 4343 habentis
2845 4284 3153 4340 ascenderit
3177 4298 3339 4353 super
3358 4292 3430 4348 te,
3465 4283 3642 4337 locum

2067 4390 2217 4437 tuum
2245 4395 2313 4435 ne
2324 4378 2616 4442 dimiseris,
2638 4376 2762 4445 quia
2780 4375 2989 4429 curatio
3009 4373 3171 4428 faciet
3186 4388 3403 4428 cessare
3420 4382 3642 4441 peccata

2072 4488 2264 4543 magna
2292 4474 2360 4525 ⁸⁷³.
2394 4490 2411 4524 ι
2461 4470 2657 4524 Tutum
2685 4470 2882 4539 quippe
2919 4467 3158 4523 retinent
3189 4481 3306 4530 cor,
3350 4482 3454 4521 non
3497 4464 3638 4535 pedi-

2073 4568 2238 4631 tibus,
2270 4580 2376 4620 non
2411 4565 2685 4634 equitibus
2714 4562 2979 4633 pervium,
3017 4570 3075 4614 ut
3109 4562 3175 4615 ab
3208 4560 3501 4614 immundis
3535 4558 3616 4627 spi

2072 4656 2269 4711 ritibus
2298 4658 2597 4725 agitatum;
2634 4654 2730 4709 sed
2774 4650 2969 4707 stabile
3010 4652 3188 4722 potius
3218 4660 3273 4705 et
3302 4651 3643 4719 dogmatibus

2070 4751 2317 4806 veritatis
2350 4748 2509 4820 quasi
2543 4748 2783 4803 turribus
2823 4745 3497 4819 perbene-communitum.

2146 4927 2429 4983 VERS.18.
2477 4924 2540 4978 Ει
2587 4924 2684 4979 erit
2732 4924 2787 4976 in
2832 4922 2917 4974 die
2954 4921 3081 4974 illa.
3129 4929 3328 4973 montes
3374 4919 3645 4973 stillabant

2072 5020 2433 5083 dulcedinem,
2468 5026 2517 5069 et
2550 5015 2708 5068 colles
2748 5014 2910 5082 [luent
2936 5012 3093 5075 lacte,
3128 5021 3173 5064 et
3197 5028 3372 5066 omnes
3402 5014 3644 5065 emissio-

2076 5128 2164 5164 nes
2184 5109 2217 5163 J
2226 5110 2333 5163 uda
2363 5110 2524 5177 ﬂuent
2552 5106 2726 5175 aquis,
2755 5115 2800 5158 et
2832 5104 2951 5172 fons
2978 5104 3041 5157 de
3067 5104 3222 5157 domo
3257 5102 3471 5159 Domini
3503 5121 3644 5175 egre-

2073 5201 2267 5268 dietur,
2306 5208 2355 5253 et
2388 5196 2631 5266 irrigabit
2671 5203 2951 5250 torrentem
2985 5195 3363 5265 funiculorum.

2150 5377 2332 5434 XLIV.
2368 5378 2672 5434 lnstaurata
2707 5388 2892 5435 sancta
2921 5378 3245 5445 Jerusalem,
3279 5391 3377 5430 nec
3417 5370 3643 5439 amplius

2076 5472 2394 5542 alienigenis
2426 5473 2633 5543 pervia,
2678 5472 2819 5542 quod
2868 5488 2986 5527 eam
3024 5470 3223 5526 incolat
3270 5468 3641 5521 universorum

2078 5566 2357 5633 Dominus,
2399 5565 2519 5620 data
2561 5564 2715 5621 venia
2751 5564 2948 5633 populo
2974 5562 3134 5624 .Iuda,
3173 5571 3344 5626 eoque
3385 5552 3643 5607 corrobo-

2111 5750 2189 5803 lIi.
2270 5749 2310 5778 ⁷⁷
2344 5748 2516 5804 Galat.
2547 5746 2701 5815 v,‘2&.
2780 5747 2824 5776 ⁷⁸
2857 5744 3034 5799 Eccle.
3074 5759 3126 5806 tt,
3162 5740 3213 5794 4.
