3948 6208
399 318 501 371 ωδ

1382 308 1439 361 5.
1481 306 1755 362 CYRILLI
1795 306 2256 362 ALEXANDRINI
2297 309 2613 365 ARClllEP.

3527 309 3633 366 464

403 443 543 498 rato,
574 439 628 486 et
655 428 936 500 superiore
958 425 1282 481 adversariis
1317 424 1529 493 ell'ecto,
1562 436 1690 483 tunc
1714 428 1965 483 nimirum

2092 430 2196 483 ςθαί
2231 450 2289 485 τε
2333 433 2425 486 τοῦ
2462 434 2591 487 ίδίου
2625 433 2776 499 λαοῦ,
2808 434 2900 487 καὶ
2943 434 3268 503 κατισχύσαι
3316 431 3414 503 μὲν
3449 434 3635 491 αὐτὸν.

403 535 617 583 montes
665 543 683 579 ι
722 522 1003 577 stillabunt
1056 517 1217 589 243
1259 518 1594 575 dulcedinem
1625 561 1641 586 ,
1701 531 1755 575 et
1804 520 1967 575 colles

402 620 569 675 ﬂuent
612 617 771 679 lacte,
816 622 872 667 et
913 611 1235 667 emissiones
1285 608 1421 665 Juda
1456 630 1477 664 ι
1518 612 1771 666 ﬂuentum
1807 627 1965 667 suum

408 712 630 766 dabunt.
671 705 1000 761 Emissiones
1030 703 1135 757 dici
1166 703 1359 770 opinor
1399 702 1625 758 fontium
1666 705 1966 758 emanatio-

408 819 528 868 nes,
584 809 675 854 aut
717 799 807 865 qui
838 795 1037 861 alioqui
1078 795 1259 849 vocari
1309 794 1517 862 possint
1562 809 1823 863 aquarum
1867 794 1969 848 du-

410 904 549 948 ctus.
584 890 841 945 Montium
885 886 1100 954 quidem
1142 885 1360 943 nomine
1406 885 1652 955 accipere
1696 885 1842 951 licet,
1880 884 1971 953 qui

408 985 627 1039 virtutis
648 982 858 1036 culmen
889 977 1347 1045 conscenderunt,
1374 986 1429 1031 et
1453 975 1705 1031 laudibus
1732 975 1855 1029 vitae
1882 989 1971 1029 se-

409 1076 645 1129 cumlum
675 1072 929 1125 virtutem
964 1076 1097 1123 acta:
1129 1066 1252 1121 aliis
1277 1052 1973 1135 antestantes,conspicuos

408 1175 461 1223 et
493 1164 733 1219 illustres
767 1182 780 1218 :
811 1162 1000 1232 quales
1023 1169 1181 1215 erant
1218 1158 1465 1225 discipuli
1501 1157 1726 1225 Christi,
1774 1168 1828 1213 et
1864 1174 1973 1227 pra:

410 1256 621 1310 cmteris
648 1254 909 1321 Baptista,
942 1253 1009 1307 de
1038 1266 1146 1320 quo
1173 1258 1257 1304 est
1289 1248 1416 1303 illud
1437 1247 1735 1302 Salvatoris
1760 1266 1774 1301 :
1810 1268 1827 1300 ‹
1859 1248 1974 1302 Non

412 1346 651 1401 surrexit
694 1343 863 1411 major
894 1343 1096 1397 Joanne
1128 1342 1195 1394 τε.
1244 1360 1263 1392 ι
1298 1339 1638 1395 Excellentes
1669 1340 1835 1407 igitur
1862 1341 1974 1407 isti,

411 1447 466 1491 et
509 1437 764 1492 omnibus
800 1434 1088 1495 notissimi,
1121 1432 1327 1488 stillant
1360 1431 1717 1498 dulcedinem,
1761 1441 1814 1488 et
1852 1443 1976 1486 tan-

412 1543 572 1597 quam
606 1526 764 1581 melle
788 1526 921 1579 illita
952 1524 1019 1579 de
1042 1523 1260 1579 Christo
1295 1523 1457 1577 verba
1489 1522 1709 1589 facient,
1736 1532 1794 1577 ut
1829 1524 1977 1593 quis-

413 1618 536 1687 quis
594 1617 829 1672 audierit.
877 1615 1075 1670 eximia
1137 1612 1384 1683 perfusus
1424 1613 1611 1668 laetitia
1664 1613 1976 1669 exclamet:

418 1730 437 1765 ι
456 1710 626 1777 Quam
650 1709 823 1765 dulcia
849 1707 1092 1761 faucibus
1118 1705 1253 1760 meis
1278 1705 1488 1774 eloquia
1509 1707 1687 1761 tua“!
1717 1726 1736 1759 ι
1766 1706 1831 1762 Ει
1860 1723 1979 1780 qute

2068 521 2345 591 ἀποφῆναι
2369 523 2425 575 δέ
2450 524 2544 576 καὶ
2574 524 2684 577 τῶν
2714 524 3117 594 ἀνθεστηκότων
3150 525 3377 593 ἀμείνω,
3411 523 3533 575 τότε
3570 527 3637 593 δη

2067 611 2136 664 τὰ
2169 612 2268 681 μὲν
2294 613 2394 683 ὅρη
2431 631 2449 663 ι
2480 613 2836 678 Σταλάξονται
2873 614 3213 684 γλυκασμὸν,
3253 614 3540 682 ῥυήσονται
3579 613 3639 666 δὲ

2070 704 2164 755 καὶ
2188 705 2236 755 οἱ
2277 702 2456 772 βουνοὶ
2483 705 2543 757 τὸ
2571 704 2733 772 γάλα,
2754 705 2848 757 καὶ
2872 706 2929 757 αἰ
2957 703 3049 757 τοῦ
3088 703 3255 756 ’ἰούδα
3282 704 3504 771 ἀφέσεις
3530 722 3547 753 ι
3578 702 3641 757 τὸ

2071 794 2267 846 οἰκεῖον
2296 793 2591 847 ἐκδώσουσι
2623 796 2789 865 νάμα.
2836 793 3083 863 Ἀφέσεις
3114 793 3170 845 δὲ
3207 789 3357 862 οἶμαι
3386 792 3643 860 λέγεσθαι

2071 884 2170 948 τὰς
2215 885 2323 937 τῶν
2363 886 2556 956 πηγῶν
2594 886 2883 958 ἐκδρομὰς,
2936 886 2969 956 ἦ
3017 885 3138 938 καθ’
3190 886 3373 955 ἕτερον
3413 885 3641 955 τρόπον,

2072 975 2232 1044 οἵπερ
2257 974 2322 1027 ἂν
2349 972 2486 1028 εἶναι
2515 975 2758 1043 λέγοιντο
2786 976 2894 1028 τῶν
2925 974 3131 1029 ὑδάτων
3159 975 3354 1044 ὀχετοί.
3394 975 3501 1026 Καὶ
3537 975 3641 1044 ὅρη

2078 1064 2177 1135 μὲν
2204 1064 2446 1135 νοηθεῖεν
2479 1066 2545 1118 ἂν
2573 1066 2622 1117 οἱ
2664 1065 2800 1134 πρὸς
2828 1064 2961 1134 ὕψος
3001 1065 3202 1136 ἀρετῆς
3246 1063 3508 1133 ἠρμένοι,
3546 1066 3645 1115 καὶ

2075 1160 2188 1218 τοῖς
2227 1156 2506 1228 αὐχήμασι
2549 1158 2649 1226 τῆς
2696 1157 2755 1222 ἐξ
2802 1157 3005 1226 ἀρετῆς
3042 1156 3186 1224 ζωῆς
3222 1156 3280 1207 τὸ
3314 1155 3421 1209 τῶν
3465 1154 3646 1208 ἄλλων

2077 1246 2479 1318 ὑπερφέροντες
2506 1247 2723 1317 μέτρον,
2753 1247 2803 1299 οἱ
2837 1247 3140 1316 περίοπτοι,
3175 1246 3269 1301 καὶ
3304 1246 3645 1315 περιφανεῖς,

2078 1337 2251 1389 ὁποῖοι
2277 1331 2419 1406 ἦσαν
2451 1337 2500 1389 οἱ
2536 1336 2798 1406 μαθηταὶ,
2829 1336 2923 1388 καὶ
2948 1335 3117 1404 πρόγε
3142 1333 3249 1387 τῶν
3281 1333 3454 1387 ἄλλων
3480 1335 3507 1385 ὁ
3539 1333 3649 1384 Ba.-

2079 1428 2311 1497 πτιστὴς
2333 1466 2346 1489 ,
2385 1428 2514 1497 περὶ
2546 1422 2607 1482 οὖ
2643 1430 2671 1481 ὁ
2703 1428 2892 1498 Σωτήρ
2928 1442 3111 1497 φησιν,
3169 1444 3187 1477 ι
3222 1427 3335 1478 Οὐκ
3374 1425 3649 1495 ἐγείρεται

2085 1516 2285 1586 μείζων
2323 1515 2591 1570 Ἰωάννου.
2633 1534 2650 1565 ι
2696 1509 2853 1568 (linat
2899 1513 2963 1583 δὴ
3007 1509 3098 1567 οὖν
3140 1514 3190 1565 οἱ
3242 1511 3499 1583 μεγάλοι,
3551 1512 3651 1562 καὶ

2080 1607 2493 1679 γνωριμώτατοι
2537 1606 2859 1672 σταλάζουσι
2890 1603 3237 1674 γλυκασμὸν,
3279 1603 3372 1655 καὶ
3407 1597 3519 1654 οἷον
3555 1600 3652 1670 μέ-

2081 1698 2188 1752 λιτι
2215 1698 2601 1769 καταχρίοντες
2624 1698 2715 1751 τὸν
2743 1699 2870 1767 περὶ
2917 1697 3008 1750 τοῦ
3045 1697 3297 1768 Σωτῆρος
3335 1694 3653 1763 ποιήσονται

416 1811 740 1870 Sequuntur.
767 1799 1049 1869 Nunquam
1076 1797 1217 1852 enim
1241 1810 1346 1850 non
1370 1796 1541 1852 dulcis
1565 1808 1641 1857 est
1671 1812 1979 1855 sanctorum

2092 1789 2258 1856 λόγον.
2286 1788 2360 1851 ὡς
2388 1788 2495 1845 τῶν
2530 1789 2941 1859 μετεσχηκότων
2974 1788 3203 1841 ἕκαστον
3232 1788 3296 1838 ἐκ
3324 1784 3653 1855 περιχαρίας

414 1907 592 1947 sermo
613 1892 678 1946 iis
707 1891 796 1961 qui
831 1888 1183 1960 Deolplacere
1210 1890 1451 1958 cupiunt.
1501 1889 1659 1946 Tales
1691 1891 1890 1960 itaque,
1931 1901 1983 1945 et

416 1983 688 2051 aptissime
716 1982 954 2051 quidem,
985 1996 1077 2048 per
1102 1988 1311 2037 montes
1349 1982 1740 2050 tmelliguntur.
1806 1982 1983 2037 Colles

414 2088 531 2126 esse
549 2082 905 2131 autumamus.
924 2070 1133 2128 illorum
1151 2074 1470 2142 praestantiae
1483 2073 1698 2141 paulum
1713 2072 1981 2139 cedentes,

411 2177 470 2224 et
499 2176 621 2222 vttte
669 2166 971 2220 rationibus
1016 2164 1299 2219 inferiores
1331 2181 1345 2218 :
1379 2164 1471 2233 qui
1507 2172 1682 2218 tamen
1716 2172 1772 2217 et
1801 2164 1900 2231 ipsi
1927 2179 1985 2218 se

416 2259 746 2322 extulerunt,
778 2266 833 2311 et
872 2270 1029 2323 supra
1064 2255 1197 2309 alios
1231 2255 1457 2310 multum
1492 2256 1755 2309 eminent.
1790 2255 1851 2308 lli
1891 2270 1981 2309 re-

416 2362 546 2403 cens
590 2348 694 2402 fitle
724 2346 1059 2401 initiatorum
1100 2347 1296 2401 animis
1336 2365 1355 2398 ι
1394 2348 1736 2409 rationabile,
1768 2357 1824 2403 et
1868 2347 1985 2402 sine

417 2440 538 2495 dolo
588 2441 669 2491 lac
707 2438 750 2470 ⁸¹
798 2456 817 2489 ι
853 2437 1167 2500 infundunt,
1215 2438 1640 2507 alimentumque
1687 2439 1986 2495 infantibus

416 2531 745 2588 conveniens
789 2531 1070 2599 praebent;
1113 2530 1473 2599 perfecturum
1524 2531 1667 2586 enim
1707 2542 1791 2586 est
1834 2532 1986 2587 cibus

416 2625 644 2690 solidus,
671 2625 755 2678 Iac
775 2633 956 2678 autem
984 2624 1281 2679 infantibus
1314 2624 1853 2693 opportunissimum.
1880 2624 1989 2678 Nec

418 2732 549 2773 vero
584 2717 836 2786 quoniam
876 2716 1174 2771 infantibus
1210 2717 1293 2771 lac
1327 2716 1610 2772 infundere
1638 2726 1853 2784 norunt,
1888 2718 1987 2772 hoc

418 2810 537 2867 solo
565 2824 756 2864 eorum
800 2809 1053 2865 virtutem
1094 2809 1618 2863 circumscribimus.
1661 2808 1796 2864 Cum
1843 2810 1986 2864 enim

418 2900 530 2957 sint
562 2898 762 2959 idonei,
796 2910 960 2968 atque
1008 2901 1141 2955 adeo
1174 2899 1413 2966 quidem.
1446 2911 1527 2960 ut,
1572 2901 1619 2955 si
1653 2902 1841 2965 velint,
1889 2902 1990 2955 im-

2084 1880 2438 1951 ἀνακραγεῖν,
2473 1899 2492 1931 ‹
2513 1880 2600 1942 Ὧς
2633 1879 2837 1948 γλυκέα
2868 1878 2945 1948 τῷ
2979 1877 3211 1949 λάρυγγί
3257 1893 3356 1947 μου
3386 1876 3453 1927 τά
3493 1873 3653 1941 λόγιέι

2084 1989 2212 2041 σου;
2256 1990 2275 2025 ι
2309 1972 2403 2026 καὶ
2444 1971 2515 2025 τάκ
2561 1971 2705 2041 ἑξῆς.
2738 1971 2946 2034 Γλυκύς
2992 1970 3100 2041 γὰρ
3138 1969 3228 2023 ἀεὶ
3265 1969 3370 2020 τῶν
3411 1965 3583 2033 ἁγίων
3623 1966 3652 2016 ὁ

2083 2059 2260 2128 λόγος,
2295 2063 2447 2130 παρά
2470 2078 2532 2130 γε
2559 2064 2669 2124 τοῖς
2698 2060 2952 2128 ἀγαπῶσι
2976 2060 3038 2112 τὸ
3072 2059 3383 2128 εὐαρεστεῖν
3407 2056 3483 2125 τῷ
3511 2055 3653 2124 Θεῷ.

2089 2156 2229 2227 Ὄρη
2267 2154 2365 2227 μὲν
2394 2149 2485 2206 οὖν
2518 2154 2567 2208 οἱ
2597 2152 2826 2205 τοιοῦτοι
2860 2152 3102 2220 νοηθεῖεν
3130 2149 3216 2211 ἂν,
3258 2148 3353 2202 καὶ
3401 2148 3545 2217 μάλα
3577 2148 3657 2199 εἱ·-

2086 2246 2278 2307 κότως.
2330 2243 2561 2305 Βουνοῦς
2610 2242 2665 2294 δὲ
2707 2236 2842 2293 εἶναί
2886 2256 3065 2309 φαμεν
3116 2240 3242 2300 τούς
3288 2238 3387 2305 τῆς
3430 2236 3657 2290 ἐκείνων

2088 2337 2361 2405 ὑπεροχῆς
2401 2334 2575 2403 βραχύ
2633 2333 2727 2403 μὲν
2778 2332 3167 2402 ἡττωμένους,
3220 2330 3312 2383 καὶ
3362 2329 3493 2381 πολύ
3548 2329 3659 2381 τῶν

2087 2428 2260 2481 ἄλλων
2282 2426 2724 2495 ὑπερτέλλοντας.
2751 2419 2909 2477 Οὗτοι
2932 2427 3052 2486 ταῖς
3069 2422 3183 2496 τῶν
3206 2423 3328 2490 ἄρτι
3364 2438 3661 2473 πεπιστευ-

2088 2519 2259 2571 κότων
2282 2517 2479 2587 ψυχαῖς
2512 2535 2531 2568 ι
2565 2515 2625 2568 τὸ
2656 2515 2905 2581 λογικὸν,
2933 2516 3028 2568 καὶ
3074 2514 3259 2568 ἄδολον
3292 2514 3661 2584 παρεγχέουσι

2088 2612 2248 2679 γάλα,
2281 2628 2300 2661 ι
2341 2612 2691 2680 νηπιοπρεπῆ
2738 2608 3103 2679 χορηγοῦντες
3143 2609 3373 2678 τροφὴν,
3436 2607 3661 2663 τελείων

2089 2704 2197 2773 γάρ
2232 2706 2379 2756 ἐστιν
2412 2705 2444 2773 ἡ
2478 2701 2693 2772 στερεὰ,
2727 2702 2868 2770 γάλα
2905 2701 3227 2774 δὴδνηπίοις
3274 2700 3335 2753 τὸ
3384 2698 3663 2770 πρεπωδές

2091 2812 2303 2849 στατον.
2331 2795 2439 2849 Καὶ
2470 2796 2530 2847 οὐ
2561 2795 2732 2871 δήπου
2768 2794 2950 2864 φαμὲν
2972 2794 3046 2856 ὡς
3090 2793 3145 2845 ἔν
3195 2809 3259 2861 γε
3298 2791 3375 2861 τῷ
3399 2790 3661 2844 δύνασθαι

2093 2889 2252 2958 μόνον
2294 2888 2474 2961 ἐγχεῖν
2524 2889 2637 2950 τοῖς
2682 2885 2898 2955 νηπίοις
2944 2885 3006 2938 τὸ
3052 2885 3227 2954 γάλα,
3290 2883 3388 2953 τῆς
3436 2883 3662 2934 ἐκείνων

422 2991 609 3060 pertiri
647 2992 857 3058 possint
911 2990 1098 3046 habitu
1142 2991 1635 3046 confirmatioribus
1673 2992 1821 3045 cibos
1861 2991 1988 3047 soli-

2092 2980 2369 3049 δυνάμεως
2393 2978 2454 3031 τὸ
2485 2977 2681 3048 μέτρον
2726 2977 2872 3031 ἐστίν
2900 2995 2915 3011 ο
2950 2978 3165 3047 ἔχοντες
3208 2975 3338 3047 γὰρ,
3390 2976 3484 3029 καὶ
3515 2975 3662 3045 μάλα

422 3080 635 3153 diores,
663 3095 758 3150 per
789 3082 1055 3135 dicentem
1100 3091 1286 3151 aperte
1317 3099 1330 3134 :
1369 3101 1389 3133 ε
1423 3080 1731 3153 Cognosces
1780 3081 1988 3136 animos

2092 3067 2427 3139 ἐπιτηδείως.
2459 3069 2539 3130 είς
2566 3068 2647 3135 τὸ,
2674 3069 2831 3139 εἴπερ
2858 3068 3079 3131 ἕλοιντο,
3102 3067 3376 3137 διανέμειν
3399 3065 3662 3120 δύνασθαι

423 3171 602 3241 gregis
650 3171 728 3226 tui
755 3171 824 3226 ⁸⁸.
860 3190 882 3224 ι
912 3170 1099 3242 itaque
1131 3173 1294 3226 divini
1328 3172 1598 3242 discipuli,
1641 3175 1988 3245 quantumvis

2092 3163 2205 3224 τοῖς
2224 3161 2324 3230 τὴν
2352 3158 2463 3224 ἕξιν
2491 3156 2876 3228 στερεωτέροις
2905 3159 2971 3210 τὰ
2996 3157 3102 3210 τῶν
3133 3158 3348 3228 τροφῶν
3368 3156 3659 3226 ἀδρότερα,

423 3263 704 3323 εειοεηῑῖε,
738 3264 1028 3328 mandatis,
1074 3278 1105 3318 a
1145 3263 1366 3320 Christo
1394 3267 1557 3330 datis,
1587 3267 1743 3321 nobis
1782 3267 1873 3335 qui
1923 3281 1988 3321 ex

2092 3252 2180 3305 διά
2214 3268 2275 3303 τε
2320 3249 2602 3319 λέγοντος,
2639 3266 2657 3299 ι
2692 3248 2731 3300 Γ
2734 3248 2955 3311 νωστῶς
3008 3247 3289 3321 ἐπιγνώσῃ
3321 3247 3496 3316 ψυχὰς
3539 3264 3666 3299 ποι-

425 3355 678 3424 gentibus
709 3354 1040 3410 credidimus
1058 3370 1159 3424 pro
1186 3371 1281 3411 sua
1306 3358 1630 3413 auctoritate
1652 3358 1989 3426 praecipiunt,

425 3447 725 3500 cavendum
755 3462 783 3500 a
812 3447 1192 3512 fornicatione,
1223 3457 1277 3501 et
1313 3446 1598 3514 suﬂ‘ocato,
1623 3458 1679 3503 et
1708 3448 1990 3518 sanguine.

431 3561 450 3592 ι
484 3542 670 3595 Visum
704 3554 791 3596 est
816 3545 980 3608 enim,
1016 3541 1284 3611 inquiunt,
1311 3541 1536 3611 Spiritui
1569 3552 1757 3597 sancto
1801 3551 1856 3597 et
1894 3559 1992 3607 no—

429 3632 530 3693 bis,
566 3632 698 3685 nihil
736 3635 969 3699 amplius
1006 3632 1282 3701 imponere
1316 3634 1487 3688 vobis
1508 3634 1691 3689 oneris
1721 3634 1789 3689 ⁸³.
1830 3652 1851 3685 ι
1884 3634 1993 3687 Au-

428 3722 513 3777 dis
562 3736 724 3791 quam
773 3724 845 3777 sit
890 3722 1186 3778 infantibus
1223 3739 1526 3793 congruens
1563 3735 1907 3793 praeceptum,
1943 3732 1998 3778 et

427 3814 582 3884 quasi
616 3814 1008 3877 infirmioribus,
1053 3815 1191 3871 lacte
1226 3817 1389 3870 robur
1423 3815 1816 3883 suppeditans?
1842 3818 1994 3883 Aqua

427 3904 592 3964 etiam
635 3906 982 3961 intellectuali
1030 3906 1406 3963 circumﬂuere
1449 3906 1715 3975 plautatos
1754 3908 1806 3960 in
1838 3908 1997 3963 domo

433 3997 671 4061 Domini,
702 3997 846 4051 utin
892 3998 1045 4052 atriis
1073 3999 1165 4054 Dei
1208 3999 1550 4055 efllorescant
1581 3999 1647 4062 ⁸ο,
1696 3998 1892 4052 divinis
1926 4000 2000 4052 ir-

429 4087 589 4158 rigati
620 4084 875 4159 lymphis,
925 4095 979 4141 et
1007 4089 1258 4159 supernis
1282 4089 1702 4159 cmicstibusque
1734 4090 2000 4142 sermoni-

433 4178 531 4233 bus
591 4178 937 4247 pinguefacti,
999 4181 1339 4236 subostendit
1400 4197 1495 4251 per
1546 4183 1695 4249 illud,
1744 4202 1763 4234 ι
1814 4196 2000 4237 omnes

432 4269 750 4323 emissiones
788 4269 921 4325 Juda
954 4269 1121 4325 fluent
1155 4274 1332 4342 aquis.
1373 4292 1392 4327 ι
1425 4273 1835 4328 Confitebantur
1854 4274 1997 4327 enim

433 4374 465 4413 a
500 4361 608 4416 Deo
658 4376 716 4416 se
769 4363 949 4417 vocari
981 4365 1140 4417 etiam
1185 4365 1327 4420 beati
1370 4367 1619 4436 apostoli.
1668 4366 1772 4421 Sed
1808 4365 1996 4434 prima:

433 4453 648 4519 quidem
680 4453 1100 4523 intelligibilium
1131 4470 1393 4523 aquarum
1413 4456 1998 4525 emissiones.omnino
2034 4469 2074 4523 ι)

435 4544 638 4598 sanctis
677 4558 704 4595 a
750 4544 858 4597 Deo
904 4559 1000 4611 per
1039 4545 1203 4617 244
1232 4546 1495 4615 Spiritum
1536 4562 1758 4603 munera
1791 4549 2000 4614 donata

438 4634 658 4689 fuerint.
690 4634 954 4688 Secundae
983 4645 1162 4690 autem
1195 4636 1338 4690 velut
1364 4638 1687 4694 emissiones
1719 4654 2000 4708 aquarum,

441 4722 506 4775 ab
534 4723 663 4792 ipsis
694 4722 758 4776 ad
802 4737 900 4776 nos
938 4722 1212 4790 profectus
1240 4736 1439 4789 sermo,
1480 4725 1848 4794 spiritualibus
1875 4729 2002 4784 cha-

443 4813 755 4868 rismatibus
784 4829 882 4869 nos
917 4814 1145 4883 replens.
1168 4814 1391 4871 Fontem
1411 4825 1588 4869 autem
1627 4817 1690 4871 de
1712 4818 1871 4873 domo
1903 4820 2005 4873 Do-

442 4902 570 4954 mini
618 4904 1003 4972 egredientem,
1056 4917 1215 4973 quem
1274 4918 1433 4972 porro
1481 4911 1678 4972 prteter
1728 4904 2002 4959 Christum

441 4990 904 5048 existimabimus?
930 4994 1020 5049 Sic
1052 4995 1196 5049 enim
1234 4992 1438 5049 Psaltes
1462 5008 1585 5049 eum
1611 4994 1861 5063 appellat,
1900 4995 2003 5047 Pa-

444 5091 648 5136 tremet
678 5084 841 5136 Deum
873 5087 923 5138 in
952 5085 1104 5141 caelis
1158 5086 1437 5155 alloquens
1462 5104 1476 5139 :
1512 5103 1530 5135 ι
1554 5085 1815 5139 Torrente
1858 5084 2006 5138 volu-

444 5172 604 5247 ptatis
654 5182 757 5228 tum
802 5176 1013 5243 potabis
1061 5192 1189 5243 eos;
1231 5178 1361 5246 quia
1394 5177 1531 5247 apud
1561 5187 1612 5231 te
1658 5187 1739 5232 est
1773 5176 1893 5231 fons
1922 5176 2004 5229 vi-

448 5276 511 5317 ne
539 5263 605 5317 ⁸⁵.
647 5283 666 5315 ›
702 5263 885 5332 Itaque
940 5275 1153 5322 torrens
1184 5278 1237 5320 et
1271 5269 1389 5323 fons
1421 5270 1546 5323 vitae
1575 5268 1841 5323 Christus.
1874 5267 2006 5321 Tor-

449 5354 613 5409 rentis
643 5362 820 5408 autem
849 5355 1136 5425 juncorum
1163 5360 1411 5412 meminit
1437 5359 1719 5427 propheta,
1756 5359 2008 5414 torrentis

445 5445 669 5515 alicujus
706 5445 952 5512 scilicet,
996 5449 1084 5501 cui
1137 5447 1461 5504 adnascatur
1506 5450 1656 5518 copia
1700 5450 2005 5519 juncorum.

446 5667 450 5670 ’
486 5650 561 5721 7'7”
591 5648 778 5704 Matth.
812 5650 994 5717 xr,ll.
1058 5650 1103 5683 ⁸ο
1132 5650 1272 5708 Psal.
1301 5666 1487 5717 cxvttt,
1522 5650 1643 5706 103.
1721 5652 1763 5683 δι
1788 5652 1804 5705 l
1828 5652 1973 5707 Petr.
1996 5669 2057 5721 ιι,
2081 5656 2131 5711 ‘3.

478 5720 560 5789 Μ.
637 5721 682 5766 '9
716 5721 855 5789 Psal.
890 5736 1050 5789 xxxv,
1075 5722 1130 5787 9.

2096 3339 2249 3408 μνίου
2282 3354 2397 3393 σου.
2441 3358 2461 3390 ι
2499 3338 2610 3391 Καὶ
2653 3337 2783 3406 γοῦν
2813 3338 2862 3389 οἱ
2894 3337 3170 3390 θεσπέσιοι
3205 3337 3449 3406 μαθηταὶ
3487 3336 3668 3387 καίτοι

2097 3431 2297 3505 μυρίας
2334 3431 2464 3493 ὅσας
2519 3428 2738 3491 ἐντολάς
2781 3428 3071 3492 δεδωκότος
3130 3428 3261 3499 ἡμῖν
3315 3426 3552 3497 Χριστοῦ
3606 3427 3668 3495 ἐξ

2094 3522 2262 3575 ἐθνῶν
2289 3520 2660 3585 πιστεύσασιν,
2690 3520 3047 3590 οἰκονομικῶς
3074 3518 3465 3581 ἐπιστέλλουσι,
3503 3518 3671 3587 φυλά-

2096 3613 2288 3679 ξασθαι
2312 3614 2419 3667 δεῖν
2443 3611 2551 3667 ἀπό
2578 3629 2638 3665 τε
2670 3612 2952 3682 πορνείας,
2985 3611 3080 3664 καὶ
3108 3610 3466 3676 πνικτοῦ,καὶ
3495 3610 3667 3680 αἵμα-

2094 3722 2206 3767 τος.
2241 3722 2261 3755 ι
2290 3704 2476 3771 Ἔδοξε
2524 3703 2651 3774 γὰρ,
2698 3703 2893 3773 φησὶν,
2920 3701 2997 3773 τῷ
3020 3703 3160 3773 ἁγίῳ
3217 3702 3524 3773 Πνεύματι,
3572 3702 3671 3755 καὶ

2096 3798 2249 3867 ἡμῖν,
2275 3796 2439 3865 μηδὲν
2470 3794 2632 3847 πλέον
2660 3793 2997 3847 ἐπιτίθεσθαι
3017 3795 3146 3864 ὐμῖν
3176 3794 3361 3864 βάρος.
3386 3812 3403 3844 ι
3426 3793 3674 3857 Ἀκούεις

2100 3888 2249 3949 ὅπως
2272 3884 2644 3955 νηπιοπρεπές
2677 3887 2796 3937 ἐστι
2825 3885 2888 3937 τὸ
2923 3884 3312 3956 παράγγελμα,
3342 3885 3434 3939 καὶ
3472 3879 3581 3937 οἷον
3610 3886 3673 3938 ἐν

2104 3979 2204 4047 ἴσῳ
2246 3978 2480 4045 γάλακτι
2514 3980 2625 4041 τοῖς
2665 3976 3073 4046 ἀσθενεστέροις
3103 3977 3202 4047 τὴν
3245 3977 3357 4042 ’ἐξιν
3403 3972 3673 4045 χορηγοῦ-

2104 4087 2262 4138 μενον
2281 4085 2296 4134 ;
2318 4070 2440 4121 ’Ότι
2466 4067 2523 4121 δὲ
2552 4068 2647 4133 καὶ
2675 4068 2817 4139 ὕδωρ
2845 4067 2906 4120 τὸ
2930 4068 3117 4140 νοητὸν
3146 4062 3455 4139 ἀμφιλαφές
3480 4084 3540 4119 τε
3558 4068 3673 4129 τοῖς

2100 4166 2159 4217 ἐν
2201 4165 2333 4233 οἴκῳ
2366 4164 2572 4231 Κυρίου
2619 4164 3053 4233 πεφυτευμένοις
3075 4202 3091 4225 ,
3126 4165 3189 4215 ἵν’
3224 4167 3281 4215 ἐν
3314 4165 3435 4226 ταῖς
3482 4161 3674 4224 αὐλαῖς

2100 4255 2190 4308 τοῦ
2211 4252 2344 4306 Θεοῦ
2371 4254 2716 4323 ἐξανθήσειεν
2744 4254 2908 4317 θείοις
2935 4271 3035 4305 που
3068 4254 3419 4324 ἁρδευόμενοι
3444 4253 3672 4321 νάμασι,

2101 4348 2197 4400 καὶΙ
2222 4347 2279 4399 ἐν
2307 4347 2417 4408 τοῖς
2453 4345 2681 4411 ἄνωθεν,
2725 4347 2819 4401 καὶ
2854 4345 2914 4410 ἐξ
2936 4345 3166 4414 οὐρανοῦ
3194 4345 3677 4414 καταπιαινόμενοι

2102 4440 2283 4507 λόγοις
2306 4480 2319 4505 ,
2357 4440 2692 4509 ὑπεμφαίνει
2736 4438 2944 4506 λέγων,
2978 4439 3057 4492 ὅτι
3091 4459 3109 4489 ι
3146 4440 3325 4491 Πᾶσαι
3368 4438 3424 4490 αἱ
3454 4438 3679 4506 ἀφέσεις

2121 4531 2292 4585 Ἰουδα
2342 4531 2634 4600 ῥυήσονται
2663 4528 2846 4581 ὕδατα.
2881 4545 2900 4582 ι
2942 4526 3262 4597 Ὠμολὸγουν
3291 4525 3398 4597 γάρ
3426 4542 3681 4593 παρακα-

2109 4623 2315 4675 λεῖσθαι
2346 4620 2499 4689 ποιρά
2521 4619 2655 4671 Θεοῦ
2684 4620 2778 4672 καὶ
2808 4621 2855 4672 οἱ
2885 4620 3143 4689 μακάριοι
3180 4616 3435 4688 μαθηταί.
3455 4616 3593 4668 Ἀλλ’
3622 4616 3684 4668 αἱ

2110 4714 2322 4785 πρῶται
2375 4714 2473 4781 μὲν
2514 4710 2625 4771 τῶν
2662 4710 2866 4780 νοητῶν
2913 4710 3118 4764 ὐδάτων
3158 4708 3381 4778 ἀφέσεις
3406 4750 3420 4773 ,
3455 4708 3686 4776 ἀφέσεις

2110 4802 2268 4860 αὗται
2300 4798 2515 4868 πάντως
2553 4803 2620 4857 ἂν
2647 4797 2755 4854 εἶεν
2788 4803 2844 4854 αἱ
2886 4804 2996 4864 τοῖς
3038 4802 3213 4869 ἁγίοις
3243 4801 3393 4870 παρά
3420 4799 3558 4852 Θεοῦ
3594 4799 3688 4852 διά

2110 4899 2203 4953 τοῦ
2252 4896 2567 4967 ΙΙνεύματος
2606 4894 2715 4950 τῶν
2743 4894 2965 4963 ἀγαθῶν
3007 4894 3282 4964 χορηγίαι.
3330 4892 3590 4962 Δεύτεραι
3627 4891 3688 4943 δὲ

2112 4988 2302 5055 ὥσπερ
2331 4986 2557 5057 ἀφέσεις
2589 4986 2797 5044 ὑδάτων
2838 4986 2889 5037 oi.
2930 4983 3059 5053 παρ’
3088 4982 3267 5038 αὐτῶν
3298 4984 3377 5046 είς
3409 4983 3556 5051 ἡμᾶς
3594 4982 3687 5033 εὐ-

2117 5080 2389 5151 ρίσκοιντο
2437 5078 2611 5146 λόγοι,
2664 5077 2996 5148 χαρίσμασιν
3046 5078 3193 5146 ἡμᾶς
3242 5073 3691 5144 ἀναπιμπλάντες

2114 5174 2524 5243 πνευματικοῖς.
2566 5173 2630 5224 Ἠ
2671 5171 2729 5224 δὲ
2757 5172 2817 5236 ἐξ
2857 5170 3005 5235 οἴκου
3037 5169 3242 5239 Κυρίου
3276 5166 3687 5238 ἐκπορευομένη

2120 5264 2271 5336 πηγὴ
2304 5265 2387 5327 τίς
2417 5262 2482 5317 ἂν
2508 5264 2593 5333 εἴη
2622 5262 2805 5326 πάλιν,
2841 5261 2978 5330 πλὴν
2999 5262 3081 5314 ὅτι
3114 5260 3383 5330 Χριστός;
3410 5258 3553 5313 οὐτω
3579 5258 3687 5329 γὰρ

2118 5358 2280 5410 αὐτὸν
2305 5357 2397 5409 καὶ
2415 5358 2443 5409 ὁ
2463 5355 2711 5422 Μελῳδὸς
2739 5351 2986 5422 ὠνόμαζε
3015 5352 3187 5420 λέγων
3217 5351 3354 5421 πρὸς
3385 5352 3477 5405 τὸν
3498 5352 3558 5405 ἐν
3577 5353 3687 5413 τοῖς

2120 5450 2368 5518 οὐρανοῖς
2418 5446 2640 5519 Πατέρα
2698 5444 2793 5499 καὶ
2830 5442 2980 5507 Θεὸν,
3017 5463 3033 5493 ι
3064 5443 3168 5496 Τὸν
3209 5443 3544 5514 χειμάρρουν
3591 5442 3689 5510 τῆς

2213 5657 2256 5689 ⁸³
2290 5655 2446 5719 Prov.
2480 5670 2647 5720 xxvn,
2673 5652 2764 5709 25.
2842 5647 2888 5681 ⁸³
2910 5649 3031 5712 Act.
3058 5664 3147 5717 xv,
3177 5648 3268 5717 28.
3346 5647 3554 5709 “Psal.
3579 5663 3688 5719 xci,
