3950 6200
1651 166 1711 179 μιν.

348 274 465 334 405

350 400 574 471 τρυφῆς
601 416 697 453 σου
721 400 925 464 ποτιεῖς
941 398 1159 464 αὐτοὺς,
1176 399 1257 455 ὅτι
1283 404 1432 476 παρά
1456 405 1539 458 σοὶ
1561 405 1710 477 πηγὴ
1736 407 1935 479 ζωῆς.»

354 490 574 545 Οὐκοῦν
608 490 759 563 πηγὴ
794 492 962 562 ζωῆς,
991 493 1085 547 καὶ
1110 496 1445 568 χειμάρρους
1481 500 1508 550 ό
1534 499 1786 568 Χριστός.
1812 502 1943 556 Χει-

357 583 576 653 super»)
603 584 661 637 δὲ
690 586 918 655 σχοίνων
963 585 1236 658 μέμνηται
1272 588 1371 658 μὲν
1412 590 1440 641 6
1469 592 1787 662 προφήτης,
1828 612 1942 664 χει-

358 674 575 744 μάρῤου
601 675 744 740 τινὸς
773 669 816 743 ᾦ
846 677 1280 747 παραπεφύκασι
1312 683 1510 750 σχοῖνοι
1560 683 1774 737 πολλαί.
1803 687 1941 739 Φασὶ

1250 278 1801 341 COMMENTARIUS
1844 284 1910 339 IN
1948 286 2218 346 JOELEM
2255 295 2702 358 PROPHETAM.

3516 305 3621 360 4(ιὸ

2048 414 2248 472 Volunt
2280 421 2528 475 eumdem
2583 438 2728 488 esse,
2754 424 2842 491 qui
2879 432 3092 477 torrens
3116 422 3444 486 Cedrorum,
3484 425 3620 490 apud

2049 520 2209 574 quem
2242 509 2615 579 indignissime
2650 521 2939 567 tractatum
2975 511 3258 565 Dominum
3290 510 3620 577 evangelista

2050 609 2258 663 narrat,
2292 602 2510 669 quando
2539 619 2663 657 eum
2692 619 2817 657 eum
2849 604 3076 658 cohorte
3118 602 3336 656 militari
3376 602 3623 671 proditor

2047 689 2341 760 discipulus
2371 696 2624 764 quaesivit
2652 696 2718 750 ⁸⁸.

354 764 415 816 δὲ
452 760 597 819 εἶναι
623 768 712 822 τὸν
749 768 917 823 αὐτὸν
947 769 1025 840 τῷ
1061 772 1346 843 χειμάρρῳ
1379 774 1486 826 τῶν
1514 775 1759 845 Κέδρων,
1792 780 1928 850 πρὸς
1963 780 2023 833 ὂν
2082 783 2338 854 ὑϐρίσθαι
2376 760 2541 857 (ρησὶν
2580 790 2607 843 ὁ
2635 786 3024 858 εὐαγγελιστὴς
3082 786 3173 840 τὸν
3228 785 3453 856 Κύριον,
3486 780 3622 854 ὁμοῦ

354 862 428 930 τῇ
453 861 656 932 σπείρᾳ
675 860 965 931 ζητοῦντος
988 863 1153 916 αὐτὸν
1180 864 1274 917 τοῦ
1304 866 1563 936 προδότου
1601 869 1865 940 μαθητοῦ.

434 952 591 1003 Ἔστι
634 952 691 1005 δὲ
730 954 831 1006 οὐκ
874 954 1118 1026 ἀκαλλὴς
1152 958 1180 1010 6
1218 956 1396 1025 λόγος,
1441 959 1489 1010 εί
1534 958 1613 1029 τῷ
1660 962 1945 1033 χειμάρῤῳ

353 1044 470 1095 τῶν
508 1043 738 1113 σχοίνων
782 1045 1193 1118 παρεικάζομεν
1225 1049 1324 1117 τὴν
1369 1050 1718 1121 Ἐκκλησίαν,
1760 1054 1839 1116 εἰς
1878 1055 1944 1123 ἢν

352 1137 682 1191 ὲκκέκλικεν
731 1138 808 1202 ὡς
844 1140 1089 1211 ποταμὸς
1126 1142 1352 1213 εἰρήνης
1382 1145 1409 1195 6
1436 1142 1639 1215 Κύριος
1666 1145 1696 1214 ἡ
1707 1144 1843 1215 μῶν,
1875 1145 1942 1215 ἢν

354 1228 531 1281 οἱονεί
560 1248 675 1293 πως
708 1231 796 1283 ἀεὶ
820 1234 1098 1304 παραρρεῖ
1120 1232 1219 1297 τὰς
1244 1234 1511 1298 ἀειθαλεῖς
1537 1235 1770 1299 ποτίζων
1793 1236 1942 1307 σχοί-

353 1334 507 1385 γους,
538 1319 806 1386 τουτέστι,
847 1323 949 1385 τὰς
980 1322 1090 1377 τῶν
1120 1325 1291 1393 ἁγίων
1316 1325 1514 1397 ψυχάς.
1548 1327 1807 1399 Φίλυδρος
1833 1328 1943 1398 γὰρ

353 1409 447 1461 ἀεί
484 1428 601 1473 πως
627 1411 763 1475 ἐστὶ,
789 1412 883 1464 καὶ
910 1413 1169 1487 ἀειθαλὴς
1217 1418 1249 1487 ἡ
1298 1420 1523 1487 σχοῖνος.
1558 1420 1620 1472 Et
1660 1419 1715 1472 δὲ
1748 1419 1811 1491 δὴ
1850 1422 1945 1474 καὶ

352 1501 539 1571 ὁρῷτο
570 1505 974 1576 κεντρουμένη,
1008 1508 1190 1572 καλῶς
1233 1509 1299 1563 ἂν
1348 1509 1461 1580 ἔχοι
1502 1512 1597 1565 καὶ
1637 1511 1828 1575 οὕτως.
1870 1514 1944 1567 Οὐ

2118 964 2226 1019 Nec
2263 965 2577 1020 indecorum
2607 965 2729 1026 erit,
2763 965 2809 1019 si
2851 965 3075 1019 torrenti
3102 963 3389 1033 juncorum
3440 960 3621 1015 Eccle-

2048 1058 2186 1112 siam
2212 1073 2615 1127 comparemus,
2647 1058 2699 1112 in
2734 1073 2893 1125 quam
2926 1058 3184 1112 Dominus
3216 1066 3401 1110 noster
3432 1063 3492 1107 ut
3524 1052 3623 1106 llu-

2045 1149 2166 1205 vius
2191 1151 2338 1217 pacis
2365 1165 2583 1205 cursum
2618 1148 2838 1203 deﬂexit
2862 1148 2904 1179 ⁸⁷
2938 1166 2952 1201 :
2989 1164 3151 1217 quam
3179 1147 3333 1216 quasi
3360 1154 3619 1214 perpetuo

2044 1240 2397 1307 circumﬂuit,
2430 1242 2623 1311 juncos
2656 1255 2869 1311 semper
2893 1240 3129 1294 virentes
3172 1239 3444 1308 irrigans;
3478 1252 3620 1292 sem-

2046 1348 2146 1405 per
2172 1334 2315 1389 enim
2345 1348 2539 1403 aquam
2580 1341 2748 1396 amat,
2789 1346 2887 1387 nec
2932 1332 3114 1385 vivere
3165 1330 3368 1384 desinit
3399 1327 3617 1395 juncus.

2052 1424 2121 1479 Et
2150 1424 2401 1493 quamvis
2438 1424 2489 1477 in
2516 1422 2794 1493 cuspidem
2822 1431 2997 1487 exeat,
3034 1420 3199 1476 etiam
3231 1419 3309 1473 sic
3348 1417 3488 1471 bene
3520 1417 3619 1469 ha-

2052 1513 2167 1570 bet.
2216 1514 2332 1570 Non
2373 1516 2515 1570 enim
2568 1530 2791 1585 prorsus
2828 1514 3054 1584 cuSpide
3098 1520 3260 1567 vacat
3307 1519 3618 1565 sanctorum

351 1595 470 1665 γὰρ
512 1596 775 1667 ἄκεντρος
818 1600 1099 1663 παντελῶς
1144 1601 1253 1654 τῶν
1294 1601 1465 1672 ἁγίων
1502 1604 1536 1673 ἠ
1589 1604 1758 1676 ἀρετή
1784 1620 1797 1634 °
1839 1603 1937 1657 eiul

2051 1606 2241 1662 virtus.
2287 1606 2426 1662 Sunt
2466 1607 2688 1675 quidem
2745 1604 3192 1670 mansuetissimi,
3238 1610 3621 1673 verumtamen

363 1685 469 1756 μὲν
514 1686 623 1756 γὰρ
666 1688 966 1757 πραότατοι
998 1690 1244 1761 ἐρασταὶ,
1282 1692 1420 1765 πλὴν
1454 1692 1590 1763 μετὰ
1621 1692 1810 1748 τούτου
1851 1695 1945 1749 καὶ

360 1781 629 1850 μαχηταί.

432 1872 732 1939 Αἴγυπτος
777 1874 864 1939 εις
900 1873 1247 1942 ἀφανισμόν
1287 1873 1495 1938 ἔσται,
1536 1876 1634 1930 καὶ
1680 1879 1718 1945 ἡ
1764 1878 1946 1933 Ἰδου-

346 1960 503 2026 μαιά
539 1964 627 2026 εἰς
664 1962 874 2016 πεδίον
911 1966 1000 2028 εἰς
1036 1964 1384 2034 ἀφανισμὸν
1413 1967 1482 2031 ἐξ
1524 1966 1768 2021 ἀδικιῶν
1796 1970 1947 2024 υἱῶν

364 2047 589 2114 Ἰούδα,
618 2050 748 2105 ἀνθ’
792 2045 880 2104 ὧν
924 2052 1175 2121 ἐξέχεαν
1209 2051 1353 2124 αἷμα
1392 2056 1626 2111 δίκαιον
1657 2060 1727 2111 ἐν
1762 2059 1836 2129 τῇ
1868 2060 1946 2130 τῇ

344 2139 578 2193 αὐτῶν.
626 2141 685 2193 Ἡ
706 2141 773 2195 δὲ
812 2141 1077 2199 Ἰουδαία
1106 2145 1193 2209 είς
1217 2144 1324 2198 τὸν
1369 2146 1555 2201 αἰῶνα
1590 2148 1945 2215 κατοικηθή-

348 2247 527 2287 σεται
550 2271 565 2296 ,
611 2233 707 2285 καὶ
743 2234 1142 2305 Ἰερουσαλὴμ
1182 2238 1269 2302 εἰς
1307 2238 1515 2306 γενεὰς
1554 2238 1797 2307 γενεῶν.
1834 2240 1945 2295 Καὶ

350 2323 668 2391 ὲκζητήσω
698 2326 765 2380 τὸ
813 2322 957 2396 αἷμα
1003 2327 1222 2391 αὐτῶν,
1274 2328 1374 2381 καί
1428 2332 1499 2384 οὐ
1540 2330 1628 2400 μὴ
1662 2330 1941 2395 ἁθωώσω,

346 2410 455 2464 καὶ
486 2413 702 2480 Κύριος
740 2415 1199 2482 κατασκηνώσει
1225 2417 1294 2471 ἐν
1320 2418 1493 2471 Σιών.

423 2499 562 2551 ME’.
589 2500 753 2555 Ὅσον
782 2502 880 2573 μὲν
907 2504 1032 2574 ἥκει
1066 2506 1147 2568 εἰς
1177 2505 1239 2558 τὸ
1271 2506 1335 2558 ἐκ
1364 2507 1464 2575 τῆς
1494 2508 1736 2579 ἱστορίας
1764 2525 1941 2581 παρα-

345 2587 705 2659 δηλούμενον,
735 2594 983 2650 ἐκτάτικε
1035 2596 1191 2660 δίκας
1227 2598 1261 2667 ἡ
1309 2598 1605 2666 Αἴγυπτος,
1649 2599 1942 2673 ἐστέρηται

349 2678 466 2751 γὰρ
518 2682 621 2751 τῆς
675 2682 952 2753 βασιλείας
980 2725 995 2750 ,
1028 2685 1328 2757 Καμϐύσου
1363 2687 1568 2757 ταύτην
1617 2688 1712 2742 τοῦ
1756 2690 1940 2762 Κύρου

349 2771 547 2835 παιδὸς
575 2774 996 2841 καταλύσαντος,
1040 2778 1138 2830 καὶ
1174 2777 1448 2848 Ἰδουμαία
1474 2778 1531 2831 δὲ
1567 2779 1665 2848 τὴν
1702 2780 1940 2851 ἐρημίαν

349 2862 672 2932 ὑπέμεινεν,
700 2863 778 2928 ὡς
811 2866 904 2919 καὶ
935 2867 1074 2921 αὐτὰ
1103 2871 1372 2940 μαρτυρεῖ
1400 2869 1469 2922 τὰ
1506 2871 1827 2941 πράγματα.

2046 1715 2169 1756 cum
2200 1701 2304 1756 hoc
2334 1701 2496 1756 etiam
2524 1714 2680 1756 acres
2710 1709 2765 1755 et
2793 1698 3106 1755 bellatores.

2116 1875 2278 1930 Vens.
2322 1874 2508 1929 19-21.
2529 1872 2791 1944 Egypttts
2821 1874 2875 1927 in
2904 1873 3247 1943 perditionem
3267 1872 3385 1933 erit,
3412 1880 3460 1922 et
3489 1870 3619 1921 ldu-

2044 1986 2177 2023 ma'a
2205 1970 2259 2023 in
2287 1986 2525 2038 campum
2547 1969 2892 2023 desolationis
2917 1965 3360 2032 exiniquitatibus
3384 1965 3623 2032 ﬁliorum

2043 2058 2210 2125 Juda,
2240 2078 2335 2131 pro
2378 2078 2438 2115 ea
2471 2062 2610 2130 quod
2640 2062 2939 2130 e/fuderunt
2979 2058 3284 2128 sanguinem
3311 2057 3517 2126 justum
3563 2056 3619 2108 in

2044 2164 2185 2206 terra
2215 2170 2334 2207 sua.
2366 2153 2431 2207 At
2459 2150 2653 2208 Iudaea
2696 2154 2747 2206 in
2786 2162 3038 2207 aeternum
3070 2150 3413 2214 habitabitur,
3443 2157 3491 2202 et
3528 2146 3619 2199 Je-

2045 2245 2271 2300 rusalem
2316 2248 2370 2299 in
2419 2245 2778 2316 generationes
2817 2244 3235 2315 generationum.
3287 2240 3351 2293 Et
3394 2239 3621 2292 ulciscar

2042 2337 2350 2404 sanguinem
2390 2350 2591 2402 eorum,
2616 2347 2664 2389 et
2696 2352 2798 2389 non
2826 2333 3109 2399 mandabo,
3142 2341 3190 2385 et
3226 2329 3487 2385 Dominus
3520 2328 3617 2379 Ita-

2044 2426 2224 2479 bitabit
2259 2427 2316 2481 in
2355 2425 2503 2481 Sion.

2124 2516 2284 2572 XLV.
2314 2518 2464 2584 Quod
2487 2520 2557 2574 ad
2582 2532 2803 2575 sensum
2836 2517 3154 2573 historicum
3186 2515 3399 2575 attinet,
3430 2512 3617 2581 punita

2048 2614 2135 2662 est
2172 2607 2463 2679 Egyptus,
2491 2610 2705 2677 quando
2736 2608 3033 2676 Cambyses
3056 2604 3178 2675 Cyri
3200 2604 3352 2657 ﬁlius
3393 2618 3615 2671 regnum

2042 2700 2274 2769 subegit.
2325 2700 2390 2753 Et
2442 2700 2669 2754 Idumam
2712 2698 2929 2753 redacta
2992 2703 3075 2751 est
3126 2695 3183 2749 in
3244 2692 3635 2755 solitudinem,

2043 2792 2187 2860 quod
2228 2805 2315 2847 res
2349 2792 2464 2861 ipsa
2504 2790 2762 2861 loquitur.
3470 2786 3485 2797 “

423 2953 577 3024 Πλὴν
617 2956 674 3007 ἐν
713 2956 927 3022 τούτοις
971 2958 1149 3013 ἔοικεν
1187 2960 1217 3013 6
1260 2961 1602 3032 προφητικὸς
1644 2963 1775 3034 ἡμῖν
1814 2964 1937 3017 ὑπο-

2115 2968 2383 3025 Cmterum
2414 2966 2669 3025 videntur
2699 2965 3012 3037 prophetica
3065 2964 3223 3019 verba
3255 2971 3472 3033 pactum
3526 2974 3618 3014 oc-

351 3047 576 3118 9αίνειν
603 3048 764 3118 λόγος
796 3052 1190 3124 κεκρυμμένην
1216 3051 1531 3122 ὁμολογίαν,
1564 3051 1632 3125 ἥν
1657 3055 1745 3107 ὅτε
1775 3054 1936 3123 γέγο-
1960 3124 1967 3125 ί

348 3159 445 3196 νεν
478 3142 766 3214 ἄνθρωπος
824 3145 1185 3216 πεπλήρωκεν
1224 3146 1253 3197 6
1299 3145 1633 3217 Μονογενής.
1668 3145 1784 3199 Ἀεὶ
1829 3146 1939 3215 γάρ

348 3250 475 3297 πως
501 3235 536 3304 ἡ
568 3234 689 3289 θεία
715 3234 905 3307 Γραφὴ
938 3236 1312 3306 μεμελέτηκεν
1343 3236 1628 3307 ἐξομοιοῦν
1651 3239 1765 3301 τοῖς
1791 3238 1933 3306 ἄγαν

348 3324 794 3398 εἰδωλολάτραις,
840 3328 934 3381 καὶ
972 3330 1051 3391 είς
1075 3325 1233 3381 τοῦτο
1264 3327 1383 3381 λίαν
1411 3329 1802 3382 ἀπονενευκὸσι
1838 3329 1940 3392 τὰς

349 3415 565 3484 ἀγέλας
594 3416 704 3472 τῶν
734 3418 1046 3489 δαιμονίων,
1090 3421 1184 3474 καὶ
1215 3419 1412 3483 αὐτοὺς
1447 3419 1504 3473 δὲ
1543 3420 1670 3485 τοὺς
1700 3421 1787 3475 ἀεὶ
1826 3424 1939 3484 τοῖς

348 3509 536 3577 ἁγίοις
600 3509 1025 3581 ἀνθεστηκότας.
1075 3511 1260 3565 Πάντα
1305 3511 1371 3581 δὴ
1428 3505 1521 3565 οὖν
1565 3510 1758 3583 ἐχθρὸν
1811 3512 1942 3565 ἁπο-

354 3601 578 3655 λεῖσθαι
608 3604 791 3673 φησιν,
823 3603 1139 3673 Αἰγυπτίοις
1181 3621 1242 3656 τε
1282 3603 1379 3657 καὶ
1442 3603 1763 3673 Ἰδουμαίοις
1797 3604 1939 3668 ἐξει-

353 3696 660 3765 κασμένον.
698 3696 970 3767 Ἀσφαλὴς
1000 3696 1111 3768 γὰρ
1162 3698 1196 3767 ἡ
1232 3697 1525 3767 ὑπόσχεσις
1548 3695 1640 3749 τοῦ
1676 3695 1937 3767 Χριστοῦ,

349 3784 611 3853 λέγοντος
659 3785 917 3857 περὶτῆς
954 3786 1303 3857 Ἑκκλησίας,
1338 3787 1419 3840 ὅτι
1455 3805 1474 3837 ι
1508 3785 1679 3839 Πύλαι
1710 3786 1836 3856 ᾅδου
1876 3786 1937 3839 οὐ

350 3879 779 3948 κατισχύσουσιν
830 3879 1026 3949 αὐτῆς.
1064 3898 1081 3931 ι
1113 3880 1236 3931 Ὀτι
1264 3878 1322 3931 δὲ
1354 3879 1574 3941 πάντως
1606 3878 1829 3948 ἔμελλον
1858 3878 1938 3931 δί-

351 3990 457 4035 κας
485 3972 819 4036 ἐξαιτεῖσθαι
853 3972 961 4025 τῶν
999 3973 1080 4035 εἰς
1121 3969 1441 4045 ἀνθρώπους
1470 3969 1940 4041 πεπλημμελημέ-

353 4081 461 4116 νων
508 4065 572 4117 αῖ
616 4081 675 4117 τε
736 4064 972 4135 πονηραὶ
1020 4064 1309 4133 δυνάμεις,
1359 4062 1455 4114 καὶ
1505 4062 1619 4114 ὅσοι
1665 4062 1938 4132 τολμῶσιν

350 4155 593 4219 ἐκείναις
627 4155 693 4209 τὰ
728 4156 1112 4227 παραπλήσια,
1145 4155 1177 4227 ἢ
1204 4154 1339 4225 πρὸς
1373 4152 1695 4223 Ἑλληνικὴν
1718 4153 1937 4224 ἀπάτην

350 4247 725 4318 ἀποφέροντες
765 4265 938 4314 τινας,
993 4248 1159 4318 ἤγουν
1200 4248 1280 4310 είς
1327 4245 1585 4316 ἀδόκιμον
1633 4245 1937 4317 καταστρέ-

350 4357 549 4408 φοντες
590 4340 735 4405 νοῦν,
777 4340 867 4393 διά
909 4357 971 4408 γε
1018 4339 1112 4392 τοῦ
1160 4338 1432 4392 διδάσκειν
1486 4338 1807 4406 ἐπείγεσθαι
1865 4338 1935 4391 τὰ
1967 4316 2010 4371 D

346 4433 798 4504 διεστραμμένα,
847 4431 1169 4501 καθίστησιν
1217 4430 1466 4502 ἐναργὲς,
1516 4430 1720 4500 ταύτης
1770 4430 1937 4484 ἕνεκα

345 4525 446 4595 τῆς
472 4524 655 4587 αἰτίας
685 4523 1151 4595 ἀφανισθήσεσθαι
1196 4523 1373 4590 λέγων
1412 4522 1540 4585 τοὺς
1563 4525 1630 4593 τῇ
1662 4520 1801 4575 Σιὼν
1840 4538 1937 4575 πε-

348 4617 771 4687 πολεμηκότας,
808 4617 923 4669 ἀνθ’
964 4608 1037 4669 ὧν
1070 4616 1292 4685 ἐξέχεαν
1336 4611 1475 4685 αἷμα
1509 4613 1707 4677 ἀθῶον,
1744 4613 1936 4683 ἠδικήσ-

345 4708 477 4761 κασί
505 4726 566 4760 τε
596 4708 657 4760 ού
687 4708 938 4779 φορητῶς
964 4708 1089 4771 τοὺς
1113 4706 1463 4772 υἱοὺςίούδα,
1490 4706 1763 4769 τουτέστι,
1806 4706 1934 4770 τοὺς

346 4798 540 4865 ἁγίους
591 4796 1037 4869 ἐξομολογήσεως
1078 4798 1236 4861 ὄντας
1272 4798 1457 4851 τέκνα.
1501 4796 1927 4868 Διερμηνεύεται

342 4890 455 4958 γὰρ
481 4886 687 4951 Ἰούδας
724 4888 1168 4960 «ἐξομολόγησις.
1194 4908 1214 4941 ι
1254 4890 1401 4959 Ἔφη
1430 4888 1487 4941 δέ
1511 4906 1613 4942 που
1641 4888 1784 4943 καὶὸ
1814 4887 1932 4940 θεό-

342 4977 555 5048 ληπτος
589 4980 752 5032 Δαὸὶδ
779 4981 907 5053 περὶ
936 4964 1044 5033 τῶν
1078 4980 1306 5043 ἀνοσίως
1338 4981 1717 5051 ἀνῃρημένων·
1754 4996 1772 5029 ι
1806 4979 1929 5031 ’Ότι

346 5070 598 5141 ἐκζητῶν
630 5072 697 5124 τὰ
731 5073 937 5142 αἵματα
981 5072 1161 5126 αὐτῶν
1212 5071 1479 5143 ἐμνήσθη.
1513 5089 1532 5125 ι
1589 5070 1733 5143 Πρὸς
1769 5070 1827 5123 δέ
1864 5086 1929 5139 γε

350 5160 441 5211 τὸν
467 5162 713 5215 Σατανᾶν
753 5164 828 5227 ὠς
858 5166 917 5217 ἐν
945 5165 1112 5218 εἰκόνι
1148 5167 1494 5237 γραφόμενον
1535 5166 1628 5221 τοῦ
1668 5165 1925 5237 Ἀσσοὺρ,

352 5269 373 5303 t
390 5252 487 5304 ’ον
513 5253 719 5322 τρόπον
740 5255 956 5325 ἱμάτιον
981 5256 1039 5308 ἐν
1064 5256 1257 5327 αἵματι
1281 5257 1627 5327 πεφυρμένον
1656 5256 1756 5309 οὐκ
1773 5254 1928 5310 ἔσται

280 5348 291 5389 ι
346 5341 615 5414 καθαρὸν,
646 5344 818 5408 οὕτως
842 5346 963 5399 οὐδὲ
995 5347 1060 5400 σὺ
1089 5346 1187 5418 ἔσῃ
1220 5347 1480 5421 καθαρὸς,
1522 5347 1655 5401 διότι
1687 5348 1788 5418 τὴν
1819 5347 1927 5419 γῆν

346 5449 452 5503 μου
500 5433 756 5504 ἐμίανας,
804 5438 899 5490 καὶ
942 5438 1033 5491 τὸν
1074 5438 1204 5492 λαόν
1241 5456 1341 5511 μου
1385 5438 1693 5503 ἀπώλεσας.
1730 5439 1805 5493 Ού
1850 5438 1925 5510 μὴ

348 5524 541 5599 μείνῃς
572 5529 655 5591 είς
688 5528 779 5581 τὸν
812 5528 987 5586 αἰῶνα
1026 5532 1236 5603 χρόνον.
1278 5551 1296 5584 ι
1337 5532 1549 5587 Οὐκοῦν
1602 5532 1924 5603 κατοικήσε-

416 5704 464 5737 ⁶⁶
484 5700 637 5759 Joan.
666 5720 818 5768 xvnt.
851 5707 937 5762 l2.
1014 5706 1059 5740 ⁸⁷
1088 5708 1188 5766 lsa.
1216 5725 1359 5773 LXVI,
1396 5709 1480 5764 12.

2043 3059 2249 3114 cultum
2282 3067 2479 3129 tegere,
2524 3057 2667 3127 quod
2702 3054 3023 3125 Unigenitus
3088 3054 3249 3109 homo
3296 3052 3469 3107 factus
3518 3051 3639 3105 im».

2044 3152 2230 3223 plevit.
2262 3151 2488 3221 Semper
2510 3149 2656 3205 enim
2689 3148 2869 3203 divina
2898 3147 3183 3215 Scriptura
3216 3143 3425 3214 magnis
3450 3140 3621 3195 idolo-

2042 3245 2217 3310 latris,
2257 3254 2315 3297 et
2349 3257 2417 3297 eo
2456 3242 2809 3296 vehementer
2854 3238 3155 3308 propensis,
3219 3245 3462 3289 catervas
3508 3235 3617 3286 dae-

2042 3352 2259 3391 monum
2330 3344 2386 3390 et
2457 3343 2769 3389 sanctorum
2838 3341 3238 3401 oppugnatores
3316 3327 3627 3381 assimilare

2043 3428 2347 3485 consuevit.
2392 3426 2595 3485 Omnes
2641 3425 2806 3495 igitur
2836 3423 3088 3477 inimicos
3119 3419 3390 3491 perituros
3430 3412 3620 3471 vatici-

2042 3529 2206 3574 natur
2228 3515 2499 3587 Egyptiis
2538 3514 2698 3586 245
2740 3522 2793 3569 et
2821 3511 3069 3567 ldumazis
3098 3519 3457 3578 comparatos.
3496 3508 3618 3561 Fir-

2042 3626 2127 3666 ma
2155 3619 2240 3666 est
2268 3610 2411 3664 enim
2441 3608 2641 3662 Christi
2671 3604 2958 3683 promissio
2984 3605 3049 3658 de
3076 3602 3313 3658 Ecclesia
3347 3618 3359 3653 :
3396 3619 3413 3653 ι
3446 3600 3622 3654 Porttu

2042 3704 2205 3760 inferi
2229 3719 2336 3759 non
2367 3700 2735 3769 praevalebunt
2764 3699 3027 3753 adversus
3052 3711 3172 3751 eam
3206 3695 3275 3749 ⁸⁸.
3323 3713 3341 3747 ι
3379 3694 3616 3748 Omnino

2042 3807 2220 3853 autem
2252 3810 2444 3866 pinnas
2484 3801 2758 3864 sumptum
2791 3791 2854 3845 iri
2892 3790 3255 3845 admissorum
3290 3788 3341 3841 in
3374 3786 3625 3841 homines

2040 3898 2095 3945 et
2125 3891 2387 3961 malignas
2414 3896 2731 3957 potestates,
2770 3892 2823 3940 et
2869 3892 3137 3953 quotquot
3180 3880 3285 3935 illis
3322 3880 3471 3948 paria
3503 3880 3619 3933 ausi

2041 3991 2186 4045 sunt,
2218 3992 2307 4034 aut
2333 3980 2401 4034 ad
2435 3980 2746 4034 Grzecorum
2797 3988 3013 4030 errores
3044 3972 3305 4042 quosdam
3348 3970 3620 4025 abducen-

2044 4078 2144 4129 tes,
2193 4076 2290 4120 aut
2338 4070 2392 4121 in
2436 4070 2722 4136 reprobum
2770 4077 2988 4119 sensum
3024 4060 3446 4132 przccipitantes,
3490 4059 3617 4114 dum

2040 4172 2295 4229 perversa
2334 4158 2637 4212 consectari
2683 4156 2900 4219 docent,
2944 4150 3231 4206 manifeste
3262 4150 3445 4215 tradit,
3494 4166 3620 4219 pro-

2041 4259 2227 4318 pterea
2261 4248 2614 4316 disperditum
2650 4246 2715 4299 iri
2753 4245 2964 4308 dicens,
3010 4243 3102 4312 qui
3154 4241 3284 4296 Sion
3334 4256 3612 4312 oppugna-

2041 4351 2186 4409 runt,
2217 4341 2343 4409 quia
2372 4340 2690 4409 sanguinem
2728 4338 3072 4391 innocentem
3102 4333 3412 4395 effuderint,
3441 4344 3496 4388 et
3535 4335 3617 4387 in-

2042 4433 2397 4489 tolerabiliter
2448 4432 2587 4487 ﬁlios
2627 4430 2764 4485 Juda
2813 4428 3150 4491 vexaverint,
3197 4427 3301 4481 hoc
3356 4436 3458 4488 est,
3490 4441 3618 4479 san-

2039 4535 2177 4590 ctos,
2218 4524 2355 4579 ﬁlios
2387 4523 2758 4585 confessionis,
2791 4521 3034 4576 redditur
3070 4519 3214 4574 enim
3233 4514 3425 4579 ludas,
3446 4535 3465 4567 ‹
3495 4531 3619 4570 cuu-

2039 4616 2230 4671 fessio.
2275 4635 2294 4669 ι
2330 4615 2601 4670 (laterum
2634 4613 2831 4668 alicubi
2862 4612 3024 4667 etiam
3054 4626 3082 4664 a
3114 4610 3223 4666 Deo
3258 4606 3468 4662 amatus
3517 4608 3615 4660 Da-

2039 4709 2127 4763 vid
2155 4708 2219 4763 de
2252 4708 2432 4778 impiis
2461 4717 2633 4763 morte
2659 4706 2851 4762 deletis
2877 4724 2891 4761 :
2926 4724 2945 4757 ι
2975 4704 3263 4772 Quoniam,
3299 4702 3497 4769 inquit,
3528 4716 3615 4754 re~

2035 4802 2257 4871 quirens
2308 4800 2624 4869 sanguinem
2664 4812 2851 4855 eorum
2892 4799 3204 4854 recordatus
3254 4804 3340 4849 est
3372 4795 3438 4847 3°.
3477 4813 3495 4845 ι
3531 4793 3611 4847 Ad

2036 4893 2293 4948 Satanam
2338 4902 2540 4958 autem,
2573 4900 2631 4945 ut
2680 4892 2730 4944 in
2778 4904 3005 4959 persona
3039 4890 3209 4942 Assur
3255 4897 3608 4941 accusatum:

2040 5004 2058 5036 ι
2106 4986 2569 5053 Quemadmodum
2620 4982 3005 5036 vestimentum
3062 4979 3326 5049 sanguine
3386 4979 3610 5034 mistnm

2038 5093 2145 5134 non
2177 5079 2282 5134 erit
2315 5076 2593 5140 mundum,
2624 5073 2702 5128 sic
2731 5087 2831 5128 nec
2861 5080 2915 5126 tu
2951 5073 3183 5127 mundus
3206 5072 3336 5128 eris.
3386 5071 3452 5128 Et
3485 5074 3611 5143 quia

2039 5175 2240 5222 terram
2288 5183 2463 5222 meam
2504 5164 2759 5235 polluisti,
2800 5171 2853 5219 et
2896 5164 3147 5234 populum
3192 5179 3368 5219 meum
3429 5165 3608 5235 perdi-

2037 5256 2188 5323 disti,
2232 5272 2339 5313 non
2393 5255 2638 5310 manebis
2693 5254 2749 5310 in
2798 5256 3185 5324 sempiternum
3237 5255 3305 5311 ⁸⁸.
3363 5274 3382 5306 ι
3428 5254 3609 5323 Itaque

2036 5348 2281 5403 abituros
2310 5348 2365 5401 in
2404 5347 2633 5402 exitium
2667 5346 2845 5402 Sionis
2874 5346 3214 5403 adversarios
3244 5347 3394 5407 dicit,
3430 5354 3484 5397 et
3506 5343 3599 5396 Ju-

2036 5438 2205 5493 dmam
2232 5439 2536 5495 habitatum
2567 5438 2631 5493 iri
2674 5439 2725 5492 in
2756 5438 3167 5507 sempiternum,
3198 5445 3252 5490 et
3300 5432 3600 5488 Jerusalem

2036 5532 2088 5585 in
2123 5533 2505 5603 generationes
2536 5531 2948 5602 generationum
2977 5548 2991 5596 ;
3022 5545 3126 5584 nOn
3163 5529 3303 5582 illam
3338 5532 3602 5577 vastatam

1581 5710 1625 5743 ⁸⁸
1658 5710 1845 5765 Matth.
1873 5724 1984 5769 xvt.
2026 5709 2110 5763 i8.
2189 5708 2233 5740 ⁸³
2264 5705 2400 5761 Psal.
2442 5722 2515 5763 Ix.
2552 5706 2633 5759 l3.
2709 5705 2756 5737 ⁹⁰
2794 5704 2895 5757 lsa.
2935 5717 3042 5759 τιν,
3081 5700 3163 5755 l9.
3194 5698 3285 5750 20.
