3948 6208
401 330 504 384 «ΗΠ

1402 328 1461 384 S.
1503 327 1776 387 CYRILLI
1813 324 2274 382 ALEXANDRINI
2315 325 2632 383 ARCIIIEP.

3543 324 3653 379 MlS

397 457 452 496 υι
494 451 740 499 exustam
784 444 1073 517 (siquidem
1132 444 1390 502 Dominus
1443 462 1508 502 ac
1566 447 1707 503 Deu‘s
1760 456 1818 502 ut
1855 447 1965 518 ipsa

2084 444 2197 498 r0at
2235 445 2332 515 μὲν
2388 445 2468 509 είς
2499 444 2721 516 ὄλεθρον
2748 445 2873 508 τοὺς
2905 447 2970 515 τῇ
3012 443 3151 497 Σιὼν
3198 444 3654 515 πεπολεμηκότσς

397 535 621 604 veritas,
653 536 847 593 falsum
889 537 1074 594 dicere
1108 552 1216 594 non
1264 536 1486 610 potem),
1536 540 1632 596 sed
1681 554 1801 594 eam
1846 554 1966 608 qua:

398 635 581 683 mente
606 630 1089 698 comprehenditur
1108 630 1309 699 potius,
1338 632 1615 687 caelestem
1641 629 1964 695 Jerusalem,

396 731 687 788 supernam
719 731 775 775 et
793 719 1030 776 divinam
1056 721 1209 786 Sion,
1242 721 1533 793 gloriosam
1565 732 1621 778 et
1648 722 1967 793 pmclaram

397 808 689 876 civitatem,
721 809 875 880 cuius
914 809 1134 876 artifex,
1177 821 1237 868 et
1281 810 1597 881 fabricator,
1627 821 1684 869 et
1727 811 1968 867 archite-

397 910 516 956 ctus
566 901 679 971 ipsc
710 902 878 968 Deus,
903 902 960 958 in
988 918 1149 975 quam
1180 912 1238 960 et
1277 918 1379 961 nos
1412 904 1620 960 utinam
1666 919 1765 975 per
1807 902 1972 961 Chri-

396 1004 539 1062 stum
569 996 973 1069 perveniamus.
1681 982 1689 986 6

2071 536 2240 604 φησί·
2286 535 2781 609 κατοικηοήσεσθαι
2824 536 2883 590 δὲ
2938 536 3039 606 τὴν
3097 532 3357 589 Ἰουδαίαν
3417 536 3495 597 εἰς
3561 536 3656 586 τὸν

2072 626 2269 689 αἰῶνα.
2305 628 2400 683 καὶ
2436 630 2519 692 είς
2553 629 2753 697 γενεὰς
2798 627 3001 696 γενεῶν
3045 627 3148 698 τὴν
3195 626 3552 697 Ἰερουσαλὴμ
3589 627 3655 678 οὐ

2072 720 2170 789 τὴν
2195 718 2671 790 πεπορθουμένην.
2688 720 2783 773 καὶ
2808 717 3302 790 ἐμπεπρησμένην,
3320 719 3479 787 εἴπερ
3503 717 3657 769 ἐστὶν

2074 809 2502 885 ἁναμαρτοεπὴς
2534 812 2563 864 6
2594 810 2798 882 Κύριος
2838 811 2934 865 καὶ
2975 810 3108 873 Θεὸς
3136 812 3213 872 ὡς
3252 808 3512 879 ἀλήθεια,
3555 807 3658 876 τὴν

2074 901 2275 970 νοητὴν
2316 899 2374 952 δὲ
2406 898 2630 969 μᾶλλον,
2657 899 2758 971 τὴν
2787 899 3115 971 ἐπουράνιον
3152 898 3513 969 Ἰερουσαλὴμ
3550 899 3657 968 τὴν

2075 993 2209 1055 ἄνω,
2234 991 2328 1045 καὶ
2358 990 2513 1044 θείαν
2537 989 2697 1056 Σιὼν,
2737 991 2838 1062 τὴν
2863 990 3063 1045 εὐκλεᾶ
3095 989 3427 1053 καλλίπολιν,
3468 985 3535 1059 ἧς
3565 1005 3658 1041 τε-

2074 1086 2286 1155 χνίτης,
2328 1084 2421 1138 καὶ
2450 1082 2778 1155 δημιουργὸς
2798 1124 2813 1149 ,
2846 1084 2944 1138 καὶ
2973 1085 3181 1136 τέκτων
3209 1083 3237 1135 6
3267 1082 3400 1145 Θεὸς
3420 1122 3432 1145 ,
3465 1083 3546 1145 εὶς
3583 1085 3656 1153 ἢν

2075 1177 2170 1228 καὶ⁹
2199 1177 2346 1246 ἡμᾶς
2371 1176 2663 1245 ἀφικέσθαι
2690 1176 2901 1247 γένοιτο
2930 1176 3018 1230 διὰ
3044 1172 3301 1245 Χριστοῦ.

434 1395 3647 1435 mw

1136 1580 1364 1668 ΤΟΥ
1433 1583 1580 1669 ΕΝ
1651 1576 2018 1672 ΑΓΙΟΙΣ
2091 1587 2526 1675 ΠΑῚῬΟΣ
2603 1589 2933 1677 ΗΜΩΝ,

744 2104 2046 2227 ΑΡΧΙΕΠΙΣΚΟΠΟΥ
2130 2101 3293 2233 ΑΛΕΞΑΝΔΡΕΙΑΣ

1528 2349 1901 2406 ΕΞΗΓΗΣΙΣ
1961 2350 2361 2411 ΥΠΟΜΙἮΜΑ
2373 2351 2535 2409 TIKH

867 2537 1129 2667 ΕΙΣ.
1203 2535 1550 2673 ΤΟΝ
1623 2537 2572 2679 ΠΡΟΦΗΤΗΝ
2669 2537 3173 2677 ᾹΜΩΣ.

1093 2952 1264 3130 S.
1403 2958 1602 3127 Ρ.
1742 2956 1941 3130 Ν.

2088 2957 2964 3134 CYBILLI

1534 3274 2003 3333 ALEXANDRIAS
2042 3275 2563 3335 ARCHIEPISCOPI

794 3495 916 3585 IN
1020 3493 1335 3588 AMOS
1423 3493 2160 3591 PROPHETAM
2251 3496 3260 3625 COMMENTARIUS,
3332 3510 3343 3517 ο

1644 3714 2042 3768 ουΝτιΝΒΝς
2078 3715 2305 3767 TOHOS
2338 3716 2429 3765 ιν.

822 4048 1546 4147 PROCEMIUM.

473 4220 514 4277 l.
541 4219 706 4294 246
744 4222 910 4278 Amos
953 4222 1069 4279 luit.
1099 4224 1266 4295 opilio
1299 4226 1601 4295 pastoritiis
1636 4226 1880 4284 moribus
1924 4238 1979 4283 et

402 4313 670 4372 institutis
700 4314 985 4373 educatus.
1023 4314 1173 4371 Vixit
1204 4318 1257 4372 in
1282 4317 1572 4376 solitudine
1608 4316 1828 4383 Judzete,
1859 4336 1979 4390 quae

401 4421 595 4463 vorsus
625 4415 872 4463 austrum
906 4407 1033 4473 sita,
1078 4423 1251 4478 usque
1304 4410 1372 4463 ad
1430 4409 1566 4465 llnes
1610 4411 1775 4467 maris
1810 4410 1976 4467 Indici

400 4498 661 4566 pertinet,
696 4508 753 4553 et
797 4499 868 4553 ad
900 4498 1176 4554 Persidem
1206 4514 1381 4570 usque
1427 4501 1745 4570 porrigitur,
1778 4502 1832 4557 in
1873 4519 1977 4572 qua

402 4598 598 4658 gentes
647 4604 808 4657 quam
850 4589 1097 4659 plurimae
1154 4599 1426 4661 pascunt:
1467 4599 1551 4647 est
1585 4592 1726 4647 enim
1760 4605 1981 4663 propter

403 4678 839 4748 amplitudinem,
871 4679 1264 4748 irrigationem,
1311 4679 1714 4752 herbarumque
1749 4683 1979 4740 diversi-

404 4781 568 4826 tatem
598 4772 663 4827 ad
696 4771 875 4826 ovium
910 4786 1101 4843 greges
1129 4771 1350 4829 alendos
1376 4775 1780 4843 percommode.
1806 4775 1979 4833 Natus

403 4871 488 4916 est
517 4861 570 4917 in
599 4863 718 4919 vico
743 4862 982 4929 Thecua,
1018 4865 1082 4919 ad
1133 4865 1297 4921 imam
1334 4865 1702 4924 solitudinem.
1738 4867 1804 4923 Et
1841 4883 1977 4939 quo-

406 4954 549 5007 niam
580 4966 699 5011 erat
727 4958 814 5012 vir
839 4959 1012 5015 bonus
1044 4968 1098 5013 et
1120 4958 1296 5014 omnis
1318 4959 1589 5028 aequitatis
1618 4975 1828 5029 amans,
1847 4977 1975 5031 pro-

403 5044 603 5115 phetia:
647 5047 837 5116 spiritu
894 5051 1018 5109 inde
1063 5050 1369 5107 cumulatus
1402 5094 1417 5119 ,
1478 5052 1823 5122 prophetarit
1869 5069 1974 5107 nun

405 5136 816 5207 Hierosolymis,
881 5142 977 5193 sed
1015 5142 1156 5198 inter.
1182 5156 1274 5197 eos
1307 5144 1398 5213 qui
1450 5144 1755 5214 pecuariam
1809 5144 1976 5201 facie-

404 5232 555 5297 bant,
589 5228 852 5299 principio
879 5229 1159 5285 hominum
1195 5249 1306 5288 sua:
1330 5236 1505 5305 gentis
1540 5247 1593 5290 ct
1624 5236 1977 5305 professionis

403 5338 591 5379 curam
637 5334 949 5390 capessens.
987 5321 1192 5380 Deinde
1255 5326 1307 5379 in
1365 5328 1534 5396 ipsam
1580 5330 1771 5386 Bethel
1806 5332 1973 5387 venit.

2007 3891 2079 3902 —

2531 4044 3188 4132 ΠΡΟΟΙΜΙΟΝ.

2155 4226 2236 4279 A'.
2285 4223 2465 4294 Ἀμὼς
2494 4221 2715 4292 γέγονεν
2747 4221 2969 4287 αἰπόλος
3005 4222 3164 4293 ἀνὴρ;
3190 4221 3287 4276 καί¹
3318 4224 3656 4293 ποιμενικοϊς

2086 4315 2233 4370 ἔθεσί
2260 4333 2320 4369 τε
2350 4315 2447 4371 καὶ
2500 4316 2686 4387 νόμοις
2708 4314 3449 4388 ἐντεθραμμένος.Ἐποιεῖτο
3469 4314 3526 4369 δὲ
3559 4315 3661 4378 τὰς

2085 4406 2366 4480 διατριϐὰς
2403 4394 2716 4479 ὲνὲρήμῳ,
2760 4410 2826 4479 τῇ
2865 4407 3002 4478 πρὸς
3049 4407 3200 4461 νότον
3239 4406 3340 4479 τῆς
3389 4406 3662 4473 Ἰουδαίων

2086 4501 2288 4574 χώρας,
2316 4503 2349 4571 ἢ
2382 4499 2574 4572 μέχρις
2611 4500 2755 4571 ὅρων
2784 4498 2959 4571 διήκει
2987 4497 3261 4571 θαλάσσης
3289 4497 3393 4569 τῆς
3412 4498 3661 4568 Ἰνδικῆς,

2085 4596 2181 4650 καὶ
2218 4596 2297 4658 είς
2336 4593 2433 4664 τὴν
2482 4592 2708 4664 Περσῶν
2758 4593 3055 4646 ἐκτείνεται
3093 4591 3221 4661 γῆν,
3263 4589 3433 4662 μυρία
3464 4589 3520 4643 δὲ
3560 4590 3664 4643 ὅσα

2088 4684 2375 4756 βαρϐάρων
2418 4682 2551 4753 γένη
2607 4681 2778 4753 αὐτὴν
2813 4682 3253 4748 καταϐόσκεται,
3295 4680 3407 4751 ἔχει
3446 4679 3501 4733 δὲ
3539 4680 3665 4735 λίαν

2086 4774 2404 4846 ἐπιτηδείως
2432 4774 2512 4836 είς
2541 4773 2602 4826 τὸ
2628 4772 2851 4843 τρέφειν
2872 4772 3130 4836 δύνασθαι
3160 4771 3258 4834 τὰς
3288 4770 3413 4823 οἰῶν
3436 4769 3665 4838 ἀγέλας.

2090 4867 2395 4939 Ἕμϐροχος
2426 4866 2556 4937 γὰρ,
2585 4866 2682 4918 καὶ¹
2732 4865 2980 4927 πλατεῖα,
3017 4861 3112 4917 καὶ
3152 4861 3424 4916 πολυειδεῖ
3450 4863 3514 4931 τῇ
3554 4860 3669 4932 πόᾳ

2086 4951 2661 5028 κατεστεμμένηίἮν
2689 4955 2745 5009 δὲ
2797 4957 2825 5009 6
2876 4953 3056 5024 Ἀμὼς
3090 4954 3152 5006 ἐκ
3194 4952 3396 5005 Θεκουὲ
3445 4949 3662 5022 κώμης,

2086 5051 2222 5123 πρὸς
2248 5050 2430 5112 αὐτοῖς
2460 5048 2720 5119 κειμένης
2742 5050 2851 5111 τοῖς
2883 5047 2982 5115 τῆς
3008 5046 3218 5116 ἐρήμου
3252 5042 3665 5114 ποσίν.Ἐπειδὴ

2084 5144 2140 5198 δὲ
2166 5140 2234 5215 ἦν
2267 5142 2404 5212 ἀνὴρ
2433 5141 2637 5209 ἀγαθὸς
2659 5181 2673 5206 ,
2710 5142 2805 5193 καὶ
2845 5140 3025 5210 πάσης
3066 5138 3366 5202 ἐπιεικείας
3396 5138 3662 5209 ἐργάτης.

2084 5235 2146 5289 τὸ
2189 5235 2287 5306 τῆς
2329 5234 2666 5306 προφητείας
2696 5234 2857 5297 εὐθὺς
2901 5233 3257 5287 κατεπλούτει
3293 5233 3533 5303 πνεῦμα,
3569 5233 3664 5286 καὶ

2085 5330 2458 5399 προεφήτευεν
2492 5328 2593 5381 οὐκ
2621 5330 2677 5381 ὲν
2716 5330 2827 5391 τοῖς
2869 5327 3262 5399 Ἰεροσολύμοις
3282 5370 3296 5393 ,
3326 5326 3442 5380 ἀλλ’
3478 5329 3536 5380 ὲν
3565 5326 3662 5379 αὖ·

401 5416 539 5471 Nam
575 5415 793 5471 Thecue
824 5428 926 5468 non
960 5412 1119 5480 Juda,
1172 5416 1265 5471 sed
1299 5432 1460 5487 regno
1502 5420 1759 5489 Ephraint
1802 5423 1975 5478 conti-

2084 5424 2193 5483 τοῖς
2223 5421 2313 5474 ἐπὶ
2350 5424 2461 5485 τοῖς
2492 5421 2788 5491 ποιμνίοις,
2824 5423 2880 5471 ἐν
2913 5420 3110 5490 ἀρχαῖς
3134 5420 3244 5473 τῶν
3281 5420 3341 5486 ἐξ
3372 5419 3562 5483 ἔθνους
3600 5435 3661 5471 τε

404 5508 660 5574 uehatur.
697 5503 773 5559 lta
800 5520 923 5561 esse
946 5504 1090 5559 facili
1132 5507 1350 5575 negotio
1374 5511 1535 5564 etiam
1560 5526 1623 5566 ex
1663 5513 1832 5581 ipsius
1863 5530 1981 5568 vcr-

405 5599 491 5653 his
529 5597 844 5669 planissime
893 5611 1208 5667 cognosces.
1247 5597 1415 5670 247
1448 5598 1793 5669 Prophetavit
1834 5607 1978 5658 enim

406 5690 461 5753 in
486 5688 692 5754 Betltel,
720 5699 776 5751 ut
810 5690 946 5758 dixi,
971 5689 1292 5759 dissipatum
1326 5691 1403 5744 .iri
1438 5705 1565 5747 aras
1602 5693 1767 5755 risus,
1801 5704 1856 5747 et
1878 5694 1977 5748 de-

410 5782 643 5847 tecturas
670 5785 1014 5842 acrimonias
1044 5783 1228 5840 Israel.
1263 5783 1459 5863 Adjicit
1489 5784 1572 5841 his
1609 5804 1620 5839 :
1662 5804 1678 5836 ι
1718 5784 1780 5841 Ει
1827 5788 1976 5843 οκρίι

2080 5509 2265 5573 αὑτοῦ,
2312 5512 2407 5563 καὶ
2461 5506 2690 5590 μελέτης
2734 5509 2990 5580 ἐχόμενος
3044 5511 3483 5581 φροντισμὰτων.
3527 5508 3660 5565 Εἶτα

2080 5607 2171 5661 καὶ
2197 5608 2277 5670 εἰς
2307 5606 2477 5675 αὐτὴν
2514 5606 2847 5675 ἀφικόμενος
2878 5604 2977 5676 τὴν
2998 5602 3231 5676 νΒαιΟήλ.
3272 5606 3378 5659 Καὶ
3402 5603 3509 5675 γὰρ
3537 5599 3605 5674 ἦν
3633 5607 3663 5656 6

2080 5696 2311 5764 Θεκουὲ,
2344 5698 2442 5768 οὐχ
2470 5697 2575 5761 ὑπὸ
2598 5696 2697 5768 τὴν
2734 5696 2991 5750 Ἰουδαίαν
3024 5697 3244 5768 μᾶλλον,
3274 5695 3388 5749 ἀλλ’
3422 5696 3535 5758 ὑπὸ,
3559 5695 3661 5766 τὴν

2093 5787 2331 5857 Ἐφραῒμ
2375 5788 2675 5857 βασιλείαν.
2730 5789 2852 5841 ’Ότι
2890 5788 2946 5843 δὲ
2991 5787 3207 5859 ἀληθεῖς
3254 5788 3385 5857 ἡμῖν
3425 5788 3475 5840 οἱ
3528 5787 3659 5859 περὶ
3709 5771 3757 5803 ’
