3948 6208
317 282 430 338 409
829 282 846 295 “
1271 285 1817 342 COMMENTARIUS
1855 285 1918 340 IN
1959 284 2147 340 ALIOS
2183 285 2624 342 PROPIIETAM.
3464 290 3568 346 ΗΟ

317 377 531 430 τούτων
558 377 814 446 γεγόνασι
843 377 1008 447 λόγοι,
1038 379 1400 451 καταθρήσεις
1441 385 1667 447 ἀκονιτὶ,
1689 385 1783 437 καὶ
1804 383 1883 442 διᾶ

1997 382 2120 436 tabo
2141 397 2302 451 super
2331 382 2547 436 domum
2592 379 2880 435 Jeroboam
2924 378 3161 450 gladiuin
3189 383 3255 433 ".
3308 399 3326 432 ι
3375 379 3570 438 Sacer-

322 471 432 522 τῶν
466 469 632 523 αὑτοῦ
669 470 1130 542 πληροφορηθήσῃ
1167 472 1359 541 λόγων.
1408 475 1754 545 Προεφήτευε
1795 475 1883 546 μὲι¹

1998 477 2296 530 ιίοειουιοηι
2329 473 2513 529 Bethel
2544 473 2788 528 Amasias
2850 473 3126 541 prophetae
3151 473 3342 528 dentes
3367 476 3569 529 contri-

324 561 433 630 γὰρ
456 562 515 614 ὲν
540 560 767 629 Βαιθὴλ,
793 561 869 624 ὡς
895 563 1050 631 ἔφην,
1076 565 1544 636 ἀφανισθήσεσθαι
1567 566 1740 634 λέγων
1770 567 1895 630 τοὺς

326 647 549 719 βωμοὺς
578 648 672 702 τοῦ
701 649 957 717 γέλωτος,
986 652 1443 724 ὲρημωθήσεσθαι
1472 653 1529 707 δὲ
1562 656 1775 720 καὶτὰς
1807 673 1896 708 τε-

320 738 487 801 λετὰς
508 739 606 792 τοῦ
645 740 893 812 Ἰσραήλο
919 741 1012 795 καὶ
1042 741 1104 813 δὴ
1140 743 1348 806 τούτοις
1386 745 1716 815 προστιθεὶς,
1756 746 1897 800 «Καὶ

320 833 700 903 ἀναστήσομαι
729 833 824 885 ἐπὶ
851 833 942 886 τὸν
969 829 1114 886 οἶκον
1157 834 1439 906 Ὶεροϐοάμ
1473 837 1530 888 ὲν
1562 837 1825 907 ῥομφαίᾳ.
1870 856 1889 890 ι

333 923 394 975 Ὀ
447 923 505 975 δέ
538 940 605 990 γε
648 923 748 992 τῆς
798 922 996 995 Βαιθὴλ
1043 925 1221 995 ἱερεὺς
1263 926 1546 996 Ἀμασίας.
1595 923 1763 991 Οὗτος
1799 925 1894 979 οὖν

317 1011 579 1082 ἐπέτριξε
624 1011 701 1081 τῷ
748 1013 1005 1086 προφήτῃ
1049 1015 1174 1077 τοὺς
1215 1015 1452 1079 ὀδόντας.
1506 1012 1638 1071 Εἶτα
1687 1015 1896 1088 πέμπει

318 1103 459 1172 πρὸς
495 1103 780 1173 Ἰεροὸοὰμ
821 1102 1048 1172 βασιλέα
1095 1105 1330 1177 Ἰσραὴλ,
1367 1105 1570 1174 λέγων’
1610 1126 1628 1158 ι
1658 1109 1892 1179 Συστροο

317 1195 430 1264 φὰς
454 1197 690 1247 ποιεῖται
719 1197 859 1248 κατά
887 1194 981 1248 σοῦ
1027 1196 1206 1272 Ἀμδς
1234 1199 1292 1251 ὲν
1325 1200 1471 1272 μέσῳ
1498 1199 1633 1270 οῐκῳ
1658 1201 1890 1272 Ἰσραὴλ,

315 1288 386 1340 οὐ
409 1287 484 1356 μὴ
515 1286 740 1357 δύνηται
770 1288 802 1358 ἡ
830 1287 902 1356 γῆ
935 1287 1254 1356 ὑπενεγκεῖν
1285 1290 1532 1356 ἅπαντας
1553 1295 1678 1356 τοὺς
1701 1293 1893 1361 λόγους

316 1379 521 1432 αὐτοῦ’
553 1379 688 1432 διότι
723 1379 850 1434 τάδε
881 1379 1028 1449 λέγει
1068 1381 1278 1451 Ἀμώς·
1308 1383 1396 1436 Ἐν
1430 1384 1676 1454 ῥομφαίᾳ
1708 1384 1893 1440 τελευ-

314 1470 477 1539 τήσει
515 1469 819 1541 Ἱεροϐοάμ,
842 1475 870 1526 6
905 1473 961 1526 δε
977 1475 1191 1545 Ἰσραὴλ
1222 1476 1564 1546 αἰχμάλωτος
1593 1476 1894 1548 ἀχθήσεται

313 1563 429 1620 ἀπὺ
459 1565 560 1631 τῆς
588 1563 690 1632 γῆς
715 1563 899 1617 αὐτοῦ.
926 1565 1035 1618 Καὶ
1063 1561 1214 1620 εἶπεν
1239 1567 1502 1636 Ἀμασίας
1526 1568 1662 1637 πρὸς
1688 1569 1888 1638 Ἀμώςο

326 1653 392 1705 '0
415 1653 556 1722 ὀρῶν
599 1653 782 1722 βάδιζε
813 1654 877 1707 ὲκ
915 1654 1099 1725 χώρας
1133 1657 1214 1718 είς
1255 1656 1360 1726 γῆν
1404 1656 1594 1722 Ἰούδα,
1635 1659 1730 1711 καὶ
1776 1659 1893 1711 ἐκεῖ

1999 568 2098 631 vit,
2126 580 2287 634 quem
2321 575 2502 633 postea
2535 565 2600 617 ad
2628 563 2913 618 Jeroboam
2964 579 3144 634 regem
3187 565 3352 620 Israel
3400 566 3566 630 misit,

1995 673 2118 714 cum
2165 659 2269 712 hoc
2313 657 2543 711 nuntio:
2585 676 2604 708 ι
2645 655 3060 726 Conjurationes
3115 655 3246 713 facit
3281 667 3469 712 contra
3517 668 3576 713 te.

1997 751 2163 804 Amos
2211 749 2263 804 in
2312 749 2490 804 medio
2541 749 2733 803 domus
2785 747 2978 814 Israel,
3030 761 3137 802 non
3185 749 3385 818 poterit
3424 758 3568 803 terra

1995 839 2220 896 sull‘erre
2258 841 2462 895 'omnes
2516 854 2792 895 sermones
2847 840 2984 908 ejus.
3061 841 3196 908 Quia
3258 843 3373 896 haec
3433 840 3570 894 dicit

1994 935 2160 988 Amos
2192 950 2206 987 :
2242 932 2300 988 In
2327 933 2506 1003 gladio
2540 932 2802 986 morietur
2832 931 3143 996 Jeroboam,
3177 943 3232 987 et
3275 931 3439 987 Israel
3483 945 3568 985 ca-

1995 1025 2172 1091 ptivus
2220 1023 2447 1078 ducetur
2487 1027 2554 1079 de
2599 1033 2743 1078 terra
2777 1040 2896 1081 sua.
2931 1027 2997 1080 Et
3045 1027 3182 1082 dixit
3217 1025 3468 1081 Amasias
3497 1026 3574 1080 ad

1995 1115 2160 1169 Amos
2193 1132 2207 1168 :
2245 1112 2469 1178 Videns,
2515 1113 2673 1178 vade,
2722 1116 2945 1171 discede
2986 1127 3040 1170 tu
3091 1119 3146 1171 in
3175 1127 3372 1170 terram
3402 1116 3562 1182 Juda,

1995 1213 2048 1259 et
2080 1204 2187 1260 illic
2220 1204 2361 1270 vive,
2398 1212 2452 1258 et
2491 1204 2600 1259 illic
2644 1205 3017 1274 prophetabis;
3053 1207 3108 1260 in
3161 1206 3348 1261 Bethel
3383 1214 3565 1259 autem

1997 1313 2100 1352 non
2160 1297 2298 1352 ultra
2349 1296 2572 1364 adjicies
2628 1297 2974 1366 praphetare.
3026 1297 3152 1364 quia
3209 1295 3564 1352 sanctiﬁcatio

1995 1389 2136 1458 regis
2175 1396 2276 1452 est,
2307 1396 2361 1441 et
2390 1388 2582 1441 domus
2623 1387 2771 1457 regni
2796 1396 2900 1441 est.
2934 1385 3000 1440 Et
3044 1386 3373 1454 reSpondens
3400 1385 3567 1437 Amos

1995 1481 2128 1534 dixit
2159 1480 2224 1534 ad
2255 1479 2529 1533 Amasiam
2561 1497 2574 1533 :
2606 1478 2723 1532 Non
2761 1493 2912 1532 eram
2943 1479 3212 1547 prapheta
3238 1491 3360 1545 ego,
3393 1489 3566 1549 neque

1997 1568 2136 1623 ﬁlius
2167 1569 2442 1638 prophetae
2466 1584 2481 1632 ;
2511 1568 2605 1621 sed
2633 1567 2799 1634 opilio
2823 1582 2996 1634 eram,
3030 1567 3286 1622 vellicans
3311 1579 3564 1636 sycomo-

1995 1674 2114 1725 ros;
2144 1666 2197 1713 et
2237 1657 2528 1726 assumpsit
2569 1672 2654 1710 me
2685 1656 2941 1711 Dominus
2981 1659 3048 1712 ab
3079 1658 3291 1713 ovibus.
3331 1657 3398 1710 Et
3427 1657 3565 1712 dixit

315 1744 611 1808 καταὸίου,
663 1745 757 1797 καὶ
806 1747 922 1797 ἐκεῖ
971 1746 1391 1816 προφητεύσεις.
1440 1748 1534 1810 Εἰς
1587 1747 1642 1800 δὲ
1692 1747 1883 1818 Βαιθὴλ

1997 1748 2258 1802 Dominus
2281 1749 2346 1800 ad
2384 1761 2509 1800 me:
2543 1744 2694 1800 Vade
2729 1755 2781 1799 et
2811 1748 3068 1815 propheta
3116 1762 3278 1814 super
3311 1747 3566 1815 populum

319 1835 508 1888 οὐκέτι
546 1835 622 1905 μὴ
668 1834 913 1905 προσθῇς
944 1835 1039 1887 τοῦ
1079 1835 1489 1906 προφητεῦσαι,
1527 1838 1608 1890 ὅτι
1648 1837 1892 1908 ἀγίασμοι

323 1927 595 1995 βασιλέως
624 1928 761 1990 ἐστὶ,
793 1927 883 1980 καὶ
911 1921 1058 1989 οἷκος
1086 1926 1348 1995 βασιλέως
1370 1927 1486 1980 ἐστί
1541 1929 1636 1981 καὶ
1663 1928 1894 1999 ἀπεκρί-

318 2017 392 2085 θη
432 2015 635 2086 Ἀμὼς,
667 2017 764 2070 καὶ
801 2013 917 2078 εἶπε
960 2017 1095 2088 πρὸς
1134 2016 1420 2088 Ἀμασίαν,
1448 2010 1562 2069 Οὐκ
1589 2017 1731 2090 ήμην
1764 2036 1892 2088 προ-

313 2109 501 2180 φήτης
522 2108 655 2176 ἐγὼ,
683 2108 806 2162 οὐδὲ
836 2109 949 2172 υἱὸς
982 2111 1287 2180 προφήτου,
1312 2110 1427 2163 ἀλλ’
1459 2110 1683 2163 αἰπόλος
1719 2110 1890 2180 ήμην,

305 2198 514 2261 Xving
545 2198 842 2268 συκάμινα,
883 2197 974 2251 καὶ
1014 2197 1240 2251 ἀνέλαϐε
1284 2201 1488 2270 Κύριος
1516 2203 1580 2254 ἑκ
1617 2199 1725 2254 τῶν
1764 2218 1888 2271 προ-

305 2289 513 2344 ϐάτων.
564 2290 673 2341 Καὶ
706 2285 828 2342 εἷπε
883 2290 1087 2360 Κύριος
1123 2291 1260 2360 πρός
1293 2306 1381 2360 με,
1407 2291 1621 2356 Βάδιςε,
1676 2293 1888 2362 προφή-

303 2397 504 2434 τευσον
533 2379 630 2432 ἐπὶ
658 2377 748 2432 τὸν
769 2379 896 2434 λαόν
932 2397 1035 2449 μου
1071 2379 1162 2432 τὸν
1199 2379 1433 2450 Ἰσραήλ.
1478 2399 1496 2430 ι
1540 2379 1782 2450 Εἴληπτο
1817 2380 1883 2450 δὴ

1995 1854 2174 1893 meum
2209 1837 2372 1892 Israel
2396 1838 2462 1889 θ’.
2504 1856 2522 1888 ι
2554 1837 2877 1906 Assumptus
2909 1847 2992 1891 est
3021 1837 3182 1906 igitur
3209 1839 3272 1890 de
3303 1838 3568 1906 gregibus

1993 1929 2196 1991 ovium,
2234 1939 2288 1983 et
2327 1911 2670 1997 prophétavit
2712 1929 2764 1982 in
2806 1927 3011 1992 Bethel,
3067 1927 3154 1980 ubi
3203 1927 3452 1996 deposuit
3490 1927 3566 1980 vi-

1994 2019 2164 2072 tulum
2219 2033 2444 2073 aureum
2485 2020 2690 2088 primus
2731 2017 3040 2081 Jcrohoatn,
3097 2018 3238 2071 ﬁlius
3277 2017 3449 2070 Nabat
3493 2017 3560 2071 θ’.

1993 2111 2132 2166 Puto
2163 2111 2264 2165 hoc
2297 2112 2462 2165 etiam
2496 2125 2674 2180 Operae
2711 2111 2938 2178 pretium
2982 2109 3145 2171 scire,
3174 2108 3336 2162 alium
3397 2107 3564 2160 fuisse

1993 2202 2182 2264 Amos,
2210 2212 2418 2272 patrem
2459 2201 2632 2256 Isaiae.
2668 2201 2809 2269 Quid
2850 2209 3027 2254 autem
3079 2209 3132 2254 et
3175 2212 3337 2268 super
3366 2199 3564 2266 quibus

1997 2301 2109 2348 toto
2141 2293 2281 2347 libro
2303 2295 2662 2363 praphetarit,
2689 2294 2754 2348 ad
2793 2292 3131 2362 propositum
3167 2291 3432 2361 aggressi,
3466 2303 3564 2358 pro

1995 2383 2246 2439 facultate
2269 2386 2788 2440 demonstrabimus.

302 2467 402 2524 οὖν
432 2472 498 2522 ἐκ
530 2469 818 2539 ποιμνίων,
859 2469 953 2522 καὶ
989 2471 1360 2542 προεφήτευεν
1398 2471 1457 2522 ὲν
1498 2469 1724 2539 Βαιθὴλ,
1754 2471 1812 2523 ἐν
1919 2472 2015 2526 καὶ
2079 2473 2313 2544 δάμαλιν
2367 2475 2600 2534 ἀπέθετο
2639 2478 2848 2546 χρυσῆν
2893 2478 2920 2528 6
2956 2475 3175 2547 πρῶτος
3213 2469 3497 2542 Ἱεροϐοάμ
3533 2471 3562 2522 6

304 2563 500 2616 Ναὸάτ
535 2564 670 2625 υἱός.
717 2564 1191 2635 Ἐπισημήνασθαι
1253 2564 1309 2618 δὲ
1356 2565 1576 2618 κάκεῖνο
1621 2560 1774 2634 οἶμαι
1812 2581 1917 2620 που
1990 2569 2279 2639 χρήσιμον,
2326 2569 2400 2633 ὡς
2445 2569 2633 2641 ἕτερος
2678 2569 2746 2637 ἦν
2798 2570 2981 2638 Ἀμὼς
3016 2571 3044 2622 ὁ
3092 2568 3312 2621 Ἦσαῖου
3353 2566 3562 2634 πατήρ.

302 2657 466 2717 Τίνες
503 2671 568 2722 γε
608 2655 714 2724 μὴν
742 2656 837 2708 καὶ
869 2655 962 2708 ἐπὶ
990 2655 1133 2708 τίσιν
1195 2653 1332 2716 ὅλως
1363 2656 1412 2707 oi
1478 2653 1609 2725 παρ’
1647 2654 1812 2710 αὑτοῦ
1888 2658 2141 2728 γεγόνασι
2178 2658 2346 2728 λόγοι,
2372 2659 2480 2712 τῶν
2554 2660 2931 2730 προκειμένων
2976 2659 3244 2730 ἁψάμενοι
3280 2656 3561 2728 σαφηνιοῦ-

305 2767 408 2821 μεν
447 2749 525 2811 ὡς
560 2749 663 2801 ἕνι.

628 2872 1010 2957 ΤΟΜΟΣ
1085 2871 1555 2958 ΠΡΩΤΟΣ.

920 3027 1170 3080 ΚΕΦΑΛ.
1198 3029 1278 3082 A'.

374 3145 555 3212 Λόγοι
618 3142 831 3211 Ὰμὼς,
886 3140 945 3194 οἳ
992 3140 1272 3209 ἐγένοντο
1318 3141 1388 3194 ἐν
1447 3139 1752 3209 Ἁκκαρεὶμ
1810 3138 1879 3192 ἐκ

309 3233 548 3296 Θεκουὲ,
573 3231 682 3298 οὓς
712 3231 840 3284 ἴδεν
867 3231 1018 3299 ὑπὲρ
1081 3231 1486 3300 Ἰερουσαλὴμ,
1527 3231 1597 3285 ἐν
1636 3230 1881 3301 ’ἡμέραις

319 3323 506 3384 Ὀζῗου
525 3321 835 3388 ,βασιλέως
859 3321 1066 3386 Ἰούδα,
1088 3323 1183 3376 καὶ
1203 3323 1273 3376 ἐν
1291 3322 1538 3392 ’ἡμέραις
1570 3322 1878 3392 Ἰεροϐοὰμ,

305 3414 435 3468 υιοῦ
474 3414 637 3480 ἰωὰς
651 3413 956 3480 βασιλέως
976 3413 1083 3468 τοῦ
1118 3412 1384 3482 Ἰσραὴλ,
1429 3413 1546 3482 πρὸ
1584 3413 1693 3467 δύο
1731 3411 1881 3466 ἐτῶν

304 3505 406 3558 τοῦ
437 3505 720 3573 σεισμοῦ.

371 3597 447 3650 B’.
485 3615 506 3648 ι
532 3595 701 3664 Λόγοι
764 3597 964 3666 Ἀμιὺς,
996 3597 1046 3650 οἳ
1080 3598 1327 3665 ἐγένοντο
1357 3597 1414 3650 ὲν
1464 3597 1771 3667 Ἀκκαρεὶμ
1815 3595 1881 3650 ἐκ

307 3691 528 3754 Θεκουὲ,
562 3688 658 3753 οὒς
692 3685 830 3743 εἶδεν
880 3690 1024 3759 ὑπὲρ
1062 3688 1440 3760 Ἰερουσαλήμ.
1466 3688 1673 3754 »οὖτοι,
1703 3690 1886 3760 φησὶν,

318 3781 495 3851 ’Λμὼς
523 3779 618 3833 τοῦ
649 3780 715 3834 ὲκ
758 3780 960 3834 Θεκουὲ
1009 3781 1112 3850 τῆς
1144 3780 1480 3852 προφητείας
1525 3779 1577 3831 οἱ
1608 3779 1793 3847 λόγοι,
1827 3777 1877 3830 οἳ

304 3869 557 3940 γεγόνασι
587 3872 648 3925 ὲν
692 3872 1014 3942 Ἀκκαρείμ.
1067 3870 1260 3924 ’ἰστέον
1299 3872 1375 3932 δὲ.
1405 3871 1487 3924 ὅτι
1543 3869 1640 3940 τὴν
1670 3870 1877 3922 τοιάνδε

304 3960 462 4026 λέξιν,
512 3962 636 4030 ἦτοι
667 3961 728 4015 τὸ
759 3979 777 4013 ι
806 3961 863 4014 ὲν
894 3962 1218 4032 Ἀκκαρεὶμ,
1239 3979 1258 4013 ι
1296 3961 1397 4014 οὐκ
1429 3955 1570 4014 οἶδεν
1601 3960 1738 4022 ὅλως
1773 3959 1879 4012 τῶν

312 4048 580 4122 Ἔόραίων
607 4052 640 4122 ή
667 4051 896 4114 ἕκδοσις.
923 4051 1098 4105 Μόνον
1120 4052 1229 4122 γὰρ
1270 4052 1526 4122 εἰρήκασι
1557 4051 1640 4113 τὸ,
1687 4069 1706 4102 ι
1729 4051 1878 4118 λόγοι

315 4143 493 4213 ’Δμὼς
520 4144 586 4196 ὲκ
611 4141 834 4196 Θεκουέ.
861 4161 880 4195 ι
903 4143 968 4196 Οἵ
982 4159 1044 4210 γε
1074 4142 1180 4212 μὴν
1207 4142 1383 4212 ἕτεροι
1423 4142 1531 4194 τῶν
1553 4141 1879 4212 ἑρμηνευόν-

299 4251 404 4289 των
449 4235 578 4289 ἀντὶ
625 4234 734 4288 τῶν
765 4252 783 4285 ι
804 4235 862 4287 ἐν
901 4234 1206 4305 Ἀκκαρεὶμ
1230 4254 1248 4286 ι
1280 4233 1588 4288 τεθείκασιν
1609 4274 1624 4299 ,
1654 4235 1724 4286 ἐν
1753 4232 1877 4300 τοῖς

299 4321 972 4395 κτηνοτροφείοιςθῦτοι
981 4324 1158 4378 τοίνυν
1168 4328 1214 4379 οἱ
1226 4324 1372 4392 λόγοι
1386 4325 1444 4379 Ἀ
1454 4323 1569 4395 μὼς
1582 4325 1646 4378 ὲκ
1655 4322 1875 4389 Θεκουὲ,

2285 2875 2690 2968 TOMUS
2774 2875 3272 2968 PRIMUS.

2659 3025 2811 3080 CAP.
2852 3024 2891 3082 I.

2059 3137 2220 3193 Vsus.
2254 3139 2307 3193 Ι.
2341 3137 2612 3193 Sermones
2644 3140 2824 3205 Amos,
2855 3139 2944 3208 qui
2975 3138 3102 3205 facti
3140 3145 3258 3192 sunt
3311 3153 3362 3190 ιη
3390 3138 3555 3191 Acca.

1987 3230 2084 3283 rint
2112 3246 2176 3284 ea:
2204 3229 2424 3295 Thecue,
2453 3246 2582 3300 quos
2606 3231 2734 3283 vidit
2764 3245 2918 3298 super
2932 3228 3225 3283 Jerusalem
3275 3229 3328 3281 in
3377 3229 3557 3282 diebus

1990 3319 2135 3375 Gaia:
2166 3321 2296 3390 regis
2315 3319 2481 3385 Iuda,
2507 3331 2554 3374 et
2580 3322 2633 3373 in
2668 3319 2850 3372 diebus
2879 3317 3158 3373 Jeroboam
3179 3319 3278 3387 ﬁlii
3304 3317 3434 3373 Joas
3478 3334 3560 3373 re-

1984 3413 2062 3481 gis
2102 3411 2289 3476 Israel,
2326 3420 2446 3466 ante
2471 3412 2600 3465 duos
2629 3426 2792 3464 annos
2814 3420 2967 3464 terra:
2999 3416 3190 3466 motus.

2055 3589 2116 3644 II.
2151 3609 2169 3640 ‹
2195 3588 2483 3644 Sermones
2512 3590 2698 3655 Amos,
2716 3587 2807 3657 qui
2835 3586 2961 3642 facti
2991 3595 3116 3642 sunt
3137 3586 3191 3641 in
3217 3586 3464 3640 Accarim
3489 3599 3555 3639 ex

1985 3679 2222 3745 Thecue,
2245 3693 2391 3747 quos
2441 3676 2572 3731 vidit
2601 3691 2760 3746 super
2784 3675 3108 3732 Jerusalem.
3145 3693 3164 3727 ι
3193 3675 3260 3729 Ili
3286 3683 3431 3741 sunt,
3475 3675 3557 3727 in-

1984 3771 2124 3840 quit,
2154 3784 2434 3826 sermones
2487 3770 2786 3840 prophetici
2831 3771 2998 3824 Amos
3061 3766 3412 3829 Thecuensis,
3463 3765 3557 3833 qui

1984 3863 2112 3917 facti
2159 3871 2284 3918 sunt
2333 3862 2385 3916 in
2440 3863 2710 3918 Accarim.
2769 3860 3061 3922 Sciendum
3105 3866 3189 3912 est
3249 3852 3556 3924 huiusmodi

1984 3969 2190 4017 vocem,
2229 3971 2248 4006 ι
2291 3955 2346 4008 in
2397 3953 2667 4021 Aeearim,
2737 3970 2756 4005 ι
2796 3952 2864 4006 ab
2925 3950 3270 4006 Hebraeorum
3322 3947 3558 4002 editione

1985 4060 2208 4116 prorsus
2233 4045 2443 4112 abesse,
2484 4047 2536 4099 in
2559 4053 2886 4114 quatantum
2916 4051 3000 4098 est
3037 4041 3123 4096 his
3159 4038 3358 4103 verbis,
3385 4056 3404 4089 ι
3437 4051 3558 4092 ser-

1986 4151 2173 4192 mones
2201 4137 2366 4191 Amos
2407 4151 2474 4190 ex
2513 4134 2753 4190 Thecue.
2782 4153 2801 4188 ι
2835 4133 3287 4201 Aliiinterpretes
3310 4144 3459 4198 pro,¢
3503 4128 3554 4180 in

1983 4229 2254 4294 Acearim,
2293 4246 2314 4281 ι
2374 4235 2688 4296 posuerunt,
2747 4227 2806 4279 ὲν
2855 4220 3314 4294 κτηνοτροφείοις,
3364 4221 3415 4274 id
3449 4229 3554 4282 est.

1987 4319 2118 4375 locis
2177 4318 2276 4374 ubi
2318 4325 2560 4372 armenta
2611 4330 2705 4372 seu
2752 4315 2999 4384 jumcuta
3054 4319 3370 4381 pascuntur.
3417 4308 3557 4362 Sunt

297 4417 347 4468 οἵ
366 4383 836 4484 τινεςνγέγόνασιν
871 4417 928 4468 ὲν
962 4415 1138 4486 καιρῷ
1169 4414 1264 4468 τοῦ
1295 4383 1628 4486 ποιμάίνενιν,
1665 4415 1760 4467 ἐπὶ
1782 4383 1878 4468 καί

1991 4411 2149 4481 igitur
2169 4412 2222 4465 hi
2250 4422 2530 4465 sermones
2567 4408 2735 4464 Amos
2767 4421 2835 4461 ex
2862 4406 3097 4470 Thecue,
3131 4417 3225 4458 seu
3269 4401 3554 4456 Thecuen-

295 4509 490 4571 αὐταῖς
513 4508 625 4560 τῶν
671 4506 962 4576 προϐάτων
1003 4507 1214 4569 αὐλαῖς.
1257 4507 1428 4576 Ὑπὲρ
1473 4506 1531 4558 δὲ
1570 4505 1742 4576 αὐτῆς
1781 4506 1880 4576 τῆς

306 4600 671 4673 Ἰερουσαλὴμ
689 4601 790 4654 οὐκ
821 4598 1052 4653 ἀκοῦσαι
1085 4599 1266 4669 μόνον,
1290 4599 1404 4652 ἀλλ’
1423 4598 1724 4670 ἑωρακέναι
1746 4599 1878 4669 φησὶ

293 4695 418 4756 τοὺς
437 4693 656 4761 λόγους.
684 4691 928 4761 Ἐμφανῆ
949 4690 1058 4762 γὰρ
1079 4693 1189 4754 τοῖς
1215 4691 1523 4761 προφήταις
1543 4690 1877 4760 κατέστησεν

295 4788 324 4838 ὁ
352 4786 487 4848 Θεὸς
521 4783 658 4854 όμοῦ
695 4785 814 4846 ταῖς
860 4781 1236 4852 ἀποκαλύψεσι
1293 4783 1575 4852 μονονουχὶ
1617 4782 1711 4835 καὶ
1738 4780 1878 4835 αὑτά

203 4887 212 4891 ‘
297 4877 541 4948 παρόντα
564 4874 635 4928 τὰ
662 4875 983 4946 πράγματα,
1015 4872 1154 4927 ὥστε
1186 4873 1360 4926 δοκεῖν
1393 4873 1486 4924 καὶ
1515 4874 1646 4942 όρᾷν
1661 4871 1728 4924 αὐ
1749 4871 1874 4934 τοὺς

298 4967 392 5036 ἤδη
424 4966 556 5037 πρὶν
577 4964 831 5032 γενέσθαι
860 4963 986 5025 τοὺς
1004 4963 1214 5030 λόγους,
1242 4960 1569 5030 συνθεούσης
1604 4959 1746 5029 τάχα
1770 4975 1873 5012 που

299 5058 395 5126 τῆς
425 5058 536 5110 τῶν
575 5055 962 5126 ἐκϐησομένων
989 5055 1138 5117 θέας,
1173 5053 1253 5116 οἷς
1284 5053 1350 5106 ἂν
1383 5052 1516 5122 λέγῃ
1547 5051 1700 5114 Θεός.
1728 5051 1874 5122 Πλὴν

302 5149 472 5202 ἐκεῖνο
501 5148 785 5218 ζητήσεως
815 5146 984 5211 ἄξιον,
1017 5145 1133 5208 πῶς
1156 5145 1265 5215 γὰρ
1286 5143 1350 5196 ἄν
1376 5159 1458 5206 τις
1487 5141 1692 5213 οἰηθείη
1717 5143 1872 5210 γενέ-

305 5244 421 5292 σθαι
452 5241 579 5303 τοὺς
611 5240 802 5306 λόγους
831 5239 972 5308 ὑπέρ
1007 5255 1071 5306 γε
1122 5237 1223 5307 τῆς
1272 5235 1622 5308 Ἰερουσαλὴμ
1673 5235 1832 5306 μόνον
1856 5274 1870 5300 ,

305 5333 472 5384 7.15:6:
511 5332 600 5384 διὰ
629 5331 728 5401 τῆς
761 5329 924 5384 αὐτοῦ
956 5329 1048 5383 τοῦ
1085 5329 1361 5400 προφήτου
1382 5328 1566 5397 φωνῆς
1589 5328 1884 5381 καταιτιᾶ-.

303 5441 385 5478 τοι
414 5425 546 5487 Θεὸς
581 5424 672 5476 τόν
698 5440 757 5474 τε
802 5423 1001 5475 Ἰούδαν
1029 5424 1120 5475 καὶ
1147 5421 1238 5474 τὸν
1294 5420 1541 5490 Ἰσραήλ;
1599 5418 1742 5490 Ἔφη
1765 5419 1871 5490 γὰρ

305 5519 488 5580 πᾶλιν,
542 5518 626 5569 ὅτι
677 5534 695 5565 ι
737 5514 877 5567 Τάδε
907 5513 1056 5580 λέγει
1115 5511 1336 5583 Κύριος·
1378 5512 1500 5564 Ἐπὶ
1528 5513 1648 5575 ταῖς
1694 5512 1872 5581 τρισὶν

273 5753 286 5760 -
366 5683 406 5709 ’⁸
439 5697 726 5760 Αιιιοεηι,
771 5694 822 5750 9.
930 5696 975 5727 οι
1009 5693 1141 5748 Ibid.
1178 5692 1355 5748 10-15.

1975 4503 2078 4569 sis,
2099 4503 2190 4573 qui
2220 4503 2347 4557 facti
2379 4509 2526 4566 sunt,
2545 4514 2653 4571 quo
2679 4508 2917 4568 tempore
2938 4498 3112 4552 adhuc
3134 4505 3403 4565 pastorem
3434 4505 3556 4561 age-

1975 4597 2087 4662 bat,
2121 4603 2174 4650 et
2205 4594 2261 4648 in
2297 4594 2430 4662 ipsis
2472 4593 2656 4647 ovium
2691 4590 3075 4647 stabulis‘sive
3129 4586 3320 4655 septis.
3379 4585 3554 4652 Super

1977 4689 2094 4757 ipsa
2131 4696 2312 4741 autem
2340 4683 2642 4740 Jerusalem
2672 4699 2776 4740 non
2835 4681 3050 4736 audisse
3081 4688 3286 4733 tantum
3340 4689 3552 4730 sermo-

1976 4793 2094 4846 nes,
2119 4779 2212 4833 sed
2234 4775 2398 4848 248
2418 4786 2474 4831 et
2489 4775 2688 4830 vidisse
2715 4788 2774 4829 se
2805 4772 2954 4828 dicit.
3009 4771 3150 4825 Deus
3197 4768 3395 4836 quippe
3426 4779 3551 4834 pro-

1988 4871 2163 4941 phetis
2190 4885 2295 4924 una
2339 4884 2460 4925 cum
2508 4866 2926 4924 revelationibus
2974 4877 3062 4917 res
3110 4860 3450 4924 manifeStas,
3498 4865 3554 4912 et

1982 4971 2189 5017 tantum
2215 4976 2320 5016 non
2355 4967 2647 5030 praesentes
2669 4956 2818 5023 facit,
2850 4963 2909 5019 ut
2929 4954 3115 5008 videre
3139 4951 3242 5008 sibi
3268 4951 3556 5006 videantur

1980 5066 2278 5117 sermones,
2338 5060 2624 5119 antequam
2680 5047 2830 5111 ﬁant,
2885 5051 3244 5100 concurrente
3305 5040 3555 5097 fortassis

1981 5153 2268 5199 eventuum
2308 5142 2611 5195 futurorum
2639 5137 2754 5191 visu
2795 5151 2917 5191 eum
2957 5135 3043 5191 his
3077 5148 3197 5204 quae
3229 5132 3371 5188 Deus
3396 5131 3552 5185 dixea

1980 5235 2074 5290 rit.
2101 5233 2366 5289 Caeterum
2391 5231 2520 5286 Illud
2543 5230 3093 5301 quazstionediguum,
3118 5224 3388 5296 quomodo
3436 5220 3551 5276 exi-

1981 5326 2306 5382 stimandum
2343 5324 2512 5401 factos
2569 5337 2694 5378 esse
2721 5336 2996 5378 sermones
3028 5333 3190 5388 super
3255 5312 3554 5370 Jerusalem

1982 5418 2178 5484 solum,
2209 5433 2331 5474 cum
2365 5428 2544 5472 tamen
2565 5430 2700 5472 voce
2732 5415 2901 5484 ipsius
2947 5411 3221 5481 prophetae
3261 5405 3449 5460 Judam
3493 5407 3549 5452 et

1983 5509 2145 5568 Israel
2216 5511 2355 5568 Deus
2408 5510 2659 5567 accuset?
2716 5509 2806 5563 Ait
2839 5506 2979 5564 enim
3019 5497 3346 5564 infra:Quia
3382 5511 3401 5545 ι
3437 5492 3551 5556 haee

1434 5693 1479 5722 ³³
1534 5691 1592 5746 III
1627 5692 1755 5762 Reg.
1788 5708 1885 5757 xu,
1926 5691 2015 5752 29.
