3948 6208
330 606 338 611 ’
439 619 546 663 etc.
617 606 822 664 Deinde
863 625 1075 664 rursum
1133 626 1149 664 :

440 316 537 370 ιιι
1424 311 1485 366 s.
1520 271 1798 373 erLLI
1840 309 2305 367 ALEXANDRINI
2348 308 2671 367 ARCHIEP.
3598 308 3705 362 tie

440 428 570 482 dicit
601 425 858 483 Dominus
888 427 905 482 Ξ
932 426 1107 497 Super
1124 424 1296 481 tribus
1318 424 1613 481 sceleribus
1647 425 1876 481 filiorum
1931 423 2016 479 Ju-

2125 424 2398 489 ἀσεϐείαις
2424 424 2554 478 υἱῶν
2610 424 2799 486 Ἰούδα,
2832 424 2925 477 καὶ
2979 423 3071 476 ἐπὶ
3128 422 3244 485 ταῖς
3287 420 3581 487 τέσσαρσιν
3606 420 3701 472 οὑκ

440 520 531 584 da,
580 528 634 574 et
682 534 844 587 super
901 526 1134 589 quatuor
1180 533 1288 573 non
1345 527 1656 571 convertam
1707 532 1802 571 eos
1844 517 1891 549 ⁸⁵
1920 559 1935 582 ,
1990 537 2009 570 ι

2120 518 2613 588 ἀποστραφήσομαι
2669 515 2887 579 αὐτούς,
2917 535 2935 566 ι
2972 516 3065 569 καὶ⁵
3161 511 3306 582 ἑξῆς.
3341 507 3472 563 Εἶτα
3500 510 3703 573 τούτοις

1216 628 1234 661 ι
1292 608 1415 662 lianc
1490 608 1621 662 dicit
1700 606 2013 662 Dominus:

2120 605 2335 676 ἐφεξῆςο
2350 625 2367 657 ι
2393 605 2529 658 Τάδε
2545 605 2695 673 λέγει
2718 605 2939 676 Κύριος,
2970 605 3221 664 Ἔπὶταῖς
3237 601 3415 673 τρισὶν
3431 599 3703 660 ἀσεϐείαις

438 697 611 768 Super
671 701 844 755 tribus
907 701 1205 756 sceleribus
1259 699 1589 765 lsraelw,»
1647 710 1703 753 et
1751 713 1869 767 quae
1933 712 2016 752 se-

2132 695 2376 767 Ἰσραήλ,
2403 714 2419 746 ι
2449 695 2542 747 καὶ
2561 693 2705 765 ἑξῆς.
2738 690 3196 765 Προσεπενεγκὼν
3221 690 3277 743 δὲ
3305 689 3402 756 τῆς
3431 686 3706 757 ἁμαρτίας

438 803 678 860 quuntur
708 808 722 845 :
753 802 807 847 et
846 791 1128 847 recensitis
1149 792 1413 846 scelerum
1472 790 1775 863 generibus,
1813 790 2016 844 atrocia

2123 788 2249 851 τοὺς
2281 787 2538 858 τρόπους,
2572 786 2908 857 ἐπηπείλησε
2933 783 3001 836 τὰ
3031 782 3198 843 δεινὰ,
3226 781 3319 833 καὶ
3339 781 3415 842 ὡς
3448 778 3709 847 πλείστην

440 884 832 947 comminatur,
863 892 917 937 et
970 884 1160 938 ambos
1212 897 1373 951 quam
1428 881 1724 949 smpissime
1745 880 2014 950 obiurgat.

438 973 557 1031 Jam
593 974 756 1043 igitur
779 988 889 1044 quo
914 984 1071 1045 pacto
1106 990 1266 1043 super
1287 973 1586 1029 Jerusalem
1643 972 2017 1027 tantummodo

438 1079 719 1119 sermones
750 1064 875 1119 facti
896 1080 1020 1121 esse
1046 1065 1269 1135 intelligi
1294 1072 1539 1133 possunt,
1590 1078 1710 1117 cum
1759 1062 1901 1117 Deus
1933 1063 2013 1117 di-

439 1166 549 1220 cat,
577 1174 597 1207 ι
658 1155 865 1211 Mittam
908 1157 1085 1226 ignem
1136 1171 1299 1225 super
1346 1154 1539 1210 Judam
1571 1154 1640 1220 ",
1668 1172 1687 1205 ι
1728 1163 1834 1211 etc.
1863 1152 2019 1208 Nunc

436 1264 541 1317 qua
571 1249 781 1302 ratione
822 1249 1253 1316 respondendum
1308 1247 1377 1302 sit
1420 1247 1846 1305 consideremus.
1875 1246 2018 1301 Dici-

2116 879 2249 949 ὅσην
2274 878 2393 931 κατ’
2424 879 2626 948 ἀμφοῖν
2667 879 2695 930 ὁ
2742 877 2898 945 λόγος
2937 873 3085 943 αὐτῷ
3114 872 3211 941 τὴν
3236 869 3524 940 ἐπίπληξιν
3548 869 3706 938 ἔχει.

2118 968 2243 1031 Πῶς
2292 963 2385 1021 οὖν
2435 968 2575 1039 ὑπὲρ
2608 967 2708 1037 τῆς
2741 965 3095 1037 Ἰερουσαλὴμ
3148 962 3473 1032 γεγενῆσθαι
3520 959 3711 1011 λοιπὸν

2117 1060 2302 1113 νοοῖντ⁹
2328 1060 2392 1113 ἂν
2413 1060 2462 1111 οἱ
2490 1058 2659 1127 λόγοι,
2692 1057 2866 1110 καίτοι
2912 1054 3049 1107 Θεοῦ
3102 1054 3380 1121 λέγοντος,
3418 1070 3436 1100 σ
3476 1048 3711 1112 Ἐξαποο

2120 1151 2289 1205 στελῶ
2317 1152 2425 1221 πῦρ
2454 1152 2546 1203 ἐπὶ
2582 1150 2801 1213 Ἰούδαν,
2838 1168 2855 1200 ι
2889 1148 2984 1201 καὶ
3008 1146 3075 1199 τὰ
3108 1146 3251 1213 έξῆς.
3280 1142 3377 1205 Τίς
3417 1138 3514 1194 οὖν
3553 1140 3711 1192 ἔσται

2116 1243 2219 1312 τῆς
2242 1242 2538 1310 ἀπολογίας
2560 1244 2587 1294 ό
2611 1239 2833 1310 τρόπος,
2863 1237 3017 1307 φέρε.
3046 1231 3490 1302 διασκεψώμεθα.
3524 1228 3711 1297 Φαμὲν

435 1352 557 1391 mus
583 1351 873 1393 consuesse
901 1344 1118 1393 sanctos
1142 1339 1433 1406 prophetas
1477 1338 1765 1408 aliquando
1801 1339 2015 1407 quidem

2124 1330 2219 1389 οὖν
2241 1335 2322 1391 ὅτι
2358 1334 2478 1396 ἔθος
2501 1336 2613 1396 τοῖς
2638 1331 2816 1399 ἁγίοις
2849 1329 3174 1399 προφήταις,
3194 1324 3322 1376 ποτὲ
3354 1323 3452 1392 μὲν
3470 1320 3713 1374 διεσταλ-

435 1431 691 1484 distincte
716 1430 847 1482 duas
873 1429 1046 1482 tribus
1081 1428 1495 1499 Hierosolymis,
1520 1429 1711 1484 ludam
1746 1441 1800 1485 et
1821 1430 2016 1501 Benja-

2128 1426 2308 1496 μένως
2366 1424 2465 1487 τὰς
2521 1424 2613 1477 δύο
2652 1421 2845 1492 φυλὰς,
2888 1419 2988 1481 τὰς
3032 1420 3089 1469 ἐν
3142 1417 3255 1477 τοῖς
3294 1410 3711 1501 Ἰεροσολύμοις,

436 1518 570 1580 min,
609 1517 771 1572 lsrael
811 1532 1008 1573 vocare
1033 1535 1047 1583 ;
1074 1532 1264 1575 rursus
1286 1520 1577 1590 aliquando
1606 1521 1791 1576 decem
1820 1500 2016 1587 tribus,

2130 1516 2328 1570 Ἰούδαν
2354 1531 2414 1567 τε
2446 1514 2547 1568 καὶ
2572 1513 2848 1582 Βενιαμὶν,
2890 1507 3103 1579 Ἰσραὴλ
3133 1502 3445 1568 ἀποκαλεῖν,
3496 1501 3630 1553 ποτὲ
3656 1500 3712 1552 δὲ

432 1611 628 1678 ηιιωίη
660 1610 928 1674 Samaria,
962 1611 1120 1665 aliter
1159 1610 1340 1675 lsrael,
1373 1612 1489 1666 sive
1534 1612 1789 1681 Ephraim
1836 1613 2015 1666 nomi—

2120 1603 2187 1662 αὖ
2231 1607 2330 1671 τάς
2355 1609 2413 1662 ἐν
2440 1609 2505 1677 τῇ
2543 1603 2825 1675 Σαμαρείᾳ
2857 1600 2988 1655 δέκα
3016 1597 3209 1667 φυλὰς,
3249 1596 3450 1666 ἑτέρως
3494 1593 3709 1664 Ἰσραὴλ

433 1714 586 1763 nare,
605 1699 1042 1769 frequentissime
1070 1702 1216 1755 enim
1248 1700 1605 1755 confundunt.
1666 1702 1732 1757 Et
1764 1704 2016 1771 quoniam

2124 1698 2435 1770 ὀνομάζειν,
2454 1700 2623 1769 ἤγουν
2649 1694 2908 1765 Ἑφραῒμ,
2930 1689 3279 1762 ἀδιαφοροῦσι
3296 1688 3353 1740 δέ
3370 1686 3705 1746 πλειστάκις.

430 1807 621 1847 omnes
677 1792 945 1862 sanguine
987 1793 1202 1848 lsraelis
1227 1794 1439 1848 oriundi
1465 1802 1611 1861 sunt,
1643 1795 1747 1848 lioc
1804 1795 2016 1850 nomine

2128 1792 2237 1843 Καὶ
2267 1790 2498 1859 ἐπείπερ
2527 1789 2665 1841 εἰσὶν
2696 1788 2745 1840 oi
2803 1785 3003 1848 πάντες
3061 1782 3119 1848 ἐξ
3174 1780 3403 1851 αἵματος
3460 1776 3708 1847 Ἰσραὴλ,

432 1872 559 1937 item
592 1882 873 1937 duodecim
908 1884 1079 1939 tribus
1102 1885 1392 1954 appellant.
1423 1888 1574 1953 Quod
1608 1887 1655 1941 si
1703 1886 1841 1942 forte
1861 1888 2026 1942 velint

432 1984 599 2028 totam
633 1973 786 2029 nobis
840 1973 1151 2029 Jndaaorum
1219 1964 1621 2032 multitudinem
1684 1979 2020 2047 signiﬁcare,

432 2081 538 2120 non
568 2065 681 2134 jam
713 2066 945 2133 amplius
978 2067 1235 2122 distincte
1297 2068 1516 2125 lsraelis
1564 2072 1888 2124 vocabulum
1925 2087 2022 2140 po—

432 2168 585 2213 nunt.
625 2159 774 2212 Facti
816 2167 943 2213 sunt
1002 2158 1165 2225 igitur
1214 2173 1495 2215 sermones
1539 2161 1704 2215 Amos
1747 2163 2024 2230 prephetm

432 2267 595 2321 super
623 2252 769 2306 omni
796 2251 1134 2305 multitudine
1164 2250 1461 2316 Judze,tum
1519 2267 1638 2321 qum
1718 2250 2025 2322 Hierosoly-

432 2339 535 2393 mis
557 2347 725 2404 esset,
760 2348 870 2392 tum
906 2354 1026 2409 quae
1049 2338 1100 2392 in
1137 2339 1406 2395 Samaria.
1441 2339 1560 2395 Jam
1611 2343 1885 2411 quomodo
1916 2345 2024 2398 sint

431 2443 594 2498 super
618 2430 749 2497 ipsis
770 2430 1055 2484 dicendum
1086 2441 1188 2485 est.
1232 2432 1441 2502 Duplex
1470 2448 1789 2501 responsum
1829 2451 2022 2504 suppe-

433 2518 592 2573 ditat.
633 2519 872 2573 Primum
894 2519 1037 2573 enim
1075 2520 1376 2576 introduxit
1417 2521 1794 2578 universorum
1854 2525 2019 2580 Deum

426 2608 737 2666 Iudaeorum
796 2610 1095 2682 Synagogae
1156 2621 1376 2680 peccata
1458 2625 2019 2691 commemorantem;

428 2714 572 2772 post,
606 2711 867 2760 eventura
890 2703 1021 2771 ipsis
1078 2707 1553 2774 praenuntiantem,
1611 2714 1665 2760 et
1691 2706 1891 2774 adjecit
1942 2709 2023 2763 his

426 2795 568 2849 bona
594 2809 660 2848 ex
693 2794 1025 2865 benignitate
1066 2809 1184 2861 sua,
1218 2805 1275 2851 et
1305 2796 1441 2860 lore,
1475 2806 1533 2850 ut
1576 2798 1881 2868 largissime
1933 2813 2023 2854 ve-

427 2884 576 2937 niam
611 2894 1117 2953 consequantur,et
1161 2887 1228 2939 ad
1281 2887 1568 2954 pristinum
1624 2898 1824 2944 statum
1864 2904 2021 2944 reno-

428 2983 643 3026 ventur.
674 2974 814 3028 Dicit
841 2976 985 3031 enim
1013 2991 1204 3031 rursus
1234 2976 1372 3031 idem
1391 2978 1579 3043 Amos,
1609 2988 1669 3033 ut
1688 2994 1751 3035 ex
1786 2996 2018 3050 persona

427 3061 524 3116 Dei
560 3078 573 3113 :
610 3082 627 3114 ι
660 3064 1046 3120 Verumtamen
1075 3081 1181 3121 non
1227 3067 1280 3121 in
1307 3067 1465 3123 linem
1489 3081 1768 3124 conteram
1794 3073 2013 3127 domum
2044 3108 2089 3169 ο

425 3150 615 3219 Jacob,
650 3154 727 3208 ait
757 3155 1040 3212 Dominus.
1072 3157 1212 3223 Quia
1235 3173 1363 3213 ecce
1398 3174 1501 3229 ego
1533 3161 1750 3226 mando,
1800 3172 1854 3217 et
1890 3177 2018 3217 con-

426 3254 600 3301 teram
667 3247 721 3302 in
769 3248 1023 3305 omnibus
1073 3249 1326 3319 gentibus
1378 3251 1599 3307 domum
1651 3252 1837 3319 lsrael,
1874 3255 2018 3310 sicut

427 3336 735 3391 concutitur
766 3337 1003 3392 triticum
1039 3339 1094 3394 in
1120 3341 1325 3405 cribro,
1354 3351 1409 3397 et
1446 3357 1552 3398 non
1600 3345 1758 3400 cadet
1789 3361 2015 3414 granum

426 3440 593 3495 super
649 3438 848 3483 terram
891 3430 960 3485 θα.
1020 3449 1043 3483 ι
1088 3430 1422 3487 Ρταξιιιιιιιίοι
1476 3443 1656 3490 autem
1708 3439 2015 3495 necessario

425 3519 590 3573 etiam
649 3520 881 3575 futuram
940 3523 1367 3594 redemptionem
1448 3540 1547 3595 per
1601 3526 1900 3594 Christum,
1964 3539 2019 3585 et

426 3609 758 3666 transituros
780 3614 845 3665 ad
873 3615 1294 3682 renovationem,
1319 3615 1483 3687 249
1514 3615 1848 3690 Dominoque
1908 3622 2009 3675 mi-

427 3707 667 3765 serante,
696 3700 858 3755 vitam
877 3700 1167 3769 jucundam
1201 3706 1459 3761 victuros.
1491 3707 1582 3762 Ait
1626 3710 1769 3764 enim
1800 3725 2014 3766 rursum

427 3790 552 3848 sic:
613 3810 633 3845 ι
689 3791 749 3847 In
799 3793 888 3850 die
928 3794 1013 3850 illa
1104 3798 1383 3852 luscitabo
1429 3799 1837 3858 tabernaculum
1908 3802 2015 3858 Da-

432 3883 529 3939 vid
554 3884 623 3950 ⁸⁷,
662 3902 681 3936 ι
724 3893 829 3940 etc.

498 4152 605 4208 Sed
662 4166 944 4209 sermones
994 4168 1159 4225 super
1185 4152 1487 4211 Jerusalem
1511 4154 1674 4211 etiam
1724 4156 1833 4211 aiio
1856 4156 2017 4213 modo

426 4246 649 4313 intelligi
677 4255 823 4302 recte
846 4255 1090 4316 possunt.
1119 4247 1290 4317 Syria:
1317 4247 1461 4303 enim
1514 4255 1568 4303 et
1620 4246 1869 4304 Damasci
1927 4263 2016 4303 re-

426 4351 541 4407 ges.
571 4348 627 4391 et
654 4336 1008 4392 ﬁnitimarum
1060 4339 1298 4408 gentium
1341 4352 1447 4393 non
1478 4354 1660 4408 paucae
1692 4338 2003 4396 Judteovum

2124 1880 2295 1944 οὕτως
2319 1880 2642 1951 ὀνομάζουσι
2664 1878 2763 1941 τὰς
2790 1877 2902 1941 δύο,
2939 1876 3033 1928 καὶ
3060 1874 3190 1927 δέκα
3221 1871 3411 1939 φυλάς.
3453 1868 3517 1921 Εἰ
3548 1868 3605 1919 δέ
3650 1868 3712 1936 δὴ

2128 1973 2402 2043 βούλοιντο
2432 1972 2527 2025 καὶ
2555 1971 2773 2025 ἅπασαν
2821 1970 2953 2039 ἡμῖν
3010 1964 3397 2034 κατασημῆναι
3428 1959 3589 2030 τυχὸν
3614 1960 3716 2026 τὴν

2124 2064 2233 2118 τῶν
2286 2064 2559 2117 Ἰουδαίων
2583 2060 2931 2128 Συναγωγὴν,
2986 2057 3169 2111 οὐκέτι
3200 2054 3598 2123 διεσταλμένως
3637 2050 3717 2119 τῷ

2124 2153 2217 2208 τοῦ
2266 2153 2480 2225 Ἰσραὴλ
2514 2153 2735 2222 ὀνόματι
2764 2150 3136 2219 κεχρημένους
3185 2147 3511 2215 εὑρήσομεν.
3542 2141 3717 2210 Γεγό-

2125 2261 2244 2299 νασι
2278 2245 2341 2315 δὴ
2369 2240 2461 2297 οὖν
2493 2243 2593 2312 τῆς
2622 2242 2716 2294 τοῦ
2743 2240 2921 2311 ’Λμὼς
2950 2238 3286 2310 προφητείας
3309 2238 3357 2288 οἱ
3384 2236 3532 2303 λόγοι
3569 2234 3716 2305 ὑπὲρ

2126 2338 2306 2406 πάσης
2333 2337 2431 2407 τῆς
2460 2334 2719 2397 Ἰουδαίας
2744 2332 2998 2402 πληθύος,
3018 2330 3116 2400 τῆς
3137 2331 3270 2382 τεέν
3297 2326 3713 2398 Ἱεροσολύμοις,

2124 2430 2218 2482 καὶ
2250 2428 2348 2501 τῆς
2373 2429 2430 2481 ἐν
2449 2426 2749 2496 Σαμαρείᾳ.
2784 2410 2908 2487 Πῶς
2960 2424 3003 2475 δ’
3038 2422 3102 2475 ἂν
3151 2418 3258 2475 εἷεν
3305 2421 3444 2491 ὑπὲρ
3492 2418 3674 2471 αὐτῶν
3696 2459 3717 2481 ι

2124 2522 2301 2574 εἰπεῖν
2329 2520 2648 2586 ἀναγκαῖον.
2685 2517 2842 2569 Ἔστι
2866 2514 3047 2568 τοίνυν
3087 2513 3263 2575 διττὸς
3290 2514 3420 2582 ἡμῖν
3451 2511 3549 2580 τῆς
3577 2511 3720 2562 diato-

2128 2611 2317 2680 λογίας
2354 2611 2381 2662 ὁ
2406 2609 2624 2678 τρόπος.
2656 2607 2878 2678 Πρῶτον
2913 2607 3007 2677 μὲν
3054 2604 3162 2674 γάρ
3220 2602 3566 2672 είσκεκόμικε
3620 2616 3719 2652 τον

2121 2700 2231 2753 τῶν
2259 2699 2395 2753 ὅλων
2429 2697 2562 2750 Θεὸν
2587 2698 2685 2768 τῆς
2719 2696 2827 2748 τῶν
2860 2694 3127 2748 Ἰουδαίων
3163 2693 3495 2761 Συναγωγῆς
3526 2689 3718 2759 ἀμαρ-

2120 2791 2241 2853 τίας
2283 2789 2698 2859 ἀφηγούμενον,
2765 2780 2885 2838 εἶτα
2941 2782 3011 2836 τὰ
3072 2780 3307 2850 ἐσόμενα
3365 2777 3483 2831 κατ’
3544 2776 3717 2831 αὑτοῦ

2122 2877 2637 2951 προαπηγγελκότα,
2663 2873 2976 2948 προσετίθει
3007 2873 3064 2927 δὲ
3094 2870 3304 2934 τούτοις
3324 2870 3390 2923 τὰ
3411 2870 3470 2936 ἐξ
3502 2868 3717 2939 ἡμερό-

2120 2988 2287 3042 τητος
2316 2968 2520 3038 ἀγαθὰ,
2556 2968 2651 3022 καὶ
2671 2968 2753 3021 ὅτι
2785 2966 2927 3020 κατά
2963 2965 3154 3036 καιρὸν
3183 2962 3408 3032 πλείστη
3439 2977 3524 3023 τις
3548 2960 3716 3029 γενή-

2123 3080 2276 3117 σεται
2336 3059 2517 3115 αὐτῶν
2565 3058 2754 3128 φειδὼ,
2797 3059 2892 3112 καὶ
2938 3056 3332 3127 ἀνακαινισμὺς
3386 3054 3467 3115 είς
3506 3052 3569 3105 τὸ
3610 3051 3715 3104 ἀπ’

2120 3153 2318 3225 ἀρχῆς.
2342 3153 2487 3222 Ἔφη
2511 3150 2620 3223 γὰρ
2639 3150 2800 3205 πάλιν
2827 3150 2989 3215 αὐτὸς
3011 3151 3041 3203 ὁ
3074 3148 3276 3219 ’Δμὼς,
3303 3146 3379 3209 ὼς
3401 3147 3466 3198 ἐκ
3496 3141 3718 3213 προσώ-

2119 3262 2222 3301 που
2246 3243 2342 3297 τοῦ
2370 3243 2505 3297 Θεοῦ
2535 3261 2549 3276 ·
2587 3262 2607 3295 ε
2642 3243 2792 3315 Πλὴν
2822 3242 2906 3299 ὅτι
2936 3240 3036 3294 οὐκ
3088 3240 3168 3302 είς
3214 3238 3367 3300 τέλος
3404 3235 3583 3306 ἐξαρῶ
3617 3235 3719 3287 τὸν

2117 3332 2265 3391 οἷκον
2310 3334 2530 3400 Ἰακὼϐ,
2562 3335 2713 3404 λέγει
2748 3333 2971 3404 Κύριος.
3019 3331 3164 3385 Διότι
3220 3330 3329 3383 ἰδοὺ
3366 3327 3476 3396 ἐγὼ
3527 3326 3716 3380 ἐντέλ-

2118 3426 2309 3497 λομαι,
2338 3427 2436 3481 καὶ
2456 3426 2661 3499 λικμιῶ
2689 3426 2749 3480 ἐν
2775 3426 2912 3480 πᾶσι
2937 3426 3049 3487 τοῖς
3079 3422 3256 3479 ἔθνεσι
3298 3420 3389 3473 τὸν
3439 3413 3585 3472 οἷκον
3611 3417 3719 3473 τοῦ

2131 3518 2370 3590 Ἰσραὴλ,
2394 3518 2454 3573 ὃν
2483 3520 2683 3590 τρόπον
2706 3516 2967 3587 λικμᾶται
2986 3516 3044 3568 ἐν
3069 3512 3146 3583 τῷ
3176 3510 3375 3582 λικμῷ,
3413 3510 3510 3564 καὶ
3536 3510 3597 3562 οὐ
3632 3511 3712 3579 μὴ

2118 3610 2263 3684 πέσῃ
2291 3611 2609 3683 σύντριμμα
2629 3608 2723 3664 ἐπὶ
2763 3608 2862 3679 τὴν
2909 3606 3036 3677 γῆν.
3081 3624 3102 3658 ι
3142 3601 3601 3676 Προκαταμηνύει
3649 3601 3713 3653 δὲ

2116 3704 2435 3773 ἀναγκαίως
2458 3705 2549 3758 καὶ
2582 3702 2681 3774 τὴν
2712 3688 2982 3772 ἐσομένην
3013 3698 3283 3768 λύτρωσιν
3309 3696 3396 3750 διὰ
3422 3694 3662 3767 Χριστοῦ
3689 3734 3706 3757 ,

2116 3796 2212 3849 καὶ
2250 3796 2333 3849 ὃτι
2400 3795 2780 3865 μεταχωρήσει
2844 3790 2982 3861 πρὸς
3040 3788 3454 3858 ἁνακαινισμδν,
3501 3785 3597 3839 καὶ
3648 3787 3713 3838 ἐν

2117 3886 2382 3959 εὐπαθείᾳ
2403 3887 2617 3941 ἔσονται
2642 3885 3113 3956 κατοικτείροντος
3133 3881 3290 3937 Θεοῦ.
3320 3882 3462 3951 Ἔφη
3484 3880 3541 3933 δὲ
3560 3877 3714 3933 οὕτω

2119 3981 2305 4034 πάλιψ
2354 3998 2375 4032 ι
2406 3980 2494 4033 Ἐν
2524 3981 2591 4049 τῇ
2625 3977 2809 4050 ἡμέρᾳ
2840 3976 3024 4051 ἐκείνῃ
3052 3978 3341 4046 ἀναστήσω
3368 3976 3466 4045 τὴν
3498 3971 3709 4043 σκηνὴν

2117 4071 2304 4135 Δαϐὶδ,
2343 4089 2361 4123 ι
2393 4071 2490 4125 καὶ
2516 4071 2589 4124 τὰ
2618 4071 2769 4140 ἑξῆς.

2188 4162 2395 4218 Ούκοῦν
2428 4163 2569 4233 ὑπὲρ
2621 4162 2722 4232 τῆς
2757 4160 3115 4233 Ἰερουσαλὴμ
3161 4158 3212 4212 οἱ
3249 4158 3396 4227 λόγοι
3444 4155 3539 4210 καὶ
3579 4155 3702 4209 καθ’

2116 4256 2302 4327 ἓτερον
2331 4256 2469 4327 ὑπὲρ
2492 4255 2663 4325 αὐτῆς
2691 4255 2883 4308 νοοῖντ*
2907 4252 2973 4307 ἂν
3001 4251 3247 4315 εἰκότως.
3283 4249 3450 4321 Συρία
3480 4265 3541 4301 τε
3568 4248 3699 4317 γὰρ,

2117 4350 2210 4403 καὶ
2238 4349 2288 4401 οί
2314 4344 2607 4418 Δαμασκοῦ
2649 4345 2912 4416 βασιλεῖς,
2966 4344 3063 4397 καὶ
3117 4344 3225 4396 τῶν
3268 4343 3482 4412 ὁμόρων
3533 4339 3705 4393 ὲθνῶν

427 4428 701 4497 regionem
738 4427 1254 4490 devastarunt,aiias
1280 4426 1398 4482 alize
1449 4428 1811 4497 insurgentes.
1862 4445 2013 4485 eam-

2120 4440 2217 4493 ούκ
2244 4438 2413 4507 ὀλίγοι
2439 4438 2538 4509 τὴν
2562 4437 2671 4491 τῶν
2701 4437 2972 4491 Ἰουδαίων
3031 4435 3217 4507 χώραν
3270 4434 3665 4503 διελυμήναντο
3682 4472 3698 4497 ,

426 4534 532 4587 que
558 4517 824 4587 susdeque
858 4517 1120 4573 vertendo
1163 4518 1345 4573 hostili
1402 4533 1553 4574 more
1597 4520 2006 4590 depopulantes,

376 4608 381 4613 ’
433 4619 486 4665 et
512 4608 973 4677 eximpotentiira
999 4609 1052 4662 in
1085 4618 1383 4665 extremam
1418 4610 1689 4667 miseriam
1707 4613 2007 4683 conjicien-

424 4714 531 4758 tes.
563 4702 660 4758 His
694 4703 858 4773 igitur
884 4702 1137 4757 omnibus
1176 4702 1544 4760 vastatoribus
1592 4704 1709 4775 ejus
1753 4707 2013 4777 propheta

431 4795 599 4850 Deum
634 4795 1023 4853 desolationem
1080 4793 1531 4861 comminantem,
1574 4805 1629 4851 et
1683 4796 2012 4855 nefariorum

428 4886 695 4944 scelerum
714 4904 902 4959 pinnas
929 4903 1049 4945 sese
1073 4896 1390 4945 exacturum
1410 4890 1810 4959 promittentem
1840 4890 2013 4946 intro-

429 4977 598 5034 duxit.
618 4980 757 5049 Ergo
783 4998 945 5051 super
966 4980 1289 5047 Jerusalem,
1308 4981 1423 5037 sive
1452 4995 1617 5049 super
1637 4995 1851 5037 onmem
1875 4980 2014 5039 Juda

429 5083 708 5126 sermones
733 5073 899 5129 Amos
924 5073 1049 5130 facti
1076 5084 1221 5131 sunt.
1255 5073 1311 5130 Id
1355 5075 1503 5144 quod
1525 5074 1810 5144 perspicue
1844 5090 2013 5145 appa-

430 5161 591 5227 rebit,
616 5162 661 5216 si
695 5172 933 5233 tempora
955 5168 1254 5234 prophetiae
1294 5167 1765 5237 perpenderimus.
1814 5167 2012 5238 Sequi-

352 5274 355 5281 ’
432 5264 525 5311 tur
553 5254 703 5310 enim
725 5269 741 5308 :
766 5274 793 5307 «ν
830 5255 885 5310 in
915 5256 1105 5313 diebus
1135 5258 1282 5314 Oaiae
1309 5261 1449 5329 regis
1470 5258 1630 5327 Iuda,
1657 5267 1712 5316 et
1740 5261 1793 5315 in
1827 5261 2013 5317 diebus

430 5344 843 5403 Jeroboamiilii
879 5346 1007 5402 Joas
1035 5348 1176 5419 regis
1206 5347 1394 5417 Israel,
1419 5351 1627 5407 duobus
1681 5354 1839 5409 annis
1888 5363 2014 5409 ante

435 5448 591 5495 terra
608 5449 833 5493 motum.
859 5458 878 5491 ι
902 5438 1008 5494 Sed
1030 5438 1267 5508 objiciet.
1296 5442 1508 5511 Opinor,
1543 5443 1834 5513 quispiam,
1861 5444 2003 5511 Quid

435 5526 678 5607 proderit
702 5526 1025 5597 lectoribus,
1067 5530 1113 5586 si
1158 5528 1372 5585 curiose
1413 5540 1470 5587 et
1524 5532 1792 5601 exquisite
1828 5548 2013 5603 regum

2113 4533 2301 4587 ἄλλοτε
2345 4531 2495 4585 ἄλλοι
2548 4530 3103 4601 κατεξανιστάμενοι,
3168 4528 3265 4583 καὶ
3305 4526 3703 4596 καταδηοῦντες

2115 4624 2285 4693 αὐτὴν
2306 4622 2530 4691 ἄγοντές
2557 4640 2617 4675 τε
2646 4623 2742 4676 καὶ
2765 4621 3048 4693 φέροντες,
3094 4620 3189 4675 καὶ
3229 4619 3299 4673 τὰ
3341 4618 3401 4684 ἐξ
3428 4616 3706 4689 ἀκρατοῦς

2115 4716 2351 4786 δρῶντες
2375 4714 2549 4784 ὀργῆς
2585 4714 2661 4777 ὡς
2710 4714 2791 4777 είς
2838 4713 3077 4785 ἐσχάτην
3125 4711 3319 4774 αὐτοὺς
3377 4708 3707 4767 καθικέσθαι

2110 4806 2508 4877 ταλαιπωρίαν.
2544 4805 2771 4869 Τούτοις
2798 4805 2863 4877 δὴ
2908 4800 3003 4859 οὖν
3044 4804 3216 4858 ἅπασι
3267 4802 3382 4865 τοῖς
3421 4799 3708 4871 πεπορθη-

2112 4899 2265 4954 κόσιν
2310 4896 2481 4966 αὐτὴν
2531 4896 2919 4967 είσκεκόμικεν
2961 4896 2989 4951 ὁ
3044 4894 3332 4966 προφήτης
3372 4890 3706 4948 ἀπειλοῦντα

2110 4987 2242 5041 Θεὸν
2279 4985 2377 5058 τὴν
2405 4987 2709 5057 ἐρήμωσιν.
2762 4986 2875 5041 Καὶ
2918 4985 3075 5054 δίκην
3124 4984 3230 5054 ἔφη
3281 4980 3700 5054 πραχθήσεσθαι

2110 5079 2219 5133 τῶν
2243 5076 2475 5132 ἀνοσίων
2500 5077 2920 5149 ἐγχειρημάτων
2950 5073 3164 5137 αὐτούς.
3190 5071 3399 5127 Ούκοῦν
3431 5069 3572 5141 ὑπὲρ
3598 5070 3704 5141 τῆς

2122 5167 2497 5242 Ἰερουσαλὴμ,
2539 5169 2708 5240 ἧγουν
2738 5168 2879 5238 ὑπὲρ
2902 5167 3084 5237 πάσης
3114 5164 3216 5234 τῆς
3243 5162 3416 5218 Ἰούδα
3448 5178 3699 5231 συναγω-

2110 5260 2213 5330 γῆς
2240 5260 2291 5317 oi
2313 5257 2408 5312 τοῦ
2447 5258 2632 5329 Ἀμὼς
2663 5256 2919 5327 γεγόνασι
2948 5255 3120 5324 λόγοι.
3157 5253 3430 5325 Είσόμεθα
3452 5252 3509 5307 δὲ
3533 5251 3697 5307 τοῦτο

2111 5353 2299 5422 σαφῶς
2328 5352 2455 5416 τοὺς
2495 5352 2593 5421 τῆς
2631 5348 2970 5423 προφητείας
3017 5347 3399 5419 βασανίζοντες
3441 5346 3688 5418 χρόνους.

2110 5447 2303 5500 Κεῖται
2349 5445 2458 5517 γὰρ
2516 5442 2735 5515 ἐφεξῆς,
2786 5460 2805 5492 ιι
2840 5441 2932 5494 Ἐν
2982 5440 3171 5512 ἡμέρᾳ
3224 5438 3401 5503 Ὀζίου
3445 5438 3544 5491 τοῦ
3606 5436 3697 5507 βας

2112 5534 2303 5599 σιλέως
2344 5534 2538 5603 Ἰούδα,
2586 5533 2679 5587 καὶ
2718 5533 2777 5587 ἐν
2808 5530 3042 5603 ἡμέραις
3103 5529 3385 5601 Ἰεροϐοάμ
3420 5527 3514 5585 τοῦ
3539 5526 3699 5592 Ἰωὰς

507 5707 559 5745 "‘
580 5709 748 5771 Amos
800 5726 861 5778 ιι,
896 5711 948 5766 Α..
1025 5710 1091 5743 ⁸⁸⁸
1132 5708 1267 5768 ibid.
1309 5709 1365 5768 ϐ.
1437 5711 1482 5748 ⁸³
1523 5708 1657 5767 lbiu.
1689 5711 1739 5767 5.
1818 5714 1865 5745 ³⁸
1908 5713 2016 5809 Am:

2126 5728 2180 5779 ς,
2233 5712 2284 5765 ρ.
2321 5710 2375 5768 9.
2450 5712 2494 5745 ’⁷
2528 5707 2660 5765 Ibid.
2697 5709 2779 5764 ll.
