3950 6200
303 288 414 363 us

1258 286 1803 349 COMMENTARIUS
1842 287 1909 343 IN
1948 286 2132 344 AMOS
2171 286 2619 346 I‘ROPHETAM.

3470 300 3573 354 ιιι

306 407 577 481 βασιλέως
600 405 838 477 Ἰσραὴλ,
860 401 960 476 πρὸ
987 404 1076 458 δύο
1105 404 1240 457 ἐτῶν
1272 404 1364 457 τοῦ
1393 400 1637 471 σεισμοῦ.
1678 420 1695 453 ι
1721 400 1870 464 Ἀλλ’,

1981 404 2096 474 jam
2124 400 2527 456 nominatorum
2587 412 2831 474 tempora
2885 403 3282 475 indagaverint,
3312 406 3457 465 Oziae
3492 414 3574 465 vi-

299 496 482 569 οἶμαι,
510 497 594 561 τὶς
644 498 778 566 ἐρεῖ,
810 496 921 549 Καὶ
950 494 1003 547 τί
1040 494 1102 546 τὸ
1131 493 1316 545 τελοῦν
1345 494 1424 555 εἰς
1458 491 1643 561 όνησιν
1670 492 1780 553 τοῖς
1797 491 1884 541 ὲν-

298 589 650 659 τευξομένοις
671 588 732 641 τὸ
765 587 961 659 χρῆναι
998 584 1476 656 περιεργάζεσθαι,
1531 583 1625 637 καὶ
1679 581 1885 653 σφόδρα

298 683 516 746 λεπτῶς
537 682 638 752 τῆς
669 681 939 751 βασιλείας
970 680 1094 744 τοὺς
1117 679 1339 748 χρόνους
1374 676 1484 730 τῶν
1516 675 1717 747 ἀρτίως
1750 674 1885 728 ὠνο-

300 774 626 847 μασμένων,
670 774 847 837 Ὀζίου
904 789 985 838 τε,
1039 772 1199 840 φημὶ,
1253 767 1347 821 καὶ
1378 767 1557 839 μέντοι
1590 766 1683 820 καὶ
1724 767 1885 835 Ἰερο-

299 867 483 937 ϐοάμ;
513 866 625 918 Καὶ
648 865 785 936 πρός
822 880 886 933 γε
932 863 998 935 δὴ
1041 861 1197 916 τοῦτό
1244 876 1442 930 φαμεν,
1478 856 1645 911 ὅτιτὸ
1694 855 1885 927 χρῆμά

299 960 452 1011 ἐστιν
496 958 816 1027 ἀναγκαῖον,
850 956 976 1026 ὅλην
1015 953 1203 1024 ὥσπερ
1232 952 1421 1009 ὠδῖνον
1458 952 1542 1020 ἐφ’
1580 949 1759 1020 ἑαυτῷ
1784 950 1884 1019 τῆς

297 1049 644 1121 προφητείας
676 1048 839 1101 οἱονεὶ
858 1047 956 1119 τὴν
994 1046 1332 1118 περίστασιν.
1357 1042 1526 1113 Συρίᾳ
1546 1059 1603 1095 τε
1626 1042 1755 1114 γὰρ,
1791 1040 1884 1095 καὶ

295 1140 600 1211 Δαμασκῷ,
631 1139 723 1193 καὶ
770 1142 882 1202 τοῖς
926 1135 1279 1210 προσοικοῦσι
1322 1134 1419 1207 τὴν
1456 1134 1714 1188 Ἰουδαίαν
1738 1133 1883 1202 Βαρ-

294 1230 491 1300 Stipes;
520 1228 740 1301 ὀλεθρον
794 1228 1027 1290 ἀπειλεῖ,
1059 1226 1153 1283 καὶ
1181 1225 1599 1288 ἐπαναστάσεις,
1640 1224 1735 1277 καὶ
1778 1224 1881 1294 ὲμ-

294 1320 612 1390 πρησμοὺς,
635 1319 729 1373 καὶ
757 1317 867 1373 τῶν
896 1317 1059 1370 ὁσίων
1104 1315 1595 1388 χρησμῳδημάτων
1634 1313 1883 1367 ἐντεῦθεν

294 1410 449 1481 αὐτῷ
497 1410 720 1478 γέγονεν
771 1410 806 1481 ὴ
868 1409 1029 1481 ἀρχή.
1068 1411 1160 1461 Δεῖ
1190 1407 1254 1479 δὴ
1302 1402 1393 1461 οὖν
1424 1406 1532 1478 ἄρα
1574 1404 1674 1468 τὰς
1700 1404 1882 1467 αἰτίας

290 1503 600 1574 ἀναμαθείν
659 1501 753 1557 τοῦ
809 1500 1223 1571 προστεθεῖσθαι
1281 1500 1380 1569 τῆς
1438 1498 1715 1570 βασιλείας
1756 1497 1883 1559 τοὺς

291 1595 543 1666 χρόνους,
572 1594 695 1649 τίνα
718 1611 800 1659 τε,
831 1594 924 1649 καὶ
953 1595 1050 1652 ὅσα
1068 1592 1139 1647 τὰ
1157 1591 1403 1663 ἐκατέρῳ
1431 1590 1840 1661 κατωρθωμένα
1864 1627 1881 1654 ,

290 1689 481 1742 διεϐίω
498 1706 556 1741 τε
584 1690 752 1753 ὅπως,
777 1688 871 1742 κα)⁵
890 1687 943 1741 τί
968 1688 1029 1741 τὸ
1060 1689 1117 1741 ἐν
1148 1688 1350 1758 ἀμφοῖν
1374 1684 1871 1752 ἀξιάκουστον.⁹Εκο

1987 492 2180 547 delicet
2210 491 2616 549 et-Jeroboam?
2642 496 3049 566 Respondemus
3078 516 3092 553 :
3126 499 3272 555 Istud
3325 516 3572 558 necessa-

1986 583 2127 638 rium
2153 599 2293 649 esse,
2329 594 2385 640 et
2417 588 2567 655 quasi
2596 590 2776 643 omnia
2807 589 3188 658 adjuncta,seu
3213 594 3572 650 circumstan-

1990 674 2092 730 tias
2116 676 2412 745 prophetia:
2433 680 2731 735 continere.
2760 678 2931 752 Syriae
2951 683 3120 747 enim,
3175 692 3230 739 et
3272 685 3561 752 Damasco,

1987 780 2041 827 et
2068 771 2430 843 circumjectis
2451 770 2648 829 Judzeze
2689 774 2937 831 barbaris
2979 777 3297 846 perniciem,
3332 790 3385 835 el.
3426 782 3571 836 inva-

1986 862 2185 928 siones,
2215 873 2266 919 et
2297 865 2612 922 exustiones
2660 866 2919 932 minatur,
2964 879 3385 940 sanctorumque
3437 875 3571 928 vati-

1986 954 2251 1011 einiorum
2272 954 2395 1010 inde
2426 956 2751 1027 principium
2788 961 2971 1014 sumit.
2999 959 3405 1030 Cognoscendm
3438 976 3568 1040 sunt

1985 1046 2157 1117 igitur
2186 1060 2384 1115 causae,
2409 1062 2513 1103 cur
2539 1049 2689 1117 regni
2718 1060 2956 1119 tempora
2983 1054 3313 1121 apposuerit,
3349 1064 3404 1110 et
3425 1072 3571 1126 quae.

1985 1151 2109 1189 nam
2165 1144 2218 1191 et
2243 1146 2372 1207 quot
2407 1138 2623 1209 utrique
2663 1150 2808 1196 recte
2840 1141 3001 1206 facta,
3030 1152 3082 1198 et
3105 1148 3374 1214 quomodo
3405 1149 3568 1202 vitam

1985 1228 2283 1293 exegerint,
2302 1239 2356 1284 et
2372 1229 2415 1285 si
2435 1231 2560 1299 quid
2576 1230 2638 1285 de
2662 1232 2925 1287 ambobus
2945 1234 3275 1289 auditionem
3305 1250 3564 1295 meretur.

1984 1316 2275 1389 Postquam
2313 1320 2477 1389 igitur
2498 1321 2563 1375 ad
2586 1324 2913 1390 apostasiam
2950 1324 3289 1383 deﬂuxerunt
3314 1329 3476 1386 Israel
3507 1342 3565 1387 et

1984 1405 2166 1474 Judas,
2200 1410 2382 1465 multis
2410 1412 2583 1467 modis
2619 1414 2672 1467 in
2708 1427 2802 1469 eos
2853 1415 3287 1473 animadversum
3325 1430 3425 1475 est.
3454 1422 3567 1476 Ali-

1985 1499 2199 1568 quando
2223 1504 2367 1556 enim
2396 1502 2649 1559 Damasci
2670 1514 2723 1560 et
2765 1504 2937 1578 Syriae
2980 1508 3255 1578 principes
3305 1511 3421 1567 illos
3490 1515 3568 1568 in-

1983 1601 2613 1664 cursarunt,eorumque
2662 1598 2826 1651 urbes
2875 1598 3203 1655 obsederunt
3258 1612 3310 1657 et
3358 1605 3569 1674 pranlas

1984 1690 2225 1750 egerunt.
2281 1683 2584 1753 Aliquando
2633 1684 2901 1752 Moabitae,
2971 1697 3026 1743 et
3092 1690 3335 1755 Idummi,
3418 1694 3565 1749 Ger.

292 1777 613 1841 κεκλικότες
651 1778 716 1849 δὴ
761 1772 854 1831 οὖν
902 1779 980 1840 είς
1031 1778 1329 1831 ἀπόστασιν
1368 1778 1395 1829 ὃ
1430 1795 1486 1830 τε
1534 1776 1749 1848 Ἰσραὴλ
1779 1774 1870 1828 καὶ

1976 1773 2156 1841 geseni
2179 1781 2233 1827 et
2283 1774 2546 1839 Elamitae,
2624 1777 2801 1832 Azotii
2854 1787 2908 1833 et
2972 1781 3318 1836 Accaronitce
3369 1783 3564 1838 Sama-

305 1868 510 1930 Ἷούδας
540 1867 682 1922 κατὰ
702 1867 930 1931 πολλοὺς
951 1867 1298 1921 ἐπαιδεύοντο
1328 1866 1579 1939 τρόπους.
1604 1865 1743 1919 Ποτὲ
1777 1865 1870 1935 μὲν

1984 1863 2142 1927 riam,
2208 1865 2505 1934 quinetiam
2576 1881 2805 1937 regnum
2888 1869 3052 1937 Juda,

287 1959 401 2029 γὰρ
423 1959 472 2011 οί
501 1957 817 2029 Δαμασκοῦ,
842 1958 936 2011 καὶ
967 1957 1037 2010 Σύ
1048 1976 1154 2028 ρων
1178 1957 1494 2028 ἡγούμενοι,
1520 1956 1871 2027 κατέτρεχον,

3150 1872 3410 1929 eﬁrenato
3467 1875 3565 1929 im-

1983 1963 2107 2023 petu
2133 1956 2489 2011 etinsatiabili
2521 1959 2837 2027 cupiditate,
2865 1970 3108 2015 extrema
3161 1962 3440 2019 iracundia
3509 1966 3565 2019 in

287 2052 383 2102 καί
412 2050 767 2121 ἐπολιόρκουν
804 2049 904 2113 τὰς
951 2051 1082 2121 παρ’
1112 2050 1327 2115 αὐτοῖς,
1362 2050 1455 2101 καὶ
1494 2045 1870 2118 κατεληῖζοντο

1980 2062 2185 2101 morem
2223 2056 2500 2104 taurorum
2549 2051 2774 2118 efferati,
2811 2052 2951 2108 foede
2997 2054 3329 2111 lacerarunt.
3392 2057 3564 2113 Variis

285 2140 512 2211 χώρας·
576 2142 709 2194 ποτὲ
767 2142 824 2195 δὲ
882 2136 947 2195 αὖ
1003 2141 1323 2205 Μωαϐῖται,
1386 2141 1480 2194 καὶ
1548 2140 1870 2209 Ἰδουμαῖοι,

285 2232 624 2303 Γεργὲσηνοί
660 2251 719 2284 τε
774 2234 868 2286 καὶ
934 2233 1237 2302 Ἐλαμῖται,
1290 2230 1537 2296 Ἀζώτιοι
1577 2248 1636 2283 τε
1673 2232 1767 2283 καὶ
1821 2230 1870 2283 οἱ

285 2327 383 2394 τῆς
428 2325 679 2396 Ἀκαρὼν
702 2328 984 2398 οἰκήτορες
1012 2326 1366 2398 κατῃκίζοντο
1392 2324 1489 2395 τὴν
1516 2324 1829 2395 Σαμάρειαν
1851 2360 1870 2390 ,

286 2421 379 2472 καὶ
417 2419 518 2488 μέν
568 2436 651 2471 τοι
707 2421 801 2472 καὶ
850 2419 948 2490 τὴν
994 2419 1163 2472 Ἰούδα
1222 2417 1533 2488 βασιλείαν,
1594 2416 1870 2487 ἀχαλίνοις

283 2513 510 2581 ὁρμαῖς,
570 2512 664 2564 καὶ
721 2511 982 2582 ἀπλήστῳ
1029 2511 1221 2583 γνώμῃ
1274 2511 1583 2583 χρώμενοι,
1647 2510 1741 2563 καὶ
1788 2510 1869 2573 εἰς

281 2602 525 2671 ἐσχάτας
571 2602 740 2671 ὀργὰς
769 2603 1256 2674 ἁποταυρούμενοι.
1283 2604 1394 2657 Καὶ
1422 2602 1552 2671 γοῦν
1575 2600 1717 2655 κατὰ
1746 2601 1867 2656 δια-

283 2695 488 2763 φόρους
543 2695 743 2757 τόπους
778 2695 936 2747 τοῦτο
987 2694 1315 2766 δεδρακότας
1367 2694 1707 2765 εὑρήσομενο
1756 2686 1868 2748 οἷον

287 2785 667 2855 βασιλεύοντος
708 2786 909 2857 ’Δχαάϐ
956 2788 1056 2857 τῆς
1090 2787 1425 2857 Σαμαρείας,
1486 2787 1581 2840 καὶ
1630 2785 1725 2839 ἐπὶ
1777 2784 1867 2839 τὸν

296 2879 540 2950 Ἰσραήλ.
605 2879 916 2951 Γέγραπται
960 2879 1136 2945 οὕτως
1184 2882 1240 2935 ὲν
1265 2884 1329 2953 τῇ
1366 2880 1524 2953 τρίτῃ
1552 2878 1659 2935 τῶν
1703 2880 1868 2935 Βασι-

282 2972 465 3025 λειῶν⁸
514 2991 533 3023 ι
566 2972 678 3025 Καὶ
737 2971 1086 3044 συνήθροισεν
1143 2972 1259 3036 υίὸς
1327 2971 1480 3041 Ἀδὲρ
1538 2973 1716 3025 πᾶσαν
1764 2970 1866 3043 τὴν

282 3064 519 3136 δύναμιν
534 3063 724 3130 αὐτοῦ,
738 3064 832 3118 xui.
841 3064 1029 3134 ἀνέϐη,
1047 3063 1142 3118 καὶ
1159 3062 1510 3134 περιεκάθισε
1529 3063 1863 3135 Σαμάρειαν,

284 3157 387 3209 καὶ
417 3156 714 3228 τριάκοντα
741 3156 836 3210 καὶ
865 3155 959 3209 δύο
986 3154 1224 3225 βασιλεῖς
1258 3156 1376 3226 μετ’
1409 3154 1595 3208 αὐτοῦ.
1626 3173 1645 3207 ι
1677 3154 1869 3225 ΙἈθρει

284 3248 351 3319 δὴ
390 3245 507 3314 οὖν,
536 3250 618 3303 ὅτι
648 3248 1019 3312 συνασπιστὰς
1049 3248 1286 3301 ἐποιεῖτο
1310 3246 1452 3300 κατὰ
1478 3245 1574 3300 τοῦ
1607 3245 1869 3318 Ἰσραὴλό

281 3340 387 3409 τῆς
417 3339 714 3411 Δαμασκοῦ
745 3340 1016 3411 βασιλεὺς,
1046 3341 1346 3404 τουτέστιν,
1371 3341 1400 3393 ό
1439 3339 1615 3409 Ἀδὲρ,
1649 3338 1870 3409 ἑτέρους

281 3429 589 3499 τριάκοντα
619 3428 715 3484 δύο
768 3429 877 3484 τῶν
932 3430 1240 3502 προσοίκων
1280 3429 1450 3483 ὲθνῶν
1493 3429 1866 3500 ἡγουμένους,

282 3520 742 3591 ⁴εελτολεμινχκότας
778 3519 921 3575 οὕτω
962 3522 1064 3593 τὴν
1094 3521 1220 3592 γῆν.
1260 3520 1425 3574 Ἀλλά
1463 3522 1559 3575 καὶ
1587 3522 1646 3573 ὲν
1689 3520 1868 3591 χρόνῳ

300 3611 459 3674 ἰωὰς
490 3611 753 3681 βασιλέως
785 3612 959 3666 Ἰούδα
996 3613 1345 3683 πεπολέμηκε
1374 3612 1474 3683 τὴν
1514 3610 1869 3683 Ἰερουσοιλὴμ

294 3703 503 3774 Ἆζαὴλ
548 3704 578 3755 ό
616 3702 805 3773 Σύρος,
847 3704 924 3768 ὡς
970 3705 1028 3758 ὲν
1066 3707 1133 3775 τῇ
1160 3704 1397 3775 τετάρτῃ
1428 3702 1535 3757 τῶν
1570 3702 1867 3756 Βασιλειῶν

280 3797 623 3864 τέτραπται,
658 3814 676 3848 ι
705 3797 794 3855 ὅτε
818 3796 913 3849 καὶ
940 3795 1130 3849 ἔλαϐεν
1164 3797 1194 3848 ὁ
1235 3795 1387 3859 ἰωὰς
1426 3795 1603 3849 πάντα
1617 3794 1685 3848 τὰ
1714 3795 1864 3864 ἅγια,

280 3890 379 3944 καὶ
406 3889 516 3939 πᾶν
544 3886 605 3939 τὸ
626 3888 683 3941 ὲν
709 3889 821 3950 τοῖς
860 3886 1153 3958 θησαυροῖς
1182 3888 1423 3958 χρυσίον,
1453 3889 1547 3942 καὶ
1580 3887 1865 3942 ἀπέστειλε

280 3980 360 4050 τῷ
402 3978 626 4049 ’Δςαὴλ
669 3979 763 4033 καὶ
810 3978 990 4049 ἀπέϐη
1040 3980 1149 4033 άπὸ
1201 3980 1572 4051 Ἰερουσαλήμ.
1605 3999 1623 4032 ι
1656 3981 1865 4051 Ἔδρων

286 4073 386 4146 μὲν
410 4072 522 4139 γὰρ
541 4071 611 4124 τὰ
639 4071 817 4125 τοιάδε
849 4071 991 4124 κατὰ
1024 4070 1173 4124 θείαν
1198 4071 1387 4143 ὀργὴν,
1430 4071 1867 4143 προσκεκρουκό-

281 4181 371 4226 to;
415 4164 511 4217 τοῦ
577 4163 813 4235 Ἰσραὴλ,
861 4164 952 4217 διά
998 4181 1078 4216 τοι
1135 4164 1195 4217 τὸ
1239 4163 1536 4217 ἀπονεῦσαι
1591 4163 1733 4225 λίαν,
1769 4162 1865 4216 καὶ

278 4256 651 4325 ἀνεπτοῆσθαι
703 4257 891 4320 δεινῶς
929 4258 1007 4321 εἰς
1041 4257 1138 4321 τὰς
1177 4256 1284 4311 τῶν
1312 4258 1544 4311 εἰδώλων
1585 4256 1861 4329 λατρείας.

278 4348 430 4417 Πλὴν
464 4347 724 4411 νικῶντες
758 4349 807 4401 οἱ
830 4348 1116 4418 ἀλλόφυλοι
1144 4353 1209 4421 τῇ
1250 4349 1343 4403 τοῦ
1364 4349 1500 4403 Θεοῦ
1533 4350 1660 4424 δόξῃ
1690 4350 1864 4403 διελυ-

1896 3122 1938 3180 C

1980 2138 2146 2208 igitur
2196 2139 2328 2195 locis
2374 2155 2468 2195 eos
2528 2144 2747 2197 smvisse
2797 2154 3008 2200 certum
3042 2157 3170 2202 est:
3219 2157 3277 2202 ut
3307 2159 3567 2216 regnante

1977 2232 2167 2286 Achab
2194 2246 2354 2303 super
2396 2234 2644 2290 Samaria
2677 2246 2731 2291 et
2760 2237 2948 2293 Israel.
2979 2238 3248 2296 Scribitur
3303 2244 3446 2298 enim
3497 2244 3562 2297 li-

1978 2323 2077 2377 bro
2110 2321 2316 2393 Regum
2350 2326 2510 2381 tertio
2545 2344 2559 2379 ε
2599 2345 2618 2378 ι
2660 2327 2724 2381 Ει
2754 2332 3099 2401 congregavit
3131 2332 3271 2387 ﬁlius
3292 2334 3435 2388 Ader
3468 2351 3561 2390 rex

1978 2409 2148 2482 Syriae
2176 2428 2389 2469 omnem
2421 2416 2744 2480 exercitum,
2779 2418 2943 2488 250
2972 2429 3027 2475 et
3074 2422 3337 2484 ascendit,
3381 2433 3431 2477 et
3468 2425 3561 2477 ob-

1977 2493 2461 2562 sedit-Samariam.
2491 2507 2560 2561 Et
2580 2509 2794 2577 triginta
2820 2513 2924 2565 duo
2958 2526 3110 2582 reges
3134 2529 3253 2568 cunt
3288 2516 3403 2583 ipso
3427 2516 3494 2570 νδ.
3534 2536 3553 2570 ι

1975 2593 2268 2651 Considera
2299 2612 2429 2668 ergo
2459 2608 2517 2652 ut
2543 2600 2787 2656 Damasci
2820 2618 2913 2657 rex
2966 2604 3143 2659 socios
3200 2607 3559 2672 expeditionis

1975 2695 2167 2741 contra
2192 2688 2356 2743 Israel
2378 2690 2479 2744 sibi
2504 2691 2782 2756 asciverit,
2812 2693 2913 2748 hoc
2945 2702 3050 2759 est,
3094 2695 3234 2751 ﬁlius
3258 2695 3401 2752 Ader
3428 2697 3563 2753 alios

1974 2776 2195 2847 triginta
2224 2778 2358 2833 duos
2397 2780 2748 2835 ﬁnitimarum
2802 2785 3036 2851 gentium
3069 2785 3256 2853 duces,
3322 2788 3414 2857 qui
3482 2790 3559 2844 sic

1972 2869 2247 2938 regionem
2274 2880 2561 2927 vexarunt.
2583 2872 2723 2940 Quin
2752 2883 2805 2929 et
2832 2873 2962 2931 Joas
3014 2890 3149 2947 rege
3200 2875 3358 2945 Juda,
3398 2881 3558 2935 Azacl

1973 2958 2143 3031 Syrus
2167 2959 2467 3019 Jerusalem
2502 2965 2777 3023 hostiliter
2803 2968 3029 3025 adortus
3053 2980 3157 3035 est,
3198 2981 3257 3026 nt
3286 2972 3339 3026 in
3368 2980 3560 3043 quarto

1971 3053 2180 3125 Regum
2202 3062 2288 3110 est
2318 3053 2518 3112 litteris
2546 3058 2817 3127 proditum
2849 3075 2863 3113 :
2896 3077 2915 3112 ‹
2958 3059 3186 3127 Quando
3237 3061 3360 3117 tulit
3434 3060 3560 3117 Joas

1971 3146 2155 3202 omnia
2189 3148 2625 3211 sanctiﬁcata.et
2650 3164 2812 3206 omne
2838 3165 3029 3207 aurum
3056 3152 3110 3208 in
3166 3154 3435 3210 thesauris
3477 3155 3557 3209 in-

1932 3241 1936 3245 '
1970 3246 2221 3302 ventum,
2248 3247 2304 3293 et
2324 3239 2472 3294 misit
2496 3240 2715 3305 Azaeli,
2743 3249 2799 3296 et
2828 3242 3099 3297 recessita
3124 3241 3425 3298 Jerusalem
3452 3242 3565 3299 ".1

1972 3327 2270 3385 Faciebant
2294 3331 2438 3385 enim
2467 3330 2585 3386 hazc
2628 3334 2924 3387 secundum
2958 3332 3196 3387 divinam
3230 3334 3387 3401 iram,
3414 3333 3550 3403 quod

1970 3419 2133 3475 Israel
2156 3419 2323 3475 Deum
2354 3420 2712 3487 oﬂ‘endisset;
2772 3436 3101 3492 magnopere
3124 3424 3269 3479 enim
3329 3439 3357 3478 a
3406 3435 3573 3481 recto.

1970 3510 2359 3576 declinaverat,
2383 3521 2438 3567 et
2477 3512 2624 3568 cultu
2661 3513 2930 3569 idolorum
2962 3514 3102 3569 mira
3135 3514 3400 3587 religione
3422 3531 3551 3588 per-

1969 3602 2152 3658 culsus
2183 3618 2243 3659 se
2269 3603 2592 3659 involverat.
2618 3602 3016 3660 Verumtamen
3066 3607 3303 3664 victores
3363 3608 3557 3665 alieni-

1968 3709 2121 3765 gena:
2161 3696 2227 3751 de
2279 3695 2462 3752 divina
2541 3697 2713 3768 gloria
2772 3696 3155 3755 detrahebant.
3225 3699 3557 3759 Statuebant

1969 3786 2110 3841 enim
2136 3788 2319 3843 miseri
2347 3804 2557 3855 secum,
2589 3788 2941 3847 auxiliantem
2975 3790 3107 3860 ipsis
3134 3808 3350 3848 manum
3402 3795 3554 3849 inva-

1966 3878 2128 3933 lidam
2148 3879 2762 3952 factam,etejushonori
2779 3884 3097 3940 insolentius
3117 3885 3379 3939 insultare
3393 3884 3557 3937 ande-t

1965 3970 2115 4027 bant.
2150 3972 2330 4029 Fracti
2352 3975 2515 4042 igitur
2540 3975 2682 4047 Syri,
2730 3981 3035 4047 postquam
3064 3976 3362 4032 Samariam
3403 3977 3550 4031 obsi—

1967 4065 2128 4120 dione
2153 4081 2279 4122 mox
2301 4067 2473 4121 soluta
2505 4068 2643 4123 ﬁlius
2660 4068 2804 4122 Ader
2819 4069 3084 4133 cinxerat,
3113 4068 3377 4136 ignaviam
3395 4083 3547 4122 suam

1966 4154 2105 4206 male
2143 4166 2495 4222 excusarunt,
2547 4158 2833 4212 dicentes:
2876 4177 2894 4209 ι
2936 4158 3075 4211 Deus
3111 4160 3370 4211 montium
3411 4159 3550 4213 Deus

1966 4241 2151 4310 Israel,
2177 4254 2231 4300 et
2260 4260 2366 4300 non
2395 4246 2534 4302 Deus
2569 4248 2788 4302 vallium
2818 4248 2859 4302 ¹.
2889 4267 2911 4299 ι
2950 4249 3254 4304 Credebant
3285 4249 3553 4318 siquidem

1965 4334 2235 4394 Israelitas
2263 4338 2479 4405 vicisse,
2507 4339 2631 4408 quia
2661 4338 2800 4395 Deus
2816 4353 3002 4395 eorum
3036 4341 3087 4393 in
3118 4341 3386 4396 montibus
3416 4341 3553 4396 dun-

282 4439 561 4506 μαίνοντο.
616 4438 805 4509 Ιιῼοντο
856 4439 966 4509 γὰρ
1015 4440 1155 4493 κατὰ
1190 4442 1333 4511 σφᾶς
1375 4443 1423 4494 οἱ
1474 4441 1717 4506 δείλαιοι,
1758 4443 1858 4513 τὴν

1973 4436 2117 4485 taxat
2154 4442 2243 4485 aut
2272 4431 2501 4487 collibus
2529 4432 2745 4489 salvare
2770 4432 3124 4504 posset.Victi
3156 4434 3320 4505 igitur
3342 4450 3548 4499 smnus,

279 4528 673 4597 ὲπαμύνουσαν
714 4531 895 4595 αὐτοῖς
944 4532 1205 4602 ἀτονῆσαι
1263 4536 1440 4603 χεῖρα,
1490 4535 1585 4587 καὶ
1637 4535 1737 4605 τῆς
1767 4536 1861 4589 τοῦ

279 4616 419 4670 Θεοῦ
445 4616 607 4686 δόξης
638 4619 1151 4674 κατανεανιεύεσθαι
1177 4622 1567 4695 τεθαρσήκασι.
1598 4625 1708 4678 Καὶ
1736 4626 1866 4695 γοῦν

278 4710 645 4778 ἡσθενηκάτες
663 4711 710 4762 οἱ
725 4711 908 4781 Σύροι,
923 4712 1094 4783 βραχὺ
1125 4714 1538 4786 πολιορκοῦντος
1552 4718 1866 4788 Σαμάρειαν

276 4799 374 4851 τοῦ
424 4798 600 4869 Ἀδὲρ,
633 4801 907 4872 πρόφασιν
952 4803 1230 4857 ἐποιοῦντο
1267 4805 1368 4875 τῆς
1397 4808 1732 4878 κακανδρίας
1762 4808 1863 4861 οὐκ

279 4890 479 4960 ἀληθῆ,
511 4889 782 4958 λέγοντες,
810 4911 829 4945 ι
855 4892 985 4956 Θεὸς
1008 4893 1177 4964 ὀρέων
1198 4894 1333 4962 Θεὸς
1359 4895 1595 4967 Ἰσραὴλ,
1628 4898 1719 4950 καὶ
1745 4898 1865 4968 οὐχὶ

280 4982 419 5044 Θεὸς
462 4980 745 5041 κοιλάδων.
787 5002 806 5035 ι
848 4985 1038 5055 ᾭοντο
1095 4986 1202 5058 γὰρ
1251 4987 1334 5041 ὅτι
1392 4988 1652 5059 ἐνίκησαν
1705 4990 1756 5042 οι
1803 4990 1863 5056 ἐξ

294 5072 536 5143 Ἰσραὴλ,
577 5075 637 5126 ὲν
680 5074 865 5142 μόνοις
924 5078 1037 5140 τοῖς
1074 5076 1275 5147 ὄρεσιν,
1316 5077 1347 5148 ἢ
1402 5079 1461 5130 ὲν
1488 5081 1599 5142 τοῖς
1657 5078 1867 5149 βουνοῖς

282 5160 583 5231 δυναμένου
633 5163 823 5229 σώζειν
858 5166 1013 5220 Θεοῦ.
1069 5166 1381 5237 Ἠττήμεθα
1407 5168 1470 5238 δὴ
1500 5164 1616 5232 οὖν,
1661 5169 1827 5238 φασιν
1848 5209 1864 5234 ,

285 5270 307 5305 ι
337 5253 423 5305 ὃτι
455 5253 521 5324 δὴ
549 5254 682 5319 Θεὸς
719 5255 893 5327 ὁρέων
929 5257 957 5309 ό
989 5257 1120 5321 Θεὸς
1163 5259 1395 5330 Ἰσραήλ.
1435 5278 1454 5312 ι
1492 5260 1553 5312 Εἰ
1582 5260 1639 5313 δὲ
1688 5260 1751 5331 δὴ
1777 5261 1869 5329 γέ-

280 5360 430 5396 νοιτο
476 5344 752 5399 συνελθεῖν
800 5348 881 5408 είς
924 5347 1104 5417 μάχην
1136 5348 1193 5401 ὲν
1224 5347 1428 5411 πεδίοις
1475 5348 1864 5420 ἐψιλωμένοις,

282 5434 674 5504 περιεσόμεθα,
709 5434 925 5500 πάντως
961 5438 1276 5502 ἁτονοῦντος
1298 5439 1355 5492 ὲν
1384 5438 1591 5493 κοιλάσι
1622 5439 1713 5493 τοῦ
1731 5441 1866 5494 Θεοῦ

299 5526 537 5599 Ἰσραήλ.
590 5527 909 5599 Ἑλληνικῆς
943 5528 1191 5583 δὲταῦτα
1223 5530 1647 5602 φρενοϐλαϐείας
1669 5533 1868 5604 ἐγκλή-

1966 4524 2139 4588 aiunt,
2179 4544 2199 4579 ι
2236 4525 2360 4593 quia
2394 4523 2532 4579 Deus
2562 4526 2827 4579 montium
2856 4526 2997 4581 Deus
3019 4526 3203 4582 Israel.
3237 4545 3256 4579 ι
3294 4525 3348 4581 Si
3370 4533 3555 4585 autem.

1964 4628 2262 4685 pugnemus
2286 4630 2407 4669 cum
2442 4615 2506 4671 iis
2530 4616 2582 4670 in
2612 4619 3030 4687 campestribus,
3051 4626 3101 4673 et
3170 4617 3410 4688 profecto
3454 4634 3549 4672 su-

1966 4705 2298 4774 perabimus,
2332 4720 2453 4761 cum
2487 4707 2539 4761 in
2580 4709 2809 4765 vallibus
2838 4710 3123 4766 imbecillis
3180 4712 3252 4765 sit
3306 4711 3446 4765 Deus
3474 4709 3551 4764 Is-

1965 4798 2097 4853 rael.
2133 4798 2239 4853 Sed
2266 4798 2564 4854 hmGrazca
2589 4800 2874 4856 dementia:
2940 4801 3349 4857 criminationes
3397 4810 3543 4866 sunt,

1964 4900 2018 4945 et
2050 4906 2232 4946 verum
2264 4906 2328 4947 ac
2356 4902 2549 4946 natura
2582 4894 2748 4948 Deum
2782 4894 3137 4950 nescientium
3168 4894 3367 4964 lingua:
3418 4909 3547 4964 pro-

1971 4984 2213 5038 tervitas.
2256 4984 2519 5050 Quocirca
2555 4985 2938 5057 indignabatur
2966 4988 3253 5043 adversum
3282 4988 3546 5058 alienige-

1972 5089 2071 5128 nas
2093 5075 2434 5144 omnipotens
2466 5076 2628 5142 Deus,
2656 5086 2710 5132 et
2732 5078 3099 5147 meritissimo,
3132 5081 3412 5151 quoniam,
3449 5083 3545 5138 de-

1972 5165 2115 5220 victo
2136 5167 2203 5222 ab
2235 5182 2293 5221 se
2316 5167 2531 5233 Israele,
2561 5175 2622 5223 ut
2636 5169 2769 5235 dixi,
2796 5170 2899 5225 diis
2928 5172 3043 5228 suis
3072 5175 3280 5244 gratias
3339 5175 3545 5230 refere-

1964 5256 2115 5322 bant,
2158 5258 2555 5329 delirantesque
2592 5262 2757 5316 etiam
2810 5263 2979 5318 Deum
3035 5264 3211 5335 ipsum
3260 5280 3321 5322 se
3351 5266 3553 5320 vicisse

1965 5348 2387 5406 arbitrabantur.
2404 5350 2532 5408 Post
2561 5352 2872 5410 defunctum
2900 5356 3112 5422 Achab,
3131 5367 3185 5413 et
3217 5372 3377 5427 reges
3398 5357 3543 5411 dein-

1963 5456 2089 5511 ceps
2118 5442 2271 5511 alios,
2297 5444 2418 5515 ejus
2441 5460 2808 5512 successores,
2843 5463 2938 5503 rex
2968 5448 3130 5504 Israel
3179 5450 3229 5504 in
3294 5446 3543 5507 Samaria

1962 5540 2181 5589 creatur
2212 5532 2497 5593 Jeroboam
2523 5536 2663 5595 ﬁlius
2684 5536 2835 5609 Joas,
2876 5539 3014 5595 alius
3040 5554 3067 5591 a
3096 5537 3269 5605 primo
3295 5534 3387 5605 qui
3438 5532 3547 5601 fuit

349 5702 397 5741 ιθ
429 5701 495 5766 ιιι
532 5700 664 5772 Reg.
710 5719 799 5771 xx,
835 5705 859 5765 ι
963 5706 1006 5738 ’τ’
1044 5704 1107 5760 IV
1150 5705 1278 5775 Reg.
1326 5721 1420 5765 xtl.
1476 5706 1558 5761 IS.
1643 5702 1755 5760 ἸΙΙ
1790 5700 1867 5759 Rc

1973 5720 2052 5774 rx,
2074 5706 2163 5765 28.
