3948 6208
473 329 578 384 tis
1497 329 1554 384 s.
1598 329 1870 386 cvnuaa
1910 329 2376 385 Atexaaontst
2417 317 2732 388 ancum‘r.
3613 330 3716 384 iis

475 441 615 497 titius
646 439 842 511 Nabat,
879 457 1184 513 quanquam
1211 445 1448 512 nomine,
1480 448 1659 501 animo
1683 459 1735 502 ct
1775 448 2041 518 impietate

2152 465 2317 517 ματα,
2345 450 2564 504 καὶτῶν
2591 451 2690 504 οὐκ
2722 449 2937 503 εἰδότων
2961 450 3051 502 τὸν
3082 446 3387 518 ἀληθῆ,κα“ι
3417 445 3718 517 φύσειΘεδν

476 530 548 585 illi
577 533 787 587 similis.
2146 539 2517 612 ἀθυροστομία
2547 542 2714 612 δεινή.
2747 540 2956 595 Οὐκοῦν
2989 541 3286 610 ἠγανάκτει
3309 535 3450 590 κατά
3483 553 3590 587 των
3622 536 3716 588 ἀλ-

476 625 740 694 λοφύλων,
765 629 860 682 καὶ
894 629 1093 700 σφόδρα
1125 630 1364 695 εἰκότως,
1397 634 1424 684 δ
1445 631 1620 684 πάντα
1657 631 1854 700 ίσχύων
1887 632 2039 698 Θεδς,
2080 632 2161 686 ὅτι
2220 636 2314 690 καὶ
2346 636 2624 703 νικῶντες,
2691 637 2764 700 ώς
2795 635 2952 706 ἔφην,
2997 633 3086 687 τὸν
3137 629 3372 703 Ἰσραὴλ,
3421 630 3533 692 τοῖς
3573 626 3720 690 ἰδίοις

474 715 615 781 θεοῖς
640 720 876 789 ἀνῆπτον
925 722 992 774 τὰ
1037 724 1388 794 χαριστήρια,
1424 726 1517 777 καὶ
1547 723 1838 794 ληροῦντες
1875 725 2041 796 ᾤοντο
2077 729 2172 781 καὶ
2233 729 2397 783 αὐτοῦ
2434 731 2704 802 κρατῆσαι
2745 729 2902 791 Θεοῦ,
2933 726 3214 799 προϊόντος
3253 724 3310 777 δὲ
3383 722 3478 776 τοῦ
3529 719 3722 791 καιροῦ

476 811 614 878 μετὰ
647 814 746 882 τήν
774 811 866 863 τοῦ
920 813 1122 882 Ἀχαάϐ
1177 814 1482 884 βασιλείαν,
1544 818 1637 870 καὶ
1684 818 1884 889 ἐτέρων
1920 820 2082 875 τινῶν
2149 821 2235 876 διά
2277 823 2465 892 μέσου,
2515 823 2610 877 καὶ
2649 821 2906 891 καθεξῆς,
2936 819 3314 874 ἀναδείκνυται
3351 814 3604 886 βασιλεὺς
3633 815 3724 867 ἐπὶ

474 903 563 954 τὸν
594 904 812 974 Ἰσραὴλ
845 906 902 958 ἐν
925 909 990 976 τῇ
1025 907 1307 980 Σαμαρείᾳ
1345 909 1672 980 Ἱεροϐοὰμό
1709 913 1802 966 τοῦ
1855 915 2040 983 Ἰωάς,
2079 916 2267 990 ἕτερος
2327 918 2480 990 παρά
2553 917 2644 971 τὸν
2693 917 2930 989 πρῶτον,
2976 915 3035 979 ὃς
3077 909 3146 985 ἦν
3177 911 3272 966 τοῦ
3331 910 3541 974 Ναϐὰτ,
3583 909 3725 979 πλὴν

474 993 757 1065 ὁμώνυμος
803 997 1015 1068 ἐκείνῳ,
1055 999 1151 1052 καὶ
1197 1000 1551 1071 ὁμογνώμων,
1580 1004 1673 1056 καὶ
1729 1004 2011 1078 δυσσεϐὴς.

545 1086 651 1141 Sed
679 1087 796 1156 ejus
835 1089 1164 1158 temporibus
1198 1090 1359 1157 Deus,
1393 1094 1480 1147 cui
1505 1095 1698 1165 volupe
1748 1105 1832 1151 est
1888 1099 2043 1152 mise-

474 1181 603 1244 reri,
640 1181 887 1235 lsraeletn
938 1181 1272 1236 intoleranda
1355 1184 1640 1242 amictione
1707 1188 2041 1245 laborantem

475 1272 786 1332 miseratus,
817 1287 938 1326 enm
968 1288 1205 1326 mrumna
1227 1273 1418 1330 levavit
1475 1293 1569 1346 per
1619 1279 1926 1347 Jeroboam,
1959 1292 2040 1336 ta-

474 1364 634 1416 metsi
680 1363 984 1432 improbum
1037 1372 1093 1418 et
1143 1371 1602 1434 transgressorem
1649 1373 1829 1426 nimis.
1893 1373 2042 1429 Adeo

475 1452 618 1506 enim
649 1455 853 1512 viribus
904 1457 1220 1530 alienigenis
1277 1460 1722 1528 antecelluerunt,
1774 1474 1834 1518 ut
1880 1464 2043 1520 urbes

474 1560 689 1616 quoque
711 1557 1110 1605 antecessorum
1141 1567 1328 1622 regum
1356 1553 1687 1624 temporibus
1715 1563 1924 1625 ereptas
1958 1571 2041 1610 re-

475 1650 798 1708 euperarent
825 1643 1181 1712 potestatique
1207 1659 1318 1698 suae
1342 1644 1696 1711 subiicerent,
1737 1655 1792 1700 et
1830 1647 2044 1701 vincere

2160 1095 2297 1148 Ἀλλ’
2356 1097 2414 1150 ἐν
2453 1099 2566 1160 τοῖς
2613 1094 2824 1167 χρόνοις
2872 1094 2974 1164 τῆς
3029 1090 3195 1147 αὐτοῦ
3248 1088 3524 1160 βασιλείας
3579 1089 3730 1158 ἠλέει

2149 1185 2335 1240 λοιπόν
2381 1188 2409 1239 ό
2474 1185 2865 1255 φιλοικτίρμων
2907 1181 3039 1245 Θεὸς
3077 1180 3330 1251 ἁφορήτῳ
3378 1178 3726 1249 ταλαιπωρία

2151 1277 2562 1349 κατηχθημένον
2604 1277 2695 1331 τὸν
2725 1275 2960 1346 Ἰσραὴλ,
3000 1273 3296 1343 ἠλευθέρου
3322 1288 3380 1322 τε
3408 1270 3517 1323 τῶν
3551 1270 3728 1324 πόνων

2149 1370 2238 1424 διὰ
2266 1370 2448 1441 χειρὸς
2484 1368 2790 1440 Ἰεροὸοὰμ,
2818 1368 2993 1420 καίτοι
3022 1362 3257 1435 πονηροῦ
3289 1364 3382 1416 καὶ
3416 1362 3724 1414 ἀποστάτου

2146 1461 2267 1515 λίαν
2296 1462 2650 1534 ὑπάρχοντος.
2683 1458 3122 1529 Κατηνδρίσαντο
3167 1455 3277 1524 γὰρ
3311 1454 3457 1507 οὕτω
3498 1454 3608 1506 τῶν
3640 1453 3726 1506 ἀλ-

2148 1551 2412 1622 λοφύλων,
2445 1552 2519 1615 ὡς
2547 1552 2642 1606 καὶ
2679 1551 2863 1614 πόλεις
2886 1550 3015 1620 παρ’
3039 1547 3262 1601 ἐκείνων
3295 1543 3723 1614 ἀπεσπασμένας

2151 1647 2208 1698 έν
2236 1647 2445 1716 καιροῖς
2494 1643 2757 1714 βασιλέων
2795 1642 2902 1695 τῶν
2944 1640 3352 1712 παρῳχηκότων
3389 1637 3719 1706 ἀνακομίσα-

475 1729 600 1784 olim
643 1731 851 1795 solitos,
883 1732 1237 1789 inconnnodis
1275 1736 1430 1805 longe
1463 1735 1708 1806 plurimis
1754 1735 2041 1795 afﬁcerent.

2152 1736 2274 1791 σθαι
2305 1736 2485 1802 πάλιν,
2523 1736 2618 1790 καὶ
2664 1736 2778 1798 τοῖς
2824 1734 2974 1796 ίδίοις
3029 1731 3352 1798 ύποτεθῆναι
3403 1729 3718 1798 σκήπτροις,

479 1822 532 1876 In
564 1837 756 1892 quarto
781 1825 941 1891 igitur
974 1827 1175 1895 lie-gum
1200 1827 1355 1897 251
1387 1829 1466 1882 sic
1499 1839 1602 1892 est,
1623 1830 1672 1882 in
1723 1839 1868 1883 tanta
1900 1831 2043 1884 cala-

478 1916 663 1968 tnitate
696 1916 860 1970 fuiSse
895 1918 1033 1972 ﬁlios
1059 1918 1242 1985 lsrael,
1272 1930 1532 1974 ntessent
1593 1923 1924 1988 paucissimi,
1979 1932 2033 1978 et

476 2003 730 2074 dispersi,
770 2020 870 2060 nec
913 2008 1245 2062 inveniretur
1302 2010 1590 2064 auxiliator
1623 2029 1636 2064 :
1669 2011 1906 2065 salvatos
1959 2021 2039 2065 ta-

483 2110 604 2148 men
646 2110 767 2149 esse
806 2109 836 2149 e
869 2112 1028 2149 manu
1058 2096 1407 2152 .Icroboam‘.
1447 2117 1466 2151 (
1518 2100 1558 2154 Ε
1597 2116 1778 2167 manu,
1831 2121 1850 2153 ι
1889 2103 2044 2166 dixit,

479 2201 596 2253 pro.
631 2204 649 2237 ι
703 2201 799 2254 per
833 2202 1070 2241 manum.
1102 2207 1120 2240 ι
1152 2189 1262 2245 Nec
1293 2191 1434 2245 enim
1482 2192 1597 2259 ipse
1661 2193 1929 2246 atterebat
1965 2192 2045 2245 ls-

480 2275 611 2343 rael,
654 2277 746 2330 sed
779 2277 1048 2345 pugnabat
1072 2279 1246 2346 potius
1277 2295 1508 2348 emnque
1531 2279 2049 2336 defendebatJlestL

483 2369 587 2422 tuit
629 2383 754 2423 vero
798 2368 1140 2434 Damascum,
1178 2379 1228 2423 et
1267 2371 1468 2438 recepit
1523 2371 1809 2424 terminum
1861 2371 2044 2436 Israel,

478 2467 774 2526 auctusque
795 2466 878 2512 est
899 2457 1193 2512 (titionibus
1223 2459 1426 2512 tnultis.
1458 2459 1736 2528 llegnante
1759 2457 2045 2514 Jeroboam

480 2563 570 2603 rex
602 2563 763 2617 super
787 2547 1334 2617 Judallierosolymis
1384 2549 1606 2617 ungitur
1657 2549 1899 2612 Azarias,
1957 2550 2047 2617 qui

474 2644 529 2692 et
557 2635 918 2706 Ozias,zeque
946 2638 1196 2706 gentibus
1258 2637 1656 2698 infestissimus.
1702 2647 1756 2691 et
1814 2641 1880 2693 ad
1957 2654 2052 2694 eos

477 2729 828 2798 exagitandos
866 2729 1093 2782 viriliter
1121 2729 1454 2793 incumbens,
1483 2729 1572 2798 qui
1629 2728 1824 2786 Judam
1884 2731 2050 2784 vaSti-

476 2831 641 2875 tatem
661 2820 992 2875 intulissent.
1022 2819 1144 2874 Fuit
1172 2822 1315 2874 enim
1353 2823 1434 2875 vir
1468 2824 1588 2889 pius
1618 2830 1670 2877 et
1698 2823 1911 2877 virtutis
1939 2835 2050 2877 stu-

475 2913 682 2966 diosus.
714 2910 813 2966 Ubi
835 2912 944 2980 jam
983 2913 1183 2973 hostes,
1219 2912 1326 2965 Deo
1385 2921 1677 2974 annuente,
1710 2914 1937 2977 domuit,
1995 2914 2048 2967 in

474 3003 740 3073 Superbia:
764 3004 1008 3059 morbum
1045 3003 1248 3065 incidit,
1276 3018 1337 3056 ac
1369 3013 1557 3073 su0pte
1613 3014 1744 3058 nutu
1795 3005 2049 3074 imposte-

477 3105 596 3145 rum
621 3091 723 3146 sibi
759 3091 1064 3145 sacerdotio
1087 3089 1410 3159 iungendum
1463 3092 1723 3157 decrevit,
1777 3104 1830 3147 et
1884 3108 2048 3149 ausus

475 3193 557 3240 cst
589 3183 654 3238 ad
678 3183 849 3253 ipsum
875 3184 1042 3237 altare
1075 3185 1386 3246 ascendere,
1431 3181 1616 3252 illique
1652 3183 1942 3252 thymiama
1963 3183 2047 3238 of-

474 3275 637 3331 ferre.
665 3274 861 3332 Verum
885 3277 1024 3330 Deus
1049 3275 1192 3330 illico
1236 3275 1506 3329 hominem
1553 3276 1812 3330 coercuit.
1877 3275 2047 3344 chra

474 3371 614 3425 enim
642 3383 896 3437 aspersus
923 3378 1026 3432 est,
1055 3369 1244 3422 morbo
1275 3366 1494 3420 infando
1523 3375 1576 3420 et
1621 3365 1932 3431 insanabili,
1990 3377 2047 3422 ut

478 3462 640 3516 etiam
663 3457 1138 3515 velutimmundus
1173 3459 1466 3512 secundum
1528 3458 1696 3527 legem
1739 3452 2046 3528 Hierosoly-

479 3551 583 3602 mis
630 3547 1033 3612 amandaretur,
1085 3549 1178 3618 qui
1231 3548 1454 3617 posthac
1514 3547 1800 3602 sacerdotii
1857 3564 2049 3603 munus

474 3641 649 3706 obire,
678 3650 732 3694 et
759 3653 870 3694 rem
901 3640 1140 3694 divinam
1162 3640 1489 3695 omnimodis
1513 3639 1648 3695 velle
1683 3655 1967 3710 peragere,
1995 3651 2049 3696 et

478 3732 738 3801 templum
762 3741 1171 3786 sacrosanctum
1199 3733 1572 3791 contaminare
1623 3732 1912 3787 desineret.
1972 3735 2047 3788 lta

475 3825 654 3898 legere
683 3832 767 3879 est
798 3823 1145 3891 libroquarto
1198 3821 1403 3892 Regum
1427 3823 1466 3874 ³.
1535 3822 1591 3875 ln
1640 3825 1812 3878 altero
1869 3833 2046 3879 tamen

475 3913 920 3984 Paralipomenon
945 3913 1184 3968 narratio
1216 3912 1378 3979 hujus
1399 3911 1637 3968 historiae
1691 3922 1773 3968 est
1802 3913 2045 3970 luculen-

473 4007 578 4062 tior
602 4005 646 4058 δ.
686 4005 759 4059 De
780 4004 910 4059 ()zia
938 4004 1085 4074 lepra
1112 4001 1309 4058 infecto
1339 4003 1476 4058 satis
1504 4002 1706 4058 dictum
1729 4012 1832 4060 est.
1857 4005 2046 4062 Fuisse

372 4080 376 4085 ’
470 4107 652 4153 autem
685 4106 983 4167 potentem,
1021 4103 1076 4150 et
1131 4095 1186 4150 in
1251 4094 1678 4164 alienigenarum
1736 4096 2047 4165 provincias

473 4191 758 4261 irrupisse,
791 4188 1032 4259 adeoque
1071 4187 1262 4244 fortem
1288 4203 1353 4243 ac
1384 4199 1689 4254 strenuum,
1723 4198 1785 4243 ut
1843 4190 2043 4261 oppida

475 4296 689 4354 quoque
717 4281 857 4351 apud
889 4295 982 4336 eos
1011 4279 1322 4345 mdiﬂearet,
1359 4289 1415 4336 et
1471 4280 1675 4336 tributa
1721 4282 2039 4352 imponeret,

2149 1826 2380 1879 πλεῖστά
2414 1842 2473 1877 τε
2531 1827 2631 1877 ὅσα
2681 1825 2806 1884 τοὺς
2859 1822 3024 1875 πάλαι
3073 1818 3340 1880 νικῶντας
3387 1814 3721 1886 ἐργάσασθαι

2149 1917 2314 1970 κακά.
2344 1915 2432 1969 Ἑν
2451 1915 2580 1984 γοῦν
2599 1918 2662 1985 τῇ
2692 1913 2926 1984 τετάρτῃ
2948 1909 3360 1966 τῶνῐῖασιλειῶν
3391 1908 3723 1977 γέγραπται,

2149 2007 2571 2076 κατατεθ).ῖφθαι
2627 2007 2723 2076 μὲν
2769 2006 2894 2066 τοὺς
2930 2004 2988 2069 ἐξ
3032 2001 3271 2073 Ἰσραὴλ,
3327 1999 3426 2052 οὐκ
3454 1999 3611 2059 ὄντος
3639 1996 3725 2049 τοῦ

2150 2098 2432 2162 σώζοντος,
2461 2099 2535 2162 ώς
2575 2097 2880 2166 όλιγοστους
2915 2092 3074 2158 εἶναι,
3127 2093 3221 2146 καὶ
3259 2089 3726 2159 διεσπασμένους·

2152 2190 2423 2245 σεσῶσθαι
2453 2206 2516 2258 γε
2554 2189 2660 2259 μὴν
2711 2189 2773 2240 ἐκ
2823 2186 3005 2257 χειρὸς
3049 2184 3352 2254 Ἰεροϐοεμ.
3400 2181 3472 2233 Τὸ
3525 2178 3581 2230 δὲ
3626 2180 3729 2229 «ἐκ

2150 2283 2370 2354 χειρὸς»
2416 2280 2677 2347 τέθεικεν,
2728 2281 2849 2334 ἀντὶ
2896 2278 3032 2332 τοῦ(
3088 2277 3176 2330 διὰ
3221 2274 3419 2346 χειρός.
3447 2292 3464 2324 ι
3508 2273 3583 2324 Οὐ
3624 2273 3729 2339 γὰρ

2148 2369 2216 2443 ἦν
2243 2373 2403 2436 αὐτὸς
2426 2374 2453 2425 ὁ
2476 2371 2770 2442 συντρίϐων
2791 2371 2881 2424 τὸν
2922 2369 3157 2439 Ἰσραὴλ,
3186 2367 3489 2438 μαχόμενος
3511 2364 3565 2416 δὲ
3605 2362 3729 2432 μᾶλ-

2149 2464 2272 2526 λον,
2330 2463 2422 2515 καὶ
2477 2461 2827 2532 προασπίζων
2893 2460 3076 2512 αὐτοῦ.
3128 2455 3462 2525 Ἐπέστρεψε
3517 2453 3577 2506 δὲ
3635 2453 3729 2522 τήν

2151 2551 2462 2621 Δαμασκὸν,
2500 2550 2594 2603 καὶ
2637 2548 2923 2602 ἀπέσπασε
2949 2547 3009 2600 τὸ
3052 2547 3198 2616 ὅριον
3250 2543 3488 2613 Ἰσραὴλ,
3519 2542 3620 2594 καὶ
3647 2541 3732 2595 δυ-

2150 2637 2402 2700 ναστείας
2441 2638 2726 2708 εἴργασται
2767 2636 2984 2699 πολλάς.
3037 2634 3420 2696 Βασιλεύοντος
3459 2631 3516 2684 δὲ
3557 2632 3730 2703 Ἰερο-

2151 2729 2296 2798 6οάμ
2318 2730 2532 2801 χρίεται
2560 2728 2841 2799 Ἀζαρίας,
2889 2729 2916 2779 ὁ
2973 2726 3066 2780 καὶ
3112 2725 3316 2789 Ὀζίας,
3353 2724 3612 2795 βασιλεὺς
3642 2725 3733 2776 ἐπὶ

2152 2821 2240 2873 τὸν
2274 2819 2479 2872 Ἰούδαν
2511 2821 2569 2872 ἐν
2626 2823 2738 2882 τοῖς
2778 2818 3190 2889 Ἰεροσολύμοις.
3236 2819 3332 2880 Ὃς
3383 2814 3534 2867 οὐδὲν
3561 2809 3732 2885 ἦττον

2149 2909 2215 2984 ἦν
2244 2915 2356 2975 τοῖς
2392 2912 2566 2965 ἔθνεσι
2603 2909 3026 2982 φορτικώτατος,
3054 2910 3146 2962 xui.
3174 2907 3438 2970 νεανικῶς
3473 2908 3733 2976 ἐγκείμε-

2151 3022 2238 3068 νος
2263 3007 2370 3068 τοῖς
2412 3004 2783 3074 πεπορθηκόσι
2815 3003 2914 3074 τὴν
2937 3002 3218 3055 Ἰουδαίαν.
3257 3001 3454 3068 Γέγονε
3493 2999 3597 3068 μὲν
3625 2999 3730 3070 γὰρ

2153 3096 2400 3166 εὐσεϐὴς,
2438 3097 2532 3148 καὶ
2585 3094 2880 3164 φιλάγαθος
2921 3095 3078 3164 ἀνήρ.
3117 3091 3272 3145 Ἐπεὶ
3309 3092 3365 3144 δὲ
3416 3091 3731 3162 κεκράτηκε

2152 3188 2258 3240 τῶν
2287 3187 2494 3259 ἐχθρῶν
2511 3186 2604 3240 τοῦ
2627 3187 2762 3240 Θεοῦ
2779 3187 2838 3238 τὸ
2865 3187 3020 3255 νικᾷν
3041 3185 3443 3256 ἐπιτρέποντος,
3465 3182 3731 3252 νενόσηκε

2151 3277 2248 3347 τὴν
2282 3277 2600 3348 ὑπεροψίαν,
2633 3278 2726 3331 καὶ
2757 3275 3201 3339 αύτοκελεύστοις
3253 3275 3339 3346 ᾔει
3383 3274 3607 3344 βουλαῖς
3646 3275 3734 3327 ἐπὶ

2151 3366 2211 3418 τὸ
2261 3365 2460 3438 χρῆναι
2505 3367 2689 3419 λοιπὸν
2737 3369 2830 3420 καὶ
2870 3365 3169 3437 ἱερατεύειν
3213 3363 3352 3433 Θεῷ,
3404 3365 3498 3416 καὶ
3527 3363 3597 3433 δὴ
3643 3371 3734 3417 και

2150 3458 2484 3528 τετόλμηκεν
2510 3459 2595 3510 ἐπ’
2617 3457 2749 3510 αὐτὸ
2777 3457 2838 3510 τὸ
2866 3457 3008 3510 θεῖον
3033 3455 3296 3526 ἀναϐῆναι
3319 3453 3732 3523 θυσιαστήριον,

2151 3551 2244 3602 καὶ
2268 3551 2634 3619 προσαγαγεῖν
2660 3547 2806 3617 αὐτῷ
2851 3547 2911 3600 τὸ
2951 3546 3222 3617 θυμίαμα.
3256 3544 3397 3596 Ἀλλ’
3424 3543 3589 3606 εὐθὺς
3641 3546 3733 3599 αὑ-

2150 3639 2241 3693 τὸν
2271 3637 2464 3710 ἤλεγξε
2497 3639 2648 3702 Θεός.
2700 3638 2891 3710 Λέπρᾳ
2939 3637 3047 3708 γὰρ
3081 3634 3632 3704 κατεστίζετο,δεινῷ
3677 3652 3734 3688 τε

2152 3729 2246 3782 καὶ
2273 3729 2477 3800 ἁνιάτῳ
2511 3729 2691 3790 πάθει,
2719 3728 2804 3780 ἵνα
2835 3728 2928 3782 καὶ
2956 3727 3031 3792 ὡς
3057 3727 3364 3798 ἀκάθαρτος
3385 3725 3528 3780 κατά
3555 3728 3732 3797 νόμον

2150 3821 2502 3893 ἐκπέμπηται
2532 3820 3014 3892 τῆςΊερουσαλὴμ,
3044 3821 3423 3884 ἀποπαύσαιτό
3444 3837 3504 3873 τε
3536 3821 3734 3875 λοιπὸν

2148 3915 2242 3967 καὶ
2272 3914 2571 3985 ἱερατεύειν
2593 3915 2734 3986 Θεῷ,
2757 3917 2849 3969 καὶ
2879 3916 2979 3986 τῆς
3013 3915 3342 3985 παρανόμως
3374 3915 3732 3984 ἐπιτετηδευο

2151 4004 2320 4075 μένης
2354 4005 2662 4076 ἱερουργίας
2690 4004 2855 4076 αὐτῷ,
2896 4003 3100 4058 καὶτοῦ
3137 4003 3228 4056 τὸν
3255 4003 3396 4056 θεῖον
3428 4004 3731 4072 καταμιαίε

2147 4113 2259 4150 νειν
2288 4096 2436 4150 ναόν.
2469 4096 2654 4150 Ταῦτα
2681 4097 2738 4149 δέ
2783 4114 2915 4167 φησι
2945 4097 3006 4149 τὸ
3044 4097 3282 4167 Γράμμα
3312 4096 3373 4148 τὸ
3395 4095 3540 4166 ἱερὸν
3568 4097 3633 4146 ὲν
3663 4099 3731 4167 τῇ

2145 4190 2379 4261 τετάρτῃ
2411 4190 2518 4244 τῶν
2544 4190 2858 4244 Βασιλειῶν.
2909 4191 2998 4243 Ἐν
3039 4190 3096 4244 δέ
3121 4191 3192 4261 τῇ
3213 4189 3443 4260 δευτέρᾳ
3471 4188 3582 4242 τῶν
3616 4191 3732 4243 Πα-

2150 4283 2553 4352 ραλειπομένων
2620 4283 2903 4354 ἰσχνοτέρα
2961 4283 3137 4336 κεῖται
3200 4285 3233 4353 ή
3316 4282 3444 4352 περὶ
3516 4281 3731 4336 τούτων

473 4391 538 4430 ac
555 4382 771 4443 sceptro
795 4371 915 4427 illos
938 4371 1213 4437 subderet,
1239 4374 1582 4440 quantumvis
1609 4373 1735 4429 olim
1763 4374 1866 4428 sibi
1891 4376 2041 4431 valde

2147 4374 2444 4445 ἀφήγησις.
2485 4375 2620 4446 Περὶ
2650 4374 2750 4444 μὲν
2781 4369 2872 4428 οὖν
2895 4373 2990 4427 τοῦ
3019 4371 3392 4444 λελεπρῶσθαι
3420 4371 3511 4425 τὸν
3539 4373 3732 4437 Ὀζίαν

471 4468 760 4536 placentes,
794 4464 950 4534 plene
1001 4453 1196 4518 docent
1251 4479 1422 4518 sacrae
1467 4464 1707 4523 Litterze.
1766 4465 2036 4531 Quoniam

468 4575 597 4629 ergo
625 4555 968 4628 propheticus
989 4566 1166 4608 sermo
1185 4553 1238 4606 in
1266 4554 1491 4610 exordio
1535 4556 1732 4610 totum
1782 4557 2040 4628 alienige-

469 4665 658 4704 narum
689 4643 1003 4702 vastationis
1025 4643 1285 4710 meminit,
1314 4659 1399 4698 res
1423 4646 1733 4713 postulavit,
1772 4657 1830 4702 ut
1854 4665 2035 4720 regum

467 4739 610 4797 Ozize
640 4749 694 4797 et
729 4740 1012 4798 Jeroboam
1047 4739 1378 4794 mentionem
1408 4739 1730 4804 faceremus,
1754 4754 1849 4805 per
1900 4756 2035 4810 quos

468 4834 540 4888 illi
573 4834 699 4889 victi
717 4841 858 4897 sunt,
897 4839 958 4887 ut
985 4831 1096 4901 jam
1129 4829 1378 4885 diximus.
1425 4827 1682 4884 Novimus
1724 4831 1884 4885 etiam
1941 4849 2036 4904 per

469 4927 722 4995 Assyrios
747 4926 1065 4981 Damascum
1097 4923 1368 4980 incensam
1389 4960 1405 4985 ,
1459 4922 1547 4991 qui
1598 4923 1818 4992 insuper
1848 4924 2033 4979 alieni-

469 5030 722 5084 genarum
749 5017 970 5086 pepulos
995 5016 1140 5072 ferro
1168 5013 1383 5087 ignique
1407 5020 1681 5067 vastarunt
1708 5013 1750 5079 ⁸;
1785 5014 1880 5068 sed
1913 5029 2034 5069 cum

470 5106 520 5159 id
555 5111 738 5171 postea
765 5103 962 5158 lactant
985 5105 1393 5171 sit,necessario
1417 5104 1688 5176 attigimus
1713 5120 1830 5174 quze
1855 5107 1920 5161 ab
1947 5103 2038 5161 Je-

471 5199 710 5260 roboam,
741 5203 794 5248 et
813 5197 928 5264 ejus
949 5199 1300 5268 temporibus,
1327 5199 1640 5270 alienigenis
1655 5209 1710 5254 et
1742 5199 1870 5268 ipsis
1899 5213 2034 5269 quo-

471 5305 574 5359 que
603 5285 942 5355 Assyriorum
959 5287 1183 5342 ducibus
1205 5291 1566 5360 contigerunt.
1617 5290 1751 5357 Quia
1781 5305 1911 5345 vero
1938 5305 2031 5357 ap-

473 5380 646 5451 posuit
670 5379 947 5448 propheta,
981 5395 997 5427 ι
1021 5378 1228 5432 duobus
1252 5380 1408 5433 annis
1431 5391 1558 5434 ante
1590 5391 1749 5437 terrae
1775 5391 2031 5446 motum,»

473 5487 689 5534 necesse
717 5469 814 5524 fuit
846 5470 1006 5524 etiam
1059 5469 1123 5522 de
1169 5469 1311 5535 lepra
1369 5469 1513 5526 Oziae
1563 5488 1884 5536 memorare,
1935 5486 2038 5542 qua

476 5572 752 5622 contactus
779 5574 878 5624 est.
914 5559 1164 5630 puniente
1188 5558 1318 5624 Deo,
1357 5571 1635 5629 postquam
1675 5563 1841 5618 sacris
1888 5563 2040 5632 l'ungi

542 5747 559 5780 ν
584 5746 646 5802 iV
697 5745 823 5813 lii-3.
857 5762 961 5807 λιν,
1018 5742 1104 5809 '36,
1136 5741 1219 5794 ‘27.
1309 5743 1324 5772 ³
1359 5741 1421 5794 iV
1455 5739 1563 5809 Reg
1619 5755 1703 5803 xv,
1737 5741 1785 5794 5.

1866 5741 1884 5770 ⁸
1927 5743 1961 5797 ll
1994 5742 2166 5800 Paral.
2205 5762 2344 5811 xxvi,
2387 5747 2464 5798 lfl.

2143 4465 2358 4536 ἀπόχρη
2387 4464 2563 4518 ταυτί.
2601 4465 2722 4519 Ὅτι
2777 4464 2836 4518 δὲ
2886 4465 3110 4534 γέγονεν
3145 4466 3283 4535 ἀνὴρ
3339 4463 3600 4529 δυνατὸς,
3635 4466 3730 4517 καὶ

2144 4556 2264 4616 ταῖς
2320 4553 2428 4607 τῶν
2491 4553 2801 4623 ἀλλοφύλων
2867 4554 3269 4626 ἐπεστράτευσε
3323 4553 3529 4624 χώραις
3550 4594 3564 4619 ,
3632 4556 3730 4609 καὶ

2143 4643 2394 4706 τοσοῦτος
2433 4643 2656 4713 γέγονεν
2710 4647 2790 4708 εἰς
2817 4645 3011 4717 ἀλκήν,
3050 4645 3125 4708 ώς
3172 4647 3266 4698 καὶ
3327 4643 3728 4714 ἀναδείμασθαι

2144 4736 2329 4799 πόλεις
2352 4738 2480 4810 παρ’
2513 4737 2715 4800 αὐτοῖς,
2747 4739 2842 4790 καὶ
2883 4737 3247 4809 δασμολογίαν
3291 4737 3582 4801 ἐπιθεῖναι,
3632 4739 3730 4793 καὶ

2144 4826 2442 4896 σκήπτροις
2489 4825 2637 4889 ἰδίοις
2679 4826 3019 4896 ὑπενεγκεῖν,
3056 4827 3231 4882 καίτοι
3260 4825 3469 4897 μεγάλα
3508 4827 3728 4894 φυσῶνο

2140 4919 2239 4982 τάς
2272 4935 2423 4984 ποτε,
2462 4917 2736 4988 δεδίδαχεν
2768 4920 3080 4992 ἀρκούντως
3109 4920 3170 4972 τὺ
3196 4919 3434 4989 Γράμμα
3469 4918 3530 4972 τὸ
3551 4919 3721 4988 ἱερόν.

2145 5008 2374 5075 Οὐκοῦν,
2405 5009 2705 5080 ἐπειδήπερ
2727 5010 2755 5062 ό
2788 5009 3124 5081 προφητικὸς
3141 5011 3274 5079 ἡμῖν
3290 5009 3444 5078 λόγος
3469 5009 3721 5062 είσκεκό-

2151 5119 2309 5172 μικεν
2343 5103 2400 5155 ἐν
2427 5102 2624 5172 ἀρχαῖς
2659 5101 2758 5172 τὴν
2795 5101 3060 5172 ἐσομένην
3094 5103 3236 5154 κατὰ
3265 5104 3374 5154 τῶν
3403 5101 3723 5169 ἀλλοφύλων

2141 5192 2164 5243 ὲ
2175 5194 2236 5262 ρή
2247 5209 2438 5261 μωσιν,
2465 5192 2734 5262 ἀναγκαία
2759 5192 2983 5262 γέγονεν
3012 5194 3044 5263 ή
3075 5192 3264 5263 μνήμη
3309 5193 3408 5264 τῆς
3439 5192 3718 5262 βασιλείας

2144 5284 2318 5348 Ὀζίου
2348 5302 2408 5338 τε
2461 5285 2555 5338 καὶ
2600 5285 2900 5356 Ἱεροϐοάμ,
2958 5285 3264 5355 νενίκηνται
3295 5287 3404 5358 γὰρ
3442 5285 3510 5338 δι’
3534 5285 3713 5339 αὐτῶν

2135 5376 2207 5438 ὡς
2241 5377 2602 5448 προλαϐόντες
2623 5378 2945 5447 εἰρήκαμεν.
2991 5373 3124 5430 Οἶδα
3150 5378 3246 5447 μὲν
3265 5373 3358 5431 οὖν
3381 5378 3462 5430 ὅτι
3497 5377 3588 5430 καὶ
3624 5373 3714 5426 διὰ

2135 5469 2318 5538 χειρὸς
2336 5469 2636 5541 Ἀσσυρίων
2666 5469 3053 5538 ὲμπέπρησται
3085 5471 3398 5540 Δαμασκὸς,
3419 5469 3710 5538 δεόῄωνται

2139 5560 2197 5612 δὲ
2227 5561 2377 5615 οὐδὲν
2405 5556 2567 5632 ἧττον
2600 5561 2782 5616 καὶτὰ
2815 5561 2924 5615 τῶν
2956 5562 3268 5631 ἀλλοφύλων
3303 5563 3455 5633 γένη.
3490 5558 3716 5632 Ἐπειδὴ

2548 5744 2655 5797 διν
2709 5743 2838 5808 Reg.
2893 5760 2998 5806 xvi,
3037 5745 3084 5799 9.
