3950 6200
294 307 404 364 41Ἱ
1257 302 1802 361 COMMENTARIUS
1843 302 1907 357 IN
1950 303 2135 359 AMOS
2173 302 2614 359 ΡὶὶΟΙῚΙΕΤΑΜ.
3455 319 3558 371 “3

297 426 358 476 δὲ
403 423 584 492 τούτῳ
614 423 761 476 ἐστὶν
795 423 979 474 ἐκεῖνα
1029 425 1483 495 μεταγενέστεραι,
1529 425 1864 496 προσὰψομει

1985 432 2171 476 contra
2192 421 2361 492 legem
2391 439 2494 476 non
2520 423 2799 477 dubitavit.
2834 423 3166 480 Contremuit
3199 430 3342 483 enim
3374 428 3556 488 lliero-

301 514 622 581 ἀναγκαίως
645 512 722 581 τῷ
749 529 807 564 τε
849 511 1148 583 Ἱεροόοάμ,
1179 513 1272 566 καὶ
1295 516 1408 576 τοῖς
1435 515 1643 567 ἐκείνου
1667 516 1864 583 καιροῖς

1987 514 2213 584 solyma,
2239 515 2435 570 incolis
2467 517 2599 569 iram
2626 533 2774 570 suam
2805 515 2912 571 Deo
2942 521 3272 574 ostendente.

300 606 371 658 τὰ
398 607 512 668 τοῖς
545 603 863 672 ἀλλοφύλοις
897 603 1300 674 συμϐεϐηκότα,
1332 606 1424 657 καὶ
1453 605 1634 668 αὐτοῖς
1695 605 1752 658 δὲ
1803 604 1955 659 οὐδὲν
1993 600 2154 675 ἧττον
2181 605 2291 667 τοῖς
2341 605 2446 658 τῶν
2502 607 2800 676 Ἀσσυρίων
2858 607 3210 677 καθηγηταῖς.
3246 612 3461 684 Ἐπειδὴ
3504 616 3561 668 δὲ

303 701 741 768 προστέθεικενό
759 699 1041 769 προφήτης
1070 717 1087 748 ι
1113 699 1215 770 πρὸ
1230 699 1322 752 δύο
1343 699 1478 753 ἐτῶν
1493 701 1587 752 τοῦ
1609 699 1853 770 σεισμοῦ,
1896 719 1916 752 ι
1960 701 2181 770 μνήμην
2224 701 2538 768 ἀναγκαίως
2566 702 2660 756 xui.
2707 702 2800 754 τοῦ
2857 702 3227 774 λελεπρῶσθαι
3261 707 3351 760 τὸν
3375 710 3560 773 Ὀζίαν

303 791 679 862 πεποιήμεθα.
744 790 964 860 Ἐπειδὴ
1029 791 1137 861 γὰρ
1212 791 1519 862 ἱερατεῦσαι
1583 794 1885 864 τετόλμηκε
1946 793 2299 866 παρανόμως,
2341 793 2681 864 λελέπρωται
2737 797 2834 865 μὲν
2877 796 3192 866 ἐλέγχοντος
3228 801 3386 867 Θεοῦ,
3421 821 3557 857 κατ-

303 886 533 957 εδονὴοη
557 885 617 938 δὲ
655 883 862 954 σεισμῷ
891 884 961 938 τὰ
1004 885 1350 957 Ἰεροσόλυμα
1387 889 1500 950 τοῖς
1549 888 1608 942 τὸ
1652 889 1904 959 τηνικάδε
1941 888 2076 943 Θεοῦ
2134 887 2232 958 τὴν
2276 887 2410 942 ἰδίαν
2429 889 3084 964 ὀργὴνύπεμφαίνοντος.

373 980 486 1034 Καὶ
517 975 675 1044 εἶπε,
703 980 914 1047 Κύριος
949 979 1017 1031 ἐκ
1060 979 1214 1034 Σιὼν
1260 980 1607 1050 ἐφθέγξατο,
1657 983 1753 1037 καὶ
1812 984 1882 1045 ἐξ

314 1072 704 1141 Ἰερουσαλὴμ
725 1071 910 1124 ἔδωκε
939 1071 1149 1140 φωνὴν
1176 1073 1383 1139 αὐτοῦ,
1409 1073 1506 1126 καὶ
1532 1073 1879 1142 ἐπένθησαν

299 1169 359 1219 al
398 1165 574 1233 νομαὶ
613 1162 731 1218 τῶν
775 1163 1102 1233 ποιμένων,
1143 1166 1244 1221 καὶ
1297 1165 1597 1234 ἐξηράνθη
1637 1167 1872 1237 κορυφὴ

299 1253 409 1306 τοῦ
456 1252 800 1321 Καρμήλου.

372 1349 446 1400 l".
478 1349 638 1410 Ὀλος
675 1349 806 1419 ἡμῖν
836 1349 894 1402 ὲν
923 1349 1133 1414 τούτοις
1175 1353 1203 1405 6
1234 1353 1334 1422 τῆς
1365 1354 1700 1424 προφητείας
1756 1353 1873 1409 δια-

298 1440 554 1505 φαίνεται
609 1441 826 1502 σκοπὸς,
880 1442 974 1494 καὶ
1031 1442 1126 1494 τοῦ
1173 1443 1372 1506 παντὸς
1405 1445 1875 1515 χρησμῳδήματος

295 1533 422 1599 ὅρος
455 1530 646 1600 ὥσπερ
680 1548 780 1594 τις,
813 1533 905 1584 καὶ
937 1534 1340 1604 προαφήγησις,
1402 1535 1640 1607 ἀσαφείᾳ
1703 1537 1869 1608 πολλῇ

2059 981 2222 1052 252
2266 983 2428 1039 Vens.
2457 983 2512 1037 2.
2544 982 2610 1035 Et
2638 986 2766 1036 dixit
2801 1001 2818 1037 :
2849 984 3106 1040 Dominus
3135 989 3197 1042 de
3236 988 3364 1042 Sion
3408 991 3554 1043 locu-

1983 1082 2066 1126 tus
2092 1086 2188 1136 est,
2213 1083 2259 1126 et
2299 1074 2362 1126 de
2384 1073 2679 1128 Jerusalem
2703 1077 2840 1129 dedit
2872 1093 3044 1130 vocem
3097 1096 3270 1145 suam,
3317 1091 3364 1134 et
3402 1081 3555 1134 Iure.

1981 1175 2102 1216 runt
2133 1180 2328 1232 pascua
2349 1175 2639 1234 pastorum,
2674 1179 2720 1221 et
2763 1171 3051 1224 exsiccatus
3092 1182 3166 1224 est
3219 1183 3390 1227 vertex
3435 1175 3555 1228 Car-

1980 1256 2120 1308 meli.

2052 1345 2135 1399 lll.
2160 1348 2212 1400 In
2237 1348 2322 1402 his
2345 1349 2523 1404 verbis
2548 1357 2687 1404 totus
2713 1351 3003 1419 prophetiae
3026 1367 3219 1422 scopus
3250 1354 3404 1408 nobis
3435 1357 3550 1410 elu-

1980 1439 2163 1503 eeseit,
2194 1450 2248 1494 et
2275 1439 2514 1495 vaticinii
2541 1441 2776 1496 universi
2812 1443 2966 1510 quasi
3031 1443 3315 1512 terminus,
3358 1460 3553 1515 propo-

1977 1529 2312 1599 sitorumqne
2335 1532 2616 1586 verborum
2637 1535 2925 1596 sententia,
2947 1536 3142 1589 merito
3201 1546 3259 1588 ut
3305 1538 3551 1605 quaedam

297 1625 745 1695 κατεσκιασμένη
776 1627 932 1678 νοοῖτ’
961 1624 1027 1679 ἂν
1051 1627 1272 1689 εἰκότως
1295 1629 1329 1697 ὴ
1360 1627 1453 1680 τοῦ
1510 1628 1864 1699 προκειμένου

1979 1621 2336 1689 prmgrediens
2359 1622 2618 1687 narratio,
2659 1622 2990 1677 obscuritate
3013 1625 3177 1678 multa
3233 1625 3553 1681 obumbrata

291 1716 546 1786 δύναμιςο
580 1717 871 1786 πεποίηται
897 1717 994 1786 μὲν
1023 1717 1130 1787 γὰρ
1160 1717 1232 1780 ὡς
1258 1717 1317 1783 ἐξ
1337 1718 1650 1790 ὁμοιότητός
1677 1735 1734 1771 τε
1786 1719 1876 1772 καὶ

301 1808 618 1876 μεταφορᾶς
653 1810 680 1860 6
711 1807 888 1875 λόγος,
929 1806 1024 1859 καὶ
1056 1807 1131 1870 ὼς
1172 1809 1234 1860 ὲκ
1262 1807 1355 1860 τοῦ
1387 1809 1690 1878 πεφυκότος
1740 1827 1877 1879 συμ-

297 1897 506 1950 ϐαίνειν
541 1899 660 1958 ταῖς
699 1897 1026 1967 εὑπρέμνοις
1058 1896 1167 1950 τῶν
1201 1898 1341 1968 ὀρῶν
1384 1902 1665 1968 κορυφαῖς,
1697 1900 1728 1971 ἢ
1765 1904 1876 1965 τοῖς

290 1988 654 2058 ἐφιλωμένοις
677 1987 787 2040 τῶν
821 1987 1017 2040 πεδίων
1040 1987 1152 2040 ἔσθ’
1189 1989 1298 2043 ὅτε.
1322 1991 1460 2060 Ὄρη
1488 1990 1588 2059 μὲν
1620 1989 1727 2061 γὰρ
1755 1991 1875 2044 καί-

291 2097 373 2133 τοι
402 2080 634 2150 δρυμοῖς
658 2079 933 2148 κομῶντα,
961 2079 1054 2132 καὶ
1082 2078 1281 2146 ξύλοις,
1326 2079 1514 2143 πεδιὰς
1552 2079 1609 2132 δὲ
1643 2075 1709 2134 αὖ
1745 2081 1872 2135 πολ-

292 2172 354 2242 λῇ
386 2171 482 2222 καὶ
507 2169 818 2240 ἀμφιλαφεῖ
839 2172 904 2240 τῇ
939 2169 1044 2242 πόᾳ
1089 2171 1525 2243 κατεστεμμένη,
1580 2171 1874 2240 καταφθεί-

295 2260 483 2330 ροντός
511 2275 657 2320 τινος
681 2257 713 2326 ἢ
741 2256 930 2326 λοιμοῦ
982 2257 1175 2327 τυχὸν,
1211 2259 1380 2328 ἤγουν
1423 2259 1608 2330 ἐτέρου
1642 2277 1734 2312 του
1763 2261 1871 2313 τῶν

289 2352 349 2416 ἐξ
373 2351 539 2422 ἀέρος
571 2350 1040 2420 ἀρρωστημάτων,
1088 2351 1365 2421 ἀδοκήτως
1406 2353 1704 2406 αὑαίνεται.
1743 2355 1870 2407 Δια-

289 2443 486 2496 πίπτει
514 2441 571 2494 δὲ
595 2439 737 2494 οὕτω
759 2443 852 2494 καὶ
876 2442 944 2496 τά
969 2441 1307 2514 ἀνθρώπινα,
1341 2443 1434 2496 καὶ
1459 2447 1871 2516 κατασκήπτου-

289 2553 374 2588 σιν
399 2533 515 2587 ἐσθ’
538 2535 626 2587 ὅτε
654 2533 862 2588 πόλεων
891 2536 984 2589 καὶ
1012 2535 1203 2606 χωρῶν
1227 2537 1444 2606 πικραὶ,
1481 2539 1573 2591 καὶ
1600 2537 1870 2592 δύσοιστοι

289 2625 596 2695 συμφοραὶ,
624 2624 980 2688 διολλύουσαι,
1017 2627 1116 2678 καὶ
1156 2625 1616 2697 καταφθείρουσαι
1677 2627 1869 2698 μικρόν

287 2735 345 2768 τε
378 2716 475 2768 καὶ
501 2715 694 2785 μέγαν.
733 2716 886 2778 Τίνος
905 2717 1013 2784 γὰρ
1041 2715 1108 2769 ἂν
1131 2717 1376 2784 φείσαιτο
1403 2717 1676 2788 πολεμίων
1694 2718 1863 2787 ξίφος,

288 2807 346 2876 ἦ,
376 2806 511 2876 φέρε
536 2807 730 2868 εἰπεῖν,
755 2805 978 2875 λοιμός;
1011 2808 1213 2877 ’Λρδην
1251 2810 1532 2880 ἀποκείρει
1563 2811 1656 2862 καὶ
1682 2811 1774 2863 τὸν
1809 2814 1866 2863 ὲν

288 2898 530 2970 πλούτῳ,
578 2900 672 2953 καὶ
729 2899 928 2966 δόξαις,
979 2901 1072 2954 καὶ
1102 2902 1439 2966 δυναστείαις
1475 2903 1731 2973 διαφανῆ,
1771 2904 1866 2957 καὶ

1979 1711 2294 1781 accipiatur.
2368 1715 2590 1766 Constat
2633 1713 2773 1768 enim
2829 1715 3178 1770 similitudine
3219 1718 3446 1785 quadam
3499 1727 3555 1772 et

1977 1804 2291 1872 metaphora
2310 1804 2508 1869 oratio,
2537 1819 2633 1858 ceu
2663 1819 2727 1858 ex
2750 1818 2813 1858 eo
2833 1806 2972 1872 quod
3003 1821 3383 1874 nonnunquam
3410 1806 3554 1875 jugis

1976 1895 2237 1948 montium
2258 1895 2494 1950 arbustis
2557 1895 2894 1962 ﬂorentibus,
2945 1905 3040 1950 aut
3083 1899 3290 1967 campis
3340 1899 3551 1954 nudatis

1977 1985 2111 2038 solet
2133 1985 2367 2040 evenire.
2396 1985 2601 2041 Montes
2631 1987 2794 2050 enim,
2824 1987 3071 2055 quamvis
3119 1988 3270 2044 silvis
3316 2000 3372 2044 et
3400 1989 3553 2046 arbo.

1973 2072 2122 2128 ribus
2149 2075 2368 2139 comati,
2399 2085 2454 2130 et
2481 2075 2733 2144 planities
2769 2076 2935 2130 multo
2985 2086 3041 2131 et
3089 2077 3256 2132 denso
3306 2080 3551 2147 gramine

1972 2169 2293 2234 convestita,
2325 2179 2706 2238 corrumpente
2731 2179 2824 2223 aut
2871 2180 3018 2238 pe5te
3064 2170 3312 2236 fortasse,
3334 2172 3548 2227 autalia

1972 2253 2094 2307 (ξαειί
2115 2251 2220 2322 lue,
2242 2265 2460 2324 repente
2490 2265 2833 2310 exarescunt.
2862 2257 2953 2311 Sic
2983 2257 3144 2310 etiam
3185 2272 3276 2312 res
3301 2259 3551 2314 humana:

1972 2344 2301 2414 dilabuntur,
2326 2356 2380 2403 et
2433 2349 2699 2403 interdum
2753 2350 2916 2404 urbes
2971 2365 3034 2404 ac
3067 2351 3312 2419 regiones
3342 2353 3552 2408 acerba:

1971 2436 2307 2492 calamitates
2335 2449 2387 2494 ct
2426 2441 2510 2494 vix
2537 2441 2840 2495 tolerabiles
2865 2443 3193 2510 opprimunt,
3217 2459 3336 2511 qum
3359 2460 3550 2514 magna

1965 2527 2114 2597 juxta
2147 2543 2209 2582 ac
2231 2545 2394 2598 parva
2426 2535 2670 2599 perdunt,
2701 2543 2860 2600 atque
2889 2547 2920 2586 e
2965 2534 3139 2587 medio
3189 2534 3403 2588 tollunt.
3450 2536 3549 2591 Cui

1973 2619 2117 2672 enim
2147 2628 2236 2672 aut
2262 2619 2474 2674 hostilis
2497 2621 2723 2690 gladius,
2748 2638 2950 2690 qumso,
2974 2634 3066 2677 aut
3095 2625 3270 2693 potius
3301 2627 3550 2694 pestilen-

1971 2710 2042 2763 tia
2068 2711 2300 2779 parcat?
2323 2711 2580 2766 Funditus
2603 2712 2824 2767 demetit
2871 2722 2976 2768 tam
3028 2716 3248 2780 divitiis,
3282 2717 3445 2785 gloria
3495 2729 3550 2773 et

1970 2803 2208 2868 potentia
2243 2802 2840 2872 prmeellentem,quam
2886 2806 3173 2859 obscurum
3223 2819 3386 2877 atque
3443 2811 3542 2864 ab-

1963 2893 2188 2962 jectum.
2225 2894 2487 2961 Propheta
2516 2894 2842 2962 igiturnuuc
2890 2912 3049 2965 quam
3094 2901 3542 2956 accommodatis-

285 2991 376 3043 τὸν
414 2990 630 3061 ἄσημόν
685 3009 744 3044 τε
797 2993 890 3045 καὶ
927 2993 1381 3064 κατερριμμένον.
1438 2994 1632 3062 Γέγονε
1688 2997 1864 3049 τοίνυν

1970 2985 2105 3040 sime
2133 2996 2386 3041 consueta
2423 2985 2523 3040 sibi
2561 2985 2768 3040 loeutus
2795 2996 2898 3042 est.
2933 2989 3350 3046 [’ascebatenim
3377 3010 3532 3057 oves,

285 3081 363 3150 τῷ
390 3084 648 3154 προφήτῃ
673 3084 789 3136 νυνὶ
815 3083 1039 3153 πρέπων
1061 3084 1142 3137 ὅτι
1171 3083 1402 3154 μάλιστα
1429 3088 1541 3148 τοῖς
1567 3085 1714 3156 αὐτῷ
1736 3105 1864 3140 κατ-

285 3172 618 3245 ειθισμένοις
659 3174 687 3225 ὁ
715 3175 889 3242 λόγος.
931 3170 1041 3229 Ἦν
1089 3175 1215 3246 γὰρ,
1269 3177 1344 3239 ὼς
1398 3176 1552 3246 ἔφην,
1609 3179 1858 3245 αἰπόλσς,

284 3265 378 3316 καὶ
413 3265 710 3335 πεποίηται
734 3266 834 3336 τὴν
854 3266 1059 3336 τροπὴν
1083 3267 1158 3328 ὡς
1191 3268 1254 3319 ἐκ
1281 3267 1373 3320 τοῦ
1405 3267 1863 3338 καταφθείρεσθαι

285 3357 550 3420 πολλάκις
575 3357 672 3422 τὰς
690 3358 797 3410 τῶν
827 3357 1159 3429 θρεμμάτων
1189 3360 1378 3429 νομάς.
1422 3360 1518 3423 Τίς
1546 3357 1639 3414 οὖν
1678 3359 1706 3412 ὁ
1757 3361 1863 3414 τῶν

281 3447 598 3518 εἰρημένων
651 3447 1016 3520 ἀληθέστερος
1072 3449 1228 3516 νοῦς;
1270 3451 1620 3520 Ἑφοέγξατο,
1664 3453 1859 3522 φησὶν,

280 3537 345 3589 ἐκ
379 3535 524 3590 Σιὼν
557 3539 586 3590 6
616 3537 836 3610 Κύριος,
865 3541 941 3604 ὡς
971 3540 1031 3605 ἐξ
1065 3541 1196 3594 ίδίου
1223 3543 1411 3605 τόπου,
1444 3543 1542 3596 καὶ
1575 3543 1632 3610 ἐξ
1668 3545 1863 3615 Ἰερου-

283 3629 491 3700 σαλὴμ,
527 3629 604 3692 ὡς
643 3631 705 3684 ὲκ
735 3632 1067 3703 νεμηθείσης
1117 3633 1286 3703 αὐτῷ,
1317 3633 1433 3686 ἔστι
1467 3635 1566 3705 μὲν
1613 3635 1722 3706 γὰρ
1762 3637 1862 3689 οὐκ

280 3723 339 3772 ἐν
368 3721 525 3792 τόπῳ
546 3721 607 3774 τὸ
631 3721 935 3793 ἀσώματον.
965 3723 1186 3794 Ἐπειδὴ
1209 3725 1265 3778 δὲ
1290 3721 1358 3796 ἦν
1385 3726 1443 3778 ὲν
1474 3727 1588 3788 τοῖς
1630 3727 1859 3796 Ἰεροσο-

278 3810 475 3880 λύμοις
501 3812 532 3864 6
570 3811 852 3882 διαϐόητος
885 3814 1090 3876 ἐκεῖνος
1143 3815 1296 3879 ναὸς,
1354 3812 1528 3866 ἐδόκει
1578 3830 1693 3876 πως
1733 3813 1861 3877 ἴδιος

282 3900 554 3971 ὑπάρχειν
583 3903 612 3954 6
642 3901 815 3972 χῶρος
845 3901 1031 3966 αὐτοῦ,
1071 3901 1210 3956 κατά
1238 3918 1300 3969 γε
1317 3902 1414 3972 τὴν
1443 3901 1551 3954 τῶν
1579 3903 1862 3974 ἀρχαιοτέ-

282 4008 391 4061 ρων
433 3990 726 4060 ὑπόληψιν,
763 3993 936 4061 μικρὰ
991 3991 1333 4063 φρονούντων
1391 3991 1472 4044 ἔτι
1525 3994 1653 4064 περὶ
1701 3992 1858 4046 Θεοῦ.

279 4080 429 4132 Ἀντὶ
453 4080 513 4132 δὲ
541 4079 634 4133 τοῦ
692 4098 712 4130 ι
753 4080 1072 4149 ἐφθέγξατο,
1113 4101 1132 4133 ι
1191 4083 1402 4136 τέθεικε
1449 4083 1558 4137 τῶν
1596 4083 1860 4154 Ἐϐραίων

278 4175 309 4241 η
342 4170 563 4233 ἔκδοσις
597 4190 614 4222 ι
650 4170 923 4242 ὠρύσατο,
950 4191 968 4223 ι
993 4172 1112 4242 ἦτοι
1134 4173 1602 4244 ὲ6ρυχήσατο,τὸν
1630 4173 1860 4226 λεόντων

278 4263 461 4332 νόμον.
486 4257 562 4316 Οἶι
580 4263 645 4332 δὴ
663 4264 965 4331 γεγονότος,
989 4281 1008 4314 ι
1034 4264 1388 4334 Ἐπένθησαν,
1408 4265 1592 4335 φησὶν,
1624 4267 1677 4318 αί
1698 4266 1861 4334 νομαὶ

1966 3087 2023 3130 ιιι
2053 3078 2308 3140 diximus,
2340 3087 2394 3132 et
2421 3077 2670 3144 quoniam
2695 3092 2892 3146 pascua
2919 3095 3170 3148 pecorum
3225 3099 3368 3155 saepe
3415 3101 3541 3140 cor-

1963 3178 2302 3236 rumpuntur,
2339 3169 2461 3222 inde
2488 3169 2891 3224 similitudinem
2926 3182 3009 3225 est
3033 3185 3352 3242 aucupatns.
3406 3178 3537 3243 Quis

1964 3276 2092 3326 ergo
2119 3260 2222 3314 erit
2254 3259 2536 3314 verborum
2561 3261 2737 3315 verior
2759 3263 2986 3317 sensus?
3027 3263 3260 3319 Locutus
3307 3276 3408 3330 est,
3466 3270 3545 3321 in-

1963 3354 2099 3421 quit,
2139 3368 2202 3407 ex
2237 3353 2363 3406 Sion
2397 3354 2670 3415 Dominus,
2705 3365 2760 3406 ut
2797 3371 2862 3408 ex
2899 3355 3014 3407 loco
3047 3358 3261 3425 preprio
3284 3368 3337 3411 et
3367 3377 3429 3412 ex
3454 3359 3544 3413 Je-

1964 3445 2220 3507 rusalem,
2253 3454 2306 3496 ut
2338 3444 2434 3496 sibi
2467 3444 2760 3511 attribute;
2801 3463 2903 3498 non
2936 3447 3077 3498 enim
3127 3451 3267 3516 quod
3321 3465 3543 3519 corpore

1963 3543 2138 3598 vacat,
2175 3534 2289 3587 loco
2319 3533 2648 3587 continetur.
2681 3536 2814 3600 Quia
2846 3550 2972 3591 vero
3017 3537 3401 3608 Hierosolymis
3426 3556 3543 3594 erat

1965 3621 2221 3691 templbm
2252 3622 2377 3676 illud
2413 3621 2645 3688 celebre,
2679 3625 2962 3679 videbatur
2979 3629 3376 3694 quodammodo
3395 3631 3542 3686 locus

1965 3717 2110 3771 illius
2145 3715 2413 3785 proprius,
2443 3715 2582 3783 quod
2620 3727 2832 3772 veteres
2861 3718 3243 3787 opinabantur,
3291 3723 3416 3790 quia
3441 3725 3541 3777 ltu-

1964 3804 2108 3858 tnilia
2143 3804 2316 3858 adhuc
2341 3804 2405 3856 de
2435 3803 2544 3859 Deo
2573 3807 2898 3860 sentiebant.
2925 3806 3050 3874 Pro,
3088 3828 3106 3860 ι
3141 3809 3348 3864 locutus
3391 3822 3494 3871 est,
3518 3831 3534 3861 ι

1964 3896 2183 3952 Hebraza
2213 3897 2376 3952 editio
2401 3898 2562 3951 habet
2594 3915 2612 3948 ι
2640 3898 2880 3964 ululavit,
2914 3917 2932 3948 ι
2962 3900 3092 3964 sive,
3129 3918 3147 3949 ι
3178 3901 3356 3969 rugiit,
3387 3921 3404 3954 ι
3433 3901 3542 3957 leo-

1963 4005 2089 4044 num
2124 4004 2272 4043 more
2294 3988 2561 4044 videlicet.
2595 3988 2711 4054 Quo
2736 3989 2899 4054 iacto,
2942 4007 2958 4039 ι
3024 3988 3322 4058 Lnxcrunt,
3345 3991 3537 4061 inquit,

1960 4095 2157 4148 pascua
2191 4090 2488 4149 pastorum.
2531 4097 2549 4130 ι
2587 4078 2702 4144 Quo
2723 4081 2936 4133 nomine
2959 4079 3378 4150 alienigenarum
3405 4098 3537 4150 gen-

1968 4181 2047 4225 tes
2076 4171 2350 4240 intelligit,
2394 4170 2730 4238 principibus
2777 4170 2888 4222 suis
2939 4180 3194 4236 tanquam
3229 4174 3538 4240 pastoribus

1961 4262 2284 4331 quihusdam
2310 4260 2599 4328 subjectas.
2619 4260 2708 4328 qui
2739 4259 2801 4312 ad
2825 4260 3001 4313 omnia
3039 4262 3166 4329 ipsis
3189 4263 3422 4317 collibita
3448 4281 3538 4333 po-

274 4330 384 4407 τῶν
412 4330 711 4423 ποιμένων.
743 4330 765 4406 γι
799 4355 989 4424 Νομάς
1039 4354 1098 4408 δὲ
1129 4330 1515 4425 ποιμένων-τὰ
1559 4355 1666 4410 τῶν
1698 4330 1856 4411 ἀλλο-

1970 4330 2117 4422 pulos
2142 4350 2643 4420 subjectosyapiunt
2666 4360 2956 4418 aguntque.
2985 4350 3322 4406 «Luxerunti
3354 4330 3534 4424 igitur,

276 4442 461 4509 φίλων
497 4440 627 4511 ἔθνη
657 4441 810 4511 φησὶ,
839 4442 1090 4513 καθάπερ
1125 4443 1238 4496 τισὶ
1285 4443 1507 4514 ποιμέσι
1540 4446 1651 4508 τοῖς
1679 4443 1858 4498 αὐτῶν

275 4533 578 4604 κρατοῦσιν
619 4533 1036 4605 ὑπεστρωμένα,
1081 4535 1132 4588 οἳ
1189 4535 1325 4607 πρὸς
1378 4537 1484 4590 πᾶν
1532 4535 1710 4589 ὁτιοῦν
1749 4535 1858 4589 τῶν

272 4625 420 4677 κατά
440 4623 669 4694 γνώμην
701 4625 882 4688 αὐτοῖς
906 4626 1098 4693 ἀγουσί
1119 4643 1178 4680 τε
1214 4628 1308 4680 καὶ
1343 4626 1566 4698 φέρουσι
1598 4629 1724 4691 τοὺς
1754 4628 1859 4681 ὑπὸ

272 4716 468 4785 χεῖρας
516 4713 701 4775 λαούς.
742 4732 761 4766 ι
797 4715 1132 4787 Ἐπένθησαν
1163 4738 1182 4768 ι
1212 4717 1390 4771 τοίνυν
1409 4762 1423 4785 ,
1454 4719 1730 4773 τουτέστιν
1750 4758 1765 4784 ,
1799 4721 1858 4774 ἐν

274 4803 634 4875 κατηφείαις,
659 4805 751 4858 καὶ
776 4807 834 4860 ἐν
852 4807 1017 4861 παντὶ
1041 4809 1296 4877 γεγόνασι.
1311 4809 1487 4882 κακῷ.
1506 4812 1722 4866 Γίνεται
1745 4812 1855 4884 γὰρ

271 4893 474 4957 πένθος
516 4895 610 4948 ἐπὶ
634 4899 866 4964 νεκροῖς.
923 4897 1104 4952 Αἴτιον
1137 4898 1193 4952 δὲ
1214 4901 1312 4972 τῆς
1345 4903 1632 4972 συμφορᾶς
1670 4903 1856 4968 αὐτοῖς

267 4985 332 5038 τὸ
357 4985 886 5056 καταὸρυχήσασθαι
945 4989 1037 5042 τὸν
1083 4989 1236 5058 Θεὸν,
1280 4992 1374 5045 καὶ
1414 4989 1524 5047 οἷον
1563 4993 1856 5062 ἀπειλῆσαι

266 5075 363 5126 τὸν
399 5074 646 5145 ὀλεθρον.
684 5094 701 5126 ι
727 5077 878 5130 Λέων
900 5077 1009 5149 γὰρ
1041 5077 1342 5150 ὲρεύξεται,
1365 5081 1459 5134 καὶ⁹
1483 5080 1569 5144 τίς
1594 5081 1654 5134 οὐ
1688 5081 1858 5152 φοϐη-

267 5165 538 5236 θήσεται;
563 5184 580 5217 ι
616 5164 762 5237 Πλὴν
782 5166 842 5219 οὐ
877 5167 1036 5238 μόνον
1070 5169 1382 5242 ἐπένθησαν.
1421 5172 1476 5224 αἱ
1535 5172 1697 5242 νομαὶ
1747 5171 1855 5224 τῶν

266 5255 560 5324 ποιμνίων,
594 5256 868 5326 ἐξηράνθη
901 5257 956 5311 δὲ
1016 5260 1152 5329 πρὸς
1201 5260 1374 5332 τούτῳ
1408 5263 1502 5314 καὶ
1556 5263 1589 5332 ἡ
1640 5263 1851 5334 κορυφὴ

266 5344 359 5398 τοῦ
385 5346 714 5416 Καρμήλου,
753 5347 1018 5411 τουτέστι,
1052 5349 1118 5402 τὰ
1152 5350 1518 5422 Ἰεροσόλυμα.
1549 5353 1850 5423 Κάρμηλος

271 5434 370 5501 μὲν
409 5435 521 5504 γὰρ
553 5435 678 5506 ὅρος
725 5439 874 5491 ἐστὶν
926 5440 984 5492 ὲν
1014 5442 1080 5511 τῇ
1127 5441 1235 5494 τῶν
1265 5443 1534 5496 Ἰουδαίων
1593 5444 1844 5513 κείμενον

278 5526 453 5598 χώρᾳ,
487 5529 547 5579 ὲν
571 5519 617 5594 ᾧ
647 5527 742 5580 καὶ
785 5528 1103 5601 κατῴκησεν
1127 5531 1154 5583 6
1189 5532 1453 5605 Θεσὸίτης
1495 5534 1700 5597 Ἠλίας.
1737 5536 1852 5590 Κα-

347 5708 368 5738 ⁶
403 5706 575 5761 Amos
605 5719 691 5764 tn.
716 5707 768 5761 8.

1966 4445 2068 4498 hoc
2094 4453 2200 4506 est,
2227 4443 2278 4495 in
2298 4441 2620 4495 maeroribus
2644 4440 2864 4495 etmalis
2883 4442 3133 4497 omnibus
3163 4445 3359 4498 versati
3389 4457 3513 4499 sunt

1965 4533 2165 4588 Luctus
2189 4531 2330 4586 enim
2365 4544 2527 4600 super
2552 4530 2779 4584 mortuis
2797 4531 3110 4600 suscipitur.
3164 4533 3334 4587 Causa
3357 4545 3534 4589 autem

1968 4625 2304 4679 miseriarum
2340 4623 2494 4692 ipsis,
2519 4623 2660 4692 quod
2692 4623 2830 4678 Deus
2855 4625 3127 4695 rugiisset,
3156 4637 3210 4682 et
3243 4628 3534 4698 perniciem

1950 4716 2056 4772 illis
2084 4715 2238 4784 quasi
2263 4714 2499 4768 minatus
2521 4724 2692 4770 esset.
2717 4733 2735 4767 ι
2780 4714 2886 4770 Leo
2916 4718 3110 4784 rugiet,
3145 4719 3267 4788 quis
3315 4735 3420 4773 non
3468 4721 3534 4773 ti—

1961 4808 2126 4862 mebit
2159 4807 2224 4860 οἳ
2252 4826 2270 4858 ι
2308 4803 2786 4863 Verumenimvero
2820 4823 2925 4862 nou
2959 4811 3116 4862 modo
3169 4809 3533 4881 queruntpa-

1958 4913 2107 4962 seua,
2132 4896 2294 4968 253
2323 4897 2540 4966 insuper
2563 4904 2616 4950 et
2636 4905 2824 4953 vertex
2855 4896 3085 4952 Carmeli
3113 4898 3415 4956 exsiccatus
3429 4913 3533 4967 est,

1960 4999 2107 5059 puta,
2134 4987 2524 5057 Hierosolyma.
2557 4986 2838 5042 Carmelus
2861 4987 3003 5041 enim
3031 5002 3187 5043 mons
3215 5000 3295 5045 est
3314 4990 3535 5060 Iudaeae,

1961 5083 2012 5133 in
2043 5094 2151 5148 quo
2181 5086 2236 5134 et
2264 5077 2408 5132 Elias
2434 5076 2716 5132 Thesbites
2750 5077 3033 5133 habitavit.
3078 5080 3414 5151 Frequenter
3435 5099 3534 5138 au-

1966 5181 2076 5224 tem
2113 5170 2269 5224 tellus
2297 5168 2601 5224 Judteorum
2634 5169 2867 5226 Carmeli
2917 5173 3178 5228 vocabulo
3232 5177 3529 5233 indicatur:
3557 5219 3564 5224 .

1961 5262 2119 5330 quale
2148 5271 2250 5324 est,
2285 5261 2424 5329 quod
2448 5275 2578 5316 voce
2603 5261 2823 5316 alterius
2840 5265 3115 5333 propheta:
3151 5268 3216 5320 ad
3281 5270 3420 5323 tilios
3453 5271 3532 5322 ls-

1963 5353 2069 5408 rael
2091 5370 2118 5406 a
2148 5353 2252 5406 Deo
2279 5353 2474 5406 dicitur
2507 5368 2520 5404 :
2561 5373 2578 5405 ι
2613 5353 2678 5408 Ει
2712 5353 2897 5410 induxi
2928 5373 3022 5412 vos
3045 5359 3095 5412 in
3119 5357 3444 5422 Carmelum,
3474 5369 3530 5410 ut

1961 5443 2316 5498 eomederetis
2347 5443 2482 5498 bona
2519 5445 2634 5514 ejus
2656 5454 2705 5499 et
2738 5444 2948 5502 fruetus
3004 5449 3141 5516 ejus.
3189 5449 3250 5502 Et
3295 5445 3526 5516 ingressi

1960 5538 2112 5602 estis,
2147 5547 2199 5593 et
2237 5537 2645 5594 contaminastis
2680 5547 2876 5594 terram
2904 5555 3094 5605 meam,
3129 5551 3180 5593 et
3244 5537 3526 5593 lia-redita-
