3950 6200
473 339 583 396 419

1465 330 1524 391 s.
1567 320 1842 390 CYRILLI
1880 317 2350 386 ALEXANDRINI
2387 319 2707 388 ARClnEP.

3627 335 3738 392 420

473 463 582 508 tem
610 465 782 506 meam
810 449 1067 519 posuistis
1100 449 1152 502 in
1182 447 1642 503 abominationem
1677 450 1721 502 ⁷.
1756 467 1774 501 ι
1810 448 2046 514 Quando

2163 449 2557 520 τασημαίνεται
2582 449 2638 503 δὲ
2669 447 2928 511 πολλάκις
2982 449 3015 520 ἡ
3067 446 3174 500 τῶν
3203 445 3472 499 Ἰουδαίων
3516 447 3589 516 γῆ
3647 447 3737 504 διὰ

470 544 689 612 quidem
726 541 890 610 igitur
923 539 1062 594 inter
1085 538 1282 593 Judtntc
1304 540 1553 593 civitates
1578 539 1808 593 nobilior
1827 549 1883 593 et
1936 539 2059 591 illu-

469 634 635 689 strior
659 630 1030 702 Hierosolyma
1064 631 1202 684 dicta
1229 640 1333 694 est,
1388 630 1559 699 ipsam
1609 631 1843 684 Carmeli
1891 630 2057 684 verti-

2160 540 2261 610 τῆς
2297 539 2392 592 τοῦ
2421 539 2714 612 Καρμήλου
2745 539 3134 609 προσηγορίας.
3188 537 3399 590 Ὀποῖόν
3425 539 3625 591 ἔστιτὸ
3648 540 3735 593 διὰ

2159 631 2344 698 φωνῆς
2393 628 2579 699 ἑτέρου
2635 629 2915 699 προφήτου
2969 627 3104 698 πρὸς
3157 627 3283 689 τοὺς
3331 626 3481 690 υἱοὺς
3519 626 3736 701 Ἰσραὴλ

471 737 590 778 cem
640 722 890 794 appellat,
940 731 998 775 ut
1044 721 1211 790 gloria
1262 721 1580 784 exaltatam,
1620 731 1680 775 ut
1729 721 2046 776 excellentia

2157 720 2448 792 εἰρημένον
2483 720 2636 791 παρὰ
2661 719 2821 772 Θεοῦ⁶
2855 740 2873 772 ι
2905 720 3014 772 Καὶ
3044 720 3336 790 εἰσήγαγον
3360 720 3507 788 ἡμᾶς
3529 720 3610 783 εἰς
3641 719 3735 775 τὸν

471 821 840 880 prmstantem,
873 821 933 866 ut
963 820 1164 880 praeter
1193 810 1329 864 alias
1355 811 1710 880 conspicuam
1771 821 1880 864 tum
1928 826 2054 880 pro-

2155 809 2452 882 Κάρμηλον
2502 809 2594 862 τοῦ
2643 812 2838 879 φαγεῖν
2888 809 2958 862 τὰ
3009 808 3190 877 ἀγαθὰ
3237 807 3426 874 αὐτοῦ,
3467 810 3560 862 καὶ
3609 810 3738 872 τοὺς

471 909 592 970 pter
651 901 888 955 divinum
947 898 1232 968 templum,
1282 907 1394 952 tum
1426 909 1650 968 propter
1717 915 1812 957 eos
1863 901 1955 971 qui
1984 915 2046 954 ex

2154 901 2402 972 καρποὺς
2429 901 2616 962 αὐτοῦ,
2652 902 2746 954 καὶ
2768 899 3068 970 είσήλθετε,
3108 902 3202 953 καὶ
3229 901 3480 971 ἐμιάνετε
3502 902 3601 973 τὴν
3633 903 3737 974 γῆν

485 992 628 1046 tribu
658 990 794 1046 Juda
816 991 944 1046 olim
964 991 1034 1044 ibi
1061 1000 1441 1060 regnaverunt.
1467 989 1656 1047 Solent
1712 1002 1890 1046 autem
1921 1007 2050 1048 san-

471 1083 541 1136 cti
561 1083 834 1151 prophetae
857 1083 1016 1137 verba
1051 1098 1146 1138 sua
1169 1083 1592 1138 obscuritatibus
1620 1083 1911 1149 involvere,
1935 1098 2055 1153 pro-

471 1185 592 1244 pter
623 1174 1030 1229 immoderatam
1073 1174 1407 1228 audientium
1433 1174 1602 1243 iram;
1637 1191 1743 1230 non
1766 1176 1907 1230 enim
1936 1176 2054 1230 sine

470 1267 858 1335 integumentis
884 1280 976 1320 eos
1016 1264 1161 1334 loqui
1213 1275 1549 1335 paterentur,
1613 1267 1838 1320 nimium
1881 1281 2054 1334 quan-

471 1365 581 1409 ιιιιιι
616 1355 842 1410 audacia
874 1355 1138 1419 furentes,
1173 1368 1225 1409 et
1249 1357 1368 1412 illos
1417 1358 1759 1425 increparent
1808 1372 1872 1411 ac
1904 1358 2051 1410 dice-

471 1459 636 1501 rent:
687 1447 804 1500 Alia
849 1447 1004 1502 nobis
1063 1448 1368 1518 loquimini,
1419 1457 1473 1503 et
1533 1448 1851 1503 annuntiate
1892 1446 2047 1503 nobis

468 1537 624 1589 aliam
651 1537 913 1592 fabulam.

468 1627 738 1692 λεύοντας.
797 1629 958 1691 Ἐθος

464 1894 708 1967 λαλεῖτε,
761 1904 856 1956 καὶ
886 1902 1249 1971 ἀναγγέλλετε
1279 1898 1472 1974 ἑτέραν
1501 1904 1787 1976 πλάνησιν.

2163 1007 2287 1060 μου,
2318 990 2414 1042 καὶ
2438 989 2535 1061 τὴν
2560 989 2923 1061 κληρονομίαν
2957 1007 3056 1060 μου
3081 989 3267 1044 ἔθεσθε
3293 993 3373 1054 εἰς
3404 991 3698 1061 βδέλυγμα.
3715 1012 3734 1045 ι

2159 1079 2382 1152 Ἐπειδὴ
2415 1081 2596 1134 τοίνυν
2653 1081 2761 1134 τῶν
2811 1080 2986 1135 ἄλλων
3038 1083 3248 1137 πόλεων
3295 1084 3404 1137 τῶν
3464 1085 3608 1138 κατὰ
3640 1085 3740 1156 τὴν

2159 1171 2424 1225 Ἰουδαίαν
2462 1171 2853 1242 ἑπισημοτέρα,
2889 1172 2984 1224 καὶ⁸
3011 1172 3276 1243 διαφανὴς
3309 1174 3624 1243 ὠνόμασται
3670 1174 3741 1229 τὰ

2171 1261 2541 1332 Ἰεροσόλυμα,
2571 1263 2818 1332 κορυφὴν
2863 1263 3004 1316 αὐτὰ
3056 1263 3152 1316 τοῦ
3208 1263 3509 1336 Καρμήλου
3550 1267 3737 1336 φησὶν,

2159 1353 2236 1418 ὡς
2266 1353 2584 1424 ἐπηρμένην
2609 1355 2667 1406 ὲν
2695 1353 2840 1425 δόξῃ,
2874 1355 2951 1418 ὡς
2978 1355 3319 1426 προύχουσαν
3371 1360 3429 1411 έν
3458 1359 3736 1429 ὑπεροχῇ,
3843 1373 3856 1433 Α

2156 1444 2232 1507 ὡς
2288 1443 2584 1515 περίοπτον
2633 1444 2783 1515 παρὰ
2844 1444 2942 1508 τὰς
2989 1445 3178 1509 ἄλλας,
3231 1446 3320 1501 διά
3375 1464 3434 1499 τε
3467 1446 3560 1500 τὸν
3597 1448 3738 1500 θεῖον

2156 1535 2301 1598 ναὸν,
2334 1533 2577 1596 καὶτοὺς
2635 1536 2699 1587 ὲκ
2740 1535 2915 1604 φυλῆς
2941 1536 3112 1589 Ἰούδα
3157 1539 3297 1592 κατὰ
3337 1538 3530 1609 καιρὸν
3583 1537 3737 1609 βασι-

1049 1628 1107 1680 es
1165 1632 1281 1692 τοίς
1364 1630 1544 1699 ἁγίοις
1590 1630 1900 1701 προφήταις
1963 1626 2375 1698 κατακρύπτειν
2442 1628 2566 1687 ταῖς
2661 1627 2951 1694 ἁσαφείαις
3019 1629 3146 1691 τοὺς
3228 1630 3459 1699 λόγους,
3525 1632 3616 1686 διὰ
3676 1632 3734 1683 τὸ

466 1721 720 1790 ἀχάλινον
787 1723 868 1784 είς
936 1721 1106 1794 όργὴν
1163 1722 1274 1780 τῶν
1366 1725 1755 1796 ἀκροωμένων.
1817 1725 1890 1778 Ού
1958 1723 2066 1795 γὰρ
2141 1720 2204 1777 ἂν

467 1813 864 1883 ἀνεπτοημένοι
912 1812 1050 1884 πρὸς
1115 1813 1316 1884 Θράσος
1341 1853 1356 1877 ,
1424 1818 1518 1869 καὶ
1610 1819 1726 1879 τοῖς
1775 1815 1952 1884 ἁγίοις
2031 1815 2339 1885 προφήταις
2393 1812 2796 1882 ἐπιτιμῶντες,

2291 1721 2584 1792 ἠνέσχοντο
2657 1720 2960 1775 λαλούντων
3039 1724 3338 1793 ἀναφανδὸν
3411 1727 3548 1780 πολὺ
3618 1728 3731 1780 λὶαν

2877 1814 2967 1869 καὶ
3039 1815 3326 1885 λέγοντες·
3383 1820 3551 1874 Ἀλλα
3608 1823 3732 1890 ἡμῖν

533 1997 699 2052 Vens.
747 1996 869 2049 5-5.
913 1994 977 2049 Et
1007 1997 1147 2050 dixit
1202 1995 1461 2052 Dominus
1486 2013 1506 2052 :
1530 1995 1698 2068 Super
1733 1999 1901 2052 tribus
1945 1998 2046 2051 int-

2214 1994 2326 2048 Καί
2348 1988 2479 2048 εἶπε
2508 1982 2879 2064 ΚύριοςἝΜ
2896 1995 3025 2063 ταῖς
3054 1996 3252 2065 τρισὶν
3292 1999 3598 2070 ἀσεϐείαις
3625 2008 3734 2059 Δαι-

463 2076 749 2158 pt‘eiatibus
783 2087 1061 2155 Damasci,
1088 2099 1134 2142 et
1165 2103 1323 2158 super
1351 2101 1578 2158 quatuor
1607 2107 1710 2146 non
1751 2100 2048 2144 convertam

460 2194 604 2240 eum,
635 2192 694 2230 eo
725 2177 863 2246 quod
895 2179 1154 2231 secuerint
1193 2180 1356 2234 terris
1379 2181 1564 2250 ferreis
1595 2183 1651 2236 in
1681 2192 1828 2237 utero
1854 2183 2049 2236 haben-

463 2278 540 2321 tes
589 2268 642 2319 in
694 2265 922 2319 Galaad.
979 2267 1046 2320 Et
1083 2269 1213 2322 oriri
1261 2269 1454 2338 faciant
1509 2274 1681 2342 ignem
1731 2275 1785 2328 in
1833 2275 2047 2329 domum

463 2356 646 2424 Azael,
676 2365 725 2410 et
751 2357 1022 2411 deuorauit
1053 2358 1403 2428 fundamenta
1450 2362 1552 2431 ﬁlii
1578 2363 1742 2419 Ader.
1775 2365 1846 2420 Et
1871 2377 2049 2422 conte-

461 2463 578 2500 ram
629 2456 795 2501 vectes
851 2447 1121 2514 Damasci,
1183 2461 1230 2505 et
1279 2452 1583 2520 disperdam
1632 2454 1931 2511 habitantes
1981 2475 2048 2513 ea:

461 2555 645 2607 campo
674 2533 798 2604 Ὧν,
838 2547 884 2592 et
911 2543 1188 2595 concidam
1223 2545 1415 2597 tribuat
1448 2561 1516 2599 ea:
1551 2547 1674 2602 viris
1705 2547 1973 2614 Charrau,
1998 2561 2046 2605 et

460 2628 814 2696 captieabitur
861 2631 1085 2700 populus
1137 2631 1314 2705 Syria:
1367 2635 1634 2707 inclytus,
1683 2639 1812 2695 dicit
1858 2641 2044 2696 Douti-s

461 2734 580 2773 nus.

536 2907 629 2970 ιν.
658 2911 876 2970 Divinas
915 2915 1128 2988 Moyses
1164 2915 1406 2974 Deumut
1436 2917 1634 2976 bonum
1670 2932 1726 2980 et
1749 2924 2044 2994 patientem

463 3001 784 3071 admiratur,
823 3006 986 3076 idque
1020 3010 1340 3066 rectissime.
1375 3013 1665 3082 Postquam
1711 3016 1855 3070 enim
1879 3015 2045 3072 lsrael

463 3092 688 3146 vitulum
716 3093 971 3151 conﬂavit
996 3096 1047 3151 in
1084 3099 1393 3167 solitudine,
1419 3116 1480 3156 ac
1517 3103 1681 3159 stulte
1709 3104 1846 3160 dixit
1877 3121 1892 3159 :
1923 3124 1944 3157 ι
1980 3105 2042 3162 lli

459 3195 586 3238 sunt
620 3185 691 3239 dii
719 3187 816 3252 tui,
844 3186 1036 3254 lsrael,
1068 3190 1159 3259 qui
1196 3200 1247 3245 te
1275 3192 1580 3248 eduxerunt
1604 3195 1669 3250 de
1698 3205 1842 3251 terra
1873 3196 2042 3270 IEgy-

461 3274 536 3342 pti
558 3273 601 3341 ¹¹,
632 3293 652 3326 ι
686 3290 790 3330 non
824 3276 997 3346 potuit
1028 3278 1080 3333 iu
1114 3280 1206 3335 Dei
1231 3278 1580 3337 offensionem
1605 3301 1711 3341 non
1741 3287 2039 3343 incurrere.

2143 2085 2410 2157 μασκοῦ,
2445 2088 2545 2142 καί
2587 2087 2687 2141 ἐπὶ
2727 2088 2859 2165 ταῖς
2896 2088 3234 2159 τέσσαρσιν
3277 2093 3389 2147 οὐκ
3428 2096 3740 2165 ἀποστρα-

2147 2177 2418 2247 φήσομαι
2461 2178 2669 2244 αὑτὸν,
2699 2164 2832 2234 duo;
2857 2173 2944 2236 ὧν
2991 2180 3227 2249 ἐπριζον
3263 2184 3508 2252 aptam?
3564 2164 3742 2259 mon-'-

2139 2269 2273 2338 ροῖς
2302 2269 2411 2334 τὰς
2433 2269 2504 2323 ἐν
2533 2269 2748 2338 γαστρί
2783 2270 3049 2340 ἐχούσας
3077 2273 3194 2327 τῶν
3223 2273 3294 2328 ἐν
3319 2277 3568 2331 Γαλαὰδ
3587 2295 3601 2308 ο
3632 2281 3739 2336 καὶ

2148 2359 2492 2424 ἐξανατελῶ
2528 2361 2652 2430 πῦρ
2689 2365 2776 2429 εἰς
2814 2363 2921 2417 τὸν
2950 2363 3120 2417 οἷκον
3161 2364 3386 2434 uram,
3425 2369 3525 2422 καὶ
3557 2387 3742 2424 uara-

2145 2448 2394 2520 φάγεται
2433 2453 2678 2520 θεμέλια
2718 2451 2852 2506 υἱοῦ
2887 2453 3069 2520 Ἀδέρ.
3109 2455 3220 2508 Καὶ
3261 2459 3572 2527 συντρίψω
3610 2478 3741 2530 μο-

2146 2542 2338 2612 χλοὺς
2371 2543 2714 2612 Δαμασκοῦ,
2743 2543 2841 2598 καί
2870 2543 3280 2614 ἐξολοθρεύσω
3306 2550 3742 2619 κατοικοῦντας

2144 2635 2215 2689 ἐκ
2250 2635 2461 2691 πεδίου
2487 2629 2623 2702 Ὧν,
2663 2635 2762 2690 καὶ
2791 2638 3108 2706 κατακόψαι
3147 2638 3356 2708 φυλὴν
3390 2640 3459 2706 ἐξ
3499 2642 3743 2712 ἀνδρῶν

2146 2727 2411 2794 Χαρῤὰν,
2459 2728 2558 2782 καὶ
2625 2729 3246 2798 αἰχμαλωτισθήσεται
3309 2731 3460 2798 λαὸς
3514 2735 3742 2804 Συρίας

2144 2816 2491 2887 ἐπίκλητος,
2513 2818 2675 2889 λέγει
2700 2819 2938 2888 Κύριος.

2217 2911 2290 2962 Δ’.
2341 2910 2398 2963 '0
2439 2909 2720 2975 θεσπέσιος
2751 2911 2958 2981 Μωσῆς
2995 2913 3071 2976 ὡς
3094 2915 3296 2983 ἀγαθόν
3325 2933 3387 2969 τε
3432 2917 3526 2971 καὶ
3551 2917 3741 2982 ἀνεξί-

2146 3016 2313 3054 κακον
2335 3001 2748 3072 καταθαυμόιςει
2768 3001 2920 3068 Θεὸν,
2949 3005 3043 3058 καὶ
3066 3006 3212 3075 μάλα
3232 3007 3476 3072 εἰκότως.
3515 3005 3743 3081 Ἐπιιδη

2145 3091 2254 3163 γὰρ
2287 3092 2725 3165 μεμοσχοποίηκε
2758 3093 2900 3148 κατὰ
2925 3095 3026 3166 τὴν
3062 3096 3267 3170 ἔρημον
3292 3100 3321 3151 ὁ
3357 3098 3592 3170 Ἰσραὴλ,
3624 3099 3738 3172 ἔφη

2143 3203 2202 3239 τε
2248 3186 2560 3256 φληνάφως,
2598 3203 2617 3238 ι
2646 3178 2806 3240 Οὗτοι
2837 3188 2887 3239 οἰ
2931 3186 3044 3240 θεοί
3087 3206 3204 3254 σου,
3241 3190 3477 3261 Ἰσραὴλ,
3508 3191 3742 3256 οἵτινες

2144 3275 2421 3345 ἀνήγαγόν
2455 3291 2514 3328 σε
2561 3276 2627 3328 ἐκ
2656 3276 2762 3344 γῆς
2791 3277 3091 3345 Αἰγύπτου,
3117 3299 3138 3332 ι
3187 3284 3597 3356 προσκέκρουκε
3631 3288 3743 3356 μὲν

461 3365 567 3419 Sed
630 3366 720 3420 ubi
777 3369 1002 3423 exitiqu
1054 3370 1184 3440 ipsis
1239 3374 1475 3430 minatus
1525 3385 1611 3430 est
1669 3381 1875 3443 semel,
1933 3392 2042 3434 tum

2149 3366 2463 3434 ἀναγκαίως
2487 3381 2501 3395 °
2555 3366 2743 3440 ἐπειδὴ
2787 3368 2844 3421 δὲ
2885 3369 3227 3442 ὀλοθρεύσειν
3272 3375 3468 3439 αὐτοὺς
3501 3377 3742 3445 εἰσάπαξ

458 3453 683 3523 supplex
729 3458 982 3513 accidens
1017 3459 1229 3529 Moyses
1265 3464 1497 3534 rogavit,
1529 3475 1692 3536 atque
1729 3468 1892 3522 etiam
1925 3483 2047 3537 per—

458 3547 632 3601 suasit
671 3546 887 3615 Opiﬁci,
921 3560 980 3605 ut
1018 3553 1124 3609 reis
1163 3554 1486 3622 ignosceret,
1513 3566 1568 3612 et
1600 3573 1815 3614 carmen
1845 3561 2048 3629 gratia-

458 3649 577 3688 rum
647 3638 880 3693 actionis
932 3639 1153 3710 obtulit,
1209 3645 1261 3698 in
1317 3645 1431 3700 haec
1490 3648 1653 3702 verba
1702 3667 1716 3703 :
1767 3668 1786 3700 t
1824 3651 2048 3705 Domine

462 3725 605 3779 Deus
658 3726 898 3784 clemens
948 3739 1005 3785 et
1065 3735 1410 3804 misericors,
1475 3740 1688 3810 patiens
1751 3753 1806 3796 et
1863 3743 2045 3799 multae

459 3815 846 3880 miserationis.
884 3830 936 3873 et
959 3820 1231 3890 justitiam
1266 3838 1507 3892 servans,
1540 3839 1595 3883 et
1617 3830 2044 3886 misericordiam

461 3906 665 3960 iaciens
693 3907 745 3961 in
777 3909 967 3974 millia,
1002 3911 1261 3969 auferens
1289 3915 1626 3985 iniquitates,
1650 3929 1704 3974 et
1734 3922 2043 3990 iniustitiae,

459 4005 514 4050 et
545 4008 788 4066 peccata.
825 4001 892 4054 Et
924 4017 1078 4057 reum
1107 4019 1211 4060 non
1248 4007 1577 4076 puriﬁcabit,
1597 4010 1760 4083 254
1788 4013 2046 4070 inducens

461 4098 684 4154 peccata
715 4100 927 4158 patrum
957 4109 1119 4164 super
1151 4095 1313 4163 ﬁlios,
1347 4107 1404 4154 et
1448 4115 1610 4170 super
1643 4105 1780 4158 lilios
1811 4105 2043 4162 ﬁliorum

460 4179 518 4232 in
547 4181 762 4235 tertiam
811 4193 866 4237 et
891 4194 1137 4253 quartam
1167 4189 1640 4258 generationem’.
1676 4212 1696 4245 t
1737 4193 1850 4250 lloc
1877 4212 2046 4268 popu-

458 4271 542 4325 lus
572 4270 883 4328 'Judteorum
936 4291 1043 4330 non
1077 4278 1215 4334 bene
1245 4280 1533 4337 intellexit.
1585 4283 1854 4340 Putabant
1894 4289 2040 4343 enim

457 4361 624 4417 Deum
666 4380 786 4420 csse
835 4369 970 4422 adeo
1000 4370 1232 4436 .durum,
1284 4382 1340 4426 et
1393 4374 1803 4444 inexorabilem,
1842 4389 1898 4434 et
1949 4381 2045 4436 ira:

458 4447 808 4520 retinentem,
863 4467 923 4510 ut
960 4457 1084 4514 (iliis
1119 4459 1352 4516 ﬁliorum
1387 4464 1582 4519 delicta
1617 4476 1830 4534 patrum
1873 4470 2045 4542 impo-

458 4555 634 4599 neret.
678 4545 1040 4611 Quamobrem
1085 4549 1186 4619 ipsi
1220 4551 1273 4604 in
1315 4556 1658 4611 sermonibus
1690 4559 1792 4614 boc
1829 4560 2042 4616 dictita-

454 4635 610 4699 bant,
641 4637 890 4691 aienles:
925 4655 944 4688 ι
977 4637 1168 4693 Patres
1194 4644 1548 4698 comederunt
1574 4660 1732 4700 uvam
1767 4651 2040 4716 acerbam,

2150 3458 2362 3527 ἠπείλει
2395 3458 2546 3524 Θεὸς,
2575 3456 2695 3514 εἶτα
2727 3461 3067 3532 προσέπιπτε
3095 3481 3154 3516 τε
3205 3466 3300 3518 καὶ
3323 3467 3571 3537 ἐλιπάρει
3603 3469 3744 3521 Mm-

2152 3549 2272 3620 σῆς,
2289 3551 2380 3603 καὶ
2400 3550 2505 3622 μὴν
2521 3554 2616 3606 καὶ
2629 3553 2836 3607 ἀνεῖναι
2852 3557 2963 3618 τοῖς
2973 3557 3353 3627 ἡμαρτηκόσιν
3367 3558 3614 3612 ἀνέπειθε
3633 3559 3744 3631 τὴν

2147 3640 2304 3711 δίκην
2324 3641 2414 3696 τὸν
2428 3643 2793 3714 Δημιουργὸν,
2815 3645 2911 3697 καὶ
2925 3647 3310 3718 χαριστηρίους
3325 3648 3466 3719 ᾠδὰς
3475 3649 3740 3714 ἀνετίθει,

2147 3730 2353 3800 λέγων·
2389 3752 2407 3784 ι
2443 3733 2648 3802 Κύριος
2691 3736 2720 3786 ὁ
2761 3734 2894 3799 Θεὸς
2941 3737 3263 3808 οἰκτίρμων,
3317 3739 3411 3792 καὶ
3460 3740 3740 3811 ἐλεήμων,

2151 3823 2536 3896 μακρόθυμος,
2583 3825 2677 3878 καὶ
2726 3826 3040 3893 πολυέλεος,
3083 3829 3178 3883 καὶ
3209 3829 3480 3901 ἀληθινὸς,
3513 3833 3609 3885 καὶ
3651 3832 3743 3886 δι-

2147 3913 2438 3984 καιοσύνην
2461 3915 2754 3986 διατηρῶν,
2787 3917 2880 3969 καὶ
2911 3917 3060 3981 ἕλεος
3082 3921 3164 3982 εἰς
3191 3919 3455 3989 χιλιάδας,
3482 3921 3741 3992 ἀφαιρῶν

2145 4007 2394 4076 ἀνομίας,
2423 4005 2518 4060 καὶ
2543 4005 2776 4073 ἀδικίας,
2805 4010 2899 4062 καὶ
2929 4009 3223 4079 ἁμαρτίας.
3247 4011 3358 4063 Καὶ
3383 4012 3444 4064 ού
3478 4011 3743 4085 καθαριεῖ

2145 4097 2237 4150 τὸν
2263 4097 2468 4169 ἔνοχον,
2500 4098 2724 4167 ἐπάγων
2754 4100 2982 4170 ἀνομίας
3012 4101 3264 4171 πατέρων
3294 4104 3387 4156 ἐ.πί
3420 4104 3604 4169 τέκνα,
3636 4107 3739 4160 καὶ

2143 4191 2239 4243 ὲπὶ
2265 4189 2432 4244 τέκνα
2461 4191 2686 4255 τέκνων,
2706 4192 2798 4244 ἐπὶ
2832 4191 3024 4264 τρίτην
3041 4195 3134 4248 καὶ
3171 4196 3437 4268 τετάρτην
3463 4198 3676 4265 γενεάν.
3705 4219 3730 4251 ι

2145 4281 2316 4335 Τοῦτο
2343 4285 2660 4356 νενοήκασιν
2689 4283 2788 4336 οὐκ
2815 4284 2992 4354 ὀρθῶς
3019 4285 3126 4339 τῶν
3159 4285 3424 4342 Ἰουδαίων
3464 4289 3512 4342 οἱ
3545 4290 3732 4361 δῆμοι.

2148 4374 2337 4444 ᾬοντο
2356 4375 2464 4446 γὰρ
2495 4371 2798 4430 εἷναιΘεὸν
2815 4375 3046 4446 σκληρὸν
3073 4368 3233 4443 οὕτω,
3265 4378 3358 4432 καὶ
3390 4380 3734 4450 ἀτεράμονα,

2143 4469 2236 4522 καὶ
2265 4471 2472 4541 μακρὸν
2499 4471 2577 4534 εἰς
2613 4471 2804 4543 ὀργάς,
2844 4473 2921 4537 ὡς
2963 4474 3174 4538 τέκνοις
3214 4475 3417 4530 τέκνων
3449 4478 3737 4549 ἐπιφέρειν

2139 4559 2211 4614 τὰ
2239 4561 2349 4614 τῶν
2382 4561 2634 4634 πατέρων
2675 4564 3018 4636 ἐγκλήματα.
3063 4567 3174 4622 Καὶ
3216 4566 3350 4635 γοῦν
3393 4568 3526 4620 αὐτὸ
3570 4570 3735 4624 τοῦτο

2140 4650 2546 4720 διαγγέλλοντες
2574 4654 2829 4724 ἔφασκον,
2860 4674 2878 4707 ι
2901 4658 2964 4709 Οί
2992 4657 3227 4730 πατέρες
3256 4657 3456 4727 ἔφαγον
3477 4660 3732 4730 ὄμφακα,

454 4736 510 4778 et
556 4726 744 4781 dentes
783 4727 1016 4782 ﬁliorum
1063 4729 1551 4801 obstupuerunt”.
1586 4753 1606 4788 ι
1645 4737 1853 4795 Idcirco
1897 4743 2036 4797 Deus

2149 4745 2236 4798 καὶ
2277 4746 2327 4797 οἱ
2361 4745 2571 4810 ὀδόντες
2615 4747 2726 4802 τῶν
2769 4748 2976 4803 τέκνων
3011 4750 3371 4820 ὲγομφίασαν.
3397 4770 3415 4804 ι
3455 4751 3730 4824 Ταύτῃτοι

455 4815 523 4869 ad
571 4817 908 4874 Ezechielem
967 4822 1335 4891 prophetam:
1373 4842 1392 4875 t
1424 4824 1530 4882 Fili
1585 4828 1858 4893 hominis,
1909 4833 2038 4900 quid

454 4906 610 4964 vobis
661 4911 916 4979 parabola
951 4914 1067 4968 haec
1114 4914 1168 4968 in
1203 4924 1344 4970 terra
1379 4914 1588 4973 lsrael?
1619 4921 1862 4976 dicentes
1891 4941 1903 4976 :
1936 4923 2036 4978 Pa-

456 5006 570 5052 tres
605 5003 958 5058 comederunt
999 5021 1157 5060 uvam
1194 5008 1469 5074 acerbam,
1506 5016 1562 5064 et
1591 5011 1778 5066 dentes
1810 5011 2036 5068 ﬁliorum

2105 4862 2108 4868 ~
2137 4835 2268 4898 Θεὸς
2301 4835 2379 4906 τῷ
2411 4838 2664 4910 προφήτῃ
2710 4839 2874 4910 φησὶν
2911 4841 3199 4912 Ἰεζεχιὴλ·
3239 4861 3256 4894 ι
3287 4841 3382 4894 Υἱὲ
3409 4842 3729 4914 ἀνθρώπου,

2137 4927 2189 4982 τί
2223 4929 2349 4999 ὑμῖν
2377 4931 2410 5001 ἡ
2455 4930 2739 5002 παραϐολὴ
2771 4932 2912 5003 αὕτη
2944 4935 3001 4987 ὲν
3029 4933 3107 5005 τῷ
3135 4934 3370 5006 Ἰσραὴλ,
3399 4955 3417 4987 ι
3448 4935 3727 5004 λέγοντες,

2144 5038 2163 5071 ι
2191 5023 2254 5074 Oi
2285 5023 2520 5094 πατέρες
2545 5022 2746 5092 ἔφαγον
2781 5024 3025 5095 ὖμφακα,
3057 5027 3151 5080 καὶ
3183 5029 3231 5080 οἱ
3261 5027 3468 5091 ὀδόντες
3497 5027 3606 5080 τῶν
3635 5029 3728 5080 τέι

453 5087 900 5157 obstupuerunt?
955 5096 1087 5152 Vivo
1120 5112 1243 5169 ego,
1292 5101 1425 5155 dicit
1471 5101 1749 5168 Dominus,
1784 5105 2038 5170 qttoniam

2149 5129 2280 5166 ιινων
2305 5087 2684 5184 ἐγομφίασανξ
2719 5087 2966 5184 Ζῶίὲγὼ,
3001 5087 3150 5185 λέγει
3180 5118 3400 5189 Κύριος,
3434 5087 3514 5171 δτι
3549 5120 3609 5171 οὐ
3648 5119 3725 5191 μὴ

454 5192 563 5232 non
591 5178 799 5234 dicetur
821 5183 958 5238 ultra
989 5187 1100 5241 haec
1125 5192 1377 5256 parabole
1403 5192 1453 5246 in
1479 5191 1666 5248 Israel.
1693 5193 1827 5259 Quia
1851 5211 2038 5251 omnes

2149 5178 2362 5273 γένηται
2506 5178 2772 5277 λεγομένη
2820 5178 3179 5281 ιιι-παραϐολὴ
3219 5178 3457 5280 α’ύτηηέν
3502 5210 3579 5280 τῷ
3619 5178 3721 5264 ‘io:

453 5269 648 5324 animae
681 5287 811 5326 mea:
845 5286 991 5340 sunt,
1025 5282 1480 5345 quemadmodum
1515 5287 1694 5339 anima
1727 5286 1922 5354 patris,
1957 5287 2036 5342 sic

2149 5269 2297 5364 ραήλ.
2329 5295 2450 5347 Ὅτι
2481 5269 2654 5349 πᾶσαί
2684 5298 2737 5349 αἰ
2761 5269 2952 5367 ’ψυχαὶ
2977 5269 3126 5368 ’ἐμαί
3166 5269 3416 5363 eloti/:6»!
3449 5269 3649 5370 τρόπον
3682 5302 3718 5370 ἡ

453 5371 509 5416 et
541 5363 722 5417 anima
755 5365 875 5419 lilii.
915 5367 1112 5421 Anima
1142 5385 1263 5438 qua:
1301 5378 1627 5442 peccaverit,
1677 5377 1790 5446 ipsa
1833 5379 2033 5433 morie-

2149 5363 2278 5453 ρυχὴ
2309 5383 2403 5434 τοῦ
2439 5383 2670 5454 Πατρὸς,
2715 5363 2993 5437 οὕτωηκαὶ
3025 5363 3119 5439 τοῦ
3165 5385 3302 5440 υίοῦ.
3332 5363 3494 5457 Ψυχῆ
3539 5363 3718 5456 ἁμαρί

453 5459 560 5510 tur.
589 5455 626 5509 [θ’
633 5457 756 5512 ilius
793 5472 900 5512 non
938 5461 1175 5527 portabit
1212 5463 1546 5531 iniquitatem
1574 5470 1745 5537 patris
1790 5471 1896 5535 sui,
1930 5487 2030 5526 nec

2149 5476 2397 5539 βάναυσοι,
2433 5475 2572 5546 αὐτὴ
2612 5476 2982 5530 ἀποθανεῖται.
3020 5477 3079 5529 '0
3112 5477 3169 5530 δὲ
3208 5478 3322 5540 υίὸς
3351 5478 3411 5530 ού
3562 5455 3724 5546 λήψε-

451 5557 606 5616 pater
660 5548 841 5604 lilii“.
877 5566 896 5600 ι
955 5549 1235 5616 Quomodo
1282 5554 1426 5608 enim
1483 5558 1664 5613 adhuc
1718 5561 1930 5626 patiens
1975 5569 2029 5614 et

2149 5584 2216 5620 ται
2248 5568 2348 5639 τὴν
2393 5569 2666 5640 ἁμαρτίαν
2695 5569 2788 5622 τοῦ
2825 5569 3027 5642 πατρὸς
3079 5571 3267 5637 αὐτοῦ,
3317 5573 3438 5626 οὐδὲ
3478 5574 3506 5627 ὁ
3539 5571 3720 5641 πατὴρ

527 5715 682 5778 'Jer.
713 5741 770 5792 ιι,
807 5726 856 5780 7.
930 5726 954 5759 ⁸
992 5726 1158 5783 Exod.
1197 5745 1366 5798 xxxii,
1408 5731 1462 5786 4.
1537 5734 1751 5792 "Exod.
1794 5755 1973 5808 Χλκιν,
2001 5746 2046 5807 (ς,

2230 5747 2270 5778 ¹⁰
2306 5747 2504 5801 ΕέιυιΊι.
2535 5761 2685 5817 mit,
2715 5747 2767 5802 2.
2849 5750 2887 5779 ⁸⁸
2917 5749 3046 5802 Ibid.
3085 5751 3135 5815 ὅ,
3167 5751 3218 5810 4.
3250 5750 3340 5802 9.0.
