3948 6208
290 192 386 255 κει

1248 195 1807 259 COMMENTARIUS
1845 204 1913 260 IN
1953 207 2139 265 ΑΜοὸ
2178 210 2616 275 ΡΒΟΡΙΙΕΤΑΜ.

3458 238 3561 293 4‘22

282 310 380 365 τοῦ
408 310 551 365 υἱοῦ.
581 330 599 364 ι
634 312 759 377 Πῶς
786 312 896 385 γὰρ
933 315 1011 369 ἔτι
1041 320 1415 392 μακρόθυμος,
1449 323 1542 376 καὶ
1585 324 1854 389 πολυέλεος

1974 328 2197 383 multum
2229 332 2541 390 misericors
2569 336 2943 395 universarum
2972 341 3246 413 Dominus,
3274 349 3318 404 si
3341 365 3559 420 peccata

280 402 310 452 ό
335 399 451 452 τῶν
481 400 623 454 ὅλων
668 402 966 475 Δεσπότης,
1008 408 1056 459 εί
1099 407 1172 478 μὴ
1206 410 1418 479 ἀνίησιν
1452 412 1746 482 ἁμαρτίας,
1783 415 1878 468 καὶ

280 488 575 559 καθαρίζει
599 489 691 544 τὸν
724 490 925 563 ἔνοχον,
953 498 1269 565 παρατείνει
1291 498 1347 552 δὲ
1387 501 1587 569 μᾶλλον
1609 502 1707 573 τὴν
1748 504 1876 572 ἀγα-

278 580 549 649 νάκτησιν
589 581 681 633 ἐπὶ
709 582 919 653 τρίτην,
950 586 1045 639 καὶ
1073 588 1341 661 τετάρτην
1374 591 1596 658 γενεάν;
1643 594 1737 657 Τίς
1778 590 1872 648 οῦν

275 671 304 722 ὁ
336 671 529 739 λόγοςς
570 672 726 725 Ἔστι
773 674 871 743 μὲν
920 671 1014 729 οῦν
1057 677 1416 745 άνεξίκακος,
1461 682 1537 747 ὡς
1583 682 1742 754 ἔφην,
1776 686 1872 739 καὶ

271 759 633 829 ἀσυγκρίτως
654 760 877 828 ἀγαθὸς,
906 765 1000 817 καὶ
1037 766 1137 819 οὐκ
1161 767 1319 831 εὐθὺς
1351 772 1465 834 τοῖς
1494 774 1871 845 ἡμαρτηκόσιν

274 850 481 918 ἐπάγει
502 852 604 923 τὴν
637 852 878 908 κόλασιν.
907 856 1253 912 Ὑποτίθεται
1280 861 1358 927 δὲ,
1384 862 1479 916 καὶ
1510 865 1591 927 είς
1614 864 1871 935 δευτέραν

270 940 497 1009 γενεὰν,
522 945 571 994 εί
604 942 745 1014 τάχα
790 962 873 1009 τις
903 948 1343 1017 παρεισὸαλοῦσα
1379 955 1715 1023 μετάγνωσις
1752 958 1875 1013 ἀνα-

273 1032 470 1101 κόψειε
513 1032 611 1103 τὴν
644 1034 833 1104 ὀργήν.
877 1036 1017 1090 Ἀλλ’
1051 1039 1100 1091 εἰ
1131 1039 1206 1111 μὴ
1246 1040 1403 1096 τοῦτο
1437 1043 1649 1111 γένοιτο
1687 1047 1871 1115 τυχὸν,

267 1124 321 1176 oi
341 1123 405 1175 δὲ
428 1126 493 1176 ὲκ
514 1123 609 1177 τοῦ
635 1124 849 1195 πρώτου
872 1128 1043 1196 τρίτοι
1063 1127 1128 1182 ’τε
1186 1130 1279 1184 καὶ
1305 1132 1553 1205 τέταρτοι
1579 1139 1691 1199 τοῖς
1716 1137 1869 1205 ίσοις,

265 1214 303 1283 ἢ
342 1217 445 1266 καὶ
484 1217 595 1277 τοῖς
620 1214 700 1269 ἔτι
732 1217 971 1287 χείροσιν
1012 1222 1249 1275 ἐναλοῖεν
1289 1229 1501 1289 κακοῖς,
1536 1229 1629 1280 καὶ
1665 1247 1869 1300 προγο-

263 1308 438 1374 νικῆς
479 1305 795 1369 δυσσεϐείας
827 1308 1163 1378 εὑρίσκοιντο
1194 1318 1448 1385 μιμηταὶ,
1492 1317 1613 1370 τότε
1652 1319 1715 1390 δὴ
1749 1321 1869 1374 τότε

258 1393 464 1447 λοιπὸν
486 1396 679 1462 ἐπάγει
703 1395 799 1458 τὰς
819 1396 994 1464 δίκας,
1022 1401 1352 1473 ἀποχρῶσαν
1380 1406 1458 1476 τῷ
1485 1409 1630 1475 γένει
1652 1411 1750 1479 τὴν
1776 1412 1869 1465 ἐπὶ

257 1488 393 1548 τοῖς
437 1486 533 1555 ήδη
580 1490 969 1558 παρῳχηκόσιν
1016 1493 1368 1560 ἀνεξικακίαν
1398 1499 1684 1566 ἐπιδιδοὺς,
1712 1519 1868 1556 τουτ-

258 1578 417 1643 έστι,
447 1581 506 1632 τὸ
527 1580 807 1651 ἐπιφέρειν
828 1585 1104 1654 ἁμαρτίας
1136 1590 1387 1661 πατέρων
1415 1593 1507 1645 ἐπὶ
1529 1594 1738 1665 τρίτην,
1770 1598 1865 1650 καὶ

1983 434 2091 473 non
2122 421 2364 488 dimittit,
2402 440 2500 480 nec
2541 442 2695 483 reum
2734 443 2960 501 purgat;
3007 438 3099 491 sed
3137 438 3560 509 indignationem

1982 510 2161 579 potius
2198 512 2249 565 in
2284 516 2497 569 tertiam
2538 526 2591 572 et
2648 531 2896 588 quartam
2935 528 3337 592 generationem
3372 539 3562 588 exten-

1979 601 2100 657 dit?
2128 602 2259 670 Qua:
2310 608 2447 663 ratio
2490 620 2575 665 est
2618 610 2822 680 igitur?
2847 612 3066 672 Patiens
3092 627 3198 685 est,
3231 631 3292 675 ut
3339 624 3471 687 dixi,
3505 636 3559 682 et

1981 691 2153 749 bonus
2180 697 2421 752 bonitate
2451 700 2879 773 incomparabili,
2913 722 3013 764 nec
3038 722 3327 777 peccantes
3373 718 3556 771 statim

1981 787 2170 854 punit;
2218 789 2396 844 differt
2444 802 2622 848 autem
2672 798 2834 851 etiam
2889 801 2945 854 in
2995 799 3217 857 alteram
3251 810 3555 874 generatio-

1978 889 2121 940 nem.
2155 878 2200 932 si
2237 894 2341 949 qua
2391 881 2534 938 forte
2580 887 2957 955 resipisceutia
2990 894 3366 963 'subingressa,
3412 899 3550 953 iram

1977 967 2212 1023 divinant
2235 971 2546 1030 inhibuerit.
2583 975 2636 1030 ld
2660 978 2701 1032 si
2732 995 2835 1034 non
2862 984 3170 1052 contigerit,
3196 990 3287 1041 sed
3312 1005 3340 1041 a
3367 992 3554 1059 primis

1976 1060 2121 1113 tertii
2166 1071 2218 1115 et
2270 1065 2448 1131 quarti
2502 1069 2721 1135 paribus
2774 1081 2866 1125 aut
2942 1075 3102 1128 etiam
3159 1076 3451 1145 majoribus
3497 1083 3549 1136 in

1972 1150 2265 1207 sceleribus
2300 1154 2642 1223 deprehensi,
2692 1170 2746 1213 et
2782 1162 2942 1216 avita:
2987 1164 3279 1235 impietatis
3315 1170 3551 1225 imitato-

1973 1255 2060 1295 res
2087 1241 2309 1307 fuerint,
2342 1254 2467 1301 tunc
2490 1249 2741 1305 nimirum
2764 1252 2875 1322 jam
2905 1269 3093 1321 poenas
3121 1258 3303 1325 infert,
3335 1272 3549 1329 postea-

1971 1347 2129 1400 quam
2162 1337 2343 1402 generi
2388 1338 2740 1395 sufﬁcientem
2786 1357 3007 1413 propter
3038 1349 3308 1417 praeterita
3340 1352 3548 1421 patien-

1972 1426 2096 1479 tiam
2136 1426 2377 1483 indulsit.
2415 1429 2526 1486 lloc
2564 1442 2647 1487 est
2697 1435 2952 1493 inducere
2986 1450 3207 1507 peccata
3238 1451 3452 1511 patrum
3494 1446 3548 1501 in

1973 1517 2185 1570 tertiam
2228 1527 2281 1572 et
2314 1532 2561 1587 quartam
2612 1526 3037 1592 generationem.
3080 1530 3170 1583 Ait
3210 1531 3388 1600 igitur,
3423 1550 3545 1590 cum

1975 1602 2289 1657 Damascum
2320 1618 2633 1674 peccantem
2666 1627 3036 1680 smpenumero
3071 1618 3176 1673 leni
3209 1623 3390 1676 animo
3423 1640 3546 1694 pas-

258 1671 546 1742 τετάρτην
580 1674 796 1739 γενεάν.
823 1672 1083 1748 τΑρᾋῦν,
1121 1683 1286 1753 φησὶ,
1335 1686 1765 1758 μακροθυμήσας
1801 1695 1854 1762 τῇ

1970 1707 2062 1747 sus
2108 1694 2230 1755 sim,
2286 1710 2466 1751 nonne
2503 1698 2805 1766 justissime
2849 1704 2903 1757 in
2952 1715 3238 1773 posterum
3296 1668 3547 1783 indigner

256 1765 553 1833 Δαμασκῷ
578 1767 921 1833 πλειστάκις,
945 1771 1044 1824 οὐκ
1070 1773 1512 1847 ἁγανακτήσαιμι
1543 1779 1744 1844 λοιπὸν,
1774 1782 1854 1834 καί

1969 1799 2129 1854 super
2162 1788 2340 1842 tribus
2366 1797 2422 1843 et
2470 1765 2702 1858 quatuor
2731 1765 3008 1862 peccatis?
3035 1797 3173 1865 Quid
3214 1816 3375 1870 porro
3401 1765 3545 1861 iece-

259 1856 484 1926 σφόδρα
513 1858 758 1925 εἰκότως,
786 1862 879 1914 ἐπὶ
907 1865 1052 1933 τρισὶ
1077 1866 1170 1918 καὶ
1204 1868 1499 1939 τέσσαρσιν
1530 1870 1854 1941 ἀμαρτίαις;

1967 1878 2130 1931 runt?
2174 1877 2337 1934 Multa
2375 1883 2589 1950 quidem
2638 1894 2695 1938 et
2738 1886 2874 1955 alia;
2924 1856 3294 1947 verumtamen
3336 1909 3542 1964 magna:

253 1948 330 2001 Τί
383 1949 494 2019 γὰρ
522 1950 848 2023 δεδράκασι;
890 1954 1065 2009 Πολλά
1104 1958 1201 2026 μὲν
1232 1959 1327 2013 καὶ
1369 1961 1549 2032 ἔτερα.
1585 1963 1731 2034 Πλὴν
1766 1965 1854 2035 τῆς

1965 1966 2242 2035 cujusdam
2283 1948 2507 2027 saevitia:
2554 1986 2743 2043 poenas
2776 1979 3140 2035 sustinebunt.
3178 2000 3197 2034 ι
3236 1981 3352 2037 Non
3396 1948 3539 2040 enim

230 2041 416 2110 ’ἄγαν
451 2042 731 2114 ὠμότητος
760 2044 1041 2099 ἀππιοῦσι
1079 2046 1236 2113 δίκας
1257 2065 1270 2078 ·
1309 2068 1329 2103 ι
1359 2052 1473 2104 Οὐκ
1510 2053 1854 2125 ἀποστραφή·

1963 2070 2274 2115 convertam
2328 2076 2442 2129 eos,
2494 2066 2748 2133 quoniam
2796 2079 3091 2124 secuerunt
3139 2072 3305 2126 serris
3350 2073 3540 2131 ferreis

255 2152 439 2204 σομαι
466 2134 572 2205 γὰρ
614 2136 840 2199 αὐτοὺς,
877 2138 993 2192 ἀνθ’
1028 2132 1102 2192 ὧν
1131 2139 1353 2212 έπριζον
1400 2142 1584 2213 πρίοσι
1622 2144 1854 2216 σιδηροῖς

1963 2160 2300 2218 praegnantes
2349 2153 2573 2209 Galaad.
2611 2173 2631 2207 ι
2691 2154 3014 2227 Oppidulum
3072 2171 3154 2215 est
3218 2162 3420 2217 Galaad
3480 2165 3536 2220 in

249 2227 368 2289 τὰς
398 2229 456 2280 ὲν
493 2228 691 2299 γαστρὶ
735 2226 966 2298 ἐχούσας
1006 2231 1113 2286 τῶν
1157 2234 1215 2285 ὲν
1260 2233 1492 2288 Γαλαάδ.
1515 2260 1534 2285 ι
1572 2237 1727 2290 Ἔστι
1764 2238 1861 2307 μὲν

244 2315 357 2373 οὖν
386 2320 424 2387 ἡ
447 2317 662 2372 Γαλαὰδ
695 2318 922 2391 πολίχνη
956 2323 1054 2393 τῆς
1093 2323 1376 2388 Ἰουδαίας,
1402 2326 1460 2379 ἐν
1499 2326 1732 2399 μεθορίῳ
1760 2330 1861 2399 τῆς

251 2412 645 2465 Παλαιπινῶν
681 2412 928 2485 κειμένη.
966 2414 1184 2485 Ταύτην
1222 2417 1271 2468 οἱ
1316 2417 1476 2488 Σύροι
1520 2419 1858 2489 προκατελά-

248 2499 447 2562 ϐοντο,
477 2500 570 2552 καὶ
602 2500 943 2572 πανωλεθρίᾳ
985 2503 1317 2574 διέφθειραν,
1349 2507 1534 2577 πρίοσι
1571 2508 1858 2579 τέμνοντες

254 2589 512 2660 σιδηροῖς
556 2591 655 2655 τάς
696 2593 754 2645 ὲν
782 2595 983 2662 γαστρὶ
1025 2597 1284 2666 ἐχούσας,
1328 2599 1423 2651 καὶ¹
1455 2598 1589 2668 ὁμοῦ
1638 2602 1855 2670 νηπίοις

244 2682 396 2751 ὠμὰ
429 2683 698 2750 γυναικῶν
738 2685 1037 2749 κτείνοντες
1080 2687 1312 2759 ἔμϐρυα.
1362 2688 1596 2761 Πρίονας
1628 2691 1683 2746 δὲ
1715 2691 1857 2765 σιδη-

252 2774 399 2843 ροῦς
440 2774 565 2837 τοὺς
602 2773 710 2828 τῶν
739 2776 964 2847 ἁμαξῶν
994 2778 1250 2848 ὀνομάζει
1283 2782 1537 2850 τροχοὺς,
1570 2777 1651 2845 οἷς
1691 2800 1857 2837 καταο-

252 2862 552 2919 λεπτύνειν
575 2866 694 2931 ἔθος
712 2868 811 2939 τὴν
841 2869 954 2923 ἆλω
980 2873 1093 2934 τοῖς
1115 2870 1329 2942 Σύροις.
1360 2874 1470 2927 Καὶ
1491 2875 1622 2942 γοῦν
1650 2878 1743 2929 καὶ
1766 2877 1853 2932 διὰ

254 2957 450 3026 φωνῆς
478 2960 699 3013 Ἡσαΐου
726 2961 860 3031 φησί
886 2980 987 3016 που
1009 2962 1141 3026 Θεὸς
1171 2964 1308 3034 πρὸς
1331 2965 1429 3035 τὴν
1452 2966 1557 3020 τῶν
1584 2968 1852 3023 Ἰουδαίων
1879 3000 1920 3057 C

257 3050 619 3118 Συναγωγήν’
653 3070 670 3102 ι
712 3051 841 3106 Ἰδοὺ
872 3054 1103 3125 ἐποίησά
1139 3071 1197 3107 σε
1239 3057 1315 3120 ὠς
1346 3058 1573 3129 τροχοὺς
1615 3058 1848 3129 ἀμάξης,

254 3140 561 3205 ἀλοῶντας,
611 3145 830 3208 καινοὺς
851 3187 865 3209 ,
920 3148 1370 3219 πριστηροειδεῑς.
1392 3168 1411 3203 ι
1444 3152 1666 3220 Ὅμοιον
1693 3152 1767 3216 ὡς
1802 3154 1850 3205 εί

254 3229 412 3298 λέγοι
438 3234 601 3302 τυχὸν
626 3235 763 3305 πρὸς
793 3236 890 3307 τὴν
920 3239 1236 3309 Δαμασκόν·
1262 3241 1600 3311 Καταλοήσω
1630 3260 1722 3296 σου
1751 3244 1850 3314 τὴν

252 3322 436 3393 δίκην,
464 3325 601 3378 καθὸ
632 3327 997 3398 κατηλόησας,
1025 3331 1118 3383 καὶ
1153 3331 1475 3401 συνέτριψας
1506 3335 1632 3395 τοὺς
1661 3335 1717 3386 ἐν
1744 3335 1850 3387 Γα-

252 3410 424 3477 λαὰδ,
464 3417 541 3480 ὡς
583 3419 717 3487 μηδὲ
751 3421 929 3473 αὐτῶν
968 3422 1256 3490 φείσασθαι
1300 3424 1406 3477 τῶν
1446 3425 1524 3478 ἔτι
1558 3426 1702 3479 κατά
1748 3440 1849 3494 γα-

256 3508 443 3578 στρὸς,
471 3504 554 3572 οἷς
581 3512 610 3563 ὁ
646 3511 798 3582 παρὰ
828 3513 1043 3567 πάντων
1073 3513 1221 3579 ἕλεος
1247 3516 1548 3579 ἀκολουθεῖ,
1580 3519 1672 3570 καὶ
1698 3519 1848 3586 ὀφεί-

252 3596 431 3652 λεται.
460 3600 583 3652 Ὅτι
631 3600 687 3653 δὲ
731 3602 931 3671 ὠμῶς,
979 3603 1072 3656 καὶ
1108 3604 1315 3674 ἀγρίως
1344 3606 1453 3666 τοῖς
1496 3603 1555 3668 ὲξ
1601 3604 1847 3674 Ἰσραὴλ,

251 3691 669 3761 κατεχρήσαντο
696 3693 803 3745 τῶν
836 3695 900 3746 ὲκ
932 3693 1226 3763 Δαμασκοῦ
1259 3712 1419 3758 τινες,
1455 3695 1754 3765 ἀναμάοοις
1782 3696 1847 3749 ἂν

254 3782 467 3835 ἀκονιτὶ
527 3784 640 3844 τοῖς
674 3782 943 3837 Ἐλισσαιὲ
988 3785 1081 3838 τοῦ
1125 3788 1404 3856 προφήτου
1456 3785 1633 3854 λόγοις
1683 3804 1849 3857 προσ‹

254 3874 528 3945 εσχηκώς.
557 3874 809 3944 Ἀφίκετο
837 3875 934 3946 μὲν
957 3876 1063 3947 γὰρ
1087 3877 1165 3939 είς
1187 3876 1277 3929 τὸν
1298 3877 1603 3946 Δαμασκόν.
1633 3876 1846 3947 Ἐπειδὴ

256 3965 305 4017 δὲ
333 3967 637 4037 συνήντησε
660 3967 737 4037 τῷ
768 3965 985 4037 Ἀζαὴλ,
1014 3964 1423 4038 ἁρῤωστοῦντος
1448 3968 1527 4020 ἔτι
1552 3967 1645 4020 τοῦ
1671 3968 1844 4039 Ἄδερ,

261 4075 279 4107 ι
310 4058 610 4119 Ἐκλαυσε,
653 4059 837 4127 φησὶν,
877 4060 905 4111 ὁ
931 4057 1215 4129 ἄνθρωπος
1246 4058 1339 4111 τοῦ
1372 4059 1533 4111 Θεοῦ.
1554 4060 1663 4112 Καὶ
1697 4056 1847 4113 εἶπεν

267 4146 487 4217 ’Δξαὴλ,
520 4149 583 4201 Τί
608 4150 690 4202 ὅτι
718 4151 745 4201 ὁ
776 4148 964 4219 κύριός
996 4166 1095 4219 μου
1127 4149 1338 4215 κλαίει;
1371 4151 1480 4203 Καὶ
1508 4146 1681 4215 εἶπεν,
1716 4147 1846 4204 Οἶδα

250 4237 352 4289 ﬁsa.
378 4240 630 4307 ποιήσεις
660 4241 774 4300 τοῖς
803 4240 942 4302 υἱοῖς
977 4236 1193 4308 Ἰσραὴλ
1217 4239 1381 4291 κακά.
1408 4238 1486 4290 Τὰ
1516 4238 1846 4309 ὀχυρώματα

1960 2242 2263 2299 conﬁnibus
2310 2246 2608 2304 Palarstinae
2666 2250 2850 2307 situm.
2882 2250 2995 2308 Hoc
3051 2253 3171 2325 Syri
3226 2271 3537 2326 occupave-

1961 2343 2105 2397 rant,
2134 2335 2484 2406 funditusque
2511 2340 2879 2409 perdiderant,
2918 2343 3063 2412 ipsas
3089 2346 3250 2399 etiam
3287 2348 3539 2417 gravidas

1960 2422 2211 2480 mulieres
2240 2428 2406 2483 serris
2432 2429 2786 2495 dissecantes,
2817 2441 2872 2486 et
2896 2448 3015 2485 eum
3046 2433 3346 2490 infantibus
3372 2438 3535 2492 etiam

1958 2510 2100 2569 fetus
2138 2516 2312 2571 adhuc
2358 2518 2705 2587 imperfectos
2738 2522 3132 2579 interimentes.
3189 2524 3380 2580 Serras
3421 2526 3534 2581 fer-

1958 2618 2076 2658 reas
2106 2621 2357 2660 curruum
2402 2618 2550 2663 rotas
2594 2610 2856 2677 nominat,
2902 2612 3099 2679 quibus
3134 2628 3317 2667 aream
3360 2622 3534 2671 terere

1958 2693 2107 2766 Syris
2153 2713 2270 2753 mus
2316 2708 2419 2753 est.
2470 2699 2655 2770 Itaque
2711 2711 2765 2756 et
2814 2716 2909 2757 ore
2950 2702 3100 2757 Isaiae
3147 2702 3345 2758 alicubi
3392 2706 3533 2762 Deus

1953 2784 2259 2841 Judmorum
2287 2787 2631 2860 Synagogam
2660 2792 2739 2845 sic
2767 2791 3098 2860 alloquitur:
3130 2790 3292 2863 255
3329 2813 3347 2845 ι
3390 2795 3530 2851 Ecce

1956 2876 2059 2932 feci
2107 2888 2159 2933 te
2201 2881 2358 2949 quasi
2411 2890 2560 2936 rotas
2614 2882 2840 2952 plaustri
2887 2883 3204 2938 triturantes
3244 2900 3431 2952 novas,
3476 2889 3529 2941 in

1955 2985 2229 3025 serrarum
2264 2973 2475 3026 modum
2502 2976 2570 3028 ι’.
2611 2993 2631 3027 ι
2679 2974 2842 3041 Quasi
2892 2976 3211 3029 Damascum
3260 2976 3331 3029 ita
3379 2992 3530 3032 com-

1954 3058 2113 3127 pellet
2136 3057 2460 3115 :Triturabo
2489 3075 2705 3130 poenam
2744 3075 2887 3116 tuam
2918 3064 3059 3117 sicut
3086 3073 3142 3117 tu
3179 3065 3442 3120 triturasti
3475 3076 3531 3122 et

1952 3148 2255 3202 contrivisti
2304 3150 2507 3204 incolas
2557 3150 2779 3217 Galaad,
2832 3160 2889 3213 ut
2939 3167 3040 3206 nec
3074 3154 3126 3205 iu
3167 3164 3319 3209 utero
3354 3156 3530 3209 adhuc

1952 3238 2242 3296 latentibus
2273 3256 2545 3308 parceres,
2593 3243 2789 3310 quibus
2831 3245 2897 3295 ab
2925 3244 3173 3297 omnibus
3211 3245 3521 3299 misericor-

1951 3332 2035 3386 dia
2087 3332 2340 3385 tribuitur
2384 3341 2437 3386 et
2479 3333 2719 3387 debetur.
2770 3334 3079 3387 Crudeliter
3123 3343 3300 3387 autent
3334 3344 3388 3389 et
3420 3337 3525 3390 im-

1952 3424 2185 3476 maniter
2232 3438 2261 3475 a
2324 3425 2671 3478 Damascenis
2720 3423 3038 3491 quilmsdam
3094 3433 3354 3480 tractatos
3404 3441 3525 3481 esse

1951 3512 2220 3570 lsraelitas
2270 3513 2429 3570 facile
2468 3513 2675 3580 discas,
2728 3516 2771 3569 si
2830 3515 2987 3569 Elisci
3026 3519 3303 3586 prophetae
3346 3520 3526 3574 verbis

1948 3603 2216 3656 attendas.
2257 3603 2411 3658 Venit
2434 3606 2575 3659 enim
2601 3603 2953 3662 Damascum.
2977 3607 3044 3661 Ut
3079 3618 3258 3662 autem
3284 3609 3520 3664 occurrit

1949 3692 2157 3757 Azaeli,
2190 3695 2365 3749 adhuc
2382 3706 2679 3763 aegrotante
2710 3696 2821 3750 (ilio
2847 3698 2991 3752 Ader
3016 3698 3334 3768 (Benadab),
3366 3719 3385 3752 ι
3411 3699 3526 3754 Fle-

1950 3785 2024 3837 vit
2082 3784 2243 3839 homo
2301 3787 2407 3852 dei,
2444 3804 2462 3839 ι
2526 3798 2581 3840 ιιι
2638 3788 2917 3857 Scriptura
2978 3790 3172 3859 inquit.
3223 3790 3335 3843 «Et
3389 3791 3523 3844 dixit

1946 3875 2151 3938 Azael,
2208 3890 2373 3943 quare
2418 3878 2677 3932 Dominus
2716 3893 2866 3933 meus
2913 3877 3035 3933 ﬂet?
3083 3879 3151 3932 Et
3198 3883 3515 3950 respondit,

1948 3965 2086 4031 Quia
2132 3968 2247 4021 scio
2276 3984 2613 4038 quaecunque
2648 3970 2891 4025 facturus
2918 3986 2978 4025 es
3012 3971 3134 4026 liliis
3165 3972 3326 4026 Israel
3355 3974 3515 4028 maia-

1949 4060 2029 4113 Tu
2084 4060 2335 4114 civitates
2392 4076 2577 4115 eorum
2638 4064 2873 4116 munitas
2930 4064 3228 4117 succench
3273 4064 3412 4133 igne.
3464 4070 3519 4120 et

1947 4150 2149 4206 electos
2173 4166 2361 4205 eorum
2396 4152 2691 4206 interiieies
2721 4152 2919 4220 gladio,
2956 4161 3005 4207 et
3036 4155 3289 4221 parvulos
3329 4170 3515 4209 eorum

1948 4243 2158 4304 allides.
2191 4255 2245 4296 et
2292 4253 2631 4312 praegnantes
2660 4257 2845 4297 eorum
2875 4243 3164 4298 divides".
3196 4263 3214 4295 ι
3251 4244 3515 4310 Quoniam

254 4326 433 4379 αὐτῶν
467 4325 843 4390 ὲξαποστελεϊς
873 4326 931 4379 ἐν
964 4326 1119 4397 πυρὶ,
1149 4326 1243 4378 καὶ
1271 4327 1397 4389 τοὺς
1427 4325 1715 4389 ἐκλεκτοὺς
1746 4328 1842 4379 αὑ-

1957 4336 2109 4405 igitur
2160 4334 2361 4389 Galaad
2412 4335 2555 4389 hunc
2606 4336 2658 4388 in
2721 4336 2939 4389 modum
2986 4334 3165 4390 aﬂecit
3201 4336 3514 4402 Damascus,

254 4418 361 4469 τῶν
392 4418 450 4471 ὲν
485 4418 732 4488 ῥομφαίᾳ
757 4419 1096 4481 ἀποκτενεῖς,
1129 4416 1224 4469 καὶ
1254 4416 1323 4469 τὰ
1352 4417 1518 4487 νήπια
1551 4416 1727 4470 αὐτῶν
1755 4418 1841 4471 ἐν·

258 4510 481 4573 σείσεις,
523 4510 741 4573 καὶτὰς
785 4511 841 4562 ὲν
877 4510 1073 4578 γαστρὶ
1115 4506 1346 4579 ἐχούσας
1386 4509 1563 4562 αὐτῶν
1601 4510 1843 4581 ἀναρρή-

256 4599 385 4664 ξεις.
415 4620 433 4650 ι
469 4601 686 4672 Ἐπειδὴ
714 4600 769 4653 δὲ
798 4599 970 4653 ταῦτα
998 4600 1222 4671 δέδρακε
1245 4599 1385 4654 κατά
1424 4601 1524 4670 τῆς
1565 4600 1776 4655 Γαλαὰδ
1807 4604 1839 4672 ή

252 4691 567 4760 Δαμασκὸς,
605 4691 803 4760 μᾶλλον
833 4690 891 4743 δὲ
917 4694 1011 4743 καὶ
1038 4690 1182 4744 κατά
1213 4691 1394 4761 πάσης
1433 4690 1531 4761 τῆς
1566 4692 1675 4745 τῶν
1716 4693 1844 4745 Ἰου-

252 4780 426 4833 δαίων
457 4782 660 4852 χώρας,
685 4780 1041 4850 καταφλέξειν
1071 4781 1286 4835 ἀπειλεί
1311 4781 1403 4834 τὸν
1435 4777 1583 4834 οἷκον
1620 4782 1837 4853 Ἀζαὴλ,

254 4872 355 4925 καὶ
396 4873 568 4943 Ἄδερ,
603 4874 695 4925 καὶ
746 4872 1054 4943 συντρίψειν
1105 4873 1335 4943 μοχλοὺς
1391 4873 1702 4941 Δαμασκοῦ.
1732 4874 1838 4928 Πέ-

256 4979 507 5034 πρακται
559 4964 658 5033 μὲν
702 4964 873 5017 ταῦτα
916 4963 1005 5017 διὰ
1048 4964 1147 5034 μὲν
1188 4963 1385 5029 Ὀζίου,
1431 4965 1526 5016 καὶ
1559 4964 1841 5036 Ὶεροὸοάμ

255 5054 553 5124 ἀναμέρος,
583 5058 673 5109 καὶ
703 5057 844 5110 κατά
873 5055 1098 5126 καιρούς
1124 5073 1138 5088 ’
1170 5050 1312 5109 εἷλόν
1338 5073 1398 5108 τε
1427 5054 1532 5123 γὰρ
1565 5056 1657 5108 καὶ
1689 5058 1842 5110 αὐτοὶ

254 5148 358 5218 τὴν
404 5148 621 5216 Συρίαν,
665 5149 756 5201 καὶ
795 5149 1108 5217 νενικήκασι
1137 5146 1510 5216 κατακράτος¹
1562 5147 1754 5219 χρόνου
1785 5149 1841 5202 δὲ

256 5239 562 5310 προίόντος,
590 5239 681 5290 καὶ
709 5238 859 5308 παρὰ
882 5237 1147 5306 βασιλέως
1171 5237 1490 5306 Ἀσσυρίων.
1520 5232 1652 5291 Εἶτά
1685 5256 1836 5307 φησι,

260 5346 282 5382 ι
313 5329 429 5381 Καὶ
456 5327 816 5397 ἐξολοθρεύσω
844 5325 1228 5388 κατοικοῦντας
1262 5327 1326 5379 ὲκ
1358 5326 1535 5379 πεδίου
1570 5321 1687 5381 Ὧν.
1713 5316 1838 5380 »Ὧν

256 5422 303 5472 οἱ
350 5418 632 5489 πωᾳῆται
670 5420 766 5487 τὴν
798 5417 997 5487 Βαιθὴλ
1038 5417 1411 5487 ὀνομάζουσιν,
1451 5420 1509 5471 ὲν
1618 5418 1714 5489 τὴν
1749 5419 1838 5473 δάο

330 5600 379 5629 “
412 5597 514 5653 [δι.
549 5614 657 5662 xm,
687 5597 772 5650 l5.
853 5596 894 5627 ⁸³
927 5594 986 5647 ιν
1030 5593 1161 5666 Reg.
1194 5609 1310 5659 vm,
1348 5591 1425 5646 l2.

1946 4441 2039 4481 seu
2093 4435 2257 4480 totam
2291 4424 2596 4481 Judmorum
2640 4428 2911 4497 regionem
2960 4429 3161 4497 potius,
3195 4438 3510 4483 exusturutn

1946 4517 2183 4571 minatur
2242 4518 2459 4571 domum
2500 4518 2665 4571 Azacl
2709 4527 2764 4571 et
2806 4518 2988 4584 Ader,
3046 4528 3101 4572 et
3152 4519 3508 4574 contriturunt

1945 4618 2126 4663 vectes
2165 4609 2409 4663 Damasci
2438 4627 2451 4663 :
2480 4624 2598 4678 quae
2640 4607 2777 4661 facta
2825 4618 2951 4662 sunt
2993 4624 3088 4678 per
3120 4609 3305 4663 Oziam
3337 4619 3389 4662 et
3422 4608 3511 4663 Je-

1944 4697 2165 4751 reboam
2214 4713 2456 4753 seorsum
2506 4708 2559 4752 et
2605 4698 2835 4752 diversis
2889 4697 3239 4767 temporibus.
3284 4696 3417 4751 Nam
3458 4707 3513 4752 et

1945 4784 2046 4854 ipsi
2093 4783 2303 4856 Syriam
2342 4785 2674 4851 invaserunt,
2707 4798 2761 4841 et
2792 4788 2958 4841 armis
3004 4787 3334 4848 devicerunt,
3366 4788 3511 4855 quod

1943 4883 1998 4932 et
2028 4893 2313 4946 progressu
2345 4880 2605 4948 temporis
2629 4879 2975 4948 Assyriorum
3011 4892 3102 4931 rex
3138 4876 3280 4932 fecit.
3312 4877 3510 4933 Deinde

1945 4970 2060 5023 ait:
2101 4987 2119 5020 ι
2150 4970 2217 5023 Ει
2270 4971 2573 5039 disperdam
2625 4969 2939 5024 habitantes
2999 4983 3066 5022 cx
3130 4983 3319 5037 campo
3356 4967 3453 5024 ὢν.
3486 4990 3504 5023 ι

1942 5057 2224 5127 Propheta:
2259 5060 2361 5114 hoc
2404 5061 2619 5114 nomine
2649 5058 2838 5114 Bethcl
2867 5059 3194 5129 signiﬁcant,
3231 5061 3317 5115 ubi
3354 5077 3508 5117 exse-

1941 5154 2173 5206 crandus
2220 5150 2504 5206 Jereboam
2557 5151 2778 5205 vitulum
2827 5167 3047 5206 aureum
3093 5153 3358 5221 deposuit.
3404 5151 3507 5207 Sed

1941 5241 2063 5308 quia
2095 5256 2157 5294 ex
2192 5257 2256 5296 eo
2291 5252 2396 5295 tota
2436 5242 2582 5312 regio
2611 5244 2863 5313 deinceps
2889 5243 3027 5298 idola
3053 5242 3239 5306 coluit,
3273 5245 3349 5297 sic
3386 5259 3504 5296 eam

1941 5332 2218 5386 nominare
2262 5342 2680 5388 consueverunt.
2722 5332 3038 5388 llabitantes
3071 5334 3232 5403 igitur
3276 5332 3325 5385 in
3363 5341 3504 5384 tet-ra

1938 5431 1991 5477 et
2016 5436 2204 5493 campo
2237 5422 2330 5489 ὢν,
2357 5423 2469 5479 sive
2498 5423 2763 5494 ματαίων,
2806 5438 3087 5486 vanorum,
3128 5424 3228 5476 hoc
3257 5428 3360 5481 esi:
3396 5417 3504 5471 ido‘
