3950 6200
490 269 590 325 ίὲὖ

1517 260 1571 324 S.
1614 260 1891 325 CYRI'LLI
1932 258 2402 324 ALEXANDRINI
2440 263 2756 320 ARCHIEP.

3650 260 3754 317 ἀεὶ

492 395 669 450 lorum
710 388 809 460 (sic
855 387 997 442 enim
1045 386 1387 455 interpretati
1430 394 1558 441 sunt
1607 388 1743 459 alii),
1789 389 1977 444 delebo
2008 400 2050 443 et

2169 385 2329 455 μαλιν
2379 383 2611 437 ἀπέθετο
2657 383 2753 453 τὴν
2804 383 3014 455 χρυσῆν
3058 382 3084 434 ὁ
3131 383 3401 453 ἐπάρατος
3441 382 3750 453 Ἰεροϐοᾶμ.

484 480 818 550 ἀἰενει-ιίειιι,
851 478 1046 545 inquit.
1078 476 1436 533 Nihilominus
1459 478 1737 533 concidam
1771 480 1966 535 tribum
1994 495 2060 534 ex

489 572 623 625 viris
649 570 915 634 Cltarran,
965 584 1086 638 qua:
1119 578 1207 623 est
1254 570 1385 624 urbs
1432 584 1597 638 parva
1640 580 1695 625 et
1724 571 2064 640 prapinquis—

482 662 625 715 sima
657 661 943 725 Damasco,
997 661 1203 715 incolas
1252 660 1457 715 habens
1487 661 1955 719 bellicosissimos.
2004 662 2062 718 In

478 752 859 821 captivitatem
894 760 1156 820 praeterea
1192 753 1412 805 ductum
1444 751 1511 805 iri
1552 753 1796 821 praedicit
1828 752 2062 822 ἐπίκλη-

483 859 579 897 τον
609 843 779 914 Syriae
807 842 1081 911 pupulum,
1123 851 1216 894 aut
1244 840 1400 896 valde
1424 840 1774 907 celebratum,
1802 852 1899 897 aut
1927 856 2062 897 con-

485 930 798 993 ductitium.
828 940 883 985 et
908 932 976 986 ab
1001 931 1133 1001 ipsis
1162 931 1227 984 ad
1253 930 1456 985 auxilia
1478 930 1783 987 collectum.
1814 930 2063 987 Mercede

488 1025 631 1079 enim
682 1024 1016 1094 alienigenas
1068 1024 1330 1078 ﬁnitimos
1375 1023 1775 1103 conducebant,
1824 1032 1882 1078 ut
1925 1024 2058 1090 dixi,

483 1114 683 1171 Judtzeaa
740 1116 936 1171 bellum
1003 1115 1224 1170 illaturi.
1278 1115 1416 1185 Ergo
1466 1114 1787 1186 ἐπίκλητον,
1842 1114 1894 1170 id
1956 1126 2060 1184 est,

484 1208 705 1262 aliunde
750 1208 1069 1262 advocatum
1123 1217 1177 1261 et
1244 1206 1527 1261 advenam.
1580 1205 1870 1261 Sciendum
1916 1206 2061 1262 enim

482 1299 763 1354 llcbrteatn
785 1299 1075 1353 editionem
1105 1312 1222 1366 pro,
1254 1315 1272 1349 ι
1304 1298 1529 1367 papulas
1556 1298 1748 1369 Syriae,
1782 1314 1803 1349 ι
1839 1297 2058 1365 habere,

487 1407 508 1441 ι
536 1390 796 1460 Cyrenes.
830 1408 851 1441 ι
909 1388 1031 1458 Syri
1078 1390 1222 1442 enim
1269 1387 1488 1442 fuerunt
1529 1387 1916 1460 Cyrenensium
1963 1403 2061 1443 co-

482 1480 616 1535 loni.
650 1479 995 1535 Meminimus
1022 1489 1228 1541 autem,
1265 1479 1407 1534 sicut
1429 1481 1693 1550 scriptum
1727 1489 1811 1535 est
1840 1495 2059 1535 rursum

479 1580 678 1638 quarto
732 1568 870 1624 libro
912 1569 1140 1639 Regum,
1167 1568 1619 1640 2561'cgnasse
1672 1568 2059 1639 Hierosolymis

481 1660 681 1724 Acbaz,
708 1659 924 1714 Pltacee
950 1669 1134 1713 autem
1154 1669 1210 1715 et
1238 1660 1500 1727 ltaasson,
1528 1659 1699 1732 Syriae
1724 1671 1779 1715 et
1808 1660 2057 1715 Damasci

2180 478 2316 530 Ἀλλ’
2343 476 2419 539 ὡς
2445 476 2505 539 ἐξ
2552 476 2759 529 ἐκείνου
2805 476 2988 530 λοιπὸν
3022 478 3202 529 πᾶσαν
3248 474 3430 546 χώραν
3472 474 3755 528 εἰδωλολα-

2162 568 2417 639 τροῦσαν,
2448 567 2591 621 οὕτω
2632 568 2817 621 καλεῖν
2868 567 2987 631 ἔθος
3016 563 3083 637 ἦν
3130 568 3331 631 αὐτοῖς.
3377 566 3517 630 Τοὺς
3569 582 3755 619 κατοι-

2163 660 2396 722 κοῦντας
2417 659 2596 712 τοίνυν
2634 661 2693 711 ὲν
2732 661 2825 729 γῇ,
2857 660 2955 712 καὶ
3001 659 3167 729 πεδίῳ
3192 653 3313 722 Ὧν,
3350 658 3469 727 ἦτοι
3499 658 3610 711 τῶν
3655 675 3759 729 μα⁸

2162 749 2354 813 ταίων,
2385 748 2413 801 ὃ
2452 750 2601 801 ἐστιν
2644 748 2875 801 εἰδώλων
2923 748 3096 819 (οὕτω
3146 746 3254 817 γὰρ
3307 747 3666 817 ἡρμηνευσαν
3708 750 3757 801 oi

2166 839 2362 910 λοιποὶ)
2388 822 2699 911 καταφερῶ,
2729 840 2825 893 καὶ
2852 839 3239 911 ὲξολοθρεύσω,
3274 839 3429 910 φησι,
3455 839 3760 909 κατακόψω

2154 932 2219 985 δὲ
2242 931 2395 986 οὐδὲν
2424 927 2608 1003 ἦττον,
2635 931 2729 984 καὶ
2766 931 2937 1002 φυλὴν
2963 930 3022 996 ἐξ
3050 929 3257 1001 ἀνδρῶν
3284 930 3532 1001 Χαρρὰν,
3565 930 3601 999 ἧ
3642 931 3760 982 ἐστι

2163 1023 2388 1094 πολίχνη
2420 1040 2523 1076 που
2565 1022 2783 1086 πάντως
2811 1020 3176 1093 προσοικοῦσα
3208 1025 3274 1093 τῇ
3308 1020 3608 1092 Δαμασκῷ,
3654 1038 3760 1092 μα-

2160 1115 2504 1186 χιμωτάτους
2538 1113 2740 1185 ἔχουσα
2775 1116 2901 1177 τοὺς
2945 1114 3256 1184 οἰκήτορας.
3294 1112 3757 1184 Αἰχμαλωτισοη-

2163 1204 2352 1258 σεσθαι
2396 1204 2452 1257 δέ
2488 1220 2622 1275 φησι
2656 1203 2748 1258 καὶ¹
2787 1204 2877 1257 τὸν
2912 1202 3204 1272 ἐπίκλητον
3235 1202 3332 1273 τῆς
3363 1203 3564 1273 Συρίας
3600 1201 3753 1255 λαόν·

2159 1297 2449 1370 ἐπίκλητον
2503 1295 2700 1365 λέγων,
2757 1294 2791 1366 ἢ
2837 1295 2930 1349 τὸν
2976 1295 3183 1366 σφόδρα
3230 1292 3535 1364 διαϐόητον,
3580 1294 3615 1363 ἢ
3665 1293 3758 1346 τὸν

2156 1388 2513 1459 μισθοφόρον,
2556 1387 2653 1441 καὶ
2700 1385 3095 1457 συνηλεγμένον
3142 1386 3324 1448 αὐτοῖς
3357 1385 3492 1457 πρὸς
3532 1386 3757 1437 ἐπικου-

2161 1480 2307 1551 ρίαν.
2353 1478 2796 1551 Κατεμισθοῦντο
2822 1479 2951 1550 γὰρ,
2980 1478 3056 1537 ὡς
3099 1477 3257 1548 ἔφην,
3297 1477 3424 1541 τοὺς
3458 1475 3567 1529 τῶν
3594 1476 3753 1529 ἀλλο-

2159 1570 2342 1641 φύλων
2382 1570 2647 1643 ὁμόρους,
2702 1570 2805 1640 τῆς
2861 1568 3129 1623 Ἰουδαίων
3187 1567 3751 1638 καταστρατευόμενοι

2152 1662 2373 1735 χώρας·
2409 1663 2579 1733 ἧγουν
2608 1662 2901 1734 ἐπίκλητον
2931 1661 3023 1713 τὸν
3047 1659 3247 1727 ἔξωθεν
3269 1659 3628 1729 κεκλημένον,
3657 1658 3747 1709 καὶ

476 1764 638 1821 reges
701 1748 1131 1821 Hierosolymam
1162 1752 1462 1806 exercitum
1515 1752 1825 1817 adduxisse,
1874 1761 1929 1805 et
1967 1749 2050 1806 Ju-

2166 1752 2435 1823 μέτοικον.
2479 1751 2675 1806 Ἱστέον
2706 1751 2815 1823 γὰρ
2858 1752 2939 1805 δτι
2978 1749 3085 1803 τῶν
3121 1748 3390 1820 Ἐϐραίων
3420 1750 3454 1818 ἡ
3504 1746 3744 1809 ἑκδοσις,

480 1839 612 1893 da-te
662 1838 919 1894 civitates
963 1840 1014 1894 ei
1061 1840 1337 1910 subjectus
1388 1842 1738 1912 depopulatos
1797 1856 1937 1898 esse.
1992 1840 2059 1896 Et

477 1930 738 1998 quoniam
766 1931 951 1984 Acltaz
980 1945 1162 2001 regem
1178 1930 1316 1987 Iuda
1343 1942 1519 1987 terror
1544 1932 1735 2003 ingens
1763 1933 2054 1998 invaserat,

2156 1842 2277 1895 ἀντὶ
2306 1841 2401 1894 τοῦ
2434 1860 2452 1893 ι
2482 1841 2610 1905 λαὸς
2635 1841 2859 1912 Συρίας,
2879 1859 2898 1892 ι
2936 1859 2956 1892 ι
2986 1841 3245 1912 Κυρήνης
3269 1858 3288 1892 ι
3320 1839 3504 1909 φησὶν,
3531 1837 3749 1891 ἄποικοι

2154 1935 2263 2006 γὰρ
2295 1933 2624 2006 Κυρηναίων
2651 1936 2700 1987 οἱ
2732 1933 2911 2005 Σύροι.
2957 1932 3300 2003 Μεμνήμεθα
3327 1931 3386 1984 δὲ
3406 1971 3419 1993 ,
3446 1931 3528 1984 ὅτι
3569 1928 3753 1991 καθὼς

471 2018 708 2088 pecunia
744 2018 1234 2091 Tbeglatpbalasar
1283 2021 1569 2093 Assyrium
1620 2023 1902 2080 conduxit.
1940 2042 1959 2076 ι
1988 2022 2050 2080 Et

2157 2024 2464 2096 γέγραπται
2494 2025 2656 2081 πάλιν
2683 2026 2742 2078 ὲν
2772 2027 2836 2096 τῇ
2865 2024 3102 2097 τετάρτῃ
3134 2024 3241 2077 τῶν
3273 2023 3597 2090 Βασιλειῶν,
3622 2022 3755 2077 £61-

471 2110 689 2178 adjuvit
741 2125 866 2167 eum
919 2127 1014 2167 rex
1069 2113 1443 2184 Assyriorum,
1476 2123 1532 2170 et
1572 2116 1816 2171 ascendit
1847 2116 1902 2170 in
1949 2114 2050 2170 Da-

2157 2115 2333 2169 σίλευε
2369 2116 2467 2187 μὲν
2509 2115 2709 2187 Ἀχάτζ
2743 2116 2853 2170 τῶν
2885 2114 3297 2187 Ἰεροσολύμων,
3323 2115 3497 2168 Φακεὲ
3526 2114 3608 2178 δὲ,
3655 2114 3756 2166 καὶ

472 2216 742 2267 mascum,
793 2212 848 2259 et
905 2205 1050 2277 cepit
1098 2220 1242 2272 earn,
1288 2214 1345 2262 et
1398 2208 1677 2265 transtulit
1735 2210 1948 2276 urbem,
1995 2217 2050 2265 ct

2168 2203 2451 2264 Ῥαασσὼν
2471 2212 2520 2263 oi
2551 2210 2747 2283 Συρίας
2775 2226 2835 2264 τε
2883 2210 2978 2263 καί
3000 2208 3290 2280 Δαμασκοῦ
3319 2208 3576 2279 βασιλίῖς,
3606 2207 3756 2261 κατὰ

477 2292 725 2349 Raasson
752 2294 1022 2352 interfecit
1047 2297 1111 2352 ιδ.
1140 2315 1160 2348 ι

2157 2301 2265 2356 τῶν
2295 2300 2684 2374 Ἰεροσολύμων
2724 2301 2915 2373 ᾔεσαν,
2961 2298 3355 2374 καταδῃοῦντες
3386 2300 3485 2363 τὰς
3532 2299 3626 2352 ὑπ’
3651 2299 3755 2351 αὖ·

468 2387 603 2449 τοὺς
632 2387 731 2457 τῆς
764 2386 1022 2451 Ἰουδαίας
1049 2389 1252 2452 πόλεις.
1292 2389 1508 2462 Ἐπειδὴ
1537 2390 1593 2444 δὲ
1624 2386 1692 2463 ἦν
1726 2393 1784 2445 ὲν
1839 2391 2091 2463 δείμασιν
2120 2394 2183 2446 οὐ
2229 2396 2487 2466 φορητοῖς
2528 2393 2557 2445 ὁ
2592 2390 2792 2464 Ἀχάτζ
2806 2432 2823 2457 ,
2902 2392 3201 2462 βασιλεύων
3247 2394 3338 2445 ἐπὶ
3392 2392 3485 2445 τὸν
3518 2391 3752 2452 Ἰούδαν,

474 2477 873 2549 κατεμισθοῦτο
919 2481 1165 2551 χρήμασι
1207 2480 1640 2554 Θεγλαφαλασὰρ
1698 2483 1790 2537 τὸν
1835 2485 2141 2558 Ἀσσύριον.
2194 2504 2214 2538 ι
2276 2486 2387 2539 Καὶ
2460 2484 2693 2555 ἧκουσεν
2763 2484 2952 2548 αὑτοῦ,
3027 2485 3191 2555 φησι,
3233 2484 3489 2555 βασιλεὺς
3543 2482 3751 2535 Ἀσσυ-

478 2571 630 2640 ρίων,
667 2572 765 2627 καὶ
815 2573 983 2646 ἀνέϐη
1026 2576 1107 2639 είς
1143 2576 1454 2648 Δαμασκὸν,
1512 2580 1606 2631 καὶ
1682 2576 1975 2636 συνέλαϐεν
2035 2580 2226 2650 αὐτὴν,
2269 2582 2366 2635 καὶ
2418 2580 2697 2650 ἀπῴκισεν
2756 2580 2947 2651 αὐτὴν,
2998 2581 3094 2633 καὶ
3149 2582 3241 2635 τὸν
3306 2580 3587 2635 Ῥαασσὼν
3616 2576 3753 2633 ἐθαο

475 2662 707 2737 νάτωσε.
729 2682 749 2716 ι

550 2750 714 2808 Vnus.
767 2754 887 2812 6-8.
940 2754 1072 2811 Hcce
1127 2759 1256 2812 dicit
1310 2758 1566 2815 Dominus
1608 2777 1631 2817 :
1672 2761 1845 2831 Super
1886 2764 2050 2818 tribus

2239 2759 2382 2815 Τάδε
2411 2759 2577 2829 λέγει
2604 2760 2820 2827 Κύριος
2838 2777 2853 2791 ο
2898 2759 3024 2813 Ἐπὶ
3060 2759 3189 2825 ταῖς
3214 2760 3414 2829 τρισίν
3443 2763 3753 2830 ἀσεϐείαις

474 2845 832 2913 impietatibus
869 2846 1049 2914 Gazae,
1089 2858 1139 2903 et
1171 2867 1326 2919 super
1355 2863 1586 2924 quatuor
1616 2870 1719 2908 non
1756 2866 2050 2911 convertam

2159 2852 2371 2921 Γάζης,
2405 2851 2504 2905 καί
2547 2850 2647 2905 ἐπὶ
2677 2851 2807 2917 ταῖς
2844 2850 3179 2919 τέσσαρσιν
3206 2854 3317 2906 οὐκ
3353 2854 3753 2922 ducamus»;-

474 2945 584 2999 eos,
613 2952 672 2989 eo
704 2938 840 3005 quod
869 2941 1254 3006 captivaverunt
1282 2941 1383 3010 ipsi
1410 2944 1757 3010 captivitatem
1782 2946 2050 3015 Salomon,

2157 2956 2339 3009 σομαι
2363 2940 2607 3006 αὐτοὺς,
2636 2940 2845 2994 ἕνεκεν
2872 2940 2978 2994 τοῦ
3011 2942 3489 3009 αίχμαλωτεῦσαι
3522 2944 3752 3010 αὐτοὺς

476 3037 533 3081 ιιι
574 3026 940 3083 concluderent
973 3032 1028 3084 in
1074 3029 1395 3089 ldumwam.
1439 3031 1507 3088 Et
1555 3036 1756 3091 mittam
1797 3038 1967 3108 ignem
1997 3039 2050 3094 in

2157 3031 2571 3101 αἰχμαλωσίαν
2598 3030 2705 3084 τοῦ
2742 3029 3049 3099 Σολομὼν,
3093 3031 3199 3084 τοῦ
3245 3033 3609 3100 συγκλεῖσαι
3655 3038 3755 3101 εις

476 3133 657 3171 muros
692 3116 878 3186 Gazae,
907 3129 955 3174 et
991 3121 1258 3176 devorabit
1288 3124 1634 3191 fundamenta
1663 3131 1798 3195 ejus.
1832 3127 1896 3181 Et
1942 3130 2054 3183 dis-

474 3211 693 3279 perdam
725 3211 1023 3266 habitantes
1065 3213 1357 3269 de-Asoto.
1404 3215 1472 3269 Et
1507 3216 1747 3285 auferam
1788 3220 1954 3274 tribus
1989 3237 2055 3275 ea:

476 3300 755 3368 Ascalone,
783 3311 831 3356 et
878 3303 1126 3358 inducam
1158 3321 1371 3359 manant
1418 3323 1589 3362 meam
1637 3325 1793 3378 super
1829 3311 2054 3365 Accaro-

476 3410 625 3458 nem,
676 3405 725 3450 et
778 3394 1018 3465 peribunt
1060 3397 1247 3469 reliqui
1288 3398 1720 3472 alienigenarum.
1780 3402 1905 3457 dicit
1944 3404 2052 3458 Da-

476 3484 673 3540 minus.

547 3654 615 3712 V.
661 3657 802 3714 Ante
834 3659 936 3716 alia
965 3661 1068 3718 lioc
1098 3665 1463 3721 necessarium
1494 3667 1643 3724 dictu
1668 3671 1922 3737 arbitror,
1952 3687 2050 3729 nec

475 3746 871 3818 Hebraeorum,
930 3768 1033 3807 nec
1088 3753 1316 3809 aliorum
1384 3758 1675 3814 editionem
1738 3763 2049 3820 meminisse

475 3837 803 3895 Salomonis.
841 3840 946 3896 Sed
977 3842 1029 3897 in
1075 3842 1299 3899 Hebraea
1328 3849 1547 3916 quidem
1578 3859 1663 3905 est
1692 3869 1707 3906 :
1740 3867 1762 3904 ι
1798 3852 1875 3907 Eo
1904 3857 2046 3923 quod

474 3929 886 3999 captivaverunt
933 3947 1027 3989 eos
1086 3938 1420 4005 captivitate.
1454 3958 1474 3991 ›
1518 3941 1710 3998 Caeteri
1767 3958 1866 4012 pro
1920 3961 2047 4001 voce

480 4035 500 4069 ε
533 4016 789 4075 Salomon
839 4040 859 4073 ι
914 4037 1281 4093 apposuerunt
1322 4029 1630 4098 perfectum,
1685 4048 1781 4088 seu
1830 4037 2044 4090 absolu-

472 4118 607 4164 tum.
645 4110 752 4168 Sed
785 4128 883 4169 nos
914 4114 1263 4187 Septuaginta
1301 4121 1794 4190 interpretationem
1823 4129 2045 4184 omnino

474 4214 789 4270 sequemur.
809 4205 1111 4264 Accusatur
1144 4210 1327 4280 itaque
1364 4211 1511 4267 Gaza
1549 4215 1679 4271 urbs
1731 4216 2039 4286 Pltilistiim,

472 4305 594 4360 quae
628 4293 788 4351 hodie
820 4294 1104 4354 Palaestina
1136 4310 1240 4366 est,
1278 4306 1419 4371 quod
1463 4308 1823 4374 cnptivaverit
1867 4312 2041 4378 capti-

473 4384 694 4441 vitatem
724 4385 1059 4455 Salomonis,
1091 4399 1150 4445 ιιι
1186 4394 1534 4451 concluderet
1566 4411 1687 4452 eam
1716 4400 1767 4455 in
1792 4401 2043 4458 ldumzea.

472 4473 628 4541 Quod
681 4477 725 4530 si
766 4478 983 4546 quidem
1035 4481 1113 4537 sic
1159 4483 1546 4551 intelligamus,
1588 4491 2044 4558 quemadmodum

472 4567 655 4623 caeteri
704 4567 1029 4638 interpretes
1083 4572 1490 4644 intellexerunt,
1538 4593 1646 4633 non
1696 4583 2046 4641 mediocriter

471 4657 710 4716 Judteam
772 4660 1156 4728 devastarunt,
1219 4667 1315 4720 sed
1370 4667 1643 4739 ingentem
1706 4675 2041 4743 captivorum

473 4764 755 4805 numerum
800 4751 1179 4819 abduxerunt,
1224 4770 1455 4825 eamque
1506 4759 1753 4818 ldummis
1802 4767 2044 4834 subiece-

470 4851 619 4895 runt.
654 4840 872 4898 Idumaei
930 4846 1209 4916 prapagati
1242 4848 1458 4916 quidem
1498 4862 1656 4905 erant
1702 4870 1733 4908 e
1783 4859 2043 4926 sanguine

472 4930 614 4985 Esau
637 4947 652 4997 ;
675 4948 860 4989 verum
887 4934 1251 4992 lsraelitarutn
1280 4951 1539 5011 perpetuo
1566 4942 1792 5010 inimici,
1813 4948 2041 5015 quorum

471 5018 741 5087 adjutores
768 5033 821 5078 et
853 5026 1057 5082 militiae
1104 5030 1234 5085 socii
1268 5030 1445 5087 Gazazi
1473 5043 1528 5088 et
1571 5034 1770 5101 Azotii,
1817 5038 2036 5096 Ascalo-

472 5105 692 5200 nitteet
740 5111 829 5179 qui
886 5114 1140 5171 dicuntur
1179 5121 1538 5188 Accaronitte,
1583 5135 1637 5180 et
1681 5127 1771 5183 alii
1819 5131 2037 5200 quidam

472 5193 787 5289 alienigena:
820 5200 885 5254 ad
911 5210 1294 5273 expugnandas
1324 5211 1521 5271 ludam:
1555 5218 1715 5273 urbes
1747 5193 2036 5289 plurimum

471 5286 594 5382 illis-
631 5289 998 5347 contulerunt.
1048 5294 1199 5360 Quod
1260 5301 1305 5355 si
1358 5306 1650 5362 secundum
1699 5286 2038 5382 septuaginta

472 5378 756 5434 Seniorum
790 5382 1192 5441 translationem
1223 5406 1317 5447 eos
1343 5398 1705 5465 captivitatem
1735 5378 2038 5457 Salomonis

468 5471 769 5543 captivasse
796 5470 1048 5543 dicimus,
1091 5477 1169 5534 sic
1205 5480 1564 5555 intelligamus
1609 5501 1839 5557 oportet.
1867 5493 2036 5560 ,Salo-

537 5648 583 5682 ”
611 5648 676 5704 IV
710 5648 837 5723 Reg.
866 5665 973 5719 xw,
997 5650 1048 5707 9.

2154 3122 2269 3191 τὴν
2298 3122 2646 3192 Ἰδουμαίαν.
2668 3122 2777 3177 Καὶ
2801 3121 3193 3188 ἐξαποστελῶ
3214 3122 3333 3193 πῦρ
3356 3124 3453 3178 ἐπὶ
3480 3125 3553 3179 τὰ
3573 3127 3750 3196 τείχη

2156 3213 2367 3282 Γιίῷις,
2401 3214 2500 3268 καί
2544 3214 2945 3284 καταφάγεται
2994 3216 3066 3269 τὰ
3112 3214 3355 3284 θεμέλια
3387 3214 3597 3284 αὐτῆς.
3629 3221 3749 3273 Καὶ

2151 3306 2565 3374 ἐξολοθρεύσω
2598 3308 3025 3371 κατοικοῦντας
3048 3307 3117 3372 ἐξ
3153 3307 3411 3368 Ἀζώτου.
3434 3309 3543 3363 Καί
3574 3310 3755 3379 ἐξαρ-

2152 3395 2400 3463 θήσεται
2451 3397 2618 3467 φυλὴ
2663 3397 2733 3462 ἐξ
2775 3397 3180 3465 Ἀσκαλῶνος,
3234 3399 3332 3452 καί
3380 3399 3583 3464 ἐπάξω
3624 3402 3753 3469 τὴν

2151 3488 2322 3559 χεζοά
2341 3505 2461 3559 μου
2483 3490 2577 3542 ἐπ’
2615 3490 2928 3557 Ἀκκαρὼν,
2958 3490 3057 3544 καί
3090 3491 3459 3545 ἀπολοῦνται
3484 3494 3539 3546 οἱ
3567 3493 3754 3546 κατά-

2150 3585 2352 3635 λοιποι
2385 3580 2504 3634 τῶν
2545 3582 2937 3650 ἀλλοφύλων,
2966 3581 3131 3650 λέγει
3160 3584 3396 3649 Κύριος.

2223 3670 2300 3726 E'.
2348 3671 2668 3739 Ἀναγκαῖον
2726 3670 2966 3743 ἡγοῦμαι
3019 3674 3113 3726 καὶ
3161 3674 3267 3743 πρό
3296 3692 3359 3744 γε
3420 3675 3529 3729 τῶν
3560 3677 3751 3732 ἄλλων

2150 3762 2324 3815 ἐκεῖνο
2350 3765 2542 3825 εἰπεῖν,
2572 3764 2648 3826 ὡς
2678 3763 2802 3816 οὕτε
2832 3766 2865 3834 ἡ
2895 3763 3004 3817 τῶν
3036 3766 3304 3837 Ἐϐραίων
3345 3767 3580 3835 ἔκδοσις,
3614 3771 3749 3826 οὔτε

2149 3855 2180 3923 ἡ
2208 3854 2316 3907 τῶν
2349 3854 2550 3926 ἑτέρων
2574 3856 2846 3927 μέμνηται
2872 3856 2964 3910 τοῦ
2995 3858 3266 3928 Σολομὼν,
3299 3860 3414 3915 ἀλλ’
3441 3864 3703 3935 εἰρήκασι
3727 3907 3747 3932 ,

2161 3944 2401 4016 Ἑϐραῖοι
2448 3949 2546 4017 μὲν
2591 3966 2610 3998 ι
2646 3949 2873 4003 Ἕνεκεν
2905 3948 3000 4002 τοῦ
3043 3951 3485 4021 αίχμαλωτεῦσαι
3538 3957 3749 4022 αὐτοὺς

2147 4036 2524 4108 αἰχμαλωσίᾳ·
2552 4057 2571 4089 ι
2597 4040 2644 4091 οἱ
2673 4039 2729 4093 δὲ
2754 4040 2931 4093 λοιποὶ
2960 4042 3296 4112 προσέθεσαν
3322 4046 3442 4099 dtv'cl.
3470 4046 3564 4100 τοῦ
3598 4068 3616 4098 ι
3645 4049 3749 4102 Em

2146 4127 2327 4199 λομὼν
2356 4147 2375 4180 ι
2412 4130 2886 4199 ἀπηρτισμένην,
2936 4133 3053 4203 ἤτοι
3086 4138 3343 4191 τελείαν.
3381 4138 3653 4211 Ἐύόμεθα
3677 4139 3746 4195 δὲ

2144 4220 2460 4288 ἀναγκαίως
2505 4224 2668 4292 ἡμεῖς
2698 4224 2791 4275 καὶ
2826 4228 2891 4295 τῇ
2926 4225 3034 4278 τῶν
3074 4227 3476 4299 Ἐϐδομήκοντα
3521 4235 3741 4303 γραφῇ.

2166 4316 2507 4384 Ἐγκαλεῖται
2534 4316 2598 4387 δὴ
2631 4313 2726 4371 οὖν
2747 4320 2780 4389 ἡ
2804 4318 2970 4387 Γάζα,
3005 4320 3157 4384 πόλις
3177 4322 3231 4376 δὲ
3262 4323 3399 4395 αὕτη
3434 4324 3542 4378 τῶν
3568 4327 3739 4379 Φυλιι

2156 4407 2356 4479 στιεὶμ,
2391 4408 2424 4479 ὴ
2451 4408 2544 4461 νῦν
2573 4412 2684 4462 ἐστι
2719 4410 3069 4483 Παλαιστίνη,
3097 4414 3169 4477 ὡς
3201 4416 3575 4486 αἰχμαλωσίαν
3607 4421 3723 4489 αἰχ.

2157 4494 2555 4564 μαλωτεύσασα
2607 4497 2701 4550 τοῦ
2737 4499 3006 4570 Σολομὼν,
3045 4502 3137 4555 τοῦ
3180 4505 3491 4573 συγκλεῖσαι
3526 4510 3604 4572 είς
3632 4510 3739 4581 τὴν

2164 4583 2482 4655 Ἰδουμαίαν.
2518 4587 2637 4641 Κᾶν
2675 4589 2772 4660 μὲν
2799 4591 2941 4645 οὕτω
2970 4594 3199 4674 νοῶμεν,
3227 4597 3303 4661 ὡς
3333 4599 3383 4667 γ’
3412 4595 3506 4653 οὖν
3533 4602 3583 4653 οἱ
3617 4602 3737 4655 ἔτεα

2152 4690 2235 4743 ροι
2285 4677 2603 4745 νενοήκασιν
2649 4678 3014 4749 ἐρμηνευταὶ,
3058 4684 3120 4736 ού
3160 4685 3257 4757 τὴν
3311 4688 3579 4759 τυχοῦσαν
3627 4708 3733 4745 πει

2151 4761 2398 4832 ποίηνται
2441 4766 2580 4818 κατὰ
2621 4767 2717 4837 τῆς
2759 4768 3016 4836 Ἰουδαίας
3056 4774 3337 4847 πόρθησιν,
3377 4779 3493 4833 ἀλλ’
3524 4783 3732 4853 αίχμα-

2149 4853 2350 4908 λωσίαν
2396 4854 2606 4924 ἑλόντες
2660 4858 2868 4930 ἱκανὴν,
2924 4863 3029 4916 ὑπὸ
3078 4868 3235 4937 χεῖρα
3288 4868 3551 4925 δεδώκασι
3614 4875 3733 4931 τῶν

2162 4944 2478 5017 Ἰδουμαίων
2521 4949 2711 5021 αὐτήν.
2754 4951 3037 5024 Ἰδουμαῖοι
3081 4958 3337 5027 γεγόνασι
3385 4962 3480 5032 μὲν
3528 4963 3588 5030 ἐξ
3641 4968 3735 5023 αῖ-

2149 5055 2311 5108 ματος
2350 5040 2543 5126 Ἡσαῦ,
2566 5040 2735 5114 ἐχθρά
2755 5060 2817 5112 γε
2851 5045 2957 5117 μὴν
2983 5052 3387 5122 πεφρονήκασιν
3409 5054 3494 5107 ἀεὶ
3524 5060 3642 5121 τοῖς
3666 5061 3728 5126 ἐξ

2157 5126 2390 5199 Ἰσραὴλ,
2419 5124 2499 5192 οἷς
2525 5132 3008 5205 συνεργασάμενοι,
3037 5138 3131 5190 καὶ
3163 5138 3412 5195 σύνοπλοι
3437 5124 3723 5215 γεγονότες

2146 5216 2366 5310 Γαζαῖοι
2392 5237 2450 5273 τε
2475 5221 2568 5274 καὶ
2601 5221 2843 5286 ’Δζώτιοι
2868 5227 2962 5279 καὶ
2988 5226 3396 5299 Ἀσκαλωνῖται,
3425 5236 3518 5288 καὶ
3547 5238 3595 5290 oi
3621 5242 3721 5310 τῆς

2146 5309 2445 5382 λεγομένης
2476 5312 2785 5386 Ἀκκαρὼν,
2825 5318 2919 5372 καὶ
2952 5319 3125 5391 ἕτεροι
3167 5324 3225 5376 δὲ
3266 5325 3373 5381 τῶν
3407 5309 3723 5397 ἀλλοφύλων

2145 5404 2307 5468 τινὲς,
2347 5404 2691 5476 κατακρὰτος
2739 5408 2879 5461 ἑλεῖν
2929 5411 3028 5482 τῆς
3077 5413 3336 5480 Ἰουδαίας
3386 5420 3486 5482 τὰς
3535 5423 3723 5487 πόλεις

2145 5496 2579 5563 παρεσκεύασαν.
2605 5498 2665 5550 ΕΞ
2703 5498 2757 5553 δὲ
2791 5500 2853 5554 δὴ
2885 5503 3022 5555 κατὰ
3056 5503 3153 5576 τὴν
3180 5506 3285 5559 τῶν
3318 5509 3721 5583 Ἐϐδομήκοντα
