3950 6200
235 234 345 289 ἀει

1199 223 1752 283 COMMENTARIUS
1789 224 1853 279 IN
1893 218 2078 276 AMOS
2119 213 2564 274 PROPIIETAM.

3405 225 3508 282 4‘26

236 348 464 421 Γραφῆν
496 346 937 419 αἰχμαλωτεῢσαι
975 343 1205 414 λέγομεν
1233 346 1432 408 αὐτοὺς
1481 343 1831 415 αἰχμαλωσίᾳ

1954 354 2058 392 non
2107 354 2197 391 rex
2246 337 2450 391 viribus
2479 345 2782 408 prirpotcns
2826 339 2946 406 l'uit,
2998 351 3054 397 et
3092 343 3263 413 copiis
3294 344 3512 400 invictis

235 441 330 495 τοῦ
373 440 647 511 Σολομὼν,
678 440 855 493 ἐκεῖνό
887 454 990 492 που
1026 436 1246 500 πάντως
1278 437 1478 490 ἐννοεῖν
1507 437 1823 505 ἀναγκαῖον.

235 536 436 603 Γέγονε
470 535 570 603 μὲν
623 533 732 605 γὰρ
776 530 1190 593 εύσθενέστατος
1228 528 1324 583 xui
1363 528 1646 599 παναλκὴς
1680 528 1828 599 βασι-

235 626 362 688 λεὺς
388 626 418 677 ὀ
441 623 714 693 Σολομὼν,
746 623 1125 692 κατεκράτησε
1151 619 1208 674 δὲ
1234 619 1375 672 οὕτω
1403 620 1509 672 τῶν
1537 620 1829 690 περιοίκων

238 716 434 779 ἐθνῶν,
488 717 564 778 ὡς
623 715 719 767 xui
772 712 973 776 πολλὰς
1018 710 1150 782 παρ’
1195 711 1385 773 αὐτοῖς
1435 708 1832 780 ἀναδείμασθαι

238 809 459 872 πόλεις,
500 809 595 861 xui
635 808 693 861 ὲν
741 806 932 868 αὑταῖς
975 803 1189 875 ίδρύσαι
1224 803 1316 854 τδν
1368 801 1618 874 Ἰσραὴλ,
1652 801 1832 863 δόντος

240 899 388 971 αύτῷ
420 898 512 952 τοῦ
543 897 750 970 Χιράμ.
785 896 1100 966 Γέγραπται
1124 894 1181 947 δὲ
1210 893 1354 947 οὕτω
1386 895 1444 947 ὲν
1473 892 1699 963 δευτέρᾳ
1725 891 1835 946 τῶν

239 990 763 1063 Παραλειπομὲνων·
806 1006 824 1039 ι
859 988 970 1040 Καὶ
1017 985 1234 1055 ἐγένετο
1289 984 1424 1056 μετά
1457 985 1663 1038 εἴκοσιν
1705 985 1831 1055 ἔτη,

239 1086 296 1137 ὲν
322 1081 408 1147 οἷς
438 1082 755 1154 ᾠκοδόμησε
785 1078 1038 1150 Σολομὼν
1072 1078 1164 1131 τὸν
1195 1072 1342 1130 οἶκον
1369 1077 1596 1146 Κυρίου,
1623 1077 1716 1130 καὶ
1742 1077 1834 1130 τὸν

237 1175 388 1231 οἷκον
417 1174 634 1236 ἑαυτοῦ,
663 1173 758 1228 xui
795 1172 892 1236 τὰς
927 1172 1112 1232 πόλεις
1151 1170 1318 1224 ἔδωκε
1350 1168 1538 1240 Χιρὰμ
1567 1169 1646 1239 τῷ
1675 1169 1831 1223 Σολο-

241 1268 382 1339 μὼν,
431 1266 784 1338 ᾠκοδόμησεν
829 1263 998 1326 αὐτὰς
1063 1260 1338 1332 Σολομὼν,
1387 1260 1482 1314 καὶ
1527 1258 1835 1331 κατῴκισεν

238 1365 359 1417 ἐκεῖ
385 1363 516 1424 τοὺς
544 1361 692 1423 υἱοὺς
713 1357 954 1430 Ἰσραὴλ,
985 1356 1080 1412 xui
1106 1352 1238 1428 ἦλθε
1266 1354 1517 1426 Σολομὼν
1552 1355 1632 1418 είς
1654 1354 1834 1427 Αίμάθ

240 1453 427 1508 Σωϐἁ.
483 1452 594 1506 Καὶ
639 1450 942 1520 κατῴκισεν
996 1449 1184 1521 αὐτὴν,
1233 1445 1330 1502 xui
1379 1447 1696 1518 ᾠκοδόμησε
1737 1447 1837 1519 τὴν

237 1546 460 1614 Θεδμὺρ
503 1545 562 1596 ὲν
599 1545 667 1616 τῇ
719 1544 946 1614 ἐρήμῳ,
994 1541 1090 1596 xui
1139 1541 1324 1604 πάσας
1362 1534 1480 1603 τὰς’
1511 1539 1696 1603 πόλεις
1739 1540 1839 1603 τάς

236 1639 450 1711 ὀχυρὰς
478 1637 829 1709 ᾠκοδόμησεν
850 1637 907 1688 ἐν
926 1633 1159 1705 autem.
1178 1635 1290 1689 Kui
1313 1632 1432 1705 μεθ’
1456 1631 1620 1704 ἕτερα
1651 1631 1838 1686 πάλινο

247 1751 268 1784 σ
289 1733 406 1784 Καὶ
431 1731 533 1783 ὅσα
556 1727 867 1797 ἐπεθύμησε
889 1725 1140 1798 Σολομὼν
1156 1725 1298 1780 κατὰ
1309 1725 1406 1797 τὴν
1429 1725 1721 1796 ἐπιθυμίαν
1743 1725 1837 1777 τοῦ

241 1816 600 1886 οίκοδομῆσαι
631 1816 688 1867 ἐν
727 1813 1102 1884 Ἰερουσαλὴμ,
1135 1815 1229 1867 xui
1257 1815 1316 1866 ὲν
1345 1814 1422 1884 τῷ
1455 1814 1707 1886 Λιϐάνῳ.
1744 1812 1840 1867 xui

245 1909 400 1978 πάσῃ
431 1908 498 1978 τῇ
534 1905 781 1976 βασιλείᾳ
811 1904 996 1957 αὐτοῦ.
1039 1905 1155 1967 Πᾶς
1180 1904 1358 1969 ὀλαὸς
1387 1906 1415 1958 ὁ
1458 1903 1840 1972 καταλειφθεὶς

242 1997 358 2050 ἀπὸ
381 1996 480 2049 τοῦ
519 1995 810 2056 Χετταίου,
848 1995 942 2047 xui
977 1993 1072 2047 τοῦ
1109 1994 1461 2066 Ἀμορραίου,
1489 1996 1582 2048 xui
1611 1993 1704 2047 τοῦ
1739 1995 1840 2046 Φε-

245 2087 494 2159 ρεζαίου,
524 2087 621 2140 xui
649 2083 744 2138 τοῦ
784 2083 1004 2147 Εὐαίου,
1040 2084 1134 2138 xui
1164 2083 1259 2139 τοῦ
1284 2085 1633 2151 Ἰεσουσαίου,
1661 2084 1709 2139 οἳ
1742 2087 1842 2140 οὐκ

243 2179 384 2234 εἰσὶν
417 2179 486 2231 ὲκ
516 2175 609 2230 τοῦ
635 2175 874 2248 Ἰσραὴλ,
905 2171 1045 2247 ἦσαν
1075 2177 1140 2229 ὲκ
1166 2175 1277 2229 τῶν
1307 2176 1438 2230 υἱῶν
1466 2176 1647 2230 αὐτῶν
1682 2195 1844 2233 κατα·

243 2269 565 2340 λειφθέντες
601 2269 718 2339 μετῗ
763 2268 956 2330 αὐτοὺς
997 2267 1056 2321 ὲν
1098 2269 1164 2339 τῇ
1222 2270 1324 2339 γῇ,
1369 2266 1464 2332 οὒς
1511 2270 1612 2323 οὐκ
1658 2269 1842 2334 ὲξωλό-

246 2365 490 2436 θρευσαν
516 2362 626 2414 uioi
659 2359 898 2429 Ἰσραήλ.
921 2360 1031 2411 Καὶ
1059 2359 1336 2431 ἀνήγαγεν
1366 2361 1566 2424 αὐτοὺς
1592 2361 1843 2433 Σολομὼν

244 2460 326 2521 εἰς
359 2455 549 2526 φόρον,
577 2453 682 2516 ἕως
705 2452 806 2522 τῆς
831 2451 1043 2521 ἡμέρας
1073 2450 1294 2521 ταύτης.
1319 2470 1337 2502 ι
1377 2451 1842 2523 Συμφραξάμενοι

247 2549 430 2602 τοίνυν
472 2548 588 2609 τοῖς
620 2547 686 2598 ὲκ
722 2544 820 2615 τῆς
850 2543 1153 2616 Ἰδουμαίας
1190 2543 1412 2608 Γαζαῖοι
1446 2561 1506 2596 τε
1543 2545 1638 2598 xui
1676 2543 1848 2610 Ἀζώ-

247 2660 382 2705 τιοι,
412 2641 510 2694 xui
533 2641 582 2694 οί
605 2639 784 2691 λοιποὶ
807 2637 1012 2701 ταύτας
1043 2655 1146 2690 που
1171 2637 1271 2700 τὰς
1303 2636 1484 2700 πόλεις
1513 2636 1845 2708 ἀνῃρήκασι,

249 2734 355 2795 τὰς
381 2731 782 2802 ὠνομασμένας
803 2728 896 2782 τοῦ
925 2727 1198 2798 Σολομὼν,
1223 2728 1299 2791 ὡς
1327 2727 1525 2799 μηκέτι
1554 2729 1654 2797 μὲν
1675 2727 1849 2790 αὑτὰς

251 2826 366 2880 ὑπὸ
397 2825 497 2896 τὴν
524 2823 694 2876 Ἰούδα
733 2822 946 2876 κεῖσθαι
990 2820 1292 2892 βασιλείαν,
1323 2821 1765 2892 ἁπονενεμῆσθαι
1791 2820 1848 2873 δὲ

1808 1693 1912 1748 ςτΒ

1932 430 2130 491 valuit.
2184 427 2496 499 vi‘cinasque
2545 442 2733 501 gentes
2785 432 2857 486 ita
2899 434 3225 505 subiugavit,
3259 439 3420 509 257
3453 447 3514 493 ut.

1929 521 2089 575 etiam
2121 519 2282 576 urbes
2311 525 2449 590 apud
2497 537 2590 576 eas
2621 523 2928 592 complures
2959 527 3328 594 nidificaverit,
3373 541 3426 585 et
3457 531 3510 584 in

1932 613 1996 666 iis
2023 611 2293 666 Israelitas
2333 613 2636 680 collocarit,
2685 616 2906 670 Chiram
2956 619 3006 671 id
3043 619 3115 674 ilii
3159 622 3510 676 concedente.

1933 702 2024 757 Sic
2066 703 2210 757 enim
2265 703 2428 758 habet
2485 708 2757 762 secundus
2825 707 2961 763 liber
3013 709 3509 780 Paralipomenon:

1938 815 1956 847 ι
1992 795 2055 849 Et
2083 795 2284 849 factum
2314 805 2397 850 est
2429 807 2549 865 post
2575 798 2764 868 viginti
2799 815 2994 865 annos,
3036 803 3088 856 in
3119 803 3316 872 quibus
3341 805 3512 860 :ediii-

1932 889 2078 942 cavit
2113 889 2371 944 Salomon
2406 888 2624 943 domum
2661 890 2893 958 Domini,
2919 904 2974 948 et
3007 895 3222 948 domum
3256 912 3428 958 suam,
3463 909 3516 950 et

1935 978 2187 1035 civitates
2221 995 2359 1049 quas
2399 980 2551 1035 dedit
2599 980 2818 1035 Cltiram
2875 983 3173 1049 Salomoni,
3229 987 3516 1040 :cdilicavit

1935 1070 2080 1140 ipsas
2107 1071 2384 1136 Salomon,
2427 1082 2481 1125 et
2515 1073 2757 1127 habitare
2799 1074 2926 1128 fecit
2958 1077 3028 1129 ibi
3058 1077 3196 1130 Iilios
3227 1075 3410 1131 Israel.
3451 1079 3516 1132 Et

1935 1163 2085 1217 venit
2116 1163 2371 1218 Salomon
2413 1165 2464 1218 itt
2496 1162 2688 1218 Ematlt
2737 1163 2903 1230 Suba,
2935 1175 2988 1220 et
3020 1167 3298 1236 praevaluit
3327 1179 3513 1222 contra

1936 1267 2082 1316 eam,
2130 1262 2185 1308 et
2223 1254 2512 1308 mdilicavit
2541 1253 2814 1309 Thedmor
2862 1256 2914 1308 in
2946 1257 3182 1320 deserto,
3233 1266 3282 1311 et
3329 1273 3518 1312 omnes

1938 1347 2186 1402 civitates
2216 1347 2452 1401 munitas
2487 1361 2624 1416 quas
2667 1347 2956 1402 aedificavit
3001 1347 3053 1401 in
3092 1347 3284 1401 Ematb
3307 1348 3368 1402 ".
3402 1367 3420 1398 ›
3455 1347 3522 1401 Ει

1939 1439 2100 1507 paulo
2155 1449 2316 1508 post:
2353 1458 2371 1491 ι
2408 1440 2471 1493 Et
2501 1454 2842 1508 quaecunque
2892 1441 3220 1494 desideravit
3263 1439 3518 1495 Salomon

1939 1531 2235 1584 secundum
2265 1530 2592 1584 desiderium
2640 1545 2819 1595 suum,
2857 1540 2913 1583 ut
2955 1530 3250 1586 aediﬁcaret
3283 1535 3332 1584 in
3363 1529 3523 1585 Jeru-

1942 1621 2129 1683 salem,
2160 1630 2215 1675 et
2245 1622 2298 1674 in
2344 1619 2573 1686 Libano,
2599 1633 2650 1677 et
2679 1621 2730 1675 in
2765 1623 2912 1676 omni
2942 1637 3110 1692 regno
3141 1638 3258 1677 suo.
3293 1621 3519 1678 Omnem

1943 1714 2193 1782 populum
2224 1714 2316 1782 qui
2336 1713 2627 1769 derelictus
2657 1713 2839 1769 fuerat
2864 1716 2929 1769 de
2957 1712 3218 1778 Hetbtcis,
3247 1725 3302 1770 et
3328 1715 3523 1769 Amor-

1942 1808 2124 1874 rlizcis,
2174 1816 2228 1862 et
2265 1805 2587 1868 Phereza-is,
2630 1815 2685 1861 et
2733 1804 2964 1872 IIevaais,
3009 1815 3063 1860 et
3104 1805 3384 1872 Jebustcis,
3429 1809 3519 1875 qui

1941 1920 2046 1959 non
2081 1913 2236 1957 erant
2286 1904 2352 1956 de
2398 1903 2566 1970 stirpe
2614 1899 2801 1965 Israel,
2834 1901 2902 1956 de
2947 1899 3072 1956 ﬁliis
3106 1915 3318 1965 eorum,
3360 1913 3412 1955 et
3457 1904 3523 1955 de

1942 1995 2202 2068 posteris,
2237 2009 2375 2064 quos
2411 2010 2516 2048 non
2551 1993 2940 2049 interfecerant
2988 1993 3080 2047 lilii
3113 1990 3296 2058 Israel,
3338 1993 3523 2059 subju-

1942 2076 2088 2160 gavil
2106 2087 2361 2144 Salomon
2389 2088 2442 2140 in
2464 2086 2804 2150 tributarios,
2828 2101 2996 2156 usque
3020 2089 3070 2142 in
3091 2089 3230 2143 diem
3258 2085 3473 2142 hanc”.
3498 2105 3516 2136 ι

1941 2180 2153 2252 Itaque,
2183 2177 2511 2236 consociatis
2544 2180 2734 2246 armis,
2766 2173 2966 2248 Gauri,
2996 2179 3194 2247 Azotii,
3244 2189 3298 2234 ct
3333 2179 3522 2248 reliqui

1942 2289 2064 2330 cum
2093 2268 2365 2338 Idumazis,
2391 2273 2552 2328 hasce
2573 2275 2736 2328 urbes
2758 2281 3071 2328 everterunt
3099 2291 3112 2327 :
3140 2289 3260 2343 qua:
3288 2272 3526 2326 Salomo-

1944 2366 2030 2421 nis
2065 2365 2425 2438 appellantur,
2457 2365 2598 2436 quod
2631 2381 2735 2420 non
2789 2365 3022 2435 amplius
3058 2366 3158 2420 sub
3187 2380 3352 2435 regno
3386 2361 3524 2416 Juda

1945 2466 2147 2520 essent,
2191 2457 2286 2512 sed
2321 2456 2499 2526 impiis
2529 2451 2888 2510 Moabitarum
2928 2456 3154 2511 ducibus
3183 2457 3324 2510 velut
3367 2460 3526 2510 attri-

1946 2549 2109 2602 butze.
2135 2545 2480 2616 Quapropter
2511 2543 2712 2603 Gazam
2761 2563 2866 2601 una
2919 2561 3040 2600 cum
3088 2546 3208 2601 aliis
3244 2547 3350 2616 igni
3397 2562 3528 2600 con-

1949 2648 2221 2707 sumptum
2259 2639 2322 2693 iri
2354 2638 2504 2706 dicit,
2535 2648 2589 2694 et
2614 2637 2858 2695 funditus
2881 2639 3154 2710 perituros
3177 2641 3452 2704 Azoticos,
3476 2650 3532 2693 et

1947 2728 2310 2797 Ascalonitas,
2334 2739 2388 2786 et
2409 2729 2657 2787 Accaron
2688 2733 2788 2788 sub
2815 2746 2977 2786 manu
3002 2731 3359 2801 percutientis
3390 2732 3530 2787 fore.

1949 2821 2182 2878 Prorsus
2211 2834 2392 2880 autem
2421 2838 2542 2880 cum
2590 2825 2722 2891 ipsis
2768 2826 2930 2881 etiam
2964 2825 3202 2894 reliquos
3244 2826 3310 2878 dc
3342 2825 3532 2879 eadem

251 2917 449 2987 ὥσπερ
471 2919 584 2978 τοῖς
608 2913 912 2969 Μωαϐιτῶν
935 2913 1168 2976 ἀνοσίοις
1193 2913 1554 2984 καθηγηταῖς.
1578 2912 1848 2986 Ταύτῃτοι

1954 2923 2112 2984 gente
2148 2913 2500 2971 barbarorum
2526 2918 2856 2972 exstinctum
2900 2917 2988 2970 iri.
3025 2915 3183 2978 Nam,
3221 2926 3278 2968 ut
3301 2931 3535 2971 conserto

254 3011 397 3080 πυρὶ
448 3005 926 3078 δαπανηθήσεσθαι
975 3007 1095 3068 ταῖς
1147 3004 1333 3067 ἄλλαις
1362 3004 1497 3076 ὁμοῦ
1543 3003 1642 3077 τὴν
1670 3003 1851 3069 Γάζαν

252 3100 449 3172 φησί-ι’
473 3097 651 3163 ὲξολοθ
663 3093 1021 3168 ρευθήσεσθαι
1040 3093 1095 3147 δὲ
1119 3095 1214 3147 xui
1239 3091 1547 3158 ’Λζωτίους,
1569 3095 1662 3149 xui
1683 3094 1855 3166 φυλὴν

271 3191 627 3253 Ασκάλωνος,
643 3189 736 3242 xui
750 3187 852 3240 ὑπὸ
866 3189 1024 3257 χεῖρα
1039 3185 1280 3258 γεν[ήσ]’ἐ
1288 3186 1410 3242 σθαι
1427 3182 1518 3240 τοῦ
1533 3188 1858 3260 πλήττοντος

252 3285 360 3354 τὴν
398 3279 704 3351 Ἀκκαρών.
748 3278 1144 3331 Συνδιολεῖσθαι
1177 3279 1236 3330 δὲ
1280 3279 1500 3343 πάντως
1539 3280 1732 3344 αὐταῖς
1762 3281 1858 3333 xui

253 3376 393 3437 τοὺς
428 3371 796 3434 καταλοίπους
839 3370 947 3424 τῶν
985 3370 1293 3441 ὁμοφύλων.
1328 3372 1859 3445 Μεμισθοφορήκασι

255 3467 402 3536 γὰρ,
432 3464 578 3518 κατά
621 3463 683 3516 τὸ
713 3464 880 3526 εἰκὸς,
914 3463 1007 3516 xui.
1035 3462 1329 3534 κέκληνται
1372 3463 1508 3535 πρὸς
1541 3464 1860 3536 ἐπικουρίαν

258 3559 374 3611 τῶν
410 3555 648 3609 ἐποίκων
693 3553 983 3626 βαρϐάρων
1015 3553 1178 3618 τινές.
1211 3553 1460 3608 Χαλεπὸν
1490 3551 1582 3608 οὖν
1609 3553 1736 3627 ἄρα,
1767 3556 1862 3610 xui

260 3647 516 3702 κινδύνου
552 3647 753 3710 παντὸς
786 3646 1091 3718 ἀνάμεστον
1130 3646 1325 3717 ὁρᾶται
1369 3647 1577 3712 λοιπὸν,
1615 3647 1676 3701 τὸ
1719 3663 1862 3719 συμ-

262 3739 609 3813 φράττεσθαι
654 3740 930 3810 πονηροῖς,
963 3739 1059 3792 xui
1089 3736 1512 3802 καθοπλίζεσθαι
1549 3739 1724 3808 φιλεῖν
1753 3737 1861 3792 τῶν

265 3830 646 3902 ἠγαπημένων
680 3829 832 3901 παρά
857 3828 1011 3896 Θεὸν,
1040 3829 1132 3882 xui
1159 3827 1376 3883 διώκειν
1410 3828 1619 3897 ἁγίους.
1653 3830 1714 3882 Ei
1754 3827 1863 3901 γὰρ

269 3925 366 3977 xui
399 3925 707 3993 πάσχοιμεν
744 3921 856 3974 ἔσθ’
881 3922 968 3974 ὅτε
999 3919 1358 3991 πταισμάτων
1393 3920 1576 3982 ἕνεκα,
1610 3921 1864 3974 παιδευό-

275 4016 420 4087 μεθα
454 4016 608 4086 παρὰ
638 4012 796 4078 Θεοῦ,
828 4013 942 4066 ἀλλ’
984 4013 1084 4066 ούκ
1132 4013 1391 4084 ἀλογήσει
1427 4013 1707 4077 παντελῶς
1755 4013 1863 4068 τῶν

274 4106 668 4161 οίκειωθέντων
695 4103 865 4175 αὐτῷ.
895 4103 1198 4167 Παιδεύσας
1221 4104 1278 4156 δὲ
1321 4104 1629 4175 χρησίμως,
1660 4103 1865 4175 ὀλέθρῳ

278 4200 566 4273 -περιϐαλεῖ
593 4198 660 4252 τὰ
689 4198 788 4268 τῆς
814 4197 985 4268 ὀργῆς
1018 4195 1209 4268 σκεύη,
1238 4195 1384 4250 τοῦτ’
1411 4195 1547 4263 ἔστι,
1578 4197 1704 4260 τοὺς
1730 4199 1866 4267 ἀχα-

1959 3015 2179 3061 taneum
2225 3017 2328 3072 est,
2371 3009 2438 3064 ad
2485 3009 2747 3064 auxilium
2796 3009 3057 3079 quosdam
3094 3008 3313 3064 aliunde
3347 2994 3534 3062 accer-

1959 3099 2166 3155 sierant
2209 3106 2264 3155 el.
2307 3101 2560 3156 mercede
2595 3103 2991 3157 conduxerant.
3038 3103 3238 3156 Durum
3282 3102 3446 3171 igitur
3481 3112 3541 3154 ct

1958 3193 2184 3262 periculi
2223 3193 2435 3263 plenum
2477 3194 2710 3258 videtur,
2747 3211 2897 3248 arma
2935 3210 3132 3263 capere
3170 3209 3291 3248 cunt
3339 3195 3540 3263 impro—

1961 3285 2064 3348 bis,
2104 3293 2156 3340 et
2187 3295 2555 3356 oppugnatum
2602 3286 2683 3340 ire
2714 3285 2847 3340 velle
2879 3286 2987 3340 Deo
3019 3284 3233 3352 charos,
3274 3295 3328 3338 ct
3357 3299 3541 3352 perse-

1960 3374 2050 3444 qui
2095 3385 2332 3430 sanctos.
2379 3375 2514 3430 Nam
2554 3378 2654 3431 etsi
2687 3379 2957 3446 patiamur
2992 3377 3262 3432 interdum
3311 3378 3538 3448 aliquid,

1963 3474 2185 3535 propter
2209 3463 2392 3534 lapsus
2432 3476 2651 3521 nostros
2682 3465 2975 3520 multamur
3006 3481 3034 3519 a
3076 3465 3206 3530 Deo,
3240 3466 3329 3535 qui
3363 3476 3539 3520 tamen

1963 3557 2065 3611 sibi
2106 3565 2458 3612 consecratos
2493 3572 2599 3611 non
2646 3564 2960 3612 contemnet
3002 3557 3256 3626 penitus;
3289 3557 3382 3612 sed
3417 3572 3540 3611 cum

1963 3647 2172 3703 utiliter
2214 3650 2394 3719 poenis
2421 3647 2728 3721 castigarit,
2762 3651 2857 3705 irae
2899 3664 3022 3704 vasa
3053 3649 3220 3705 exitio
3260 3652 3542 3713 mactabit,

1966 3740 2067 3796 hoc
2091 3745 2197 3806 est,
2219 3741 2309 3811 qui
2337 3739 2518 3797 furore
2557 3741 2820 3797 indomito
2859 3741 2910 3796 in
2940 3755 3035 3797 eos
3063 3741 3360 3804 irrucrunt,
3386 3741 3544 3810 plane

1955 3833 2261 3904 secundum
2306 3833 2435 3889 illud
2464 3834 2607 3902 quod
2653 3834 2721 3887 ad
2753 3833 3078 3902 Babylonem
3113 3832 3180 3886 de
3228 3832 3352 3885 filiis
3381 3831 3545 3886 Israel

1965 3909 2224 3995 praeclare
2254 3925 2456 3980 dictum
2479 3934 2595 3980 est:
2627 3943 2646 3977 ι
2677 3921 2789 3995 Ego
2817 3925 2936 3979 dedi
2967 3939 3061 3979 eos
3103 3923 3154 3977 in
3181 3937 3374 3977 manus
3404 3920 3552 3987 tuas,’

1967 4027 2021 4070 tu
2058 4028 2236 4072 autem
2266 4019 2345 4073 eis
2375 4017 2807 4074 misericordiam
2857 4031 2962 4070 non
3003 4015 3196 4070 dedisti
3221 4015 3284 4069 ”.
3318 4033 3336 4065 ι
3377 4014 3550 4067 Aver-

1968 4119 2120 4166 Satur
2141 4111 2284 4166 enim
2317 4112 2695 4170 vehementer,
2742 4119 2796 4164 et
2831 4109 3157 4184 indignatur
3191 4107 3332 4161 Deus
3359 4121 3548 4160 eorum

1968 4201 2334 4264 insolentiam,
2389 4200 2554 4255 etiam
2605 4214 2779 4268 usque
2833 4198 2901 4253 ad
2943 4197 3192 4267 injuriam
3244 4196 3548 4266 plagarum,

274 4295 407 4363 λίνῳ
433 4291 594 4362 θυμῷ
627 4291 746 4344 κατ’
776 4288 955 4342 αὐτῶν
981 4289 1353 4359 ὁρμήσαντας,
1383 4290 1503 4342 κατ’
1532 4290 1707 4342 ἐκεῖνο
1739 4290 1847 4344 πάν

1971 4293 2168 4362 quibus
2191 4306 2314 4347 esse
2343 4291 2754 4361 castigationem
2789 4289 3160 4345 mandaverat.

274 4403 383 4447 τως
422 4384 485 4436 τὸ
531 4382 665 4453 πρὸς
697 4378 990 4433 Βαϐυλῶνα
1058 4379 1237 4444 καλῶς
1293 4379 1581 4451 εἰρημένον
1629 4382 1758 4452 περ)⁸
1822 4384 1932 4438 τῶν
1969 4385 2100 4438 υἱῶν
2142 4378 2393 4457 Ἰσραήλο
2419 4402 2438 4436 ι
2480 4380 2619 4454 Ἐγὼ
2657 4380 2832 4437 ἔδωκα
2873 4381 3071 4445 αὐτοὺς
3103 4381 3182 4445 είς
3223 4379 3324 4443 τὰς
3366 4376 3555 4450 χεῖράς

278 4498 396 4545 σου,
434 4480 501 4533 σὺ
548 4477 607 4531 δὲ
637 4479 736 4530 οὐκ
779 4476 987 4540 ἔδωκας
1023 4475 1208 4539 αὐτοῖς
1254 4475 1420 4540 ἔλεος.
1452 4495 1472 4528 ι
1515 4477 1736 4549 ’Λπᾴδει
1771 4479 1878 4552 γὰρ
1916 4480 2036 4535 λίαν
2065 4483 2157 4536 xui
2197 4480 2591 4550 ἀγανακτοῦντι
2621 4477 2699 4551 τῷ
2758 4477 2878 4550 Θεῷ
2901 4479 2962 4532 τὸ
2988 4475 3244 4550 φορτικὸν
3272 4476 3349 4537 εἰς
3373 4471 3557 4533 αἰκίας

275 4575 387 4628 τῶν
421 4573 583 4626 τοῦτο
610 4571 742 4643 δρᾷν
769 4570 1232 4642 ἐπιτεταγμένων.

353 4669 506 4723 Τάδε
533 4670 698 4736 λέγει
729 4667 961 4734 Κύριος’
1012 4665 1142 4719 Ἐπὶ
1183 4664 1312 4731 ταῖς
1337 4665 1539 4734 τρισὶν
1565 4667 1872 4735 ἀσεϐείαις

282 4763 502 4830 Τύρου,
528 4759 625 4812 καὶ
655 4757 753 4811 ἐπὶ
784 4757 915 4823 ταῖς
951 4756 1308 4825 τέσσαρσιν,
1344 4758 1456 4811 οὐκ
1485 4758 1846 4830 ἀποστραφή

1974 4755 2330 4824 impietatibus
2372 4754 2520 4825 Tyri,
2563 4764 2611 4807 et
2657 4769 2814 4822 super
2857 4761 3083 4820 quatuor
3114 4765 3216 4802 non
3240 4747 3406 4818 258
3429 4765 3558 4803 con-

279 4873 470 4925 σομαι
509 4852 726 4921 αὐτὴν,
765 4853 895 4907 ἀνθ’
943 4844 1031 4905 ὧν
1079 4851 1490 4905 συνέκλεισαν
1544 4852 1660 4920 τὴν
1705 4857 1848 4921 alui

1977 4857 2174 4901 vertam
2218 4861 2355 4908 eam,
2399 4861 2492 4913 pro
2516 4860 2575 4898 eo
2621 4843 2758 4911 quod
2805 4841 3169 4894 concluserunt
3205 4841 3560 4907 captivitatem

276 4947 564 5000 ιιλωσίαν
617 4943 902 5012 Σολομὼν
938 4946 1024 5009 εἰς
1063 4943 1176 5010 τὴν
1231 4942 1581 5007 Ἰδουμαίαν,
1638 4943 1736 4996 καὶ
1771 4945 1848 4998 oi);

1983 4937 2286 4993 Salomonis
2320 4937 2370 4990 in
2400 4935 2714 4996 Idumwam,
2755 4943 2801 4986 et
2834 4947 2938 4984 non
2966 4930 3224 4984 recordati
3254 4942 3372 4984 sunt
3404 4942 3564 4986 testa-

278 5037 690 5108 ἐμνήσθησαν
731 5035 1020 5103 διαθήκης
1061 5032 1359 5102 ἀδελφῶν.
1414 5035 1525 5088 Καὶ
1562 5033 1848 5087 ἀποστελι

1983 5032 2144 5082 menti
2187 5031 2431 5098 fratrum.
2471 5025 2538 5078 Et
2571 5026 2775 5078 mittam
2821 5025 2993 5093 ignem
3035 5025 3089 5076 in
3127 5039 3307 5078 muros
3338 5022 3488 5095 Tyri,
3516 5035 3562 5078 ct

281 5133 414 5199 πῦρ
472 5130 569 5184 ἐπὶ
617 5131 689 5183 τὰ
730 5130 898 5198 τείχη
957 5129 1172 5196 Τύρου,
1216 5129 1314 5182 καὶ
1365 5127 1764 5198 καταφάγεται
1809 5127 1881 5180 τὰ
1987 5117 2251 5171 devora“!
2283 5116 2624 5186 {W’damema
2647 5111 2783 5181 eiu"

281 5225 537 5295 θεμέλια
556 5221 768 5289 αὐτῆς.
1067 5233 1070 5236 ’

363 5319 457 5385 ς’.
504 5315 694 5386 Τύριοι
725 5315 781 5367 δὲ
808 5314 969 5368 πάλιν
1005 5314 1140 5386 πρὸς
1166 5315 1278 5375 τοῖς
1314 5311 1423 5366 ἀπὸ
1449 5311 1549 5382 τῆς
1571 5310 1886 5381 Δαμασκοῦ,

283 5411 387 5466 xui
433 5408 619 5480 μέντοι
663 5408 758 5460 xui
799 5407 1110 5471 ’Δζωτίοις,
1174 5405 1427 5468 Γαζαίοις
1469 5420 1528 5456 τε
1562 5404 1656 5456 xui
1695 5404 1891 5456 Ἀσκα-

283 5503 572 5567 λωνίταις,
619 5499 714 5554 καὶ
761 5503 875 5564 τοῖς
927 5497 1217 5570 ’Δκκαρὼν
1260 5497 1358 5568 τὴν
1413 5495 1530 5567 Θεῷ
1574 5495 1889 5567 πρέπουσαν

2047 4664 2208 4722 Vens.
2259 4664 2315 4731 9,
2352 4664 2440 4719 IO.
2496 4663 2627 4719 Ilarc
2672 4664 2802 4717 dicit
2849 4662 3106 4716 Dominus
3133 4661 3343 4728 :Super
3387 4660 3557 4712 tribus

2061 5301 2148 5355 Vl.
2196 5299 2342 5370 Tyrii
2379 5288 2617 5370 quoque,
2653 5300 2742 5371 qui
2776 5317 2896 5356 cum
2927 5300 3300 5362 Damascenis,
3333 5298 3562 5358 Azotiis,

1988 5396 2217 5458 Gazatis,
2252 5394 2580 5448 Ascalonitis
2608 5407 2661 5449 et
2691 5395 3034 5450 Accaronitis
3072 5396 3310 5450 divinam
3357 5389 3566 5457 patien-

1992 5491 2119 5544 tiam
2155 5488 2362 5545 scelere
2408 5499 2785 5555 exccsseruut,
2815 5498 2871 5544 et
2922 5487 3260 5556 impietanun
3294 5478 3567 5547 magnitu-

371 5679 416 5712 “
448 5676 491 5733 II
532 5677 710 5733 Paral.
755 5691 872 5739 vui,
911 5674 1022 5728 1-4.
1102 5673 1146 5705 ’³
1188 5672 1322 5725 ibid.
1367 5670 1420 5737 6,
1463 5673 1516 5726 8.
1599 5672 1637 5702 ⁸⁷
1677 5670 1778 5723 lsa.
1816 5685 1981 5736 xuu,
2019 5669 2074 5723 6.

625 5772 896 5832 Pnuorn
942 5769 1058 5827 (in.
1113 5767 1332 5828 LXXI.
2085 5842 2100 5849 '
3217 5756 3286 5817 Ii.
