3950 6200
413 266 521 320 ἶΞἹ

1437 254 1496 308 S.
1538 253 1808 309 CYRILIJ
1850 251 2318 308 ALEXANDRINI
2358 250 2680 306 ARCHIEP.

3552 249 3661 304 ωδ

413 387 538 438 dine
570 392 773 436 tantum
820 392 926 434 non
977 382 1395 445 exsuperarunt,
1423 371 1581 437 juxta
1616 371 1818 426 oracull
1857 386 1978 426 sen-

2089 368 2442 435 ἀνεξικακίαν
2464 368 2912 439 ὑπερϐαλόμενοι,
2947 368 3043 421 καὶ
3080 366 3278 439 τρόπον
3302 368 3424 422 τινὰ
3447 385 3682 463 νενικηἿ

415 477 635 529 tentiam
669 486 857 541 pmnas
895 469 1176 531 suffereut,
1228 474 1285 520 et.
1315 464 1633 534 supplicium
1679 462 1984 533 expemleut

411 564 651 618 omnium
697 562 1007 615 maximum.
1044 558 1258 614 Crimen
1291 571 1498 619 eorum,
1525 555 1665 625 quod
1699 553 1983 624 captivita-

420 667 524 709 tem
566 655 870 709 Salomonis
901 652 954 706 in
986 651 1267 705 ldumazam
1310 647 1693 707 concluseriut,
1728 655 1781 699 et
1810 653 1981 698 testa-

415 745 579 799 menti
621 744 844 800 fratrum
895 744 1238 797 immemores
1268 739 1486 794 fuerint.
1520 737 1649 803 Quae
1682 737 1794 805 ipsa
1828 735 1983 789 Salo-

418 838 589 891 monis
617 835 897 906 captivitas
931 833 1109 896 fuerit,
1150 831 1398 901 superius
1433 828 1760 883 sufﬁcienter
1796 834 1977 882 osten-

408 942 533 981 sum
578 936 679 981 est.
717 924 997 990 Quomodo
1026 931 1204 976 autem
1234 932 1287 975 et
1322 936 1350 975 a
1376 920 1558 990 Tyriis
1596 919 1647 973 in
1696 918 1979 971 ltlumceam

414 1017 666 1071 conclusa
724 1016 794 1069 sit
849 1015 1031 1069 dicere
1064 1027 1288 1067 necesse
1338 1022 1438 1066 est.
1489 1011 1623 1063 Cum
1659 1024 1724 1063 ex
1766 1009 1899 1061 Juda
1930 1018 1984 1062 et

416 1106 577 1161 Israel
626 1104 1069 1159 innumerabilem
1125 1102 1520 1156 multitudinem
1555 1100 1815 1156 servitute
1855 1097 1983 1151 affe-

416 1198 653 1259 risseut,
709 1196 952 1249 ldumaeis
1012 1194 1387 1248 vendiderunt.
1437 1191 1535 1257 Qui
1597 1192 1661 1245 de
1725 1190 1984 1259 sanguine

414 1288 640 1341 fratrum
687 1294 998 1356 prognatos,
1044 1294 1097 1338 et
1148 1298 1316 1353 nuper
1368 1284 1588 1348 liberos,
1632 1283 1818 1336 eodem
1867 1282 1984 1335 loco

416 1396 522 1447 quo
576 1378 714 1433 bello
750 1384 936 1447 captos
986 1377 1264 1439 habentes,
1319 1374 1513 1427 acerbo
1557 1371 1984 1441 scrvitutisjugo

418 1478 752 1539 presserunt,
796 1479 849 1521 et
875 1467 1182 1521 Grzccorum
1214 1466 1422 1536 legibus
1456 1466 1638 1519 vivere
1668 1474 1982 1534 coegerunt,

417 1562 641 1632 gloriam
696 1561 786 1613 Dei
824 1574 960 1629 pene
1004 1558 1265 1611 conviciis
1310 1558 1634 1620 lacerantes,
1683 1558 1771 1624 qui
1814 1570 1986 1625 neque

418 1655 646 1720 patriam
701 1652 828 1719 ipsis
882 1651 1186 1704 libertatem
1249 1658 1642 1714 conservasset,
1704 1664 1874 1717 neque
1930 1650 1979 1702 in

2084 460 2240 523 κότες
2281 461 2401 520 ταῖς
2432 459 2542 511 τῶν
2576 458 2939 530 ἀσεϐημάτων
2972 459 3318 529 ὑπερϐολαῖς,
3362 453 3669 531 ὑπενεχθή-

2086 568 2271 605 σονται
2300 551 2538 615 ποιναῖς,
2556 549 2699 603 κατά
2716 567 2777 617 γε
2796 550 2885 603 τὸν
2905 549 2997 602 τοῦ
3016 550 3313 621 χρησμῳδή
3324 567 3490 619 ματος
3514 549 3666 613 νοῦν,

2084 642 2179 695 καὶ
2206 641 2398 709 ποινὴν
2450 640 2782 711 ὑπομενοῦσι
2816 642 2913 711 τὴν
2949 641 3175 694 ἀπασῶν
3216 641 3473 712 ἐσχάτην.
3514 641 3671 693 Ἐπί-

2084 732 2267 804 κλημα
2288 732 2343 785 δὲ
2378 733 2582 797 αὑτοῖς,
2615 733 2695 785 ὅτι
2729 732 2827 802 τὴν
2865 732 3238 803 αἰχμαλωσίαν
3286 732 3381 785 τοῦ
3414 733 3669 803 Σολομὼν

2088 824 2436 877 συνέκλεισαν
2464 825 2543 887 είς
2573 824 2671 894 τὴν
2714 825 3036 895 Ἰδουμαίαν,
3054 826 3535 895 ἀμνημονήσαντες
3565 826 3668 895 τῆς

2085 915 2193 967 τῶν
2232 914 2482 983 ἀδελφῶν
2508 914 2791 986 διαθήκης.
2843 916 2939 979 Τίς
2974 917 3072 986 μὲν
3104 912 3196 970 οὖν
3251 919 3284 987 ἡ
3318 918 3669 989 αίχμαλωσία.

2084 1004 2178 1059 τοῦ
2208 1003 2480 1075 Σολομὼν,
2504 1004 2870 1075 ἀποχρώντως
2899 1006 3032 1075 ἡμῖν
3063 1005 3287 1071 διέδειξε
3316 1006 3490 1075 λόγος,
3530 1008 3669 1060 Συν-

2084 1094 2335 1165 εκλείσθη
2362 1096 2417 1149 δὲ
2440 1097 2586 1159 ὅπως
2615 1098 2696 1160 εἰς
2723 1096 2822 1168 τὴν
2860 1097 3162 1167 Ἰδουμαίαν
3190 1099 3283 1153 καλ⁸
3307 1100 3442 1169 πρός
3468 1117 3530 1169 γε
3565 1102 3670 1153 Τυ-

2087 1186 2238 1255 ρίων,
2298 1190 2470 1240 εἰπεῖν
2510 1190 2827 1258 ἀναγκαῖον.
2885 1189 3494 1261 Ἐξανδραποδισάμενοι
3554 1192 3669 1263 γὰρ

2083 1280 2184 1332 οὑκ
2212 1278 2576 1351 εὐαρίθμητον
2611 1281 2818 1351 πληθὺν
2848 1281 2957 1335 τῶν
3002 1282 3061 1346 ἐξ
3100 1282 3272 1335 Ἰούδα
3326 1284 3419 1336 καὶ
3464 1284 3667 1354 Ἰερου-

2088 1370 2286 1441 σαλὴμ,
2331 1371 2825 1440 καταπεπράκασιν
2861 1370 3193 1443 Ἰδουμαίοις.
3247 1376 3307 1427 Oi
3349 1374 3404 1427 δὲ
3437 1377 3564 1438 τοὺς
3602 1377 3664 1441 ἐξ

2087 1464 2317 1533 αἵματος
2335 1462 2602 1531 ἀδελφῶν,
2625 1465 2719 1517 καὶ
2744 1464 2947 1518 ἄνωθεν
2977 1465 3293 1536 ἐλευθέρους
3319 1469 3376 1520 ἐν
3398 1469 3667 1539 δορυκτή-

2085 1573 2193 1609 των
2228 1555 2392 1627 μοίρᾳ
2425 1554 2801 1626 πεποιημένοι,
2846 1556 3028 1628 πικρῷ
3057 1558 3301 1622 δουλείας
3346 1559 3665 1613 κατέθλιϐον

2088 1645 2259 1715 ζυγῷ,
2291 1646 2388 1699 καὶ
2425 1646 2539 1707 τοῖς
2582 1646 2853 1717 Ἑλλήνων
2894 1647 3078 1717 νόμοις
3113 1647 3497 1712 κατεϐιάζοντο
3541 1648 3662 1719 ζῇν,

3676 532 3681 557 I

417 1743 629 1797 florenti
663 1751 803 1796 statu
836 1756 927 1794 eos
970 1739 1104 1793 tueri
1138 1740 1418 1809 potuisset.
1450 1737 1681 1792 Proinde
1717 1738 1978 1791 universo-

2093 1737 2375 1807 μονονουχὶ
2405 1738 2941 1809 κατακερτομοῦντες
2963 1740 3011 1791 oi
3034 1739 3253 1793 δείλαιοι
3281 1740 3381 1811 τὴν
3407 1740 3501 1792 τοῦ
3527 1740 3663 1793 Θεοῦ

419 1849 536 1886 rum
568 1832 709 1885 Deus
751 1831 972 1885 alterius
999 1844 1129 1884 voce
1162 1829 1355 1897 inquit,
1384 1842 1476 1882 eos
1502 1829 1589 1897 qui
1620 1827 1985 1896 captivitatem

416 1925 721 1979 Salomonis
774 1926 826 1977 in
889 1922 1120 1976 ldumrea
1174 1922 1575 1982 concluserunt,
1629 1935 1733 1973 non
1798 1919 1987 1973 leviter

419 2028 676 2068 accusans
703 2032 715 2065 :
745 2031 761 2063 ι
790 2012 927 2078 Quid
958 2012 1085 2064 mihi
1120 2019 1174 2065 et
1197 2010 1368 2073 vobis,
1401 2009 1594 2080 Tyrus,
1630 2019 1681 2065 et
1714 2007 1905 2073 Sidon,
1931 2018 1985 2064 et

415 2105 592 2157 omnis
644 2102 862 2156 Galihca
918 2099 1383 2170 alienigenarum?
1434 2099 1684 2169 Nunquid
1729 2098 1983 2154 ultionem

415 2211 510 2249 vos
562 2195 797 2247 reddetis
854 2194 1018 2257 mibi,
1086 2201 1178 2246 aut
1239 2192 1373 2245 iram
1442 2192 1492 2245 in
1556 2192 1716 2245 corde
1780 2190 1984 2245 retine—

418 2288 484 2338 tis
534 2285 706 2337 mihi?
749 2282 1017 2336 Velociter
1058 2292 1109 2336 et
1142 2283 1251 2336 cito
1304 2282 1523 2335 reddam
1574 2281 1981 2335 retributionem

414 2385 647 2430 vestram
694 2374 745 2427 in
796 2374 967 2442 capita
1015 2383 1214 2437 vestra,
1270 2388 1364 2443 pro
1407 2386 1472 2427 eo
1516 2374 1655 2441 quod
1706 2382 1983 2439 argentum

415 2484 591 2523 meum
644 2477 698 2521 et
732 2482 921 2520 aurum
965 2482 1140 2519 meum
1201 2464 1420 2532 tulistis,
1455 2474 1506 2519 et
1541 2464 1707 2533 electa
1747 2479 1886 2528 mea,
1932 2474 1986 2518 et

414 2561 552 2611 bona
603 2558 859 2611 intulistis
904 2558 953 2609 iu
1006 2556 1198 2624 templa
1235 2566 1433 2619 vestra,
1475 2563 1523 2610 et
1578 2554 1715 2608 filios
1746 2552 1904 2617 Juda,
1933 2562 1987 2608 et.

411 2650 551 2704 tilios
584 2648 743 2703 Israel
776 2647 1090 2701 vendidistis
1123 2646 1244 2700 filiis
1270 2645 1602 2713 Grmcorum,
1638 2656 1693 2701 ut
1718 2645 1986 2715 ejiceretis

412 2755 506 2793 eos
556 2754 621 2792 ex
680 2739 875 2793 finibus
931 2738 1125 2791 suis".
1161 2756 1179 2788 ι
1219 2737 1497 2806 Tanquam
1551 2738 1693 2791 enim
1748 2736 1869 2789 finis
1921 2751 1984 2790 ac

415 2831 680 2884 terminus
706 2830 1076 2885 Israelitarum
1108 2844 1397 2898 corporeus
1427 2828 1641 2897 quidem
1671 2837 1749 2881 est
1776 2825 1980 2891 δούπει),

415 2920 713 2986 spiritualis
734 2931 909 2973 autem
932 2920 1035 2979 lex,
1061 2919 1253 2987 quibus
1283 2918 1458 2971 exacti
1494 2924 1640 2979 sunt,
1671 2914 1979 2969 Grmcorum

414 3009 541 3065 filiis
581 3010 796 3077 indigne
838 3010 1060 3062 vcnditi.
1114 3009 1380 3061 Fecerunt
1420 3017 1594 3062 autem
1648 3006 1787 3062 istud
1830 3004 1977 3078 Tyrii

2087 1828 2266 1894 δόξαν,
2297 1829 2372 1891 ὡς
2402 1824 2539 1900 μήτε
2581 1829 2678 1901 τὴν
2723 1830 2787 1883 ὲκ
2832 1829 3083 1897 πατέρων
3129 1831 3314 1895 αὑτοῖς
3352 1832 3665 1903 ἐλευθερίαν

2086 1920 2448 1989 τηρήσαντος,
2493 1919 2629 1991 μήτε
2676 1919 2783 1990 μὴν
2822 1919 3139 1991 ἰσχύσαντος
3173 1926 3478 1993 παρασχεῖν
3519 1926 3582 1978 τὸ
3606 1926 3665 1979 ὲν

2089 2010 2238 2081 καλῷ
2266 2012 2478 2065 κεῖσθαι
2512 2012 2610 2079 τῆς
2644 2011 2961 2084 εὐημερίας.
3009 2014 3117 2066 Καὶ
3158 2014 3290 2083 γοῦν
3318 2018 3345 2069 ὁ
3383 2016 3491 2069 τῶν
3523 2016 3663 2069 ὅλων

2087 2102 2220 2166 Θεὸς
2244 2102 2332 2156 διὰ
2358 2103 2542 2173 φωνῆς
2573 2103 2759 2174 ἑτέρου
2789 2104 2942 2173 φησὶ,
2974 2105 3096 2168 τοὺς
3126 2106 3553 2174 συγκλείσαντας
3579 2110 3663 2171 είς

2086 2193 2183 2265 τὴν
2238 2194 2542 2265 Ἰδουμαίαν
2584 2194 2682 2263 τὴν
2733 2194 3108 2266 αἰχμαλωσίαν
3146 2196 3241 2249 τοῦ
3281 2197 3551 2267 Σολομὼν,
3596 2196 3660 2251 οὗ

2090 2286 2324 2356 μετρίως
2381 2284 2837 2353 καταιτιώμενος
2889 2287 3040 2340 (Καὶ
3088 2286 3141 2340 τί
3189 2288 3311 2358 ἐμοὶ
3360 2290 3455 2342 καὶ
3507 2290 3662 2359 ὑμῖν,

2088 2376 2284 2447 Τύρος,
2320 2378 2415 2429 καὶ
2451 2377 2636 2440 Σιδὼν,
2679 2379 2772 2431 καὶ
2812 2380 2963 2432 πᾶσα
3010 2379 3265 2434 Γαλιλαία
3306 2381 3661 2451 ἀλλοφύλων;

2086 2468 2178 2537 Μὴ
2207 2466 2548 2536 ἀνταπόδομα
2571 2468 2727 2538 ὑμεῖς
2770 2469 3148 2523 ἀνταποδίδοτέ
3185 2489 3294 2543 μοι,
3324 2472 3356 2543 ἢ
3391 2491 3662 2544 μνησικα-

2087 2561 2231 2610 κεῖτε
2265 2559 2423 2627 ὑμεῖς
2470 2560 2556 2611 ἐπ’
2589 2558 2744 2628 spei;
2797 2560 2994 2625 Ὀξέως
3028 2561 3121 2613 καὶ
3173 2563 3383 2633 ταχέως
3425 2566 3665 2619 ἀνταπο-

2085 2650 2241 2704 δώσω
2266 2650 2324 2704 τὸ
2346 2650 2695 2721 ἀνταπόδομα
2725 2652 2878 2722 ὑμῶν
2905 2655 2985 2716 είς
3022 2654 3267 2723 κεφαλὰς
3298 2656 3473 2725 ὑμῶν.
3519 2658 3662 2710 Ἀνθ’

2084 2728 2159 2788 ῶν
2192 2737 2251 2788 τὸ
2291 2735 2554 2805 ἀργύριόν
2597 2754 2700 2805 μου
2762 2739 2857 2792 καὶ
2897 2739 2959 2792 τὸ
3006 2742 3225 2811 χρυσίον
3276 2762 3377 2813 μου
3414 2746 3659 2811 ἐλάϐετε,

2085 2828 2179 2880 καὶ
2208 2827 2275 2881 τὰ
2307 2827 2566 2882 ἐπίλεκτά
2597 2845 2720 2899 μου,
2750 2830 2843 2883 καὶ
2872 2831 2938 2886 τὰ
2969 2832 3109 2887 κα)ιά
3136 2835 3402 2904 ἠνέγκατε
3431 2840 3511 2902 είς
3533 2842 3662 2903 τοὺς

2084 2917 2246 2980 ναοὺς
2280 2916 2454 2987 ὑμῶν,
2506 2918 2753 2981 καὶτοὺς
2787 2920 2936 2983 υίοὺς
2990 2920 3160 2974 Ἰούδα
3192 2924 3283 2975 καὶ
3317 2924 3535 2995 Ἰσραὴλ
3555 2926 3661 2977 ἀπ-

2085 3006 2267 3060 έδοσθε
2295 3008 2407 3068 τοῖς
2435 3007 2569 3070 υἱοῖς
2603 3006 3012 3079 τῶνἙλλήνων,
3033 3009 3181 3074 ὅπως
3206 3010 3441 3085 ὲξώσητε
3463 3015 3660 3079 αὑτοὺς

415 3102 722 3156 testamenti
784 3099 1009 3153 fratrum
1064 3099 1427 3155 immemores.
1487 3098 1599 3155 Hoc
1642 3096 1902 3154 trifariam
1951 3113 1978 3152 a

2088 3100 2152 3153 ἐκ
2198 3098 2305 3154 τῶν
2353 3098 2518 3171 ὁρίων
2574 3097 2777 3154 αὐτῶν.
2805 3118 2825 3153 ι
2872 3072 3071 3171 ’Ὅριον
3112 3072 3173 3156 δέ
3214 3072 3403 3177 ῶσπερ
3445 3106 3554 3158 τῶν
3600 3072 3661 3171 ἐξ

412 3192 569 3247 nobis
598 3202 774 3260 potest
802 3193 1045 3263 intelligi.

2103 3189 2341 3261 Ἰσραὴλ,
2401 3191 2715 3261 σωματικὸν
2770 3191 2869 3260 μὲν
2932 3191 3183 3259 Ἰουδαία,
3226 3196 3453 3266 ψυχικὸν
3518 3197 3575 3250 δὲ
3630 3199 3661 3250 ὁ

408 3290 593 3359 νόμος,
624 3283 699 3343 ὧν
739 3288 844 3353 ἔξω
890 3289 1143 3358 γεγόνασι
1196 3292 1307 3354 τοῖς
1359 3288 1470 3365 τῶν
1535 3289 1801 3360 Ἑλλήνων
1848 3288 1983 3350 υἱοῖς
2020 3286 2266 3348 ἐκτόπως
2325 3284 3158 3358 καταπωλούμενοι.Δεδράκασι
3214 3290 3270 3342 δὲ
3298 3289 3451 3343 τοῦτο
3469 3290 3657 3361 Τύριοι

410 3385 891 3455 ἀμνημονήσαντες
921 3384 1017 3455 τῆς
1053 3383 1161 3437 τῶν
1189 3383 1430 3452 ἀδελφῶν
1460 3382 1743 3453 διαθήκης.
1790 3381 1979 3433 Νοοῖτο
2014 3379 2056 3432 δ’
2089 3378 2155 3433 ἂν
2221 3376 2356 3448 πρὸς
2383 3378 2539 3449 ήμῶν
2564 3378 2658 3430 καὶ
2688 3377 2846 3431 τοῦτο
2872 3382 3052 3450 τριχῇ.

482 3480 583 3547 Qui
615 3480 755 3533 enim
798 3480 907 3533 sint
960 3479 1047 3532 isti
1090 3478 1305 3541 fratres,
1337 3477 1480 3547 quod
1536 3477 1638 3532 hoc
1691 3487 1981 3531 testamen-

412 3581 546 3634 tum,
572 3586 689 3639 age,
723 3571 985 3635 dieaimus,
1015 3572 1183 3625 sacris
1220 3572 1382 3624 etiam
1435 3567 1655 3623 Litteris
1682 3570 1747 3624 ad
1788 3568 1978 3623 horum

411 3677 627 3715 sensum
676 3670 729 3715 et
775 3660 1177 3731 intelligentiam
1210 3664 1362 3731 quasi
1414 3680 1575 3719 manu
1638 3662 1975 3717 ducentibus.

410 3754 629 3808 Chiram
673 3752 940 3820 quomlam
969 3751 1251 3821 Tyriorum
1278 3770 1373 3808 rex
1428 3755 1524 3809 fuit
1555 3755 1738 3809 divino
1795 3752 1979 3807 Davidi

411 3846 578 3900 multo
610 3846 959 3900 cbarissimus
990 3846 1050 3898 ¹⁹.
1080 3844 1242 3916 259
1258 3846 1453 3901 Deinde
1471 3847 1537 3899 ab
1563 3846 1676 3913 ejus
1701 3846 1808 3899 filio
1830 3844 1981 3900 Salo-

411 3957 567 3994 mone
600 3939 830 3994 dilcctus
875 3948 964 3994 est
1026 3939 1127 4006 sic,
1182 3950 1239 3994 ut
1290 3942 1590 3996 concordiae
1629 3952 1683 3998 et
1730 3941 1980 3996 amicitia:

411 4033 587 4086 fcedus
638 4046 758 4083 eum
808 4046 871 4084 co
906 4031 1277 4099 paeisceretur
1315 4031 1384 4095 “,
1437 4042 1491 4086 et
1532 4034 1811 4104 adjuvaret
1855 4048 1975 4086 eum

406 4127 459 4177 iu
517 4123 789 4188 omnibus,
840 4131 891 4177 et
943 4123 1240 4193 symbolam
1311 4123 1362 4177 ei
1415 4124 1655 4177 divinum
1722 4124 1975 4192 templum

406 4214 696 4269 aedificanti
732 4229 829 4284 pro
863 4212 1037 4268 ofIicio
1080 4212 1350 4269 conferret
1373 4214 1440 4278 “,
1465 4223 1518 4269 et
1548 4230 1771 4269 munera
1823 4216 1978 4282 longe

407 4309 633 4378 l-lurima
674 4307 745 4360 illi
798 4308 1052 4374 mitteret,
1110 4308 1307 4375 quibus
1345 4309 1456 4375 ipse
1497 4308 1697 4377 majora
1730 4317 1782 4361 et
1846 4322 1977 4372 opu-

409 4402 634 4454 tentiora
675 4400 874 4454 retulit.
911 4400 1013 4451 Aut
1054 4398 1217 4467 igitur
1257 4401 1357 4453 hoc
1395 4400 1544 4461 dicit,
1589 4398 1778 4469 Tyrios
1835 4398 1974 4453 bello

404 4506 628 4545 vexasse
658 4488 955 4550 Israelitas,
980 4488 1174 4543 oblitos
1208 4491 1512 4543 testamenti
1541 4505 1727 4543 eorum
1758 4492 1845 4558 qui
1882 4494 1971 4559 ip-

407 4597 500 4637 sos
530 4592 586 4634 ut
607 4582 799 4632 fratres
820 4579 1091 4641 amabant,
1110 4579 1308 4647 quique
1332 4578 1520 4634 affectu
1540 4590 1593 4633 et
1613 4580 1877 4633 ebaritate
1900 4580 1969 4633 ita

404 4672 827 4733 consentiebant,
864 4658 945 4722 ἰιι
977 4669 1136 4723 etiam
1194 4670 1573 4739 consanguinei
1624 4670 1970 4735 viderentur;

404 4763 535 4824 sive,
577 4762 701 4829 quia
743 4760 808 4812 ab
851 4757 987 4811 Esau
1027 4772 1195 4826 genus
1221 4757 1476 4811 ducentes
1509 4759 1743 4823 Idumzei,
1776 4760 1969 4813 fratres

403 4861 557 4905 erant
602 4852 988 4911 Israelitarum,
1041 4864 1176 4919 quos
1224 4858 1420 4913 tamen,
1448 4860 1751 4918 contempto
1804 4860 1969 4903 testa—

407 4953 606 5005 mento,
654 4944 819 4996 armis
860 4942 1247 5010 appetiverunt.
1282 4940 1400 4994 Fuit
1438 4943 1579 4994 enim
1630 4941 1810 4993 animo
1866 4956 1969 4993 non

408 5034 546 5084 bono
570 5044 621 5085 et
650 5033 828 5085 hostili
885 5032 1023 5085 Esau
1075 5033 1125 5085 in
1156 5029 1342 5095 Iacob,
1375 5031 1722 5099 primogenita
1788 5027 1972 5082 dolens

404 5121 685 5190 principio.
720 5122 910 5175 Verum
948 5123 1155 5176 edomo
1184 5121 1363 5175 Laban
1404 5121 1694 5176 discedenti
1729 5120 1974 5189 aliquan-

404 5215 503 5277 ιιι),
540 5220 595 5265 et
632 5214 845 5266 domum
907 5216 1102 5268 reverti
1141 5215 1373 5283 cupienti
1428 5230 1546 5268 cum
1614 5214 1871 5267 uxoribus
1915 5219 1967 5265 et

404 5304 605 5367 liberis,
634 5304 680 5357 ei
712 5315 768 5358 ut
797 5306 964 5360 frater
991 5308 1258 5369 occurrit;
1291 5306 1551 5372 complexi
1575 5307 1789 5359 enimet
1812 5319 1967 5359 oscu-

404 5395 494 5450 lati
534 5404 657 5450 sunt
688 5396 825 5449 inter
850 5409 931 5459 se,
959 5405 1014 5449 et
1052 5396 1346 5448 amicorum
1393 5395 1561 5449 officia
1609 5404 1792 5448 mutuo
1825 5408 1963 5463 prre~

400 5490 673 5559 stiterunt,
708 5488 981 5557 veterique
1031 5487 1249 5542 dissidio
1289 5487 1616 5557 posthabito,
1666 5488 1967 5543 concordia:

1618 5676 1662 5710 ¹⁰
1695 5675 1825 5734 Ibid.
1876 5680 1958 5733 I2.

472 5679 519 5713 “
553 5681 665 5738 Jocl
702 5697 782 5751 lli,
823 5680 942 5736 4-6.
1025 5681 1065 5712 ¹⁹
1100 5677 1185 5733 ιιι.
1232 5677 1359 5746 flag.
1406 5692 1455 5743 ν,
1496 5678 1541 5733 l.

2154 3472 2310 3535 Τίνες
2338 3472 2447 3541 γάρ
2474 3473 2521 3524 οἱ
2554 3471 2792 3540 ἀδελφοὶ,
2823 3473 2904 3536 τίς
2931 3472 2985 3527 δὲ
3012 3476 3044 3544 ἡ
3076 3474 3331 3546 διαθήκη,
3378 3478 3532 3547 φέρε,
3566 3476 3657 3530 λέ-

2083 3579 2292 3633 γωμεν,
2323 3563 2415 3615 καὶ
2447 3561 2596 3634 [ὑπὸ]
2627 3563 2733 3614 τῶν
2770 3563 2930 3631 ἱερῶν
2964 3566 3309 3636 Γραμμάτων
3342 3568 3421 3630 εἰς
3441 3567 3539 3630 τὰς
3564 3568 3659 3621 ἐπὶ

2080 3655 2239 3708 τοῦτο
2292 3654 2499 3717 ἐννοίας
2558 3654 3077 3726 χειραγωγούμενοι.
3132 3655 3319 3729 Χιρὰμ
3359 3660 3387 3712 ὁ
3442 3660 3657 3729 Τυρίων

2082 3746 2221 3799 κατά
2247 3748 2469 3817 καιροὺς
2499 3744 2919 3815 βεϐασιλευκὼς,
2951 3748 3058 3800 τῶν
3086 3750 3165 3801 ὅτι
3202 3750 3436 3819 μάλιστα
3470 3751 3657 3819 φιλτά-

2080 3856 2189 3891 των
2231 3834 2298 3908 ἧν
2326 3838 2401 3907 τῷ
2435 3838 2704 3907 θεσπεσίῳ
2745 3838 2929 3893 Δαϐίδ.
2978 3833 3111 3894 Εἶτα
3154 3842 3271 3910 μετ’
3322 3843 3530 3895 ἐκεῖνον
3576 3843 3660 3913 τῷ

2076 3930 2327 4002 Σολομὼν
2358 3932 2549 4000 γέγονε
2585 3932 2894 4002 ἀγαπητὸς,
2945 3932 3020 3995 ὡς
3053 3933 3322 4004 συνθήκας
3350 3936 3664 4005 ὀμοψυχίας

2080 4024 2405 4095 ποιήσασθαι
2438 4026 2574 4096 πρὸς
2603 4028 2784 4091 αὑτὸν,
2826 4028 3144 4100 συμπρᾶξαι
3176 4047 3232 4082 τε
3264 4031 3400 4101 arpi);
3437 4031 3666 4086 ἅπαντα.

2077 4115 2246 4186 αὐτῷ,
2300 4118 2395 4170 καὶ
2452 4119 2706 4188 ψροντίδα
2760 4120 2859 4190 τὴν
2898 4120 3119 4173 δέουσαν
3167 4124 3509 4189 συνενεγκεῖν
3561 4124 3661 4176 τὸν

2077 4208 2216 4261 θεῖον
2254 4208 2605 4263 ἀποτελοῦντι
2648 4212 2788 4265 ναόν.
2833 4213 2941 4265 Καὶ
2986 4212 3209 4265 πλεῖστα
3243 4212 3341 4283 μὲν
3365 4215 3463 4267 ὅσα
3486 4230 3662 4285 προσ-

2080 4301 2342 4370 κεκὸμικε
2397 4300 2568 4371 δῶρα,
2626 4302 2922 4373 κεκέρδακε
2978 4302 3033 4356 δὲ
3086 4304 3178 4356 καὶ
3233 4304 3395 4367 αὑτὸς
3448 4307 3517 4358 τά
3570 4306 3661 4359 ἔτι

2082 4388 2251 4459 μείζω
2304 4390 2398 4444 καὶ
2454 4391 2847 4463 πλουσιώτερκ.
2909 4392 2979 4444 Ἢ
3030 4392 3208 4445 τοίνυν
3254 4395 3428 4447 ἐκεῖνό
3462 4413 3657 4465 φησιν,

2076 4483 2157 4534 ὅτι
2214 4483 2401 4551 Τύριοι
2458 4485 2866 4555 πεπολεμήκασι
2903 4486 2994 4538 τὸν
3048 4485 3282 4556 Ἰσραὴλ,
3332 4488 3659 4558 ἀμνημονή-

2078 4590 2269 4637 σαντες
2291 4576 2553 4646 διαθήκης
2581 4578 2688 4630 τῶν
2720 4578 2777 4641 ἐξ
2805 4578 3024 4647 ἀγάπης
3048 4577 3123 4639 ὡς
3155 4578 3419 4647 ἀδελφῶν,
3448 4582 3542 4634 καὶ
3568 4582 3657 4644 εἰς

2075 4666 2234 4718 τοῦτο
2273 4666 2457 4718 λοιπὸν
2514 4668 2806 4732 διαθέσεως
2851 4670 2947 4722 καὶ
2998 4670 3377 4742 φιλοστοργίας
3421 4688 3657 4743 συνενη-

2075 4757 2370 4827 νεγμένων,
2401 4758 2475 4821 ὡς
2501 4759 2676 4812 δοκεῖν
2704 4757 2848 4814 εἶναι
2878 4762 2972 4813 καὶ
2999 4762 3301 4832 ὁμαίμονας
3325 4778 3338 4791 ⁸
3376 4762 3544 4832 ἤγουν
3567 4764 3657 4817 ὅτι

2072 4850 2359 4916 γεγονότες
2405 4850 2462 4915 ἐξ
2505 4850 2675 4903 Ἣσαῦ
2726 4852 3036 4919 Ἰδουμαῖοι,
3093 4852 3313 4921 ἀδελφοὶ
3355 4853 3453 4923 μὲν
3506 4849 3657 4923 ἦσαν

2071 4944 2183 5003 τοῖς
2214 4941 2272 5005 ἐξ
2308 4940 2543 5012 Ἰσραὴλ,
2578 4943 2985 5007 πεπολεμήκασι
3022 4942 3098 5007 δὲ,
3146 4945 3244 5013 τῆς
3268 4943 3375 4995 τῶν
3403 4943 3657 5012 ἀδελφῶν

2073 5032 2340 5105 διαθήκης
2394 5033 2771 5104 ἠφειδηκὸτες.
2826 5035 3143 5105 Πειρρὸνηκε
3196 5036 3293 5105 μὲν
3332 5033 3441 5104 γὰρ
3475 5033 3651 5104 ἐχθρὰ

2072 5125 2168 5177 καὶ
2216 5124 2283 5177 τὰ
2334 5124 2608 5195 πολεμίων
2643 5128 2670 5177 ὁ
2718 5124 2889 5177 Ἥσαῦ
2936 5124 3074 5177 κατά
3124 5124 3219 5177 τοῦ
3281 5124 3493 5186 Ἰακὼϐ,
3540 5124 3654 5177 τῶν

2072 5214 2436 5285 πρωτοτόκων
2463 5216 2625 5268 ἕνεκα
2669 5215 3040 5287 λελυπημένος
3065 5218 3121 5269 ὲν
3153 5217 3368 5286 ἀρχαῖς.
3406 5216 3544 5269 Ἀλλ’
3580 5218 3651 5267 ὲκ

2068 5307 2166 5376 τῆς
2187 5305 2373 5360 Λάϐαν
2407 5307 2591 5369 ἑστίας
2625 5306 2909 5377 ἀπαίροντι
2942 5305 3081 5359 κατά
3116 5308 3363 5378 καιροὺς,
3388 5308 3484 5360 καὶ
3507 5307 3651 5359 οίκοι

2070 5396 2231 5449 πάλιν
2291 5397 2607 5451 ὑπονοστεῖν
2667 5397 2904 5451 ἐθέλοντι
2972 5398 3187 5467 γυναιξί
3234 5415 3295 5451 τε
3362 5398 3497 5470 ὁμοῦ
3552 5397 3651 5450 καὶ

2070 5488 2297 5553 τέκνοις,
2337 5491 2667 5561 συνήντησεν
2693 5488 2767 5553 ὠς
2800 5488 3045 5558 ἀδελφός.
3082 5489 3517 5561 Κατησπάσαντο
3538 5488 3652 5557 γὰρ

2037 5682 2078 5713 ²¹
2126 5680 2253 5736 Ibid.
2291 5682 2326 5737 5
