3950 6200
267 215 377 277 1.29

1231 214 1788 275 COMMENTARIUS
1827 216 1895 273 IN
1936 216 2126 273 AMOS
2167 216 2613 279 PllOPllETAM.

3448 219 3551 274 450

267 330 557 402 ἀλλήλους,
596 329 691 384 καὶ
744 328 1101 401 περιέφυσαν,
1133 331 1228 383 καὶ
1260 331 1330 384 τὰ
1365 330 1540 401 φίλοις
1581 332 1864 403 πρέποντα

1963 340 2019 387 et
2052 332 2198 402 pacis
2230 331 2403 387 ftedus
2435 332 2772 402 Pepigerunt.
2810 330 2875 387 Et
2902 333 3013 388 haec
3039 332 3256 403 quidem
3280 332 3378 388 illi.
3400 332 3549 406 Tyrii

269 422 624 493 λελαλήκασι,
668 422 765 473 καὶ
792 422 892 491 τὴν
935 421 1167 493 ἀρχαίαν
1214 422 1514 487 πατοῦντες
1567 423 1853 495 διαφορὰν,

269 514 524 585 ὁμονοίας
579 514 674 566 καὶ
728 512 955 583 εἰρήνης
994 512 1320 585 πεποίηνται
1367 513 1657 584 διαθήκας.
1716 514 1855 567 Ἀλλ’

266 607 441 659 ἐκεῖνο
469 605 569 674 μὲν
610 605 669 656 ὲν
706 603 935 663 τούτοις.
988 603 1178 675 Τύριοι
1230 605 1287 657 δὲ
1329 609 1427 677 τῆς
1466 605 1575 658 τῶν
1611 606 1856 675 ἀδελφῶν

264 697 532 766 διαθήκης
568 695 1081 765 ἀμειημονήσαντες,
1121 695 1191 749 τὰ
1230 698 1377 766 γένη
1412 697 1727 763 συνέϐαλον,
1760 701 1857 752 καὶ

262 789 483 851 δούλους
526 787 593 840 ἂν
637 786 782 857 ἔχειν
829 787 1045 841 ἔπειθον
1094 789 1220 851 τοὺς
1265 788 1322 855 ἐξ
1378 789 1611 860 αἵματός
1656 807 1716 843 τε
1760 790 1857 844 καὶ

263 878 550 945 ἀδελφοὺς,
599 880 718 940 ταῖς
758 878 909 949 παρά
959 878 1111 946 σφῶν
1164 881 1488 950 συμπονίαις
1547 882 1682 935 πολὺ
1734 882 1856 936 λίαν

264 968 720 1039 εύσθενεστέρους
807 971 916 1023 τῶν
985 971 1407 1042 κεκρατηκότων
1475 972 1857 1043 ἀποφήναντες

272 1057 626 1127 Ἰδουμαίους.
661 1058 798 1129 Ἤδη
826 1059 883 1111 δέ
917 1076 999 1123 τις
1026 1059 1122 1112 καὶ
1173 1061 1261 1113 ἐπ’
1305 1061 1485 1114 αὐτῶν
1519 1061 1679 1115 τοῦτο
1721 1063 1854 1135 λέγῃ

256 1148 367 1199 τῶν
404 1148 735 1214 Μωαϐιτῶν,
767 1149 817 1202 οἳ
844 1150 903 1213 ἐξ
932 1150 1164 1219 αἵματος
1192 1151 1287 1203 τοῦ
1317 1150 1462 1220 Λὼτ,
1506 1154 1588 1206 ὅτι
1621 1153 1856 1225 λελυπή-

258 1258 389 1294 κασι
441 1241 634 1312 Τύριοι
661 1241 927 1313 διαθήκην
971 1242 1240 1313 ἀδελφῶν,
1286 1244 1443 1315 δῆλον
1470 1246 1525 1299 δὲ
1550 1247 1632 1299 ὅτι
1665 1246 1765 1317 τὴν
1796 1246 1856 1311 ἐξ

269 1332 529 1403 Ἀϐραὰμ
562 1333 699 1403 πρὸς
725 1334 817 1387 τὸν
843 1336 987 1389 Λώτ.
1022 1336 1243 1404 Ἐπειδὴ
1271 1337 1380 1407 γὰρ
1404 1339 1453 1391 οἱ
1486 1338 1689 1407 ἀμφοῖν
1724 1341 1856 1410 ἐμα-

253 1425 493 1498 χέσαντο
551 1426 842 1496 ποιμένες,
897 1446 916 1479 ι
982 1425 1138 1494 Εἷπε,
1176 1430 1341 1501 φησὶν
1390 1431 1423 1501 ή
1472 1430 1589 1484 θεία
1621 1431 1851 1505 Γραφὴς

267 1518 489 1589 Ἀϐράμ
547 1518 627 1589 τῷ
653 1518 805 1572 Λώτ’
830 1520 922 1591 Μὴ
957 1520 1096 1574 ἔστω
1124 1521 1271 1593 μάχη
1306 1522 1578 1591 ἀναμέσον
1607 1521 1740 1592 ἐμοῦ
1762 1524 1855 1578 καὶ
1896 1531 1908 1540 ⁸

256 1610 376 1674 σοῦ,
402 1612 496 1663 καὶ
535 1611 807 1681 ἁναμέσον
834 1612 942 1666 τῶν
979 1614 1255 1683 ποιμένων
1282 1631 1404 1684 μου,
1440 1614 1533 1668 καὶ
1578 1616 1852 1686 ἀναμέσον

1963 432 2165 487 autem,
2204 424 2425 478 foederis
2464 424 2624 493 hujus
2649 423 2871 479 fraterni
2908 440 3013 478 non
3063 423 3354 491 recordati,
3395 439 3546 480 com-

1960 514 2225 567 miserunt
2296 513 2550 578 familias,
2591 524 3090 586 persuaseruntque
3164 516 3433 581 ldumaais,
3486 526 3548 569 ut

1960 606 2388 675 consanguineos
2410 615 2464 660 et
2493 606 2689 663 fratres
2719 608 2917 661 habere
2944 621 3132 661 servos
3166 607 3386 672 vellent,
3407 621 3547 678 quos

1960 696 2177 751 auxiliis
2216 697 2329 752 suis
2363 699 2555 768 seipsis
2602 700 2692 768 qui
2736 699 2977 753 vicerant
3006 698 3165 768 longe
3204 700 3543 767 potentiores

1958 786 2266 843 eﬂ'ecerunt.
2282 787 2398 842 iam
2417 805 2544 844 vero
2561 792 2698 845 idem
2726 791 2831 845 hoc
2853 789 3118 859 quispiam
3139 791 3275 845 etde
3295 790 3545 846 llloabitis

1961 879 2213 947 accipiat,
2246 880 2383 948 quia
2430 879 2531 934 Lot
2570 881 2995 945 descendebant,
3044 880 3238 951 Tyrios
3296 881 3545 936 videlicet

1957 969 2185 1024 fratrum
2222 978 2604 1025 testamentum
2631 974 3002 1038 eonturbasse,
3024 988 3217 1041 nempe
3245 972 3540 1029 Abrahami

1957 1076 2077 1115 cum
2103 1061 2226 1116 Lot.
2255 1063 2388 1117 Cum
2417 1063 2559 1117 enim
2594 1063 2869 1116 amborum
2898 1075 3141 1131 pastores
3168 1065 3538 1136 jurgarentur,

1962 1173 1981 1205 ι
2014 1154 2176 1218 Dixit,
2229 1154 2400 1222 inquit
2457 1153 2760 1222 Scriptura,
2811 1156 3081 1210 Abraham
3155 1157 3297 1213 Lot:
3352 1157 3432 1213 Ne
3471 1160 3541 1214 sit

1950 1247 2186 1318 jurgium
2226 1248 2369 1302 inter
2414 1263 2498 1302 me
2536 1258 2589 1302 et
2618 1257 2690 1312 te,
2722 1257 2775 1302 et
2814 1248 2954 1303 inter
2977 1259 3219 1317 pastores
3264 1266 3414 1306 meos
3472 1266 3536 1305 ac

1957 1350 2203 1410 pastores
2231 1348 2373 1405 tuos,
2396 1341 2521 1405 quia
2550 1342 2747 1398 fratres
2770 1356 2958 1398 sumus
2987 1344 3086 1398 “.I
3123 1341 3356 1397 Proinde
3385 1344 3542 1397 meri-

1957 1439 2011 1485 to
2040 1441 2405 1496 exustum,.et
2437 1433 2504 1487 ab
2542 1433 2671 1502 ipsis
2728 1433 3094 1487 fundamentis
3160 1446 3413 1487 eversum
3470 1432 3537 1486 iri

1956 1522 2049 1577 ait.
2081 1521 2217 1576 Nam
2271 1522 2564 1589 illud,Non
2614 1526 2723 1581 eris
2767 1540 2888 1580 cum
2921 1524 3185 1594 pluribus,
3234 1526 3433 1594 ubique
3485 1524 3538 1579 in

1955 1616 2228 1686 improbos
2253 1616 2415 1672 valet.

256 1701 369 1753 τῶν
410 1704 687 1773 ποιμένων
723 1722 815 1756 σου
842 1743 857 1768 ,
896 1705 978 1757 ὅτι
1024 1705 1304 1775 ἄνθρωποι
1339 1705 1557 1775 ἀδελφοὶ
1583 1708 1744 1777 ἡμεῖς
1772 1708 1992 1779 ἐσμεν.»
2048 1707 2568 1780 Ἐμπρησθήσεσθαι
2591 1707 2654 1779 δη
2680 1705 2774 1762 οὖν
2796 1711 3052 1783 ταύτῃτοι
3102 1710 3326 1775 δικαίως
3374 1711 3539 1781 φησὶν

252 1799 449 1870 αὐτὴν,
477 1801 571 1853 καὶ
605 1800 664 1865 ἐξ
697 1802 875 1856 αὐτῶν
922 1802 1453 1876 κατασεισθήσεσθαι
1491 1804 1729 1876 βάθρων.
1772 1804 1847 1860 Τὸ
1883 1807 2008 1879 γὰρ,
2043 1808 2159 1863 Οὐκ
2212 1807 2314 1880 ἔσῃ
2352 1808 2491 1879 μετά
2520 1807 2802 1877 πλειόνων,
2832 1808 2926 1862 ὲπὶ
2949 1809 3150 1873 κακίας
3188 1808 3538 1879 χρησάμενον

256 1896 565 1967 πανταχοῦ.

330 1989 482 2043 Τάδε
518 1991 679 2059 λέγει
712 1991 928 2061 Κύριος
948 2007 960 2020 ·
1006 1992 1133 2046 Ἐπί
1158 1993 1286 2060 ταῖς
1313 1992 1508 2063 τρισίν
1537 1994 1838 2061 ἀσεϐείαις
1869 2003 1912 2058 Β
2012 1993 2175 2047 Vens.
2228 1991 2315 2045 li.

249 2081 362 2152 τῆς
430 2083 788 2153 Ἰδουμαίας,
842 2087 942 2139 καὶ
1000 2086 1097 2140 ἐπὶ
1150 2086 1282 2152 ταῖς
1338 2087 1694 2157 τέσσαρσιν,
1732 2090 1844 2141 οὐκ

250 2177 802 2248 ἀποστραφήσομαι
832 2179 1074 2246 αὐτοὺς,
1104 2179 1310 2233 ἕνεκεν
1344 2180 1452 2235 τοῦ
1486 2177 1845 2244 καταδιῶξαι

250 2269 485 2335 αὐτοὺς
510 2270 584 2322 ἐν
606 2271 871 2339 ῥομφαίᾳ
896 2272 1004 2326 τὸν
1029 2270 1297 2339 ἀδελφὸν
1338 2270 1556 2326 αὐτῶν.

327 2363 401 2414 Ζ’.
445 2361 702 2414 Μέτεισιν
724 2364 752 2415 ὁ
779 2362 934 2431 λόγος
965 2364 1050 2416 ἐπ’
1086 2363 1246 2415 αὐτὸν
1272 2362 1373 2434 ήδη
1407 2362 1497 2415 τὸν
1527 2361 1844 2432 Ἰδουμαῖον,

252 2450 414 2521 δῆλον
443 2451 503 2505 δὲ
536 2452 618 2504 ὅτι
648 2452 775 2514 τοὺς
809 2452 866 2517 ἐξ
898 2451 1094 2507 Ἠσαῦ.
1139 2453 1639 2523 ’Υπενεχθήσεσθαι
1672 2453 1728 2506 δὲ
1752 2453 1846 2505 καὶ

251 2545 459 2606 αὐτοὺς
506 2547 618 2607 τοῖς
649 2543 707 2608 ἐξ
734 2544 904 2615 ὀργῆς
957 2545 1349 2615 συμϐαίνουσιν
1401 2541 1459 2599 εὖ
1508 2545 1651 2615 μάλα
1689 2544 1842 2614 φησί.

252 2636 684 2707 Πεπολεμήκασί
741 2637 849 2707 γὰρ
889 2636 1118 2705 ἀδελφὸν
1162 2637 1292 2691 ὄντα
1334 2636 1427 2691 τὸν
1465 2636 1699 2708 Ἰσραὴλ,
1753 2637 1846 2690 καὶ

253 2730 373 2791 τοῖς
408 2730 579 2795 ἐγγυς
634 2729 729 2781 καὶ
769 2730 827 2792 ἐξ
855 2729 1089 2799 αἵματος
1135 2728 1197 2781 τὺ
1233 2728 1409 2800 θρασὺ
1445 2728 1538 2782 καὶ
1574 2730 1847 2799 ἀνήμερον

254 2820 321 2872 οὐ
347 2820 666 2873 κατέδεισαν
703 2822 1052 2874 ὲπανατεῖναι
1084 2820 1259 2889 ξίφος,
1306 2820 1366 2873 ού
1392 2820 1585 2891 ονόμου
1631 2820 1846 2889 φύσεως

252 2914 705 2983 πεφροντικότες,
763 2912 825 2965 ού
887 2913 1314 2985 πεφροντικότες
1364 2930 1418 2966 τι
1477 2913 1586 2968 τῶν
1634 2913 1846 2984 ἀνθρω-

254 3005 453 3069 πίνων,
500 3004 637 3058 ἀλλὰ
684 3006 811 3068 τοὺς
844 3004 949 3071 ἔξω
1009 3005 1105 3057 καὶ
1138 3004 1579 3075 πολεμιωτάτους
1616 3008 1735 3068 ταῖς
1768 3004 1847 3069 είς

252 3096 520 3166 ἀδελφοὺς
554 3098 894 3168 δυσμενείαις
923 3099 1080 3169 νικᾷν
1106 3098 1421 3168 εἰθισμένοι,
1463 3096 1559 3150 καὶ
1585 3114 1851 3169 πεφρονη-

254 3191 417 3253 κότες
451 3206 553 3242 που
583 3189 726 3260 τάχα
755 3190 848 3243 καὶ
869 3190 962 3243 ἐπὶ
999 3190 1175 3259 τούτῳ
1203 3190 1363 3260 μέγα.
1396 3188 1605 3242 Οὐκοῦν
1632 3191 1849 3243 ἀκουόν-

252 3298 369 3334 των
400 3280 657 3352 καὶπρὸς
687 3283 863 3353 ἡμῶν
904 3299 922 3332 ι
947 3282 1013 3335 Τί
1057 3281 1305 3351 ἐγκαυχᾷ
1329 3282 1387 3332 ὲν
1413 3282 1642 3350 κακίᾳ,ὁ
1683 3281 1845 3334 δυνα-

2397 1989 2523 2045 lites
2580 1991 2707 2044 dicit
2758 1988 3054 2045 Dommus:
3129 1991 3299 2059 Super
3368 1992 3537 2046 tribus

1948 2082 2297 2150 impietatibus
2333 2079 2609 2143 Idumam,
2648 2092 2698 2135 et
2731 2097 2886 2150 super
2918 2091 3147 2152 quatuor
3184 2098 3286 2136 non
3315 2099 3531 2138 conver-

1950 2185 2057 2228 tam
2087 2190 2194 2239 eos,
2254 2191 2312 2230 eo
2362 2175 2501 2246 quod
2547 2176 2802 2243 persecuti
2855 2184 2973 2228 sunt
3007 2174 3061 2227 in
3094 2174 3272 2243 gladio
3316 2175 3532 2243 fratrem

1946 2282 2119 2319 suurn.

2023 2358 2128 2411 \‘ll.
2166 2357 2317 2412 Nunc
2357 2372 2536 2412 sermo
2562 2360 2627 2414 ad
2658 2358 2826 2428 ipsam
2862 2358 3148 2412 ldnmazam
3193 2359 3422 2425 transit,
3450 2360 3529 2411 ni-

1948 2450 2145 2504 mirum
2191 2452 2255 2504 ad
2284 2451 2421 2504 Esau
2452 2458 2716 2520 posteros.
2760 2451 2867 2505 Eos
2899 2465 3114 2521 quoque
3141 2451 3420 2520 suppliciis
3459 2465 3525 2503 ex

1948 2542 2025 2595 ira
2052 2540 2233 2595 divina
2283 2540 2587 2610 infligendis
2639 2540 2938 2608 subjectum
2969 2541 3034 2594 iri
3062 2539 3338 2610 praedicat.
3398 2540 3531 2594 Fra-

1957 2643 2065 2685 tres
2097 2632 2239 2686 enim
2270 2648 2399 2686 suos
2434 2632 2704 2688 lsraelitas
2731 2643 3131 2701 oppugnarunt,
3170 2632 3519 2701 propinquis--

1948 2737 2053 2791 que
2105 2730 2157 2777 et
2218 2725 2479 2794 sanguine
2537 2723 2842 2792 conjunctis
2895 2723 3133 2794 gladium
3169 2725 3427 2779 audacem
3477 2732 3532 2777 et

1949 2813 2220 2869 crudelem
2278 2815 2547 2869 intentare
2583 2830 2687 2869 non
2746 2814 3188 2887 reformidat-unt.
3224 2817 3388 2887 330
3424 2831 3529 2870 non

1950 2915 2154 2961 naturte
2208 2907 2399 2976 legem,
2430 2922 2535 2961 non
2573 2907 2696 2976 jura
2750 2881 3385 2971 hnmanitatis'reveriti,
3437 2910 3530 2961 sed

1949 3007 2232 3053 exteroset
2253 2998 2645 3053 infensissintos
2663 3000 2801 3053 odiis
2829 3000 3041 3054 vincere
3064 2999 3228 3064 soliti,
3254 3009 3309 3053 et
3338 3001 3407 3052 ob
3432 3002 3531 3053 line

1951 3090 2117 3144 etiam
2156 3090 2336 3143 forsan
2372 3092 2593 3159 spiritus
2614 3106 2836 3161 magnos
2864 3103 3134 3160 gerentes.
3168 3092 3404 3145 Audiant
3434 3093 3532 3159 igi-

1953 3191 2039 3235 tur
2071 3196 2099 3235 a
2121 3182 2309 3236 nobis:
2335 3200 2352 3233 ι
2394 3182 2529 3247 Quid
2560 3183 2824 3251 gloriaris,
2859 3192 3049 3250 potens
3096 3184 3146 3236 in
3180 3183 3479 3237 malitia“?
3508 3203 3526 3234 ι

1948 3272 2025 3322 Ac
2062 3272 2128 3323 de
2179 3271 2246 3324 iis
2294 3271 2573 3338 aptissime
2632 3272 2877 3323 dicatur:
2906 3289 2923 3320 ι
2961 3271 3200 3335 Quorum
3261 3269 3428 3337 gloria
3478 3272 3529 3322 in

252 3375 381 3439 τός;
408 3392 428 3425 ι
484 3374 594 3427 Καὶ
620 3374 750 3445 περὶ
782 3374 963 3427 αὐτῶν
1000 3375 1067 3427 ἂν
1098 3372 1328 3441 λέγοιτο,
1369 3372 1464 3425 καὶ
1494 3360 1658 3442 μάλα
1704 3372 1840 3424 εἱκὸ-
1871 3371 1875 3398 ⁴

1958 3361 2259 3417 :oufuleue
2287 3362 2524 3429 ipsorum
2552 3360 2652 3413 ".i
2683 3359 2815 3425 Quae
2838 3360 2978 3413 enim
3024 3359 3370 3425 prestitisset
3394 3361 3531 3413 velle

252 3476 390 3529 τως·
426 3485 445 3516 ‹
476 3460 632 3537 Ὧνὴ
661 3464 788 3531 δόξα
813 3466 871 3517 ἐν
906 3467 971 3536 τῇ
996 3464 1227 3535 αἰσχύνη
1256 3461 1455 3516 αὐτῶν.
1484 3480 1502 3514 ι
1553 3465 1619 3515 ’Ἃ
1641 3463 1747 3533 γὰρ
1776 3456 1845 3531 ἦν

255 3560 488 3631 ἄμεινον
536 3561 614 3623 ὡς
664 3560 923 3614 ἀποτὰτω
984 3558 1258 3612 ποιεῖσθαι
1324 3556 1521 3625 φιλεῖν,
1572 3556 1730 3608 ταυτὶ
1780 3554 1844 3623 δὴ

259 3652 524 3724 παγκάλῃ
551 3652 822 3723 τιμῶντες
847 3651 1036 3722 ψήφῳ,
1070 3650 1231 3703 πάλιν
1262 3649 1611 3702 ἀκούσονταιο
1664 3665 1680 3697 ι
1713 3646 1847 3699 Οὐαὶ

255 3745 311 3797 οἱ
340 3744 591 3810 λέγοντες
608 3746 669 3797 τὸ
698 3746 934 3815 πονηρὸν
970 3744 1151 3807 καλὸν,
1184 3762 1201 3795 ι
1233 3743 1326 3795 καὶ
1349 3740 1495 3811 ἑξῆς.

329 3835 444 3887 Καὶ
479 3835 819 3903 ἐλυμήνατο
844 3834 1082 3904 μήτραν
1106 3833 1202 3886 ἐπὶ
1227 3833 1339 3901 τῆς
1375 3829 1506 3901 γῆς.

335 3927 421 3979 li'.
487 3927 907 3998 Ἀπαριθμεῖται
966 3926 1257 3997 χρησίμως
1317 3923 1385 3976 τὰ
1422 3921 1531 3976 τῶν
1582 3920 1848 3975 Ἰουδαίων

264 4019 613 4088 ἐγκλήματα,
640 4020 735 4070 καὶ
755 4018 840 4071 ἐπ’
870 4017 1032 4070 αὑτὸν
1054 4017 1237 4086 ἀνίησι
1259 4013 1349 4067 τὸν
1364 4012 1556 4076 Ἠσαῦ,
1573 4012 1848 4079 δυσγενεῖς

262 4113 429 4175 ὄντας
480 4113 572 4164 καὶ
599 4110 659 4176 ἐξ
685 4109 900 4164 ἀνοσίου
936 4108 1138 4176 φύντας
1168 4106 1373 4178 πατρὸς
1411 4104 1749 4172 ἀποφαίνων,
1783 4103 1847 4154 ἵν’

262 4205 441 4258 ἐκεῖνό
470 4221 571 4256 που
602 4204 743 4273 τάχα
777 4203 1010 4272 νοῶμεν,
1040 4200 1102 4253 τὸ
1124 4200 1213 4253 διὰ
1243 4198 1429 4269 φωνῆς
1456 4197 1680 4278 Ἡσαΐου
1714 4196 1850 4248 πλα-

263 4298 399 4365 γίως
454 4296 907 4368 ὑποδηλούμενονο
965 4312 984 4344 ι
1024 4292 1121 4345 Ἐκ
1162 4292 1271 4361 γὰρ
1312 4289 1626 4359 σπέρματος
1672 4286 1849 4355 ὄφεων

263 4391 643 4457 ἐξελεύσονται
674 4390 888 4457 ἔγγονοι
928 4386 1197 4439 ἀσπίδων.
1230 4403 1249 4435 ι
1302 4384 1619 4454 Ἀφηγεῖται
1645 4380 1710 4450 δὴ
1734 4375 1848 4443 οὖν,

262 4483 343 4535 δτι
389 4482 487 4534 καὶ
523 4481 552 4532 ὁ
595 4479 895 4550 προπάτωρ
926 4477 1109 4539 αὐτοῖς
1132 4473 1372 4543 γεγονὼς
1421 4472 1591 4525 Ἡσαῦ
1639 4473 1752 4534 τοῖς
1785 4473 1851 4525 ὲκ

266 4575 486 4643 μήτρας
534 4571 631 4624 καὶ
662 4572 930 4638 γενέσεως
973 4567 1199 4636 ἀγαθοῖς
1250 4563 1671 4635 προσγεγονόσιν
1699 4560 1851 4631 αὐτῷ

264 4665 554 4736 μονονουχὶ
582 4666 673 4717 καὶ
699 4663 1081 4733 διελυμήνατο,
1119 4660 1214 4713 καὶ
1255 4655 1584 4729 κατέρριψεν
1626 4657 1706 4718 εἰς
1744 4654 1849 4723 γῆν

1952 3463 2154 3508 remota
2183 3467 2341 3522 quam
2373 3452 2703 3521 longissime,
2731 3452 2843 3506 haec
2859 3452 3249 3506 honestissimo
3274 3452 3531 3519 sull‘ragin

1953 3545 2297 3609 honorantes,
2330 3545 2507 3597 denuo
2535 3545 2787 3598 audient:
2819 3562 2837 3595 ι
2871 3542 2961 3597 Vae
2991 3543 3081 3613 qui
3119 3543 3297 3599 dicitis
3332 3545 3528 3599 malum

1953 3636 2150 3690 bonum
2182 3636 2251 3698 ’⁸,
2281 3653 2297 3685 ι
2342 3643 2397 3688 et
2426 3636 2633 3704 reliqua
2658 3635 2936 3704 deinceps.

2026 3811 2094 3867 Et
2130 3813 2338 3868 violavit
2373 3814 2575 3869 vulvam
2601 3816 2654 3868 in
2690 3825 2851 3870 terra.

2031 3904 2158 3960 Vlll.
2205 3904 2422 3961 Utiliter
2446 3905 2751 3961 .lndteorum
2797 3910 3003 3961 scelera
3055 3917 3318 3972 recenset,
3361 3916 3533 3979 eaque

1958 3999 2025 4052 ad
2066 3999 2238 4068 ipsum
2279 3997 2417 4051 Esau
2456 3999 2639 4062 refert,
2669 4000 3026 4066 pronuntians
3068 4000 3350 4070 ignobiles,
3382 4011 3436 4055 et
3463 4018 3531 4054 ex

1955 4099 2111 4160 patre
2141 4090 2305 4159 impio
2335 4092 2671 4159 progenitos,
2707 4102 2764 4143 ut
2793 4090 2923 4144 illud
2952 4090 3092 4144 forte
3143 4091 3527 4162 intelligamus,

1955 4183 2098 4251 quod
2131 4196 2226 4249 per
2259 4182 2408 4234 lsaite
2438 4195 2620 4235 vocem
2642 4180 2945 4233 insinuatur
2970 4198 2983 4232 :
3004 4198 3024 4232 ι
3057 4180 3131 4234 Ex
3158 4182 3364 4235 semine
3387 4185 3531 4235 enim

1958 4256 2269 4343 serpentum
2331 4271 2558 4325 exsistet
2615 4270 2899 4340 progenies
2984 4272 3285 4340 aspidum.»
3333 4272 3533 4327 Narrat

1960 4366 2143 4435 igitur,
2161 4363 2323 4418 etiam
2358 4363 2588 4432 primum
2615 4372 2891 4432 parentem
2915 4373 3261 4417 etauctorem
3293 4364 3533 4433 ipsorum

1958 4459 2096 4514 bona
2132 4457 2200 4510 ab
2233 4466 2386 4511 utero
2426 4466 2672 4510 materno
2701 4465 2755 4510 et
2780 4456 2893 4524 ipso
2923 4466 3045 4510 ortu
3073 4455 3174 4510 sibi
3199 4467 3390 4525 agnata
3419 4469 3533 4511 tan-

1962 4560 2070 4605 tum
2107 4566 2214 4603 non
2240 4549 2570 4619 corrupisse,
2600 4559 2656 4603 et
2688 4547 2741 4601 in
2781 4558 2978 4601 terram
3022 4549 3315 4617 projeeisse
3359 4549 3532 4617 digni-

1962 4650 2125 4695 tatem
2167 4641 2620 4709 primogenitum,
2652 4639 2856 4692 minimi
2887 4652 2997 4692 retn
3054 4640 3361 4702 facientem,
3410 4656 3536 4708 pro-

259 4758 323 4809 τὸ
350 4759 417 4809 ἐκ
448 4756 556 4808 τῶν
596 4756 955 4826 πρωτοτόκων
1005 4752 1227 4821 ἀξίωμα
1251 4788 1266 4813 ,
1315 4747 1514 4821 μικροῦ
1571 4745 1848 4808 παντελῶς

1958 4740 2076 4800 pter
2126 4743 2445 4799 corpoream
2496 4730 2847 4798 voluptatem.
2889 4729 3134 4783 Edulium
3187 4731 3330 4783 enim
3378 4729 3538 4783 lentis

262 4848 508 4913 ἀξιώσας
541 4847 600 4898 τὸ
638 4846 825 4916 χρῆμα
860 4845 1019 4912 λόγου
1046 4846 1257 4913 τρυφῆς
1283 4840 1446 4893 ἕνεκα
1488 4836 1811 4909 σωματικῆς
1832 4851 1843 4864 ⁸

265 4938 457 5007 ἕψημα
491 4937 601 5005 γὰρ
631 4934 811 5005 ἐζήτει
843 4932 1042 5003 φακοῦ,
1089 4933 1186 4985 καὶ
1216 4929 1398 4983 λαϐὼν
1447 4928 1617 4981 ἐδίδου
1657 4927 1717 4979 τὸ
1753 4926 1851 4994 τῆς

268 5030 486 5098 φύσεως
531 5029 723 5098 δῶρον.
781 5047 798 5078 ι
823 5029 1029 5081 Ἕνεκα
1054 5025 1269 5084 τούτου,
1306 5024 1491 5094 φησὶν,
1520 5020 1725 5090 ἐκλήθη
1782 5018 1841 5071 τὸ

265 5124 441 5192 ὄνομα
486 5120 651 5175 αὑτοῦ
702 5119 953 5191 Ἑδώμοι
1011 5120 1155 5183 ὅθεν,
1206 5113 1382 5187 οἶμαι,
1418 5115 1511 5168 καὶ
1565 5113 1855 5182 Ἰδουμαῖοι

266 5216 565 5286 κέκληνται
612 5215 798 5268 λοιπὸν
856 5214 906 5265 οἱ
960 5212 1018 5279 ἐξ
1065 5211 1231 5265 αὐτοῦ
1285 5207 1588 5278 γεγονότες.
1646 5202 1856 5258 Οὐκοῦν

266 5310 332 5363 τὸ
367 5310 431 5362 ὲκ
472 5308 567 5361 τοῦ
613 5307 774 5360 τόκου
844 5305 942 5359 και
1001 5306 1215 5375 μήτρας
1265 5301 1484 5371 ἀξίωμα
1545 5296 1853 5366 κατελυμή-

268 5418 399 5456 νατο
447 5401 636 5471 φησὶν,
666 5400 747 5463 είς
801 5398 928 5467 γῆν,
962 5397 1085 5450 ἀντὶ
1127 5394 1244 5458 τοῦ,
1291 5391 1481 5462 γηΐνου
1531 5389 1854 5459 πράγματος

266 5492 558 5565 ἠλλάξατο.

339 5675 387 5708 ⁸³
417 5671 554 5727 Gen.
585 5686 703 5738 xm,
744 5669 796 5724 8.
874 5670 917 5701 ’³
950 5666 1091 5721 Psal.
1134 5679 1212 5729 ιι,
1251 5662 1303 5715 5.

1951 4823 2232 4891 ηιιωεὶνίιι
2282 4837 2389 4891 quo
2443 4829 2702 4888 accepto,
2751 4821 2897 4873 dedit
2956 4820 3253 4874 nativitatis
3313 4822 3535 4875 donum.

1962 4934 1981 4966 ι
2031 4914 2259 4984 Propter
2328 4914 2449 4979 hoc,
2504 4912 2696 4981 inquit,
2756 4920 3004 4965 vocatum
3062 4920 3147 4963 est
3192 4926 3386 4966 nomen
3421 4911 3540 4980 ejus

1958 5008 2125 5064 Edoni
2145 5011 2210 5063 ".
2240 5030 2257 5060 ι
2292 5008 2445 5063 Unde
2475 5009 2709 5061 arbitror
2738 5016 2791 5060 et
2818 5005 3078 5058 ldumazos
3108 5012 3294 5072 postea
3329 5018 3395 5057 ex
3424 5005 3541 5074 ipso

1959 5101 2285 5156 nominatos.
2319 5100 2570 5161 Violavit,
2602 5097 2794 5165 inquit,
2815 5095 3149 5168 dignitatem,
3173 5109 3333 5165 quam
3360 5109 3390 5149 e
3416 5110 3541 5163 par-

1961 5198 2015 5241 tu
2036 5197 2089 5240 et
2120 5196 2300 5241 ventre
2331 5196 2574 5239 materno
2598 5197 2922 5241 consecutus
2945 5194 3083 5250 erat,
3100 5184 3150 5239 in
3178 5194 3345 5251 terra,
3363 5198 3461 5254 pro
3483 5198 3542 5238 re

1966 5292 2175 5337 terrena
2204 5286 2507 5334 connnutav
2521 5278 2579 5332 it.

1381 5659 1425 5691 ’⁵
1459 5657 1689 5728 Philipp.
1729 5671 1811 5723 tit,
1860 5654 1937 5710 l9.
2018 5650 2062 5685 "
2100 5649 2202 5706 lsa.
2240 5664 2292 5717 v,
2333 5648 2424 5704 ΞΟ.
2503 5648 2547 5677 ’θ
2583 5646 2719 5703 Gen.
2761 5661 2887 5713 xxv,
2931 5646 3018 5701 '50.
