3948 6208
384 194 481 255 ιδι

454 311 627 367 Simili
694 311 898 365 scelere
955 309 1197 365 obstricti
1255 317 1542 376 tenentur,
1580 308 1669 379 qui
1717 307 1959 361 carnales
1989 314 2035 371 Α

381 402 769 457 oblectationes
808 399 1174 469 spiritualibns
1209 407 1567 468 anteponunt,
1613 407 1956 467 tcmporanea

382 511 491 565 prre
523 493 740 548 aeternis
766 491 990 560 eligunt,
1033 499 1085 545 et
1106 488 1245 544 fluxa
1276 506 1375 559 pro
1401 490 1706 545 stabilibus.
1740 489 1804 543 Et
1851 488 1960 557 glo-

382 587 515 640 riam
582 598 702 654 qua:
732 598 762 637 a
800 582 907 636 Deo
941 590 1025 636 est
1058 592 1487 647 contemnentes,
1519 596 1637 650 quae
1673 580 1811 649 apud
1864 580 1960 633 lio-

380 676 552 730 mines
587 675 761 744 magni
798 674 953 741 liunt,
1004 671 1448 740 insipientissime
1503 669 1811 740 praeferunt,
1842 683 1959 738 quae

380 779 439 823 ut
476 770 681 823 umbra:
707 766 967 821 habentes
1009 773 1359 836 praetereunt.
1385 764 1529 819 Bene
1574 756 1866 819 admodum
1904 771 1958 816 et

379 858 595 912 divinus
623 856 857 911 Paulus:
886 873 905 907 ι
944 854 1021 908 Ne
1070 854 1191 924 quis
1224 853 1516 908 fornicator
1548 861 1637 906 aut
1682 850 1955 922 profanus,

381 935 575 1017 inquit,
611 957 667 1001 ut
694 948 858 1014 Esau,
886 947 977 1018 qni
1007 960 1103 1017 pro
1136 961 1240 1001 una
1258 960 1381 1002 esca
1408 943 1651 1001 vendidit
1681 944 1954 1014 primoge-

376 1042 489 1095 nita
523 1056 617 1097 sua
647 1042 748 1096 ³⁷.»

449 1221 517 1275 Et
571 1222 744 1290 rapuit
778 1220 832 1274 in
863 1218 1216 1274 testimonium
1256 1218 1525 1270 horrorem
1565 1231 1741 1271 suum.

436 1312 538 1365 1X.
571 1311 807 1366 Alterius
831 1311 1005 1364 adhuc
1033 1310 1158 1363 facti
1187 1306 1455 1371 meminit,
1476 1304 1793 1360 insimulans
1822 1319 1955 1373 qua.

378 1408 421 1461 si
461 1405 772 1468 ldumacum,
805 1411 865 1459 ut
906 1403 994 1471 qui
1031 1414 1244 1470 semper
1288 1398 1448 1452 fuerit
1486 1396 1712 1452 stolidus
1748 1404 1802 1449 et
1850 1396 1954 1449 im-

377 1496 601 1567 probus,
641 1503 695 1547 et
728 1491 1146 1561 consanguineis
1169 1490 1330 1545 etiam
1384 1497 1543 1558 atque
1576 1487 1736 1541 etiam
1783 1487 1954 1542 maleo

377 1590 527 1646 volus
567 1598 728 1659 atque
756 1586 1174 1641 infestissimus.
1211 1583 1399 1638 Exstat
1428 1583 1589 1653 igitur
1619 1581 1671 1636 in
1706 1579 1956 1636 Numeris

1410 196 1468 251 S.
1510 192 1792 248 CYRILLI
1833 190 2304 246 ALEXANDRlNl
2343 190 2664 246 ARCHIEP.

3539 189 3633 253 632

2147 303 2480 375 Ἐνσχεθεῖεν
2529 304 2574 357 δ’
2614 306 2681 358 ἂν
2713 305 2824 368 τοῖς
2870 305 3002 369 ἴσοις
3048 304 3390 376 ἐγκλήμασιν
3432 308 3483 358 οἱ
3532 308 3635 362 τῶν

2059 396 2339 467 σαρκικῶν
2371 396 2470 467 τὴν
2494 397 2794 451 ἀπόλαυσιν
2817 399 3208 470 προτάττοντες
3246 399 3356 453 τῶν
3400 417 3633 471 πνευμα-

2057 488 2245 549 τικῶν,
2265 490 2361 542 καὶ
2385 489 2644 560 ἀνθαιρού
2654 503 2806 559 μενοι
2822 491 2932 544 τῶν
2955 492 3188 546 αἰωνίων
3214 492 3283 546 τά
3307 493 3635 567 πρόσκαιρα,

2059 582 2153 635 καὶ
2180 579 2288 633 τῶν
2324 581 2397 652 μὴ
2441 582 2820 653 σαλευομένων
2850 584 2917 637 τά
2948 584 3304 654 σαλευόμενα.
3337 586 3446 639 Καὶ
3477 604 3637 641 κατα-

2058 674 2381 745 φρονοῦντες
2415 674 2511 744 μὲν
2539 673 2698 743 δόξης
2718 673 2818 744 τῆς
2849 673 3000 746 παρὰ
3026 674 3183 738 Θεοῦ,
3219 675 3554 730 ἀϐουλότατά
3582 694 3637 731 τε

2059 764 2525 837 προτετιμηκότες
2559 765 2626 818 τὰ
2663 766 2721 817 ὲν
2760 765 3069 836 ἀνθρώποις
3101 766 3350 837 λαμπρὰ,
3389 767 3426 820 ἀ
3460 768 3553 821 καὶ
3584 770 3639 821 ὲν

2060 855 2159 926 ἴσῳ
2196 856 2376 917 σκιαῖς
2402 853 2737 925 παρελαύνει
2776 855 2905 918 τοὺς
2948 853 3195 925 ἔχοντας.
3241 856 3546 926 Χρησίμως
3586 856 3640 910 δὲ

2056 946 2176 999 λίαν
2206 945 2300 999 καὶ
2328 946 2356 998 ό
2390 944 2679 1009 θεσπέσιος
2709 945 2948 1009 Παῦλος,
2990 964 3009 998 ‹
3032 947 3123 1017 Μή
3158 963 3243 1009 τις
3283 946 3500 1017 πόρνος,
3536 965 3638 1017 φη-

2059 1035 2221 1106 σὶν,ἢ
2255 1035 2481 1108 βέϐηλος
2508 1034 2790 1100 ὼςἭσαῦ,
2817 1035 2877 1099 ὃς
2918 1035 3039 1090 ἀντὶ
3086 1035 3340 1110 βρώσεως
3375 1039 3502 1108 μιᾶς
3538 1040 3640 1092 am-

2056 1129 2205 1182 έδοτο
2234 1129 2303 1183 τά
2326 1128 2647 1200 πρωτότοκα
2676 1127 2862 1182 αὐτοῦ.
2880 1152 2897 1185 ι

2131 1221 2241 1275 Καὶ
2278 1220 2561 1290 ἣρπασεν
2593 1221 3041 1292 είςσμαρτύριον
3076 1222 3298 1291 φρίκην
3324 1223 3533 1277 αὐτοῦ.

2126 1315 2204 1369 8'.
2251 1312 2477 1385 Ἐτέρας
2506 1313 2672 1368 πάλιν
2702 1312 3072 1385 διαμέμνηται
3104 1314 3379 1387 πράξεως,
3423 1316 3638 1370 διαϐάλ-

2059 1406 2170 1459 λων
2200 1400 2310 1459 οἴον
2353 1406 2444 1459 τὸν
2483 1406 2800 1475 ’ῐδουμαῖον,
2824 1405 2901 1469 ὼς
2940 1407 3027 1459 ἀεὶ
3065 1406 3325 1474 γεγονότα
3364 1408 3553 1462 σκαιόν
3586 1425 3642 1461 τε

2056 1495 2151 1549 καὶ
2192 1494 2448 1566 πονηρὸν,
2473 1495 2567 1548 καὶ
2602 1497 2712 1559 τοῖς
2742 1496 2802 1560 ἐξ
2837 1495 3069 1565 αἵματος
3112 1496 3194 1548 ὅτι
3238 1495 3476 1565 μάλιστα
3514 1496 3642 1549 δυσ-

2060 1586 2194 1656 μενῆ
2253 1586 2349 1640 καὶ
2390 1584 2815 1656 πολεμιώτατον.
2860 1586 3173 1659 Γέγραπται
3212 1586 3391 1640 τοίνυν
3430 1588 3490 1641 ὲν
3533 1591 3644 1652 τοῖς

374 1682 529 1737 sic”
568 1680 635 1736 Et
684 1678 832 1735 misit
861 1677 1073 1749 Moyses
1110 1675 1326 1731 nuntios
1347 1690 1412 1729 ex
1446 1674 1619 1730 Cades
1664 1673 1729 1727 ad
1775 1686 1953 1743 regem

2072 1676 2221 1749 ’Λριθ
2232 1680 2371 1747 μοῖς·
2385 1695 2403 1729 t
2418 1679 2526 1731 Kal
2550 1678 2836 1731 ἀπέστειλε
2862 1678 3067 1750 Μωσῆς
3100 1678 3365 1748 ἀγγέλους
3380 1679 3445 1732 ὲκ
3458 1680 3643 1750 Κάδης

375 1771 567 1836 Edom,
610 1768 970 1825 dicenszllzec
994 1766 1157 1837 .261
1195 1766 1327 1821 dicit
1362 1765 1529 1821 frater
1569 1774 1692 1821 tuus
1737 1764 1900 1820 Israel
1932 1782 1945 1819 :

374 1864 452 1917 'l‘u
493 1862 600 1918 scis
628 1874 840 1915 omnem
879 1858 1117 1915 laborem
1145 1858 1237 1926 qui
1266 1856 1470 1911 invenit
1494 1870 1612 1913 nos.
1640 1856 1707 1911 Et
1729 1857 1953 1911 descen-

372 1956 567 2008 derunt
589 1960 771 2022 patres
804 1949 975 2006 nostri
1006 1949 1057 2003 in
1083 1948 1400 2041 Egyptpm,
1427 1962 1481 2003 et
1508 1947 1869 2003 habitavimus
1894 1948 1949 2000 in

370 2043 605 2115 Egypto
641 2044 756 2097 dies
803 2041 1004 2111 plures,
1034 2048 1088 2095 et
1117 2036 1421 2094 amixe—runt
1472 2053 1571 2092 nos
1620 2036 1857 2108 Egyptii
1897 2048 1953 2093 et

370 2147 553 2205 patres
577 2144 812 2199 nostros,
844 2140 899 2188 et
922 2130 1276 2186 clamavimus
1305 2132 1371 2185 ad
1407 2131 1712 2195 Dominum,
1737 2139 1790 2184 et
1816 2129 1950 2184 edu-

373 2227 450 2281 xit
479 2240 598 2293 nos,
615 2233 670 2280 et
694 2238 835 2279 nunc
862 2223 1255 2292 praeteribimus
1281 2237 1377 2293 per
1410 2231 1605 2276 terram
1633 2232 1800 2275 tuam.
1833 2220 1951 2276 Non

374 2319 724 2375 transibimus
749 2329 844 2386 per
894 2330 1073 2386 agros,
1108 2328 1285 2384 neque
1306 2328 1401 2384 per
1425 2315 1633 2379 vineas,
1664 2326 1837 2381 neque
1868 2313 1951 2366 bi-

372 2412 559 2464 bemus
600 2423 794 2478 aquam
828 2421 859 2461 e
888 2406 1006 2461 lacu
1065 2414 1178 2460 tuo.
1220 2405 1285 2459 Et
1314 2404 1447 2459 dixit
1484 2405 1549 2458 ad
1583 2419 1704 2458 eum
1741 2404 1902 2458 Edom
1935 2422 1948 2458 :

370 2499 486 2555 Non
539 2496 792 2554 transibis
825 2510 923 2566 per
968 2509 1073 2561 me,
1126 2494 1327 2564 alioqui
1370 2503 1610 2548 armatus
1668 2506 1950 2547 occurram

370 2588 490 2643 tibi.
519 2587 585 2641 Et
606 2587 738 2644 exiit
772 2587 823 2641 in
857 2585 1013 2639 turba
1039 2585 1213 2651 gravi.
1252 2582 1320 2637 Et
1351 2582 1642 2638 declinavit
1674 2581 1839 2636 Israel
1879 2583 1946 2637 ab

364 2696 433 2737 eo
468 2681 568 2735 ἐ.»
600 2678 835 2734 Rursum
870 2678 956 2733 bis
984 2676 1164 2732 verbis
1188 2689 1441 2746 expressa
1474 2675 1685 2729 intuere
1723 2675 1949 2739 atrocia,

361 2783 422 2829 et
448 2787 607 2841 supra
624 2786 784 2841 quam
811 2770 912 2825 dici
940 2778 1112 2839 potest
1146 2767 1551 2823 inliumanitatis
1582 2767 1736 2835 plena
1770 2767 1953 2822 crimi-

367 2880 456 2918 na.
501 2864 668 2918 lsrael
703 2878 807 2917 non
862 2862 1076 2930 petebat
1112 2876 1304 2930 aquam
1325 2860 1391 2913 ab
1426 2859 1590 2913 Edom
1637 2859 1826 2930 gratis.
1852 2860 1952 2914 Ast

369 2954 479 3020 ille,
512 2954 685 3007 armis
716 2953 962 3020 sumptis,
990 2952 1159 3005 aciem
1212 2961 1394 3005 contra
1431 2964 1525 3005 eos
1572 2950 1865 3021 dirigebat,
1897 2959 1951 3005 et

2062 1768 2198 1840 πρὸς
2230 1769 2323 1822 τὸν
2355 1768 2579 1838 βασιλέα
2624 1768 2817 1841 Ἐδὼμ,
2851 1769 3044 1839 λέγων’
3079 1770 3217 1824 Τάδε
3250 1770 3397 1840 λέγει
3422 1774 3453 1825 ό
3490 1773 3645 1826 ἀδελ-

2060 1860 2158 1928 φός
2201 1877 2295 1912 σου
2340 1860 2589 1933 Ἰσραήλ⁶
2627 1862 2698 1914 Σὺ
2737 1861 2934 1933 ἐπίστῃ
2979 1862 3071 1915 ἐπὶ
3111 1863 3290 1916 πάντα
3319 1863 3411 1917 τὸν
3440 1865 3645 1935 μόχθον

2058 1948 2149 2001 τὸν
2175 1948 2403 2019 εὑρόντα
2443 1952 2475 2020 ἡ
2487 1951 2613 2021 μᾶς.
2647 1950 2756 2005 Kal
2782 1950 3091 2020 κατέϐησαν
3118 1953 3166 2004 οί
3203 1952 3440 2025 πατέρες
3487 1955 3646 2025 ἡμῶν

2059 2037 2140 2101 είς
2170 2038 2468 2107 Αἴγυπτον,
2498 2042 2592 2094 καὶ
2620 2041 3035 2113 παρῳκήσαμεν
3070 2042 3128 2096 ὲν
3149 2043 3407 2114 Αἰγύπτῳ
3428 2045 3648 2117 ἡμέρας

2059 2130 2295 2195 πλείους.
2329 2133 2439 2187 Kal
2466 2134 2755 2189 ἐκάκωσαν
2787 2137 2935 2206 ἡμᾶς
2963 2136 3012 2189 οί
3037 2135 3325 2205 Αἰγύπτιοι
3372 2138 3469 2191 καὶ
3516 2140 3646 2201 τοὺς

2058 2223 2303 2294 πατέρας
2334 2224 2510 2296 ἡμῶν.
2548 2225 2656 2279 Kal
2686 2226 3063 2298 ἀνεὸοήσαμεν
3098 2226 3234 2299 πρὸς
3270 2227 3495 2297 Κύριον,
3552 2231 3648 2283 καὶ

2060 2312 2336 2385 ἐξήγαγεν
2362 2316 2530 2385 ἡμᾶς.
2566 2317 2678 2371 Kal
2696 2316 2791 2371 νῦν
2819 2317 3269 2389 παρελευσόμεθα
3292 2319 3380 2372 διὰ
3409 2320 3511 2391 τῆς
3542 2321 3647 2390 γῆς

2061 2423 2175 2460 σου.
2213 2408 2288 2461 Οὐ
2320 2408 2703 2480 διελευσόμεθα
2722 2409 2790 2464 δι’
2814 2409 3019 2481 ἀγρῶν,
3044 2410 3166 2464 οὐδὲ
3187 2410 3254 2464 δι’
3277 2411 3645 2481 ἀμπελώνων,

2058 2496 2179 2551 οὐδὲ
2208 2499 2451 2569 πιόμεθα
2477 2498 2621 2571 ὕδωρ
2655 2501 2720 2553 ὲκ
2752 2500 2955 2554 λάκκου
3001 2516 3116 2554 σου.
3164 2501 3275 2554 Kal
3308 2497 3461 2556 εἶπεν
3489 2504 3649 2573 αὐτῷ

2072 2590 2267 2662 Ἐδὼμ·
2301 2593 2374 2645 Οὐ
2419 2592 2664 2664 διελεόσῃ
2705 2594 2774 2648 δι’
2805 2592 2965 2666 ἐμοῦ,
3018 2595 3067 2648 εί
3103 2594 3160 2648 δὲ
3192 2594 3290 2666 μὴ,
3329 2595 3388 2649 ὲν
3418 2595 3649 2668 πολέμῳ

2058 2682 2412 2755 ἐξελεύσομαι
2468 2686 2550 2750 είς
2601 2686 2924 2757 συνάντησίν
2983 2703 3100 2739 σου.
3161 2686 3272 2740 Καὶ
3316 2683 3548 2758 ἐξῆλθεν
3590 2690 3648 2741 ὲν

2057 2772 2201 2844 ὄχλῳ
2231 2773 2407 2846 βαρεῖ.
2473 2775 2534 2829 ’0
2589 2776 2647 2830 δὲ
2701 2777 2919 2848 Ἰσραὴλ
2946 2777 3217 2845 ἐξέκλινεν
3262 2778 3356 2832 ἀπ’
3395 2779 3595 2834 αὑτοῦ.
3622 2798 3643 2832 ι

2061 2864 2254 2937 Ἀθρει
2297 2866 2361 2938 δὴ
2410 2866 2574 2921 πάλιν
2630 2868 2689 2921 ἐν
2734 2870 2966 2936 τούτοις,
3013 2869 3089 2935 ὡς
3135 2869 3283 2924 δεινά
3353 2871 3450 2924 καὶ
3492 2872 3649 2942 πέρα

2057 2956 2217 3026 λόγου
2261 2960 2463 3024 παντὸς
2504 2961 2574 3014 τὰ
2610 2960 2711 3031 τῆς
2748 2961 3168 3034 ἀφιλοστοργίας
3194 2964 3547 3037 ἐγκλήματα.
3589 2968 3649 3021 Ὁ

368 3047 540 3103 solum
578 3047 863 3101 transitum
912 3045 1157 3113 improbe
1188 3043 1478 3109 invidebat,
1518 3057 1691 3113 eoque
1742 3041 1953 3097 stolidi-

2060 3052 2157 3121 μὲν
2200 3052 2309 3123 γὰρ
2357 3052 2591 3125 Ἰσραὴλ,
2641 3056 2741 3108 οὐκ
2779 3055 3089 3128 ἀνάργυρον
3130 3057 3274 3128 ὕδωρ
3314 3058 3501 3131 ἐζήτει
3554 3060 3648 3115 τὸν

369 3140 493 3195 tatis
510 3152 849 3209 progressum
869 3135 1184 3206 apparebat,
1204 3145 1260 3189 ttt
1288 3134 1390 3189 nisi
1416 3133 1737 3189 declinasset
1766 3134 1949 3198 Israel,

369 3247 469 3288 nec
507 3230 752 3299 sanguini
791 3244 976 3284 eorum
1009 3242 1269 3299 parsurus
1298 3227 1480 3283 fuerit.
1510 3247 1527 3279 ι
1566 3227 1763 3298 Rapuit
1791 3227 1954 3297 igitur

368 3323 421 3377 in
457 3320 822 3376 testimonium
880 3318 1157 3373 horrorem
1199 3333 1374 3372 suum.
1399 3336 1417 3370 ι
1454 3316 1532 3371 Illi
1584 3318 1727 3372 enim
1767 3332 1953 3386 prcca-

363 3416 565 3468 bantnr
586 3422 645 3467 et
665 3409 1124 3466 contrahebantur
1149 3408 1346 3463 animis
1368 3408 1721 3463 formidantes
1765 3421 1953 3460 manus

368 3518 675 3569 conserere,
728 3517 794 3557 ne
845 3501 1162 3557 cbaritatem
1216 3500 1268 3554 in
1324 3501 1521 3556 fratres
1562 3499 1953 3570 ﬂoccipendere

367 3597 699 3649 viderentur.
722 3593 791 3648 At
827 3593 929 3648 iste
959 3594 1382 3648 contractionem
1426 3592 1592 3659 illam,
1635 3593 1748 3647 sive
1797 3591 1954 3659 Iunius

368 3687 445 3743 rei
485 3682 1045 3757 formidinem(quam
1074 3685 1315 3740 horroris
1357 3684 1621 3740 vocabulo
1659 3685 1950 3753 significat)

370 3780 520 3832 dura:
566 3777 720 3847 quasi
749 3777 1142 3834 testificationis
1184 3777 1236 3831 in
1268 3776 1388 3831 illos
1407 3779 1744 3832 occasionem
1778 3775 1950 3830 facie-

370 3870 479 3925 bat.
514 3867 746 3925 Minatus
776 3879 862 3926 est
906 3870 1050 3925 enim
1100 3869 1362 3939 graviter,
1403 3868 1502 3922 nisi
1534 3866 1698 3922 Israel
1739 3866 1806 3919 ab
1835 3866 1951 3935 ejus

372 3959 566 4017 finibus
596 3962 889 4029 recederet,
929 3975 987 4017 se
1019 3961 1185 4015 armis
1230 3962 1404 4031 ipsum
1447 3958 1819 4028 depulsurum.
1863 3956 1945 4011 Ab

368 4076 551 4116 amore
583 4061 746 4131 igitur
769 4071 956 4115 mutuo
988 4061 1195 4117 alienus
1226 4061 1419 4127 Edom,
1445 4069 1499 4115 et
1526 4059 1631 4115 odii
1663 4059 1716 4113 in
1750 4058 1949 4113 fratres

367 4172 625 4227 perquam
656 4172 780 4212 reus
800 4157 922 4223 fuit,
950 4157 1177 4226 ideoque
1218 4169 1324 4210 non
1356 4152 1548 4224 injuria
1579 4153 1688 4209 Deo
1718 4153 1948 4207 invisus.

374 4268 393 4298 ι
424 4248 563 4303 Deus
606 4249 749 4304 enim
796 4249 1036 4304 cbaritas
1072 4258 1175 4311 est,
1208 4248 1402 4317 rjuxta
1438 4246 1659 4301 verbum
1702 4245 1947 4313 Joannis,

373 4358 392 4392 ι
421 4350 476 4395 et
508 4340 599 4410 qui
640 4349 823 4395 manet
863 4342 915 4394 in
957 4340 1244 4405 cliaritatc,
1277 4340 1330 4393 in
1363 4339 1472 4393 Deo
1514 4345 1694 4391 manet
1716 4337 1818 4391 ’9.»
1846 4336 1946 4403 Qui

2068 3142 2269 3215 Ἐδὼμ-
2307 3145 2336 3198 ό
2385 3145 2443 3198 δὲ
2476 3141 2544 3216 ἦν
2590 3148 2649 3201 ὲν
2694 3146 2899 3214 ὅπλοις,
2952 3149 3045 3202 καὶ
3104 3151 3488 3220 παρετάττετο,
3553 3153 3650 3208 καὶ

2058 3236 2226 3306 μόνης
2280 3237 2514 3309 παρόδου
2570 3238 2835 3308 διεφθόνει
2896 3240 3117 3305 κακῶς,
3195 3243 3293 3296 xal
3344 3245 3423 3307 είς
3478 3247 3651 3301 τοῦτο

2057 3328 2374 3398 σκαιότητος
2409 3328 2609 3393 ἐλάσας
2637 3330 2969 3401 διηλέγχετό,
3001 3331 3076 3396 ὡς
3106 3332 3154 3386 εί
3194 3333 3268 3403 μὴ
3315 3334 3650 3392 ὲκκέκλικεν

2054 3417 2083 3469 ὁ
2118 3416 2351 3487 Ἰσραὴλ,
2379 3418 2488 3471 οὐδ’
2525 3420 2590 3473 ἂν
2617 3420 2800 3475 αὐτῶν
2825 3421 3075 3491 αἱμάτων
3114 3424 3391 3492 ἐφείσατο.
3445 3444 3465 3477 t
3500 3429 3652 3501 "Hp-

2054 3524 2194 3561 πασε
2223 3510 2401 3561 τοίνυν
2432 3512 2513 3574 είς
2547 3512 2853 3583 μαρτυρίαν
2883 3515 3087 3585 φρίκην
3126 3516 3313 3571 αὑτοῦ.
3347 3538 3366 3571 ι
3422 3521 3485 3573 Οί
3546 3522 3651 3592 μὲν

2053 3599 2161 3669 γὰρ
2238 3601 2583 3674 παρῃτοῦντο
2644 3602 2739 3656 καὶ
2794 3605 3220 3673 ὑπεστέλλοντο,
3265 3608 3326 3662 τὸ
3378 3610 3654 3683 πολεμεῖν

2051 3690 2303 3754 δεδιότες,
2357 3692 2443 3744 ἵνα
2476 3692 2551 3763 μὴ
2596 3695 2695 3764 τῆς
2732 3697 2812 3760 είς
2855 3698 3119 3768 ἀδελφοὺς
3162 3699 3369 3753 δοκοῖεν
3416 3701 3653 3772 άλογεῖν

2051 3780 2291 3851 ἀγάπης.
2339 3782 2397 3835 '0
2437 3782 2494 3835 δὲ
2537 3784 2635 3854 τὴν
2675 3786 2995 3860 ὑποστολὴν,
3038 3790 3156 3861 ἤτοι
3203 3789 3299 3861 τὴν
3347 3794 3428 3856 είς
3472 3795 3656 3848 τοῦτο

2050 3872 2271 3939 δειλίαν,
2311 3875 2377 3947 ἣν
2425 3875 2624 3947 καὶτῷ
2668 3877 2767 3947 τῆς
2813 3881 3014 3952 φρίκης
3057 3882 3279 3952 ὀνόματι
3320 3885 3653 3958 καταδηλοῖ,

2053 3965 2327 4037 πρόφασιν
2378 3967 2619 4020 ἐποιεῖτο
2686 3967 2927 4040 σκληρᾶς
2983 3971 3174 4045 ὥσπερ
3235 3974 3657 4046 διαμαρτυρίας

2051 4058 2255 4121 αὐτοῖς.
2304 4052 2595 4131 Ἠπείλησε
2628 4059 2733 4129 γὰρ
2754 4061 3022 4132 ἐναργῶς,
3056 4063 3130 4127 ὡς
3165 4064 3213 4115 εἰ
3254 4065 3327 4135 μὴ
3364 4065 3656 4133 βούλοιντο

2050 4149 2159 4203 τῶν
2192 4149 2341 4220 αὐτῷ
2376 4149 2761 4222 προσηκόντων
2797 4151 2961 4221 ὁρίων
3001 4153 3325 4226 ἀποφοιτᾷν,
3357 4156 3655 4221 ἐξελεύσε-

2050 4261 2138 4297 ται
2178 4244 2298 4298 κατ’
2346 4245 2536 4299 αὐτοῦ.
2575 4245 2782 4299 Οὐκοῦν
2821 4246 3182 4318 ἀφιλάλληλος
3209 4250 3238 4301 ό
3278 4248 3495 4319 Ἐδὼμ,
3553 4251 3657 4323 καὶ

2050 4339 2165 4400 τοῖς
2192 4337 2291 4408 τῆς
2319 4337 2680 4408 μισαδελφίας
2702 4338 3046 4411 ἐγκλήμασιν
3068 4341 3129 4395 οὐ
3164 4342 3401 4413 μετρίως
3427 4341 3657 4413 ἔνοχος.

364 4445 495 4505 ergo
524 4433 805 4488 charitatis
839 4446 1033 4502 expers
1076 4432 1240 4484 vitam
1294 4430 1490 4500 degere
1535 4429 1785 4492 instituit,
1839 4443 1942 4484 non

2060 4399 2332 4500 Ταύτῃτοί
2350 4399 2576 4493 δικαίως
2602 4399 2696 4483 κᾴι
2860 4399 3360 4505 κατεστυγημένος.
3379 4399 3416 4483 ⁷ι
3440 4433 3505 4486 Ὀ

368 4524 420 4579 in
475 4525 583 4580 Deo
635 4522 891 4587 confidit,
951 4522 1043 4577 sed
1092 4520 1270 4591 potius
1310 4528 1464 4574 extra
1506 4516 1598 4572 Dei
1647 4518 1943 4574 amicitiam

364 4620 500 4672 situs
533 4624 637 4674 est.

2050 4520 2182 4583 Θεὸς
2212 4522 2401 4591 ἀγάπη
2431 4523 2568 4586 ἐστι,
2595 4540 2613 4573 ι
2659 4524 2800 4576 κατά
2825 4524 2922 4595 τὴν
2956 4526 3200 4579 Ἰωάννου
3233 4526 3438 4596 φωνὴν,
3476 4545 3500 4576 ‹
3541 4528 3657 4581 καὶ

2048 4613 2076 4664 ό
2112 4612 2289 4682 μένων
2323 4615 2380 4665 ἐν
2408 4616 2474 4684 τῇ
2514 4614 2722 4687 ἀγάπῃ,
2752 4617 2810 4669 ὲν
2835 4616 2912 4687 τῷ
2940 4617 3058 4687 Θεῷ
3096 4618 3265 4688 μένει.
3296 4636 3316 4669 ι
3354 4618 3584 4672 Οὐκοῦν
3623 4620 3658 4673 ὁ

363 4711 586 4784 ἀγάπης
616 4710 738 4784 δίχα
797 4708 987 4780 διαζῆν
1037 4705 1333 4780 ᾑρημένος,
1378 4706 1477 4758 οὐκ
1526 4706 1584 4759 έν
1621 4704 1698 4775 τῷ
1764 4703 1885 4773 Θεῷ
1954 4704 2235 4771 πέποιθεν,
2292 4706 2409 4760 ἀλλ’
2458 4708 2565 4775 ἔξω
2614 4711 2850 4765 κείσεται
2901 4711 3102 4783 μᾶλλον
3156 4713 3255 4785 τῆς
3310 4713 3451 4785 πρὸς
3503 4715 3659 4769 Θεὸν

363 4806 718 4878 οἰκειότητος.

436 4899 504 4953 Et
532 4903 784 4971 impetum
821 4917 974 4956 suum
1002 4898 1222 4953 servavit
1261 4896 1315 4950 in
1347 4896 1755 4949 contentionem.

440 4990 509 5046 Χ.
539 4992 781 5047 Tertium
826 4996 925 5049 boc
962 5002 1046 5048 est
1093 4992 1436 5046 Esauitarum
1475 4996 1777 5059 peccatum.
1838 4982 1946 5041 lt'n-

365 5091 545 5153 petum
601 5082 743 5136 enim
776 5084 941 5151 ipsius
981 5084 1143 5147 Esau,
1181 5082 1246 5136 ad
1283 5081 1466 5137 odium
1500 5076 1744 5134 videlicet
1768 5083 1823 5129 et
1850 5075 1951 5129 im-

364 5172 616 5241 pietatem
658 5178 962 5238 servarunt,
994 5186 1162 5239 usque
1201 5171 1327 5225 dum
1379 5170 1672 5233 vincerent,
1711 5179 1945 5236 semper.

365 5260 686 5327 Neutiquam
732 5258 875 5313 enim
933 5260 1139 5314 scelera
1193 5270 1411 5327 patrare
1447 5258 1745 5324 desierunt,
1774 5272 1951 5327 quan-

365 5366 526 5419 quam
556 5350 701 5404 Esau
735 5356 969 5403 veterem
1016 5348 1163 5403 illam
1217 5348 1547 5418 impietatem
1582 5363 1734 5404 suam
1785 5348 1951 5417 depo-

366 5444 556 5513 suerit,
588 5451 644 5499 et
688 5439 863 5497 Jacob
896 5441 1021 5497 odio
1068 5441 1321 5511 prosequi
1385 5441 1628 5510 desierit,
1661 5440 1950 5511 potiusque

440 5620 483 5653 ⁸⁷
526 5619 687 5677 llebr.
722 5634 818 5691 χιι,
855 5617 940 5675 l6.
1019 5617 1064 5650 ⁸⁸
1091 5614 1247 5671 Num.
1292 5630 1382 5683 xx,
1426 5615 1609 5670 “~21.

2122 4891 2232 4947 Kal
2257 4891 2323 4946 τὸ
2352 4892 2589 4963 ὅρμημα
2615 4894 2802 4949 αὐτοῦ
2835 4895 3140 4965 ἐφύλαξεν
3171 4899 3259 4964 εὶς
3278 4899 3507 4968 νεῖκος.

2124 4983 2180 5036 I'.
2223 4982 2419 5053 Τρίτον
2457 4982 2521 5052 δὴ
2560 4982 2719 5036 τοῦτο
2769 4984 2879 5037 τῶν
2930 4985 2989 5051 ἐξ
3030 4985 3199 5040 Ἡσαῦ
3233 4988 3657 5064 πλημμέλημα.

2048 5071 2121 5124 Τὸ
2150 5071 2259 5142 γὰρ
2292 5072 2524 5142 ὅρμημα
2557 5070 2747 5137 αὐτοῦ,
2774 5075 2835 5127 τὸ
2868 5074 3002 5145 πρὸς
3023 5075 3225 5148 ἔχθραν
3266 5078 3512 5151 δηλονότι
3552 5085 3662 5137 καὶ

2047 5163 2391 5232 ἀνοσιότητα,
2427 5162 2699 5232 ἐφύλαξαν
2733 5167 2813 5231 είς
2837 5167 3136 5238 ὲκνίκησιν,
3174 5169 3269 5223 καὶ
3314 5169 3473 5241 μέχρι
3505 5189 3661 5227 παν-

2046 5252 2159 5317 τός.
2190 5252 2511 5325 Κατέληξαν
2541 5255 2649 5327 γὰρ
2688 5256 2939 5327 οὐδαμῶς
2964 5257 3073 5310 τῶν
3106 5258 3337 5312 ἀνοσίων
3379 5261 3660 5331 ἐγχειρη-

2050 5343 2259 5413 μάτων,
2305 5344 2483 5398 καίτοι
2521 5346 2991 5418 ἀποφοιτήσαντος
3031 5348 3132 5421 ἤδη
3188 5350 3281 5404 τοῦ
3323 5348 3499 5405 Ἠσαῦ
3548 5354 3660 5422 τῆς

2047 5436 2282 5507 ἀρχαίας
2314 5438 2531 5510 ἐκείνης
2558 5439 2923 5512 ἀνοσιότητος,
2964 5442 3059 5497 καὶ
3093 5442 3365 5514 φονῶντος
3398 5442 3504 5514 μὲν
3546 5443 3662 5500 οὐκ

1724 5620 1767 5651 ’³
1804 5619 1819 5671 l
1850 5614 2006 5672 Joan.
2041 5630 2113 5685 tv,
2158 5615 2241 5670 16.
