3948 6208
315 370 424 428 453
1281 375 1824 437 COMMENTARIUS
1866 383 1878 437 Ι

1987 384 2152 441 ιΜοδ
2189 387 2630 449 PROPHETAM.
3468 412 3575 469 434

318 488 397 543 ἔτι
418 486 563 543 κατά
589 485 686 540 τοῦ
703 484 917 553 Ἰακὼϐ,
949 486 1401 561 μετατεθειμένου
1431 492 1486 546 δὲ
1515 494 1714 564 μᾶλλον
1734 498 1812 561 είς
1838 498 1878 567 ἡ·

2001 501 2066 554 ad
2100 502 2371 560 lenitatem
2400 521 2716 576 conversus,
2750 518 2938 568 mutuo
2978 514 3127 570 illum
3164 516 3434 575 dilexerit.
3468 523 3575 579 tie-

319 580 618 652 μερότητα,
657 580 752 631 καὶ
772 577 1193 650 φιλαλλ[ηλ]ίαν.
1227 580 1650 653 Ἐπιστρέφοντα
1681 584 1790 656 γὰρ
1832 587 1878 638 ὲι

2002 600 2297 647 vertentem
2372 597 2567 668 quippe
2617 614 2648 655 e
2700 600 3081 670 Mesomtamia
3112 621 3142 661 e
3188 608 3347 663 domo
3390 610 3570 671 Laban

316 673 414 741 τῆς
438 670 630 725 Λάϐαν
654 671 861 736 ἑστίας,
876 674 1266 743 κατησπάσατο
1290 673 1427 743 μετὰ
1440 674 1737 746 κλαυθμοῦ.
1754 678 1875 732 Φιλε

1999 694 2119 735 cum
2154 681 2409 753 lacrymis
2432 689 2703 746 osculatus
2726 702 2809 747 est
2840 694 2931 763 ὀλ
2958 698 3131 753 solent
3183 702 3326 757 enim
3366 706 3417 760 in
3461 725 3572 763 ma-

314 759 372 813 δέ
391 777 496 813 που
527 759 624 812 καὶ
644 761 766 822 ταῖς
790 760 927 828 ἄγαν
955 761 1241 832 εὐθυμίαις
1264 764 1619 833 ἐκκεῖσθαιτό
1643 766 1875 839 δάκρυον

1998 788 2101 867 gna
2128 790 2341 867 quoque
2378 778 2559 835 laetitia
2588 783 2839 852 profundi
2872 759 3150 860 lacrymte.
3197 794 3323 861 Ejus
3366 759 3565 867 post—eri

316 851 553 922 Σκληροὶ
594 850 652 903 δὲ
686 850 803 904 λίαν
828 851 875 903 οἱ
905 851 964 915 ἐξ
997 851 1183 917 αὐτοῦ,
1231 857 1299 925 τῇ
1334 856 1441 909 τῶν
1467 856 1683 927 τρόπων
1715 859 1878 913 σκαιό⁴

1998 863 2239 922 difﬁciles
2265 876 2319 922 et
2343 872 2517 939 asperi
2550 850 2788 942 fuerunt,
2830 886 2885 933 et
2910 850 3120 935 morum
3173 850 3569 946 initumanitate

313 958 439 1011 τητι
494 941 589 993 καὶ
636 939 807 1009 αὐτὴν
849 940 1279 1012 ὑπερϐαλόμενοι
1323 944 1422 1015 τὴν
1476 945 1570 999 τοῦ
1630 947 1878 1017 προγόνοι

339 1049 345 1050 ,
877 1031 934 1050 ..γ
1085 1033 1127 1050 ,ς
1181 1033 1229 1050 ..ε
1348 1036 1370 1050 ..
1471 1037 1549 1050 ς..
1871 1040 1878 1050 .

1999 954 2166 1023 ipsam
2198 959 2357 1028 primi
2409 965 2644 1031 parentis
2675 971 2754 1022 sui
2783 974 3183 1037 perversitatem
3213 992 3562 1050 superarunt;

316 1032 651 1103 φαυλότητα·
709 1031 824 1084 ἀλλ’
876 1031 1022 1084 ἔστιν
1072 1033 1292 1102 ἀληθὲς,
1344 1036 1427 1089 ὅτι
1471 1037 1656 1109 Πάντη
1684 1056 1744 1091 τε
1799 1040 1878 1094 κα¹

1995 1047 2155 1120 262
2183 1050 2276 1105 sed
2310 1066 2491 1107 verum
2511 1065 2593 1110 est
2617 1057 2765 1121 illud,
2790 1058 3049 1119 Omnibus
3080 1068 3251 1123 modis
3280 1031 3380 1125 'via:
3414 1031 3565 1128 mali:

314 1123 539 1187 πάντως
591 1122 701 1177 ὁδοὶ
752 1123 1104 1194 μνησικάκων
1172 1126 1254 1191 είς
1318 1126 1565 1186 θάνατον.
1625 1130 1891 1203 Ταύτῃτοί
1994 1142 2273 1212 ςῃξιῃιὶυω
2314 1144 2380 1199 ad
2408 1158 2655 1204 mortem,
2693 1149 2817 1208 ωοο
2862 1154 2965 1210 δίκε

397 1235 482 1271 σιν
504 1234 519 1248 ⁸

397 1235 482 1271 σιν
504 1235 519 1248 ·

316 1235 495 1361 “Kal.
532 1307 922 1371 ἐξαποστελῶ
948 1310 1068 1379 πῦρ
1100 1313 1187 1378 εἰς
1219 1310 1465 1382 Θαιμᾶν,
1501 1312 1603 1368 καὶ
1631 1316 1891 1386 καταρά-

312 1416 478 1468 γεται
505 1399 747 1469 θεμέλια
776 1401 1025 1471 τειχέων
1045 1403 1257 1473 αὐτῆς.

379 1491 481 1545 IA'.
528 1492 877 1563 Μητρόπολις
912 1494 967 1547 δὲ
1010 1494 1111 1565 τῆς
1169 1496 1472 1568 Ἰδουμαίας
1511 1496 1679 1571 αὕτη*
1719 1501 1891 1573 ἐμπέ-

2064 1313 2227 1371 Vsns.
2267 1318 2356 1374 12.
2384 1318 2455 1375 Et
2486 1324 2688 1378 mittam
2726 1325 2893 1395 ignem
2924 1330 2977 1383 in
3004 1326 3252 1401 Tlteman,
3275 1346 3320 1389 et
3344 1337 3563 1394 devora-

1992 1407 2063 1460 bit
2101 1408 2442 1476 fundamenta
2471 1431 2738 1471 murorum
2767 1411 2901 1487 ejus.

2062 1490 2152 1547 X1.
2211 1496 2335 1551 Haec
2391 1508 2471 1553 est
2512 1505 2824 1572 metropolis
2880 1507 3160 1580 Idnmteae;
3210 1514 3426 1571 incensa
3478 1528 3560 1573 est

313 1600 551 1654 πρησται
582 1582 690 1655 γάρ
724 1584 995 1655 πολεμίων
1026 1588 1463 1657 κεκρατηκότων,
1492 1588 1586 1642 καὶ
1609 1591 1744 1662 ὁμοῦ
1769 1597 1878 1659 ταῖς

1990 1585 2153 1648 enim,
2193 1588 2261 1640 ab
2292 1588 2532 1645 hostibus
2561 1594 2797 1662 devicta,
2833 1609 2889 1653 et
2928 1616 3031 1655 una
3063 1618 3183 1658 cum
3229 1605 3349 1661 aliis
3380 1610 3556 1675 periit.

311 1674 502 1737 ἄλλαις
559 1674 810 1728 διόλωλεν
860 1676 893 1745 ἡ
937 1676 1171 1748 Θαιμὰν.
1240 1678 1648 1751 Ἐκτελευτήσει
1690 1682 1753 1747 δὴ
1795 1679 1878 1739 οὖν

1993 1674 2247 1730 Desinent
2295 1677 2458 1745 igitur
2510 1685 2721 1738 tandem
2775 1687 2826 1739 in
2864 1689 3037 1758 ignem
3073 1702 3125 1747 et
3154 1674 3422 1763 flammas,
3466 1701 3555 1769 qui

310 1766 389 1827 εἰς
426 1763 539 1834 πῦρ
588 1781 649 1816 τε
699 1764 793 1817 καὶ
843 1764 1048 1834 φλόγας
1097 1766 1157 1820 τὸ
1203 1771 1381 1835 μισεῖν
1426 1770 1725 1840 ἀδελφοὺς,
1792 1776 1878 1829 καὶ

1990 1761 2186 1820 fratres
2235 1768 2485 1838 oderunt,
2524 1781 2578 1826 et
2634 1774 2685 1827 in
2728 1783 3157 1848 consanguineos
3229 1761 3554 1857 insurgunt,

310 1855 802 1921 κατεξανίστασθαι
848 1856 956 1909 τῶν
1013 1857 1071 1922 ἐξ
1121 1858 1372 1929 αἵματος,
1432 1861 1465 1933 ἢ
1525 1863 1618 1916 καὶ
1670 1863 1779 1919 τῶν
1827 1865 1878 1931 ἐξ

1988 1864 2079 1909 aut
2124 1855 2179 1912 in
2217 1872 2312 1913 eos
2371 1862 2463 1930 qui
2502 1877 2569 1917 ex
2607 1864 2969 1925 familiaritate
3014 1873 3277 1939 spirituali
3328 1855 3555 1935 concor;

309 1948 641 2019 οἰκειότητος
679 1948 1057 2018 πνευματικῆς
1099 1949 1528 2022 συνειλεγμένων
1580 1955 1659 2017 εἰς
1694 1955 1878 2010 ἕνωσιν

1987 1947 2181 2017 diaque
2212 1950 2420 2006 collecti
2444 1964 2602 2023 sunt;
2636 1971 2733 2015 nec
2767 1961 2900 2017 tales
2930 1963 3101 2019 honor
3129 1974 3184 2021 et
3210 1967 3376 2024 decus
3419 1970 3544 2026 cha-

307 2038 399 2090 καὶ
426 2037 755 2108 ὁμοψυχίαν.
800 2038 1172 2109 Ἀπήλλακται
1196 2040 1252 2093 δὲ
1284 2041 1393 2097 τῶν
1416 2044 1672 2098 τοιούτων
1699 2046 1768 2100 τὰ
1789 2047 1887 2119 τῆς

304 2129 531 2197 ἀγάπης
558 2128 874 2199 αὐχήματα.

381 2218 532 2272 Τάδε
552 2220 713 2288 λέγει
740 2222 952 2288 Κύριος
977 2238 992 2254 ο
1040 2222 1164 2277 Ἐπὶ
1196 2223 1327 2290 ταῖς
1362 2224 1561 2294 τρισίν
1586 2227 1885 2296 ἀσεϐείαις

304 2311 449 2365 υἱῶν
490 2311 747 2380 Ἀμμὼν,
779 2312 878 2367 καί
918 2314 1018 2368 ἐπὶ
1060 2315 1190 2382 ταῖς
1224 2316 1559 2385 τέσσαρσιν
1594 2321 1705 2374 οὐκ
1738 2321 1885 2376 ἁπο-

303 2403 729 2471 στραφήσομαι
762 2405 1005 2470 αὐτοὺς,
1040 2406 1169 2461 ἀνθ’
1202 2403 1286 2462 ὧν
1324 2401 1643 2479 ἀνέσχιζον
1678 2416 1784 2479 τὰς
1815 2414 1886 2468 ἐν

302 2495 516 2563 γαστρὶ
552 2495 817 2565 ἐχούσας
861 2497 979 2550 τῶν
1013 2501 1434 2568 Γαλααδιτῶν,
1468 2502 1628 2570 ὅπως
1652 2503 1883 2573 ἐμπλα-

302 2588 569 2640 τύνωσιν
597 2587 667 2641 τὰ
701 2587 832 2656 ὅρια
860 2590 1075 2645 αὐτῶν.
1122 2592 1231 2646 Καὶ
1265 2593 1479 2662 diuidat
1509 2596 1628 2663 πῦρ
1660 2596 1759 2650 ἐπὶ
1810 2598 1885 2652 τὰ

302 2678 467 2744 τείχη
506 2677 751 2731 Ῥαόὄὰα
776 2717 790 2743 ,
832 2678 933 2732 καί
983 2681 1381 2752 καταφάγεται
1414 2682 1658 2753 θεμέλια
1695 2685 1883 2755 αὐτῆς

298 2768 444 2837 μετὰ
483 2769 776 2838 κραυγῆς,
806 2770 875 2823 ἐν
898 2772 1087 2840 ἡμέρᾳ
1109 2773 1403 2843 πολέμου,
1433 2776 1535 2831 καὶ
1568 2779 1885 2848 σεισθήσε-

302 2876 391 2913 ται
440 2860 516 2913 ἐν
549 2860 739 2929 ἡμέρᾳ
774 2862 1193 2931 συντελέσεως
1235 2866 1445 2933 αὐτῆς.
1507 2867 1618 2921 Καὶ
1666 2872 1883 2938 πορεύ-

300 2965 469 3003 σεται
512 2952 546 3002 ό
571 2949 877 3016 βασιλεὺς
898 2951 1088 3021 αὐτῆς
1108 2953 1177 3006 ἐν
1197 2956 1590 3024 αίχμαλωσίᾳ,
1626 2960 1681 3013 οι
1710 2960 1882 3028 ἱερεῖς

282 3025 498 3095 ἀὐτῶν
545 3040 643 3094 καί
671 3045 723 3096 οἱ
749 3041 1039 3112 ἄρχοντες
1071 3044 1269 3101 αὐτῶν
1295 3046 1393 3101 ἐπὶ
1422 3048 1488 3103 τὸ
1514 3049 1682 3117 αὐτὸ,
1722 3025 1883 3123 λέγει

299 3131 537 3197 Κύριος.

1984 2039 2027 2093 ri
2037 2040 2161 2096 tatis
2192 2043 2499 2101 comitatur.

2052 2217 2219 2276 νεεδ.
2261 2220 2442 2278 15-15.
2481 2223 2611 2280 Hmc
2664 2227 2788 2282 dicit
2828 2228 3083 2285 Dominus
3119 2248 3136 2286 :
3183 2232 3354 2303 Super
3391 2237 3553 2293 tribu:

1982 2312 2263 2368 sceleribus
2294 2315 2529 2383 ﬁliorum
2600 2318 2847 2386 Ammon,
2884 2331 2931 2376 et
2970 2339 3126 2393 super
3162 2334 3389 2395 quatuor
3450 2345 3553 2384 non

1981 2415 2277 2461 convertam
2330 2424 2440 2475 eos,
2470 2426 2529 2463 eo
2576 2411 2714 2480 quod
2770 2413 3097 2469 dissecabant
3134 2417 3187 2471 in
3236 2428 3410 2473 centre
3453 2421 3554 2474 Ita-

1983 2494 2153 2550 bcntcs
2190 2513 2256 2551 ea:
2287 2497 2602 2567 Galaaditis,
2638 2512 2694 2555 ut
2731 2504 3016 2559 dilatarent
3080 2510 3329 2563 terminos
3406 2526 3548 2565 suos.

1982 2584 2053 2638 Et
2079 2590 2388 2642 succendunt
2412 2590 2583 2661 ignem
2614 2593 2669 2646 in
2719 2609 2898 2648 muros
2927 2595 3186 2663 Rabbatlt,
3212 2609 3258 2651 et
3285 2601 3552 2653 devorabit

1981 2676 2321 2747 fundamenta
2354 2682 2466 2749 ejus
2505 2699 2621 2737 cum
2659 2684 2886 2740 clamore
2934 2688 2989 2740 in
3039 2689 3121 2742 die
3168 2690 3308 2753 belli,
3338 2700 3384 2744 et
3408 2706 3550 2744 com-

1980 2770 2268 2823 movebitur
2315 2773 2369 2826 in
2400 2773 2487 2827 die
2521 2778 2988 2832 consummationis
3020 2781 3156 2849 ejus.
3191 2778 3259 2833 Et
3309 2782 3403 2835 ibit
3459 2798 3552 2835 rex

1980 2875 2160 2915 eorum
2200 2862 2256 2915 in
2289 2864 2659 2933 captivitatem,
2697 2868 2994 2923 sacerdotes
3034 2887 3214 2925 eorum
3260 2881 3309 2927 et
3350 2872 3551 2942 princi~~

1980 2966 2068 3019 pes
2110 2966 2289 3008 eorum
2326 2954 2381 3009 in
2420 2957 2803 3025 idipsum,dicit
2844 2958 3119 3016 Dominus.

367 3221 468 3274 IB'.
523 3222 957 3294 Καταγρᾶςρεται
990 3225 1084 3276 καὶ
1116 3224 1463 3294 Ἀμμανιτῶν
1492 3226 1568 3291 ὡς
1592 3229 1878 3300 Δαμασκη-

2050 3234 2162 3291 XII.
2202 3237 2532 3295 Describitur
2572 3242 2732 3297 etiam
2767 3242 3198 3299 Ammonitarum
3243 3254 3299 3299 ut
3347 3246 3543 3300 Dama-

298 3310 401 3365 νῶν
438 3313 724 3384 ἀγριότης.
773 3314 1127 3367 Ἀπεκτόνασι
1155 3316 1247 3369 καὶ
1277 3317 1432 3370 αὐτοὶ
1453 3318 1552 3383 τὰς
1586 3321 1644 3375 ὲν
1682 3322 1881 3391 γαστρὶ

297 3402 531 3473 ἐχούσας
557 3402 667 3457 τῶν
706 3404 1068 3470 Γαλααδιτῶν,
1113 3408 1211 3478 οὐχ
1244 3408 1452 3479 ἑτέροις
1491 3412 1635 3465 τισὶν
1665 3413 1880 3482 ἐπαμύ-

294 3512 496 3560 νοντες,
523 3494 646 3548 οὔτε
675 3495 782 3567 μὴν
823 3495 1048 3560 ὀθνείοις
1077 3496 1406 3562 δανείζοντες
1426 3499 1526 3563 τὰς
1552 3500 1738 3572 ὀργὰς,
1763 3503 1877 3556 ἀλλ’

297 3586 442 3656 ὑπέρ
464 3603 531 3654 γε
557 3586 710 3655 σφῶν
739 3586 938 3651 αὐτῶν,
964 3586 1030 3639 ἵν’
1049 3588 1347 3659 εὐρυτέραν
1374 3588 1540 3660 ἔχωσι
1564 3592 1665 3663 τὴν
1679 3593 1874 3664 ἀρχὴν,

292 3676 388 3729 καὶ
446 3676 611 3746 μέχρι
678 3676 875 3731 πολλοῦ
932 3676 1217 3748 διήκοντας
1271 3683 1368 3751 τῆς
1423 3680 1700 3750 βασιλείας
1752 3683 1878 3747 τοὺς

285 3769 471 3839 ὅρους,
504 3768 949 3840 καταδῃωθείσης
982 3768 1199 3840 ἀπάσης
1220 3774 1321 3842 τῆς
1360 3771 1616 3838 Ἰουδαίας
1643 3774 1764 3846 γῆς,
1784 3776 1878 3829 καὶ

283 3860 784 3930 ἀνατετραμμένων
809 3862 1044 3916 εἰσάπαν
1080 3863 1190 3917 τῶν
1214 3863 1271 3930 ἐξ
1301 3865 1540 3936 Ἰσραὴλ,
1569 3866 1647 3931 ὡς
1671 3885 1874 3922 πεπον-

286 3950 443 4014 θότος
479 3950 618 4004 Θεοῦ
647 3952 709 4004 τὸ
741 3952 956 4019 ἀναλκι,
992 3954 1085 4008 καὶ
1126 3953 1490 4025 ἠσθενηκότος
1522 3956 1739 4027 ἀληθῶς
1779 3959 1873 4011 τοῦ

285 4041 578 4105 διασώζειν
594 4044 1025 4115 ὲπηγγελμένου,
1049 4045 1143 4098 καὶ
1176 4048 1288 4111 τοῖς
1316 4046 1574 4117 πολεμεῖν
1598 4048 1874 4104 ἐθέλουσιν

283 4136 563 4189 ἀνάλωτον
594 4136 1005 4204 ἀποφαίνοντος.
1050 4138 1294 4203 Ἑλόντες
1332 4139 1398 4211 δὴ
1450 4135 1544 4193 οὖν
1585 4142 1683 4194 καὶ
1726 4132 1872 4195 οὗτοι

279 4226 382 4290 τὰς
439 4228 644 4291 πόλεις,
702 4229 1059 4301 καταμειδιᾷν
1105 4231 1429 4301 ἀπετόλμων
1463 4231 1558 4285 τοῦ
1600 4234 1871 4303 προασπί-

281 4317 470 4383 ζοντος
500 4318 658 4384 Θεοῦ,
693 4320 787 4372 καὶ
811 4322 921 4384 τοῖς
950 4320 1320 4392 ψευδωνύμοις
1360 4321 1499 4387 θεοῖς
1528 4323 1770 4394 ἀνῆπτον
1802 4325 1871 4379 τὰ

281 4409 623 4480 χαριστήρια
673 4410 767 4463 καὶ
809 4410 950 4481 ᾠδὰς
1014 4413 1337 4477 ἐπινικίους.
1396 4414 1664 4485 Ταύτῃτοί
1707 4432 1870 4487 φησιν

279 4500 776 4571 ἐμπρησθήσεσθαι
805 4502 903 4573 τὴν
947 4502 1208 4558 Ῥα66ἀο.
1242 4507 1590 4577 Μητρόπολις
1632 4508 1689 4561 δὲ
1725 4508 1865 4580 αῦτη

1980 3342 2266 3384 scenorum
2300 3331 2626 3389 immanitas.
2664 3333 2794 3388 Nam
2820 3344 2875 3389 et
2904 3335 3004 3405 ipsi
3056 3345 3265 3390 uterum
3313 3337 3547 3393 ferentes

1978 3415 2383 3475 Galaaditarum
2417 3422 2809 3489 dissecuerunt,
2848 3438 2951 3479 non
2980 3434 3037 3479 ut
3066 3425 3185 3481 aliis
3215 3426 3548 3495 opitularetu-

1979 3514 2087 3573 tur,
2124 3523 2297 3578 neque
2334 3520 2390 3566 ut
2435 3512 2637 3568 exteris
2674 3513 2782 3567 iras
2821 3529 2947 3569 suas
2993 3518 3420 3583 commodarent,
3454 3522 3547 3573 sed

1978 3612 2074 3652 sua
2110 3599 2345 3669 ipsorum
2378 3616 2564 3670 causa,
2596 3613 2654 3658 ut
2693 3603 2951 3660 ditionem
2980 3605 3240 3661 haberent
3280 3606 3543 3673 latiorem,

1978 3698 2034 3745 et
2084 3692 2234 3761 regni
2274 3694 2355 3748 sui
2393 3693 2527 3750 ﬁnes
2578 3696 2785 3768 longius
2837 3698 3155 3767 proferrent.
3196 3707 3306 3753 tota
3363 3698 3547 3757 Iudaea

1978 3789 2203 3846 vastata,
2235 3791 2289 3837 et
2322 3784 2528 3839 eversis
2550 3785 2806 3841 lsraelitis
2836 3787 3102 3854 omnibus,
3128 3796 3183 3841 ut
3215 3786 3322 3841 Deo
3371 3788 3546 3847 imbe-

1977 3871 2087 3925 cilli
2120 3880 2176 3927 et
2208 3872 2502 3943 impotente
2536 3890 2620 3944 eo,
2666 3877 2757 3947 qui
2790 3879 2996 3947 seipsos
3025 3885 3363 3935 servaturum
3419 3891 3546 3946 pro,

1976 3964 2220 4031 miserat,
2250 3980 2315 4021 ac
2336 3981 2396 4021 se
2422 3968 2666 4023 hostibus
2695 3969 2806 4024 suis
2829 3970 3096 4037 captivum
3134 3970 3402 4023 tradente.
3435 3968 3542 4022 Ca-

1972 4055 2080 4124 ptis
2108 4055 2269 4125 igitur
2299 4065 2354 4111 et
2386 4059 2471 4113 bis
2500 4058 2828 4123 civitatibus,
2866 4057 3030 4111 Deum
3091 4065 3570 4127 prOpugnatorem.

1973 4145 2201 4201 irridere
2247 4147 2364 4202 ausi
2405 4159 2549 4216 sunt,
2578 4148 2680 4204 diis
2712 4148 2863 4204 falsis
2889 4148 3092 4218 gratias
3112 4157 3355 4217 agentes,
3392 4142 3545 4202 etvi-

1972 4237 2195 4293 etoralia
2259 4239 2501 4293 carmina
2540 4240 2866 4295 accinentes.
2927 4240 3283 4306 Quamobrem
3334 4239 3537 4299 confla-

1971 4336 2242 4399 graturam
2281 4329 2413 4385 dicit
2454 4329 2695 4385 Rabbatb
2747 4331 3081 4400 metropolim
3126 4330 3361 4397 regionis
3410 4332 3538 4384 Am-

1972 4420 2260 4486 moniticte,
2293 4429 2347 4475 et
2371 4436 2492 4477 cum
2525 4422 2759 4476 clamore
2786 4421 3077 4490 perituram
3104 4437 3117 4477 :
3154 4434 3345 4489 nempe
3368 4419 3539 4490 Baby-

1971 4511 2128 4566 loniis
2160 4526 2308 4566 more
2339 4511 2557 4565 militari
2588 4510 2764 4573 laetum
2799 4514 2852 4565 in
2898 4511 3123 4565 victoria
3198 4509 3537 4565 vociferanti-

278 4570 379 4663 τῆς
423 4592 536 4645 τῶν
570 4570 924 4663 γ’Λμμανιτῶν
958 4596 1078 4648 ἐστι
1122 4570 1333 4669 χώρας.⁷
1372 4570 1761 4672 ζΛπολέ[ῖ]σθαι
1806 4570 1865 4654 δέ

1987 4618 2090 4658 ωε.
2143 4602 2362 4659 Subacti
2418 4612 2545 4665 sunt
2597 4603 2782 4668 enim,
2831 4600 3348 4657 Nabucltodonosore
3411 4601 3537 4654 totis

278 4684 455 4753 αὐτὴν
516 4684 655 4753 μετά
706 4686 972 4755 κραυγῆς,
1034 4688 1313 4754 τουτέστι,
1381 4691 1865 4755 καταλαλαζόντων

1987 4694 2141 4763 :Opiis
2176 4696 2514 4748 Ammonitas
2553 4696 2882 4751 incursante.
2909 4693 3062 4747 Ibunt
3110 4693 3271 4747 etiam
3315 4690 3557 4758 captivi,_

282 4777 456 4846 αὐτῆς
506 4776 599 4829 τὸν
658 4776 753 4829 τοῦ
818 4778 1057 4849 πολέμου
1112 4781 1274 4850 νόμον
1323 4782 1433 4836 τῶν
1486 4783 1859 4838 Βαϐυλωνίων.

1997 4786 2166 4855 nquit,
2213 4801 2336 4842 cum
2373 4786 2704 4857 principibus
2741 4785 2961 4850 subditi,
3000 4792 3053 4836 et
3106 4798 3225 4836 cum
3262 4780 3364 4835 diis
3422 4781 3535 4834 suis

294 4869 570 4940 ᾙρήκασι
599 4867 709 4938 γὰρ
757 4869 912 4921 αὐτοὶ
950 4874 1315 4943 πανστρατιᾷ,
1355 4875 1713 4939 καταθέοντος
1756 4876 1863 4931 τῶν

1987 4874 2386 4939 sacrifici,nulio
2404 4876 2469 4929 ab
2508 4875 2573 4929 iis
2601 4874 2798 4929 auxilio
2847 4872 3033 4943 adjuti.
3058 4871 3195 4937 Quid
3249 4871 3392 4925 enim
3456 4870 3538 4924 fa-

294 4959 648 5029 Ἀμμανιτῶν
693 4959 788 5013 τοῦ
820 4960 1307 5033 Ναϐουχοδονόσορ.
1349 4965 1661 5021 Βαδιοῢνται
1685 4967 1741 5020 δὲ
1771 4970 1865 5023 καὶ

1987 4969 2100 5031 :iat,
2133 4977 2225 5022 aut
2257 4968 2522 5038 quomodo
2588 4965 2816 5041 cuipiam
2847 4963 3017 5034 prosit
3046 4964 3267 5018 surdum
3316 4962 3536 5018 simula-

281 5050 643 5122 αἰχμάλωτοι,
669 5052 851 5122 φησὶν,
882 5052 1017 5123 ὁμοῦ
1042 5056 1154 5119 τοῖς
1182 5056 1470 5126 κρατοῦσιν
1484 5059 1533 5110 οἱ
1552 5058 1655 5110 ὑπὸ
1682 5060 1857 5131 χεῖρα,
1968 5076 2119 5121 crum
2143 5061 2167 5113 ‘P

285 5146 378 5198 καὶ
415 5147 529 5208 τοῖς
559 5145 710 5207 ἰδίοις
739 5145 879 5210 θεοῖς
903 5149 953 5200 οἱ
982 5150 1228 5219 ἱερᾶσθαι
1252 5151 1525 5220 λαχόντες,
1596 5152 1747 5206 οὐδὲν
1810 5155 1939 5226 παρ’
1975 5155 2198 5214 ἐκείνων
2246 5152 2458 5223 ἔχοντες
2508 5150 2587 5213 είς
2640 5150 2978 5222 ἐπικουρίαν.
3044 5150 3108 5203 Τί
3164 5150 3273 5222 γὰρ
3335 5150 3403 5204 ἂν
3448 5148 3536 5202 κα)

282 5236 551 5307 δράσειεν,
586 5237 620 5307 ἢ
651 5236 768 5300 πῶς
794 5238 859 5290 ἂν
889 5240 1136 5309 ὁνήσοιτό
1182 5260 1333 5307 τινας
1373 5245 1591 5316 ἄγαλμα
1624 5245 1862 5316 κοῦφον;

367 5330 609 5383 Ἐοίκασι
665 5329 722 5382 δὲ
761 5331 851 5382 καὶ
893 5332 942 5383 οἱ
987 5331 1096 5385 τῶν
1150 5336 1412 5406 αἱρέσεων
1461 5340 1861 5411 προεστηκότες

2025 5334 2185 5406 263
2201 5331 2414 5388 Similes
2433 5345 2593 5400 porro
2605 5340 2730 5386 sunt
2750 5329 3014 5384 haeresum
3028 5331 3513 5426 patroni,pr:egnan
3528 5358 3548 5368 -

278 5421 396 5482 τοῖς
434 5420 800 5490 ἀνατέμνουσι
831 5423 930 5488 τὰς
964 5426 1192 5496 ἐχούσας
1223 5429 1279 5481 ἐν
1312 5430 1531 5500 γαστρὶ,
1573 5430 1720 5494 ὅπως
1756 5433 1859 5500 ὲμι

1987 5440 2043 5480 es
2071 5426 2137 5479 ad
2170 5424 2301 5477 lines
2324 5419 2622 5475 dilatandos
2646 5418 3055 5474 dissecantibus.
3093 5415 3163 5472 Ut
3183 5418 3321 5471 enim
3354 5414 3531 5467 inuitis

283 5509 687 5563 πλατύνωσιτά
714 5512 838 5582 ὅρια
872 5515 1071 5568 αὐτῶν.
1111 5516 1227 5571 Ἵνα
1263 5518 1371 5588 γὰρ
1397 5520 1691 5587 φαίνωνται
1730 5520 1859 5573 πολ-

1987 5529 2193 5571 incesse
2248 5513 2551 5576 videantur,
2593 5510 2820 5567 miseras
2871 5512 3076 5565 animas
3110 5510 3155 5561 vi
3189 5507 3429 5574 adigunt,
3477 5511 3528 5558 et

281 5596 393 5654 λῶν
447 5601 770 5671 ἡγούμενοι,
828 5606 1244 5671 καταϐιάζονται
1289 5610 1467 5681 ψυχὰς
1512 5612 1721 5679 ἀθλίας,
1765 5611 1859 5667 καὶ

1987 5609 2247 5665 'erborum
2276 5604 2484 5663 fallacia
2513 5602 2666 5674 quasi
2694 5602 2909 5659 crudam
2943 5610 2995 5656 et
3020 5600 3358 5654 immaturam
3389 5595 3529 5664 ipsos

358 5773 406 5806 '°
442 5774 793 5841 Genuum,
833 5777 883 5830 .i.
