3950 6200
363 379 472 436 453

1396 380 1452 436 S.
1492 375 1764 433 CYRILLI
1803 373 2275 433 ALEXANDRINI
2315 379 2642 436 ARCIIIEP.

3533 375 3640 431 456

360 500 521 555 Iidem
548 499 771 555 abortiri
809 499 1034 563 faciunt,
1072 498 1354 570 loquentes
1407 501 1536 571 ipsis
1587 512 1844 569 perversa
1868 496 1937 564 ³¹,

2046 498 2164 560 ταῖς
2186 497 2253 551 ἐκ
2281 497 2458 568 λόγων
2497 500 2737 564 ἀπάταις
2767 501 2926 570 ὠμὴν
2961 499 3150 568 ὥσπερ
3187 496 3310 551 τινὰ
3379 493 3471 548 καὶ
3517 507 3644 546 ατε-

355 600 668 647 eructantes
707 591 772 646 de
821 591 1078 647 cordibus
1134 593 1270 656 suis,
1303 608 1408 648 non
1457 608 1523 646 cx
1563 607 1657 646 ore
1707 589 1939 645 Domini.

361 701 380 732 ο
422 679 591 735 Nemo
620 683 762 736 enim
818 682 969 745 dicit,
1009 682 1264 738 Dominus
1305 681 1485 749 Jesus,
1513 683 1613 737 nisi
1651 681 1702 735 itt
1734 680 1943 751 Spiritu

355 787 545 828 sancto
576 775 640 828 “.
667 795 684 827 ι
722 774 828 831 Sed
876 789 1050 845 neque
1079 775 1364 830 anathema
1403 775 1530 831 Jesu
1563 775 1711 839 dicit,
1753 774 1854 828 nisi
1887 772 1940 827 in

358 866 660 921 Beelzebub

1048 1155 1204 1212 CAP.
1243 1156 1307 1211 II.

426 1249 720 1308 VsusJ-IS.
757 1248 884 1304 llwc
901 1250 1027 1304 dicit
1059 1251 1324 1305 Dominus
1347 1266 1365 1303 :
1389 1249 1563 1315 Super
1579 1249 1747 1304 tribus
1767 1248 1944 1317 impie-

357 1343 555 1396 tatibus
595 1341 770 1406 Moab,
803 1353 850 1394 et
871 1359 1027 1411 super
1055 1353 1283 1412 quatuor
1310 1359 1410 1395 non
1440 1354 1732 1394 convertam
1752 1355 1860 1404 eos,
1882 1355 1943 1394 eo

354 1433 494 1499 quod
539 1432 934 1486 combusserunt
977 1449 1096 1486 ossa
1139 1433 1274 1502 regis
1317 1431 1569 1486 Idumam:
1616 1431 1670 1484 in
1695 1431 1939 1486 cinerem.

356 1519 425 1574 Et
465 1523 663 1576 mittant
698 1523 870 1592 ignem
911 1523 966 1576 in
1006 1522 1187 1588 Moab,
1224 1533 1274 1578 et
1300 1523 1566 1578 devorabit
1592 1523 1942 1592 fundamenta

356 1613 564 1666 urbium
613 1613 748 1684 ejus,
779 1624 829 1668 et
874 1616 1128 1669 morietur
1162 1616 1216 1669 in
1270 1615 1581 1686 impotentia
1622 1614 1943 1680 Moab,cunt

355 1720 480 1759 uoce
533 1716 580 1760 et
633 1723 749 1759 cum
817 1707 1046 1760 clamore
1115 1707 1275 1762 tubw.
1349 1707 1418 1764 Et
1455 1709 1754 1776 disperdam
1790 1709 1944 1778 judi-

356 1810 468 1850 cem
500 1811 566 1849 ea:
603 1812 686 1864 ea,
725 1805 774 1850 et
799 1812 974 1850 omnes
1003 1797 1262 1867 principes
1293 1799 1410 1868 ejus
1447 1797 1759 1864 inter/icium
1821 1813 1942 1852 cum

355 1902 439 1954 ea,
471 1888 596 1942 dicit
624 1888 906 1943 Dominus.

431 2152 570 2210 XIII.
593 2152 840 2212 Moabitae
867 2152 1088 2225 insuper
1116 2169 1223 2210 non
1257 2153 1548 2225 vulgariter
1572 2142 1820 2210 scelerati
1843 2153 1940 2221 ipsi

355 2261 572 2318 quoque
607 2245 1072 2301 mansuetudinem
1099 2255 1151 2301 et
1179 2245 1499 2316 patientiam
1534 2245 1623 2302 Dei
1661 2247 1943 2301 universo-

357 2356 475 2394 tum
499 2339 612 2410 jam
651 2331 1064 2406 superaverant,
1097 2339 1297 2408 quibus
1330 2338 1578 2393 criminis
1635 2338 1752 2392 loco
1805 2338 1940 2404 obji-

355 2428 501 2482 citur
545 2436 827 2497 peccatum
863 2427 914 2482 in
966 2437 1268 2483 mortuum.
1302 2427 1680 2484 Combussisse
1719 2443 1813 2483 eos
1867 2429 1944 2484 ait

354 2534 478 2576 ossa
513 2517 657 2588 regis
707 2517 972 2584 ldumzeag,
996 2528 1050 2574 et
1085 2519 1167 2574 sic
1219 2519 1608 2584 combussisse,
1644 2528 1703 2573 ut
1743 2521 1795 2575 in
1825 2529 1939 2574 ter-

357 2628 472 2666 ratn
503 2627 567 2668 ac
595 2612 874 2682 pulverem
919 2613 1323 2684 redigerentur.
1355 2611 1494 2680 Quid
1533 2613 1698 2684 igitur
1761 2613 1942 2668 Scelus

352 2704 826 2769 boc?odiutn,et
880 2705 1270 2768 inhumanitas,
1327 2715 1380 2760 et
1437 2705 1700 2760 indomita
1755 2705 1942 2760 feritas

352 2809 543 2855 contra
595 2800 883 2856 Israclitas.
931 2797 1226 2851 Combusta
1288 2797 1431 2851 enim
1492 2811 1613 2852 esse
1659 2796 1940 2852 memorati

355 2893 499 2962 regis
529 2907 650 2948 ossa
689 2907 795 2946 non
826 2891 896 2945 ob
925 2888 1068 2945 aliud
1101 2889 1366 2958 quispiam
1427 2887 1742 2956 aiIirmarit,
1777 2904 1940 2958 quam

351 2985 423 3040 ob
460 2984 732 3040 Israelitas
766 2991 998 3036 tantum.
1039 2981 1228 3035 Notam
1259 2981 1540 3036 historiam
1568 2981 1756 3049 paucis
1811 2996 1938 3034 nar-

350 3075 506 3131 rabo.
547 3073 605 3129 In
661 3084 855 3144 quarto
929 3073 1133 3142 Regum
1194 3073 1505 3127 mandatum
1563 3083 1644 3128 est
1709 3074 1938 3138 litteris,

352 3176 566 3222 mortuo
605 3165 815 3231 Achab,
848 3181 1027 3235 regem
1056 3163 1211 3218 Moab
1249 3164 1654 3233 praevaricatum
1688 3180 1807 3222 esse
1842 3164 1941 3218 fce-

350 3261 451 3314 dus
483 3259 624 3328 quod
653 3257 882 3312 habebat
913 3272 1036 3311 cum
1087 3271 1211 3326 rege
1254 3254 1439 3311 Israel.
1466 3254 1648 3311 Joratn
1705 3267 1882 3310 autem
1910 3271 1941 3312 ο

353 3351 600 3404 Samaria
647 3350 858 3404 misisse
882 3350 947 3403 ad
983 3347 1243 3418 Josapltat
1274 3363 1452 3418 regem
1481 3346 1615 3402 Juda
1667 3348 1938 3413 nuntium,

353 3445 405 3494 in
443 3443 556 3496 lucc
589 3444 782 3497 verba:
809 3461 827 3493 ι
875 3441 992 3496 Rex
1021 3440 1179 3495 Moab
1223 3440 1607 3509 praevaricatus
1633 3449 1716 3494 est
1746 3439 1796 3493 in
1833 3453 1938 3493 me.

352 3535 410 3590 Si
452 3537 556 3590 Ibis
583 3551 794 3590 mecum
823 3545 1014 3589 contra
1045 3534 1196 3588 Moab
1225 3535 1290 3587 ad
1315 3534 1599 3606 praelium?
1625 3533 1690 3586 Et
1716 3548 1940 3602 respon-

351 3629 470 3682 dit:
522 3627 848 3682 Ascendam.
890 3625 954 3678 Et
981 3626 1115 3679 abiit
1143 3640 1232 3678 rex
1266 3624 1451 3689 Israel,
1481 3635 1535 3677 et
1578 3639 1668 3678 rex
1697 3623 1857 3687 Iuda,
1883 3633 1940 3678 et

354 3733 451 3772 rex
504 3717 672 3771 Edoni
703 3715 770 3769 ³³.
800 3735 818 3767 ι
852 3715 1146 3770 Considera
1175 3715 1338 3783 igitur
1364 3716 1634 3783 quomodo
1671 3731 1795 3769 cum
1850 3729 1938 3770 rev

351 3810 506 3879 gibus
560 3808 681 3863 istis
738 3807 902 3862 etiam
947 3821 1045 3860 rex
1086 3805 1276 3869 Edom,
1331 3806 1382 3860 id
1417 3815 1501 3861 est
1552 3806 1814 3872 Idumaeas,
1847 3821 1938 3861 ar-

353 3916 439 3956 ma
505 3898 809 3956 sociaverit.
873 3897 1210 3952 Laborantes
1249 3907 1429 3952 autem
1492 3912 1646 3967 aquae
1687 3899 1936 3968 penuria,

350 3993 718 4049 accersiertmt
752 3991 1002 4044 Elisaeum
1025 4029 1039 4053 ,
1072 3995 1320 4059 rogantes
1372 3997 1430 4042 ut
1462 3987 1685 4044 daretur
1720 3988 1850 4058 ipsis
1906 4005 1934 4043 a

353 4083 580 4140 Domino
608 4081 748 4154 quod
782 4081 1055 4152 petebant.
1099 4080 1217 4146 Quo
1252 4077 1419 4144 facto,
1447 4077 1692 4134 Moabitae
1743 4079 1795 4134 in
1842 4095 1935 4149 po-

352 4184 601 4230 testatem
648 4181 932 4236 venerunt,
967 4168 1132 4246 264
1170 4179 1226 4225 ut
1254 4169 1394 4226 infra
1443 4172 1748 4242 exponitur.
1809 4173 1934 4230 Irati

349 4283 478 4337 ergo
501 4265 745 4322 Moabitae
782 4263 1063 4330 Israelitis,
1091 4281 1119 4315 ιι
1144 4264 1340 4333 quibus
1379 4263 1507 4320 olim
1557 4267 1684 4322 victi
1730 4279 1932 4336 essent,

352 4355 524 4411 Iidom
561 4371 687 4424 rege
726 4355 856 4426 ipsis
881 4368 1036 4422 opem
1069 4351 1293 4417 ferente,
1323 4353 1578 4422 quoniam
1609 4355 1932 4426 laederejatn

349 4459 592 4502 mortuos
641 4445 958 4516 nequibant,
995 4445 1102 4497 alia
1137 4445 1344 4498 ratione
1370 4456 1664 4514 peccarunt
1712 4447 1767 4502 in
1808 4449 1934 4503 reli-

2051 589 2387 663 λεσφόρητον
2430 593 2616 657 αὐτοῖς
2642 593 2742 666 τὴν
2776 592 2960 646 πίστιν
2989 588 3419 660 ἁπαμϐλὼσκειν
3457 601 3643 655 παρα-

2053 683 2402 751 σκευάζουσι,
2433 684 2720 749 λαλοῦντες
2747 686 2930 748 αὐτοῖς
2948 683 3018 736 τὰ
3039 679 3464 753 διεστραμμένα,
3493 677 3643 746 ἐρευ-

2051 778 2274 850 γόμενοι
2293 795 2354 832 τε
2379 777 2448 832 τὰ
2479 777 2588 832 ἀπὸ
2616 779 2847 850 καρδίας
2875 776 3074 842 αὐτῶν,
3100 775 3201 828 οὐκ
3229 771 3337 826 ἀπὸ
3368 768 3641 837 στόματος

2052 871 2283 941 Κυρίου.
2320 889 2337 921 ι
2364 869 2526 938 Λέγει
2558 871 2670 942 γὰρ
2708 869 2906 934 οὐδεὶς,
2947 869 3030 922 ὅτι
3074 865 3277 937 Κύριος
3321 858 3546 929 Ἰησοῦς,
3587 858 3640 910 εί

2053 962 2130 1034 μὴ
2165 964 2224 1015 ἐν
2249 961 2530 1032 Πνεύματι
2575 963 2737 1034 ἁγίῳ,
2774 982 2793 1014 υ
2839 961 2953 1016 ἀλλ’
2993 959 3117 1013 οὐδὲ
3147 955 3394 1025 ἀνάθεμα
3436 950 3638 1023 Ἰησοῦ,

2053 1057 2102 1107 εἰ
2133 1053 2208 1127 μὴ
2237 1056 2296 1108 ἐν
2321 1053 2671 1118 Βεελζεϐούλ.

2655 1146 2911 1200 ΚΕΦΑΛ.
2957 1142 3032 1196 B'.

2128 1237 2274 1293 Τάδε
2302 1238 2464 1309 λέγει
2495 1238 2708 1307 Κύριος
2728 1253 2743 1268 ·
2787 1236 2917 1291 Ἐπὶ
2946 1236 3077 1302 ταῖς
3106 1234 3306 1302 τρισὶν
3333 1232 3638 1298 ἀσεϐείαις

2051 1333 2246 1394 Μωὰϐ,
2282 1331 2379 1384 καὶ
2414 1329 2511 1383 ἐπὶ
2557 1329 2688 1394 ταῖς
2719 1327 3056 1398 τέσσαρσιν
3097 1328 3209 1382 οὐκ
3247 1323 3639 1392 ἀποστραρήο

2052 1441 2233 1492 σομαι
2291 1423 2534 1488 αὐτοὺς,
2592 1423 2722 1476 ἀνθ’
2773 1414 2859 1476 ὧν
2914 1419 3302 1474 κατέκαυσαν
3358 1417 3431 1470 τὰ
3483 1413 3640 1470 ὀστᾶ

2046 1513 2355 1579 ,ϐασιλέως
2385 1512 2722 1579 Ἰδουμαίας
2743 1514 2829 1577 εὶς
2852 1511 3085 1564 κονίαν.
3111 1509 3217 1564 Καὶ
3245 1505 3639 1572 ἐξαποστελῶ

2051 1606 2172 1674 πῦρ
2224 1607 2312 1670 εἰς
2368 1604 2568 1669 Mode,
2617 1603 2716 1656 καὶ
2775 1601 3172 1671 καταφάγεταί
3227 1599 3468 1670 θεμέλια
3516 1596 3639 1651 τῶν

2052 1703 2288 1754 πόλεων
2343 1696 2553 1767 αὐτῆς,
2615 1697 2712 1749 καὶ
2773 1694 3156 1750 ἀποθανεῖται
3211 1693 3281 1745 ἐν
3334 1689 3638 1758 ἀδυναμίᾳ

2052 1789 2249 1854 Mcoth,
2283 1790 2436 1858 μετά
2472 1785 2676 1858 φωνῆς
2736 1787 2834 1841 καὶ
2872 1785 3025 1856 μετὰ
3069 1781 3335 1853 κραυγῆς
3378 1781 3637 1850 σάλπιγ-

1978 1866 2169 1955 Βγος.
2227 1884 2334 1938 Καὶ
2400 1881 2815 1949 ἐξολοθρεύσω
2870 1878 3084 1947 κριτὴν
3133 1876 3204 1940 ἐξ
3261 1874 3478 1940 αὐτῆς,
3533 1872 3636 1926 καὶ

2045 1979 2277 2044 πάντας
2298 1975 2440 2042 τοὺς
2457 1973 2755 2044 ἄρχοντας
2772 1968 3080 2026 ἀποκτενῶ
3099 1969 3225 2038 μετ’
3239 1963 3450 2033 αὐτῆς,
3471 1963 3636 2035 λέγει

2045 2075 2280 2143 Κύριος.

2116 2165 2217 2219 II".
2256 2161 2545 2218 Μωαϐῖται
2587 2157 2750 2213 πάλιν
2783 2155 3240 2225 δεδυσσεὸήκασιν
3279 2152 3338 2205 ού
3372 2147 3632 2221 μετρίως,

2043 2259 2118 2323 ὡς
2150 2256 2408 2310 ἐπέκεινα
2439 2252 2624 2307 λοιπὸν
2655 2252 2748 2304 καὶ
2789 2249 2988 2311 αὐτοὺς
3024 2247 3215 2299 ἐλόὶσαι
3261 2243 3360 2311 τῆς
3407 2240 3636 2310 ἐνούσης

2043 2345 2381 2420 ἡμερότητός
2418 2362 2478 2396 τε
2510 2345 2604 2396 καὶ
2647 2339 2999 2408 ἀνεξικακίας
3030 2335 3108 2407 τῷ
3151 2335 3260 2388 τῶν
3304 2333 3442 2388 ὅλων
3476 2329 3619 2400 Θεῷ.

2059 2437 2370 2507 Ἐπίκλημα
2404 2435 2460 2489 δέ
2498 2435 2680 2498 αὐτοῖς
2721 2434 2754 2502 ἡ
2793 2432 2872 2494 εἰς
2915 2428 3112 2499 νεκρὸν
3142 2424 3408 2498 ἁμαρτία,
3442 2423 3504 2476 τὸ
3534 2423 3638 2491 ἐμ-

2046 2533 2274 2604 πρῆσαι,
2306 2528 2546 2600 φησὶ,τὰ
2577 2527 2712 2580 ὀστᾶ
2733 2524 2826 2578 τοῦ
2857 2521 3120 2594 βασιλέως
3151 2520 3252 2590 τῆς
3295 2515 3632 2588 Ἰδουμαίων·

2045 2625 2328 2696 ἐμπρῆσαι
2385 2621 2444 2674 δέ
2514 2617 2728 2684 οῦτως,
2784 2617 2860 2680 ὡς
2907 2613 3278 2683 κατιηνῶσαι
3329 2610 3512 2664 λοιπὸν
3553 2610 3638 2672 εἰς

2043 2717 2172 2788 χοῦν
2195 2716 2292 2770 καὶ¹
2324 2715 2530 2769 κονίαν.
2567 2713 2632 2767 Τί
2664 2710 2846 2764 τοίνυν
2879 2709 2936 2762 τὸ
2964 2707 3251 2775 ἐγκλημας
3296 2703 3490 2765 Μῖσος,
3537 2697 3644 2754 καὶ

2045 2805 2433 2880 ἀπανθρωπία,
2481 2805 2578 2859 καὶ
2610 2803 2864 2874 ἀχάλινος
2907 2799 3170 2868 ἁγριότης
3219 2793 3363 2849 κατὰ
3408 2792 3515 2847 τῶν
3566 2791 3636 2858 ἐξ

2057 2901 2297 2974 Ἰσραήλ.
2344 2895 2766 2970 Ἐμπεπρῆσθαι
2804 2894 2911 2965 γὰρ
2959 2894 3058 2962 οὐχ
3102 2891 3292 2961 ἐτέρου
3340 2902 3433 2940 του
3470 2885 3648 2956 χάριν

2041 2997 2110 3051 τὰ
2141 2993 2236 3048 τοῦ
2274 2991 2738 3064 μνημονευθέντος
2775 2986 3036 3060 βασιλέως
3077 2985 3214 3036 ὀστᾶ
3249 2980 3380 3052 φαίη
3415 2997 3500 3042 τις
3543 2977 3642 3042 ἂν,

2041 3089 2074 3160 ἦ
2117 3087 2276 3158 μόνον
2301 3085 2466 3138 ἕνεκα
2492 3081 2601 3136 τῶν
2627 3083 2686 3147 ἐξ
2735 3078 2971 3151 Ἰσραήλ.
3033 3077 3189 3146 Σαφῆ
3231 3074 3289 3128 δέ
3337 3066 3502 3126 οὖσαν
3531 3071 3640 3143 τὴν

1969 3221 2010 3279 c
2048 3179 2290 3250 ἱστορίαν
2331 3177 2418 3232 διὰ
2469 3173 2716 3247 βραχέων
2742 3174 3118 3243 ἀφηγήσομαι.
3161 3166 3364 3279 ζΕνὶτῇ.
3396 3164 3643 3279 τετάρτῃ

2043 3273 2358 3341 γέγραπται
2404 3267 2512 3321 τῶν
2557 3263 2871 3327 ΒασιλειῖΝ,
2918 3264 3003 3316 ὅτι
3049 3259 3187 3332 μετὰ
3234 3259 3295 3312 τὸ
3341 3255 3641 3312 ἀποθανεῖν

2059 3359 2282 3432 ’Λχαὰ6,
2309 3359 2546 3430 ἡθέτησε
2591 3355 2768 3412 Μωὰὸ
2827 3356 2885 3408 ἐν
2930 3353 3138 3424 βασιλεῖ
3191 3347 3427 3422 Ἰσραήλ.
3480 3349 3541 3402 '0
3573 3347 3640 3401 δέ

2054 3449 2243 3520 Ἰωρὰν
2273 3449 2338 3501 ἐκ
2368 3446 2684 3517 Σαμαρείας
2711 3443 3000 3499 ἀπέστειλε
3044 3441 3180 3515 πρὸς
3229 3438 3498 3509 Ἰωσαφὰτ
3538 3438 3641 3511 βα.-

2042 3541 2196 3596 σιλέα
2241 3539 2415 3594 Ἰούδα
2433 3557 2447 3570 ο
2487 3559 2504 3590 ι
2541 3538 2802 3602 Βασιλεὺς
2824 3535 2998 3590 Μωὰδ
3025 3536 3289 3608 ἠθέτησεν
3316 3536 3374 3588 ἐν
3397 3532 3537 3604 ἐμοί.
3566 3531 3639 3585 El

2041 3633 2286 3706 πορεύσῃ
2316 3633 2433 3705 μετ’
2469 3632 2606 3704 ἐμοῦ
2638 3632 2728 3685 ἐπὶ
2762 3630 2936 3686 Μωὰὸ
2973 3633 3053 3694 εἰς
3095 3629 3369 3699 πόλεμονς
3410 3627 3520 3682 Καὶ
3558 3620 3640 3676 εἷ-

2039 3743 2162 3780 πεν·
2210 3725 2599 3796 Ἀναόήσομαι.
2629 3725 2738 3778 Καὶ
2758 3723 3030 3794 ἐπορεύθη
3072 3725 3100 3778 6
3143 3721 3395 3792 βασιλεὺς
3437 3718 3637 3784 Ἰούδα,

2039 3819 2135 3873 καὶ
2173 3820 2202 3873 6
2248 3816 2500 3888 βασιλεὺς
2555 3814 2798 3887 Ἰσραὴλ,
2839 3815 2936 3868 καὶ
2973 3814 3004 3866 6
3051 3812 3304 3884 βασιλεὺς
3364 3809 3562 3880 Ἐδώμ.
3609 3830 3632 3862 ι

2043 3911 2236 3984 Ἀθρει
2269 3910 2334 3982 δὴ
2367 3906 2460 3964 οῦν
2486 3910 2636 3972 ὅπως
2662 3906 3031 3970 συνωπλίζετο
3070 3909 3184 3970 τοῖς
3226 3903 3505 3976 βασιλεῦσι
3535 3903 3640 3957 καὶ

2036 4007 2064 4058 6
2105 4002 2362 4073 βασιλεὺς
2396 3999 2596 4072 Ἑδὼμ,
2620 3998 2889 4061 τουτέστι,
2914 3999 3013 4069 τῆς
3045 3995 3371 4067 Ἰδουμαίας.
3410 3992 3636 4066 Ἐπειδὴ

2035 4093 2093 4150 δὲ
2125 4089 2265 4166 ἦσαν
2295 4091 2502 4146 ὑδάτων
2530 4092 2588 4144 ἐν
2630 4089 2846 4156 σπάνει,
2881 4087 3294 4160 μετεπέμποντο
3317 4083 3406 4139 τὸν
3453 4082 3636 4138 Ἑλισ-

2037 4188 2212 4251 σαῖον,
2236 4186 2330 4240 καὶ
2359 4183 2707 4256 παρεκάλουν
2747 4182 2967 4254 δοθῆναι
2996 4181 3146 4253 παρὰ
3169 4179 3305 4234 Θεοῦ
3345 4177 3406 4232 τὸ
3439 4176 3639 4248 ζητού-

2039 4291 2219 4346 μενον.
2253 4267 2328 4330 Οὖ
2354 4273 2418 4342 δὴ
2447 4272 2755 4342 γεγονότος,
2781 4273 3002 4342 ἥλωσαν
3029 4271 3341 4334 Μωαίπται,
3370 4267 3516 4322 καθὰ
3541 4267 3636 4336 γέ-

2034 4382 2278 4436 γραπται
2321 4363 2442 4435 μεθ’
2482 4363 2664 4434 ἕτερα.
2725 4362 3156 4434 Ἐπιμηνιῶντες
3198 4361 3378 4414 τοίνυν
3421 4360 3472 4412 οἱ
3516 4358 3634 4412 ἀπὸ

2035 4456 2210 4511 Μωᾶὃ
2249 4457 2331 4510 ὅτι
2377 4457 2696 4526 νενικήκασι
2732 4455 2875 4510 κατὰ
2921 4454 3150 4526 καιροὺς
3194 4455 3241 4506 oi
3278 4452 3338 4517 ἐξ
3385 4451 3629 4522 Ἰσραὴλ,

346 4542 524 4612 quias,
558 4543 680 4608 igne
711 4554 806 4592 eas
844 4538 1190 4592 absumentes
1223 4547 1277 4591 et
1321 4549 1495 4605 neque
1549 4537 1762 4593 ossibus
1807 4555 1934 4610 par-

2046 4547 2414 4619 ἐπαμύνοντος
2457 4547 2644 4609 αὐτοῖς
2691 4547 2789 4600 καὶ
2829 4545 3215 4613 συνεξάγοντος
3236 4543 3331 4596 τοῦ
3357 4541 3631 4612 βασιλέως

347 4646 556 4700 centes,
574 4642 737 4702 atque
763 4631 832 4684 ita
857 4628 1112 4686 Israelitis
1135 4626 1374 4683 funditus
1393 4645 1422 4683 a
1447 4643 1508 4684 se
1530 4629 1742 4699 deletis,
1765 4633 1927 4688 etiam

346 4726 586 4795 ipsorum
621 4721 909 4793 aliquando
964 4721 1169 4775 socium
1202 4719 1530 4788 adjecerunt.
1563 4720 1743 4788 Quare
1795 4739 1930 4781 exu-

344 4827 485 4872 stum
531 4817 592 4872 iri
628 4816 761 4872 dicit
795 4815 956 4872 urbes
985 4813 1247 4883 ipsorum,
1269 4822 1325 4867 et
1379 4812 1524 4882 ipsos
1549 4814 1820 4884 perituros
1870 4816 1925 4871 in

347 4909 684 4978 impotentia,
718 4923 826 4964 non
855 4906 1043 4963 morbo
1078 4905 1392 4968 exhaustos,
1424 4921 1523 4960 nec
1547 4908 1927 4964 communibus

344 4999 806 5055 invaletndinibus
834 4999 1291 5066 contabefactos,t
1327 4997 1423 5054 sed
1453 5012 1574 5070 cum
1615 4997 1927 5056 clamoreet

343 5105 481 5147 voce
547 5091 709 5155 tubae,
752 5109 772 5143 ι
810 5091 915 5146 hoc
960 5099 1062 5155 est,
1109 5091 1253 5148 sicut
1305 5090 1360 5144 in
1386 5089 1528 5146 bello
1556 5097 1612 5146 et
1652 5089 1926 5148 conﬂictu.

346 5183 562 5239 Judices
593 5197 805 5252 quoque
823 5191 878 5237 et
905 5182 1178 5252 principes
1210 5197 1315 5237 una
1342 5197 1464 5237 cum
1501 5181 1731 5238 subditis
1769 5185 1933 5240 inter-

347 5279 520 5333 ituros
555 5276 806 5330 minatur.
846 5275 922 5327 Illi
945 5274 1141 5342 quippe
1181 5273 1338 5342 hujus
1371 5274 1582 5330 consilii
1623 5283 1679 5331 et
1732 5275 1934 5348 incepti

345 5380 619 5435 auctores,
643 5375 698 5422 et
747 5364 911 5418 totius
967 5361 1260 5432 impietatis
1287 5363 1407 5420 aliis
1458 5365 1616 5435 plane
1677 5381 1932 5424 suasores

345 5461 581 5516 fuerunt.

2050 4638 2249 4710 Ἐδὼμ.
2278 4636 2466 4708 ἐπειδὴ
2525 4636 2836 4692 τεθνεώτων
2865 4639 3055 4690 λυπεῖν
3095 4637 3194 4690 οῦκ
3228 4632 3392 4705 εἶχον,
3419 4633 3629 4704 ἑτέρως

2036 4728 2578 4800 πεπλημμελήκασιν
2613 4730 2692 4791 εἰς
2721 4726 2781 4780 τὸ
2814 4727 3087 4798 λείψανον,
3112 4727 3246 4798 πυρὶ
3273 4722 3626 4786 δαπανῶντες

2037 4821 2220 4885 αὑτὸν,
2247 4821 2341 4873 καὶ
2374 4819 2510 4889 μηδὲ
2547 4819 2720 4872 ὀστῶν
2745 4818 2825 4872 ἔτι
2868 4819 3196 4889 φειδόμενοι,
3238 4815 3624 4888 προστιθέντες

2033 4912 2091 4966 δὲ
2123 4912 2312 4984 ὥσπερ
2339 4911 2768 4983 ὠλοθρευμένοις
2807 4913 2916 4975 τοῖς
2947 4911 3006 4978 ἐξ
3039 4911 3251 4982 Ἰσραὴλ
3284 4911 3375 4962 τὸν
3398 4909 3624 4962 ἐπίκου-

2037 5023 2130 5078 ρον
2166 5005 2349 5068 αὐτοῖς
2388 5004 2647 5073 γεγονότα
2683 5005 2826 5062 κατὰ
2867 5004 3114 5076 καιρούς.
3158 5002 3367 5056 Οὐκοῦν
3407 5005 3620 5074 ἐμπρη-

2037 5097 2333 5168 σθήσεσθαί
2357 5113 2488 5166 φησι
2508 5097 2607 5161 τὰς
2628 5097 2811 5160 πόλεις
2832 5095 3033 5159 αὐτῶν,
3061 5097 3155 5149 καὶ
3176 5095 3375 5158 αὐτοὺς
3403 5093 3458 5147 δὲ
3489 5095 3620 5146 ἀπο-

2031 5187 2241 5242 λεῖσθαι
2286 5187 2344 5240 ἐν
2382 5184 2674 5258 ἀδυναμίᾳ,
2710 5187 2770 5239 οῦ
2812 5187 2952 5258 νόσῳ
3000 5185 3450 5256 μαραινομένους,
3495 5182 3620 5236 ούδέ

2029 5280 2150 5342 ταῖς
2173 5280 2381 5341 κοιναῖς
2437 5275 2749 5338 ἀσθενείαις
2788 5276 3249 5346 ἐκτετηγμένους,
3299 5274 3432 5328 ἀλλὰ
3477 5273 3614 5344 μετὰ

2029 5374 2278 5442 κραυγῆς
2341 5372 2435 5424 καὶ
2485 5367 2625 5440 μετὰ
2691 5368 2876 5439 φωνῆς
2934 5367 3254 5438 σάλπιγγος,
3308 5367 3610 5431 τουτέστιν,
3652 5417 3661 5426 ,

2027 5461 2104 5526 ὡς
2133 5462 2192 5514 ἐν
2237 5461 2460 5532 πολέμῳ
2488 5461 2581 5514 καὶ
2611 5459 2778 5531 μάχῃο
2818 5459 3032 5512 ἀπειλεί
3055 5459 3133 5524 δέ,
3173 5462 3257 5515 ὃτι
3297 5458 3482 5529 κριταὶ
3515 5456 3612 5511 καὶ

341 5557 603 5628 ἄρχοντες
638 5552 1061 5612 συναπολοῦνται
1083 5551 1271 5627 [μετὰ]
1293 5551 1404 5610 τῶν
1435 5553 1899 5626 ὑπεστρωμένων.
1921 5556 2089 5610 Αὐτοὶ
2115 5557 2222 5631 γὰρ
2246 5553 2414 5630 ἦρχον
2447 5556 2644 5627 βουλῆς
2665 5557 2759 5609 καὶ
2793 5556 3232 5629 ἐγχειρημάτων,
3258 5559 3351 5612 καὶ
3367 5556 3466 5628 τῆς
3481 5556 3613 5628 ὅλης

339 5647 655 5714 δυσσεὸείας
704 5648 922 5712 πάντως
967 5663 1070 5700 που
1113 5645 1370 5714 γεγόνασι
1421 5649 1533 5710 τοῖς
1581 5645 1761 5710 ἄλλοις
1808 5649 2115 5720 εἰσηγηταῇ

418 5829 457 5862 ⁸⁸
496 5833 614 5886 Act.
652 5847 742 5899 xx,
784 5831 874 5889 50.
949 5829 995 5864 ³³
1030 5828 1052 5888 I
1089 5828 1214 5888 Cor.
1248 5842 1348 5902 xu,
1389 5826 1443 5884 '5.
1521 5824 1567 5860 ³³
1598 5823 1665 5882 IV
1707 5824 1840 5898 Reg.
1886 5843 1968 5898 ιιι,
1998 5828 2112 5886 7-9.
