3948 6208
355 237 464 292 457

1313 246 1862 307 COMMENTARIUS
1902 250 1966 305 IN
2006 252 2196 309 AMOS
2230 254 2670 314 PROI‘HETAM.

3519 268 3618 321 4'53

437 351 581 451 Τάδε
616 354 779 421 λέγει
805 357 1019 425 Κύριος
1040 376 1051 388 θ
1102 359 1230 413 Ἐπί
1264 362 1391 429 ταῖς
1422 366 1619 431 τρισὶν
1643 368 1940 435 ἀσεϐείαις

2117 371 2282 427 Vens.
2320 374 2374 436 ό,
2412 375 2463 431 5.
2524 374 2651 429 Haec
2707 377 2831 429 dicit
2894 377 3186 433 Dominus:
3226 379 3393 451 Super
3456 384 3619 435 tribus

356 441 504 498 υἱῶν
532 444 747 507 Ἰούδα,
766 446 865 499 καὶ
879 449 975 502 ἐπὶ
992 449 1121 516 ταῖς
1137 453 1493 522 τέσσαρσιν,
1513 458 1622 512 οὐκ
1641 459 1942 527 ἀποστραο

352 536 627 606 βοήσομαι
658 538 903 606 αὐτοὺς,
943 541 1151 597 ἕνεκεν
1189 545 1293 600 τοῦ
1332 546 1689 605 ἀπώσασθαι
1718 552 1940 618 αὐτοὺς

351 627 462 681 τόν
486 632 677 698 νόμον
701 633 942 700 Κυρίου,
965 636 1061 689 καὶ
1080 637 1149 692 τὰ
1179 640 1605 711 προστάγματα
1620 644 1806 698 αὐτοῦ
1828 648 1938 699 οὐκ

349 721 763 790 ἐφυλάξαντο,
781 727 879 778 καὶ
895 726 1253 797 ἐπλάνησαν
1267 733 1490 798 αὐτοὺς
1512 733 1585 787 τὰ
1590 736 1812 804 μάταια
1830 739 1938 790 αὺ-

350 813 491 875 τῶν,
528 814 567 869 ἂ
600 815 918 884 ἐποίησαν,
950 817 1039 886 οῖ,-
1067 819 1562 890 ἐξηκολούθησαν
1593 827 1647 879 ot
1689 827 1941 894 πατέρες

348 908 555 961 αὐτῶν
592 910 791 963 ὀπίσω
828 910 1049 965 αὐτῶν.
1092 914 1201 968 Καὶ
1250 914 1639 979 ἐξαποστελῶ
1690 919 1806 988 πῦρ
1839 920 1938 974 ἐπὶ

364 998 578 1067 Ἰούδα,
622 1001 722 1055 καὶ
764 1002 1164 1074 καταράγεται
1223 1007 1465 1077 θεμέλια
1520 1009 1936 1082 Ἰερουσαλήμ.

423 1138 523 1192 1Δ’.
565 1138 1076 1210 Προσεπενήνεκται
1115 1145 1227 1206 τοῖς
1276 1144 1499 1214 ἀνόμοις
1537 1144 1713 1199 ἔθνεσι
1766 1147 1861 1199 καὶ
1912 1149 1941 1200 ό

348 1231 505 1300 νόμῳ
566 1231 1084 1303 παιδαγωγούμενος
1146 1233 1343 1298 Ἰούδας
1366 1252 1381 1268 ο
1433 1238 1940 1310 άπροσωπόληπτος

346 1321 460 1392 γὰρ
494 1324 525 1375 ὁ
549 1323 764 1392 κριτής.
808 1322 931 1377 Ὅτι
962 1324 1018 1376 δὲ
1062 1324 1488 1395 πλημμελοῦντα
1517 1328 1797 1398 ἠνέσχετο,
1844 1329 1938 1383 καὶ

344 1413 745 1483 διεκαρτέρησε
780 1415 986 1485 μακρὰ,
1017 1415 1097 1485 τῷ
1132 1416 1224 1468 ἐπὶ
1267 1417 1427 1489 τρίτῃ
1475 1418 1631 1488 μόλις
1692 1420 1938 1489 ἁμαρτίᾳ

347 1505 447 1557 καὶ
478 1503 587 1574 μὴν
609 1505 705 1557 καὶ
728 1505 966 1579 τετάρτῃ
986 1507 1307 1579 κεκινῆσθαι
1341 1510 1506 1578 δηλοῖ.
1552 1510 1742 1564 Καίτοι
1768 1512 1938 1582 ἐχρῆν

347 1599 549 1668 δήπου,
579 1598 724 1651 κατά
749 1616 812 1667 γε
843 1600 911 1653 τὸ
929 1600 1096 1667 εἰκὸς,
1120 1604 1233 1665 τοῖς
1255 1602 1354 1672 μὲν
1370 1602 1551 1666 ἄλλοις
1579 1602 1808 1667 ἔθνεσιν,
1845 1604 1939 1658 ἆτε

346 1691 412 1761 δὴ
446 1691 539 1743 τὸν
571 1690 716 1743 θεῖον
744 1692 843 1745 οὐκ
870 1690 1053 1761 ἔχουσι
1079 1694 1264 1763 νόμον,
1294 1694 1777 1766 ἀμφιλαφεστέραν
1805 1697 1939 1749 ἀπο-

348 1784 536 1853 νέμειν
563 1783 665 1852 τὴν
692 1783 1026 1853 ἡμερότητα,
1051 1783 1147 1836 καὶ
1176 1784 1237 1836 τὸ
1263 1783 1361 1854 τῆς
1390 1784 1720 1857 συγγνώμης
1746 1786 1933 1839 ἐπιδα-

346 1874 670 1943 ψιλεύεσοαι
727 1874 924 1945 μῆκος,
980 1874 1211 1939 ἐξαιτεῖν
1260 1875 1318 1928 δὲ
1365 1877 1465 1946 τῆς
1516 1876 1788 1948 ῥᾳθυμίας
1832 1878 1930 1943 τὰς

342 1968 503 2028 δίκας
558 1968 903 2039 παραχρῆμα
948 1967 1042 2021 τὸν
1082 1967 1318 2039 Ἰσραὴλ,
1368 1968 1463 2022 ἆτε
1512 1969 1576 2040 δὴ
1622 1970 1717 2023 καὶ
1780 1971 1930 2024 ἐντε-

342 2060 668 2131 θραμμένον
694 2062 806 2124 τοῖς
838 2061 1001 2124 θείοις
1036 2061 1356 2131 ὲντάλμασι,
1394 2062 1488 2114 καὶ
1522 2062 1618 2134 τὴν
1667 2061 1761 2116 τοῦ
1798 2080 1934 2133 συμ-

343 2154 610 2224 φέροντος
642 2154 743 2206 οὐκ
767 2155 1074 2224 ὴγνοηκότα
1113 2155 1320 2225 τρίϐον.
1370 2155 1508 2209 Ἀλλ’
1539 2155 1797 2226 ἠνέσχετο
1841 2156 1934 2209 καὶ

340 2247 453 2299 τῶν
486 2246 705 2299 εἰδότων
731 2246 825 2299 τὸν
857 2246 1039 2316 νόμον,
1072 2246 1148 2310 ὼς
1200 2246 1274 2319 μὴ
1320 2248 1658 2316 ἐγνωκότων.
1713 2245 1933 2316 Ἐπειδὴ

340 2339 393 2392 δὲ
442 2341 529 2403 εἰς
567 2337 723 2407 λῆξιν
770 2338 869 2409 ἤδη
912 2339 1246 2408 φαυλότητος
1298 2340 1392 2392 καὶ
1423 2338 1699 2409 λογισμῶν
1744 2338 1933 2391 σκαιό-

340 2447 513 2500 τητος
565 2429 1042 2499 ἀπενηνεγμένους
1093 2430 1389 2484 κατεθεᾶτο
1429 2429 1635 2494 λοιπὸν,
1672 2429 1791 2482 τότε
1840 2429 1934 2481 καὶ

342 2523 537 2584 αὐτοῖς
568 2524 679 2585 τοῖς
724 2522 1116 2595 Ἱεροσολύμοις
1154 2523 1316 2594 φησὶν
1357 2524 1665 2594 ἐπαφήσειν
1708 2521 1768 2574 τὸ
1799 2520 1932 2593 πῦρ,

344 2614 443 2667 καὶ
485 2613 683 2685 μέχρις
716 2614 895 2668 αὐτῶν
924 2615 1228 2686 δαπανῆσαι
1258 2614 1470 2687 βάθρων
1508 2615 1607 2686 τὴν
1635 2614 1777 2667 οὕτω
1797 2614 1937 2684 λαμ-

344 2706 499 2775 πράν
513 2723 574 2759 τε
592 2706 687 2759 καὶ
721 2705 1063 2777 περιώνυμον
1093 2707 1267 2760 πόλιν.
1304 2706 1414 2759 Καὶ
1446 2705 1673 2759 πλεῖστα
1709 2706 1808 2776 μὲν
1835 2706 1936 2759 ὅσα

344 2801 459 2851 τῶν
494 2798 556 2863 es
613 2797 829 2868 Ἰσραὴλ
868 2797 939 2850 τὰ
970 2797 1310 2869 ἐγκλήματα,
1349 2797 1584 2868 μάλιστα
1626 2796 1683 2849 δὲ
1718 2796 1936 2850 πάντων

345 2889 670 2942 ἐπαιτιᾶται
702 2887 833 2951 Θεὸς
873 2887 934 2940 τὸ
976 2890 1095 2951 ταῖς
1128 2887 1239 2940 τῶν
1276 2888 1527 2959 πατέρων
1572 2888 1937 2958 ἐπακολουθῆ-

349 2998 441 3035 σαι
480 2980 732 3042 πλάναις.
763 2980 826 3032 Ol
860 2979 958 3049 μὲν
991 2979 1100 3049 γὰρ
1126 2979 1204 3032 ἔτι
1238 2983 1357 3043 ταῖς
1390 2981 1702 3047 Αἰγυπτίων
1743 2980 1937 3032 πλεον-

348 3074 527 3140 εξίαις
562 3072 980 3143 ὑπεζευγμένοι,
1012 3072 1108 3126 καλ¹
1152 3074 1263 3136 τοῖς
1297 3073 1523 3127 ἐκείνων
1561 3071 1711 3151 ἔθεσί
1738 3088 1797 3124 τε
1839 3071 1933 3125 καὶ

348 3167 542 3236 νόμοις
573 3162 1022 3233 ὲντεθραμμένοι,
1057 3161 1243 3232 μόσχῳ
1279 3162 1340 3215 τὸ
1384 3160 1549 3223 σέϐας
1581 3162 1856 3231 ἀνῆπτον⁸
1882 3161 1931 3212 οἱ

348 3257 401 3310 δὲ
458 3258 561 3327 τὴν
604 3256 1005 3328 παμμόχθηρον
1032 3256 1250 3327 ἐκείνην
1278 3254 1637 3325 διαφυγόντες
1672 3252 1938 3317 δουλείαν,

350 3350 445 3402 καὶ
477 3352 595 3410 τοῖς
626 3348 790 3412 θείοις
825 3349 1122 3419 ὲντὰλμασι
1166 3346 1520 3418 πολυτρόπως
1561 3343 1943 3413 παιδαγωγου-

354 3457 512 3511 μενοι
544 3440 684 3510 πρὸς
710 3439 772 3493 τὸ
813 3440 1011 3494 εἰδέναι
1054 3439 1240 3509 σαφῶς
1267 3439 1328 3492 τὸ
1358 3438 1477 3507 Θεῷ
1510 3435 1724 3501 δοκοῦν,
1751 3436 1945 3488 ἁνόπιν

355 3532 535 3593 ἰόντες
566 3532 872 3601 ἡλίσκοντο,
905 3533 1001 3584 καὶ
1032 3533 1109 3595 εἰς
1138 3531 1237 3604 τὴν
1269 3530 1379 3584 τῶν
1426 3529 1674 3600 πατέρων
1706 3544 1943 3581 κατασυ-

356 3625 584 3696 ρόμενοι
619 3624 911 3695 πλάνησιν,
946 3625 1126 3677 καίτοι
1167 3624 1241 3696 μὴ
1294 3625 1351 3677 ὲν
1399 3624 1534 3686 ίσοις
1564 3621 1794 3693 ὁρᾶσθαι
1838 3637 1939 3673 κα-

357 3720 479 3780 κοῖς
508 3716 654 3787 τάχα
696 3735 797 3770 που
831 3718 925 3771 καὶ
953 3717 1184 3780 δεδιότες
1225 3717 1300 3780 ὠς
1329 3716 1586 3779 ἀκαλλὲς.
1622 3717 1942 3786 Προσκεκυ.

355 3808 559 3878 νήκασι
598 3808 707 3879 γὰρ
752 3811 845 3863 καὶ
876 3809 1028 3863 αὐτοὶ
1063 3812 1181 3873 ταῖς
1220 3808 1485 3879 δαμάλεσι
1526 3810 1647 3871 ταῖς
1694 3808 1943 3879 χρυσαῖς.

2046 464 2397 531 impietatibus
2445 466 2676 533 ﬁliorum
2717 467 2885 533 Juda,
2936 479 2984 523 et
3034 487 3191 539 super
3236 481 3463 542 quatuor
3520 490 3620 527 non

2042 568 2333 611 convertam
2368 575 2478 622 eos,
2507 561 2728 629 ecquod
2762 563 3058 631 abjecerunt
3095 566 3195 634 ipsa
3237 565 3402 634 legem
3433 566 3607 619 Domi-

2043 650 2127 711 ni,
2156 658 2201 701 et
2260 661 2513 717 prtecepta
2567 653 2679 721 ejus
2744 670 2845 707 non
2896 658 3274 721 custodierunt,
3320 668 3367 711 et
3414 659 3622 720 decepe-

2045 751 2162 793 runt
2206 757 2295 793 eos
2328 759 2459 794 vana
2497 760 2674 797 eorum
2706 762 2823 814 quae
2853 747 3111 813 fecerunt,
3143 765 3260 817 qua:
3309 751 3469 802 secuti
3498 760 3621 802 sunt

2041 841 2213 902 patres
2259 850 2439 887 eorum
2481 846 2678 902 postea.
2726 837 2793 889 Et
2824 841 3029 893 mittam
3058 841 3227 909 ignem
3277 843 3329 896 in
3367 841 3534 909 Iuda,
3571 855 3617 896 et

2041 925 2309 979 deuorauit
2345 926 2690 996 fundamenta
2710 929 3023 988 Jerusalem.

2111 1147 2250 1205 XIV.
2284 1149 2637 1221 Snltjuugitur
2672 1152 2921 1217 gentibus
2948 1154 3062 1207 sine
3093 1153 3225 1223 lege.
3260 1155 3466 1224 legibus
3493 1170 3620 1207 ern-

2042 1240 2184 1295 ditus
2243 1239 2398 1306 Juda,
2454 1258 2557 1297 non
2626 1243 2770 1297 enim
2828 1244 3045 1313 respicit
3103 1260 3383 1313 personam
3435 1243 3617 1312 judex.
3710 1230 3713 1233 ’

2042 1330 2373 1386 Sustinuisse
2401 1343 2579 1387 autem
2608 1343 2939 1402 peccantem.
2968 1345 3022 1389 et
3057 1336 3145 1389 diu
3175 1335 3429 1389 tolerasse
3456 1336 3623 1405 signi-

2043 1421 2188 1488 ﬁcat,
2217 1424 2357 1491 quod
2395 1425 2481 1478 vix
2509 1424 2721 1478 tandem
2751 1425 2934 1490 tertio,
2960 1437 3051 1479 aut
3086 1426 3247 1481 etiam
3276 1431 3469 1493 quarto
3507 1437 3623 1478 sce-

2041 1513 2154 1569 lere
2212 1526 2514 1570 commotus
2543 1524 2642 1570 est.
2686 1518 2855 1585 Atqui
2907 1516 3214 1585 postulabat
3270 1515 3518 1585 aequitas,
3569 1522 3627 1568 ut

2042 1605 2309 1671 gentibus,
2335 1620 2454 1674 quae
2480 1606 2647 1674 legem
2683 1607 2918 1660 divinam
2967 1624 3073 1662 non
3120 1608 3415 1673 habebant,
3472 1608 3625 1661 beni-

1969 1694 2299 1784 Bgnitatem
2363 1696 2678 1763 ampliorem
2756 1697 3034 1759 tribueret,
3092 1697 3368 1764 multoque
3427 1698 3626 1751 diutius

2041 1788 2379 1858 ignosceret;
2419 1788 2486 1841 ab
2527 1789 2689 1843 Israel
2731 1798 2910 1844 autem
2943 1789 3205 1843 socordiae
3257 1804 3444 1857 poenas
3504 1805 3623 1842 mox

2042 1887 2375 1949 reposceret,
2409 1889 2467 1934 ut
2525 1882 2697 1950 quiin
2734 1880 2932 1935 divinis
2999 1880 3268 1934 mandatis
3323 1882 3619 1946 educatus,

2044 1970 2132 2025 ubi
2170 1970 2272 2026 sita
2298 1983 2441 2027 esset
2490 1973 2693 2027 utilitas
2736 1988 2839 2027 non
2899 1973 3190 2043 ignoraret.
3244 1972 3349 2027 Sed
3391 1972 3626 2026 scientes

2041 2062 2214 2132 legem
2270 2078 2422 2133 aeque
2508 2073 2567 2119 ut
2623 2066 2928 2119 nescientes
2991 2064 3268 2119 sustinuit.
3336 2063 3625 2132 Postquam

2043 2170 2173 2210 vero
2239 2156 2291 2210 in
2350 2172 2616 2212 summam
2693 2159 3093 2226 improbitatem
3166 2158 3627 2227 cogitationesque

2041 2249 2391 2305 stultissimus
2416 2249 2847 2319 praecipitesjam
2874 2252 3073 2306 abiisse
3105 2251 3256 2317 vidit,
3276 2260 3388 2305 tum
3419 2250 3471 2304 in
3498 2250 3627 2303 llic-

2042 2343 2372 2413 rosolymam
2404 2344 2575 2413 ipsam
2617 2345 2791 2414 ignem
2836 2345 3125 2399 missurum
3173 2344 3324 2407 dicit,
3354 2352 3408 2398 et
3443 2342 3627 2396 urbem

2044 2434 2179 2488 adeo
2211 2434 2476 2503 insignem
2508 2443 2563 2489 et
2608 2436 2938 2488 nominatam
2968 2448 3137 2502 usque
3169 2433 3233 2485 ad
3268 2433 3625 2486 fundamenta

2041 2525 2273 2581 ﬂammis
2292 2538 2755 2596 consumpturum.
2779 2527 2840 2581 Et
2858 2527 3021 2579 multa
3041 2526 3253 2594 quidem
3280 2525 3433 2577 valde
3451 2523 3628 2577 lsrae-

2042 2618 2259 2672 litarum
2293 2618 2494 2672 scelera
2539 2616 2917 2688 reprehendit;
2970 2616 3062 2671 sed
3114 2616 3347 2669 maxime
3388 2614 3628 2668 omnium

2045 2710 2196 2775 illud,
2215 2710 2354 2779 quod
2372 2718 2583 2777 patrum
2606 2723 2816 2763 errores
2837 2708 3003 2762 secuti
3037 2706 3162 2761 sint.
3182 2706 3258 2760 Illi
3287 2707 3427 2760 enim
3456 2706 3631 2758 adhuc

2043 2800 2421 2871 Egyptiorum
2456 2800 2617 2871 265
2670 2800 2963 2854 dominatui
3011 2797 3259 2866 subjecti,
3311 2798 3632 2864 illorumque

2046 2894 2291 2948 moribus
2310 2892 2588 2963 etlegibus
2609 2890 2922 2957 assuefacti,
2958 2890 3128 2944 vitulo
3158 2889 3371 2944 divinos
3400 2889 3633 2942 honores

2046 2983 2424 3038 adhibuerunt.
2442 2982 2764 3047 Asthi,cnm
2783 2982 3094 3037 servitutem
3145 2981 3288 3034 illam
3315 2978 3633 3033 nefandissi-

2050 3093 2190 3132 mam
2212 3076 2612 3144 eﬁugissent,et
2635 3076 2934 3130 divinorum
2961 3075 3334 3128 mandatorum
3353 3071 3641 3139 disciplina

2042 3169 2372 3223 multimodis
2395 3168 2622 3223 instituti
2644 3175 2843 3231 essent,
2868 3178 2923 3221 ut
2944 3166 3229 3237 perspicue
3262 3164 3352 3216 Dei
3377 3163 3598 3231 benepla
3616 3188 3631 3200 ο

2040 3259 2206 3313 citum
2247 3259 2469 3322 scirent,
2506 3266 2650 3310 retro
2689 3257 2955 3321 conversi,
2987 3267 3042 3311 et
3080 3258 3129 3310 in
3168 3264 3378 3324 patrum
3411 3267 3629 3306 suorum

2039 3364 2278 3405 errorem
2309 3347 2563 3417 pertracti
2597 3360 2721 3401 esse
2754 3346 3067 3413 deprehensi
3118 3354 3274 3410 sunt;
3312 3344 3627 3412 quanquam

2043 3441 2267 3495 fortasse
2300 3447 2519 3509 propter
2550 3438 2936 3507 turpitudinem
2966 3439 3018 3490 in
3042 3437 3182 3490 idem
3223 3435 3421 3489 malum
3449 3433 3625 3488 videri

2046 3530 2302 3585 incidisse
2334 3539 2652 3585 metuerent.
2676 3528 2808 3583 Nam
2840 3536 2893 3583 et
2918 3528 3018 3596 ipsi
3054 3513 3270 3582 vitulos'
3301 3542 3492 3580 aureos
3542 3527 3636 3578 ad-

2048 3630 2294 3676 orarunt.
2325 3621 2502 3676 Causa
2533 3630 2710 3675 autem
2744 3619 3034 3691 impietatis
3064 3620 3221 3689 hujus
3254 3618 3527 3687 lnit,quod
3550 3620 3625 3669 lc—

2051 3728 2170 3783 gem
2200 3713 2292 3767 Dei
2346 3714 2658 3783 repulerunt
2707 3722 2760 3768 et
2796 3712 3045 3767 mandata
3096 3713 3216 3782 ejus
3269 3725 3489 3765 servare
3535 3725 3633 3761 no-

2052 3808 2291 3861 luerunt.

356 3901 543 3957 Δῖτιον
573 3904 629 3958 δὲ
660 3905 760 3977 τῆς
790 3905 1044 3976 τοιαύτης
1076 3907 1256 3971 αὐτοῖς
1328 3907 1520 3976 γέγονε
1552 3905 1891 3971 δυσσεϐείας,
1920 3906 1980 3959 τὸ
2017 3904 2348 3959 ἀπώσασθαι
2407 3904 2498 3960 τὸν
2522 3905 2707 3975 νόμον
2748 3904 2979 3973 Κυρίου,
3008 3903 3102 3954 καὶ
3136 3900 3203 3954 τὰ
3235 3898 3637 3970 προστάγματα

358 4000 528 4057 αὐτοῦ
562 4001 637 4071 μὴ
673 4001 926 4072 ἐθελῆσαι
953 4006 1164 4073 τηρεῖν.

422 4118 648 4177 Οὐκοῦν
670 4117 775 4181 ἕως
802 4118 973 4189 ἐσμὲν
1006 4119 1402 4190 νομοφύλακες,
1435 4119 1528 4173 καλ⁸
1558 4117 1816 4187 φιλόθεοι,
1847 4118 1943 4171 καὶ

357 4213 551 4283 τηρεῖν
600 4210 989 4274 σπουδάζοντες
1032 4210 1100 4263 τά
1135 4209 1606 4283 προστεταγμένα,
1645 4209 1802 4278 σοφοὶ
1850 4206 1945 4261 καὶ

359 4303 599 4374 ἀγχίνοι,
634 4303 726 4354 καί
757 4302 936 4371 πάσης
968 4301 1168 4372 ἀρετῆς
1196 4301 1581 4372 ἐπιστήμονες,
1613 4299 1711 4352 καὶ
1740 4297 1792 4351 τί
1836 4295 1945 4367 γὰρ

359 4397 482 4467 οὐχ).
534 4394 646 4446 τῶν
709 4392 965 4446 τοιούτων
1017 4390 1451 4461 πεπλουτηκότες
1513 4387 1946 4461 εὑρεθησόμεθα.

2121 4116 2464 4182 Quapropter
2492 4108 2732 4179 quandiu
2777 4107 2924 4177 leges
2980 4104 3332 4167 custodimus,
3372 4113 3427 4158 et
3469 4111 3633 4157 neum

2050 4204 2345 4275 diligimus,
2377 4211 2429 4255 et
2460 4215 2577 4268 quae
2605 4205 2869 4267 prwcepta
2897 4202 3022 4248 sunt
3049 4193 3225 4255 nobis,
3260 4208 3322 4247 ea
3365 4191 3636 4247 conﬁcere

2054 4299 2353 4360 studemus,
2378 4294 2673 4363 sapientes,
2707 4290 2956 4353 solertcs,
2986 4287 3167 4342 omnis
3194 4287 3411 4340 virtutis
3454 4287 3630 4357 gnari,

2054 4399 2108 4445 et
2136 4386 2389 4443 omnibus
2416 4380 2719 4452 huiusmodi
2744 4379 2912 4448 c0piis
2944 4377 3097 4431 dilati
3147 4376 3499 4446 reperiemur.
3538 4374 3633 4428 Sin

361 4454 701 4548 Νεῖευκότες
737 4484 793 4537 δὲ
826 4484 962 4554 πρὸς
993 4483 1053 4535 τὸ
1090 4454 1351 4554 ῥᾴθυμον,
1385 4454 1613 4534 καὶτῶν
1646 4454 1805 4532 θείων
1834 4478 1940 4531 ἀλο

2054 4481 2120 4535 ad
2151 4479 2417 4550 ignaviam
2446 4473 2843 4539 dellexerimus,
2900 4480 2955 4526 et
3000 4472 3210 4525 divinas
3268 4468 3412 4539 leges
3454 4466 3636 4521 ﬂocci-

362 4577 638 4647 γήσαντες
688 4574 888 4645 νόμων,
944 4572 1478 4644 περιενεχθησόμεθα
1532 4571 1715 4625 λοιπὸν
1762 4571 1949 4641 ἀνέμῳ

365 4668 555 4731 παντὶ,
585 4665 700 4726 νοῦ.
731 4667 824 4720 καὶ
847 4666 1040 4737 φρενὸς
1073 4666 1168 4736 τῆς
1196 4665 1423 4736 ἀρίστης
1442 4663 1763 4735 τητώμενοι.
1810 4662 1952 4715 Ἐσό-

369 4760 511 4829 μεθα
558 4759 615 4812 δὲ
669 4760 764 4812 καὶ
800 4760 1015 4830 μερίδες
1064 4758 1385 4822 ἀλωπέκων,
1436 4757 1566 4828 τῇδέ
1618 4774 1677 4809 τε
1728 4756 1952 4810 κάκεῖσε

367 4868 437 4903 πε
446 4849 772 4920 ριελκόντων
793 4850 825 4919 ἡ
834 4850 939 4918 μᾶς
962 4848 1073 4900 τῶν
1097 4846 1420 4917 ἀκαθάρτων
1451 4850 1797 4914 πνευμάτων.
1838 4845 1954 4915 Ὀρ-

370 4939 479 5003 θῶς
512 4934 608 4993 οὖν
652 4940 760 5009 ἄρα
816 4939 911 4992 καὶ
941 4937 1119 5007 σοφῶς
1148 4938 1277 5008 περὶ
1307 4936 1516 4990 δικαίου
1544 4937 1743 5001 παντὸς
1771 4938 1800 4989 ὁ
1827 4936 1951 4989 θεσ-

372 5036 560 5097 πέσιος
598 5033 791 5104 ψάλλει
821 5034 1017 5089 Δα6ί6’
1049 5054 1067 5086 ι
1118 5034 1176 5088 ’0
1220 5034 1383 5104 νόμος
1410 5032 1503 5086 τοῦ
1529 5032 1663 5086 Θεοῦ
1697 5032 1863 5087 αὐτοῦ
1892 5034 1950 5086 ὲν

374 5126 570 5198 καρδίᾳ
594 5126 784 5191 αὐτοῦ,
814 5127 907 5181 καὶ
948 5126 1047 5198 οὐχ
1090 5126 1615 5197 ὑποσκελισθήσεται
1646 5126 1717 5179 τὰ
1761 5126 1961 5197 διαὸήης

377 5235 522 5287 ματα
550 5216 740 5272 αὐτοῦ.
759 5236 779 5270 s

450 5330 594 5385 Τάδε
628 5330 790 5402 λέγει
819 5332 1032 5400 Κύριος
1049 5348 1065 5365 ’
1112 5332 1243 5387 Ἐπί
1274 5330 1403 5398 ταῖς
1431 5331 1626 5400 τρισὶν
1653 5332 1953 5399 ἀσεϐείαις

387 5419 639 5488 Ἰσραὴλ
684 5423 782 5475 καὶ
811 5422 910 5475 ἐπὶ
939 5422 1072 5489 ταῖς
1096 5421 1391 5489 τέσσαρσι
1428 5423 1539 5476 οὐκ
1565 5421 1955 5491 ἀποστραφή-

376 5526 558 5582 cogat
576 5515 786 5581 αὐτὸν,
812 5514 941 5570 ἀνθ’
957 5509 1045 5570 ὧν
1068 5515 1362 5571 ἀπέδοντο
1383 5514 1669 5585 ἀργυρίου
1697 5514 1947 5579 δίκαιον,

2055 4572 2425 4645 penderimus,
2449 4566 2893 4623 circumferemur
2916 4567 2981 4617 de
3003 4573 3197 4617 caetero
3216 4562 3361 4617 onmi
3389 4570 3550 4615 vento
3567 4558 3632 4626 "‘,

2058 4679 2218 4720 sensu
2249 4672 2299 4717 et
2333 4670 2510 4715 mente
2532 4659 2738 4729 optima
2773 4657 2970 4713 orbati.
3026 4655 3239 4709 Erimus
3274 4653 3400 4707 item
3455 4663 3637 4721 partes

2058 4756 2296 4826 vulpium
2324 4753 2391 4819 ³⁵,
2422 4754 2527 4807 huc
2556 4752 2681 4806 illuc
2712 4748 3137 4803 distrahentibus
3177 4760 3275 4799 nos
3340 4744 3663 4798 immundis.

2059 4845 2358 4916 spiritibus.
2382 4844 2552 4898 Probe
2576 4842 2736 4908 igitur
2757 4855 2821 4895 ac
2843 4840 3113 4907 sapienter
3161 4835 3227 4890 de
3282 4835 3473 4904 quovis
3490 4834 3639 4905 justo
3667 4881 3670 4885 .

2058 4938 2273 4993 divinus
2314 4935 2481 4989 David
2527 4933 2721 4988 cauit:
2787 4950 2806 4981 ι
2870 4931 2977 4984 Lex
3056 4928 3149 4981 Dei
3211 4925 3328 4995 ejus
3364 4928 3418 4980 in
3474 4929 3639 4981 corde

2059 5028 2251 5097 ipsius,
2276 5035 2331 5081 et
2358 5040 2464 5081 non
2498 5022 2989 5093 supplantabun.ur
3015 5034 3236 5091 gressus
3258 5019 3375 5093 ejus
3399 5018 3465 5071 ³⁸.
3508 5037 3551 5073 ιη

2135 5330 2302 5387 Vens.
2338 5330 2390 5385 6.
2422 5328 2552 5385 lites
2574 5329 2700 5383 dicit
2732 5328 2989 5384 Dominus
3018 5343 3038 5382 :
3068 5326 3238 5397 Super
3258 5324 3422 5379 tribus
3451 5318 3641 5385 impie-

2067 5425 2260 5479 tatibus
2289 5423 2484 5490 Israel,
2511 5434 2558 5479 et
2582 5440 2737 5494 super
2767 5433 2995 5495 quatuor
3020 5436 3122 5474 non
3162 5423 3454 5473 convertam
3497 5426 3637 5475 eunt,

2063 5533 2122 5569 eo
2172 5518 2310 5587 quod
2363 5517 2708 5573 vendiderunt
2751 5524 2965 5586 argento
3005 5513 3300 5581 justum,et
3356 5517 3641 5574 pauperem

463 5678 507 5733 δι
537 5698 732 5770 Ephes.
772 5716 845 5769 tv,
890 5701 972 5758 14,
1051 5703 1093 5735 ³⁵
1135 5701 1270 5756 Psal.
1305 5716 1435 5766 Lm,
1478 5700 1559 5756 ll.
1640 5701 1683 5732 ³⁸
1718 5700 1858 5758 Psal.
1900 5714 2084 5767 “ut,
2126 5699 2214 5757 3t.

426 5801 495 5815 κω
