3950 6200
285 290 390 346 453

1325 281 1382 336 S.
1423 278 1698 335 CYRILLI
1737 273 2206 336 ALEXANDRINI
2245 274 2567 333 ARCHIEP.

3463 272 3565 330 μθ

286 427 383 482 pro
428 407 788 465 calceamentis
828 404 1221 459 conculcantem
1263 420 1418 473 super
1455 403 1715 473 pulverem
1773 412 1877 455 ter-

1992 398 2077 453 rai
2100 398 2324 466 πένητα
2342 397 2550 451 ἕνεκεν
2565 395 2959 465 ὑποδημάτων
2984 391 3438 448 καταπατοῦντα
3466 392 3570 446 ἐπὶ

287 517 383 554 rw.

362 588 480 645 XV.
504 588 621 644 Non
660 587 918 655 relinquit
943 586 1293 658 impunitum,
1328 587 1421 641 scd
1449 584 1714 654 supplicio
1737 584 1872 638 snb-

286 684 405 750 jicit
425 681 612 746 Israel,
648 682 749 734 hoc
772 690 874 746 est,
912 679 1084 734 tribus
1116 679 1169 731 in
1199 676 1468 730 Samaria.
1488 674 1606 729 .lum
1633 691 1724 730 eos
1748 689 1877 743 quo-

290 787 398 840 que
436 785 691 841 peccasse
721 769 910 830 libere,
933 782 995 822 ac
1023 766 1335 836 prodegisse
1362 764 1744 835 propemodum
1792 766 1874 819 in-

294 862 467 918 tinnis
523 862 759 917 debitam
810 876 839 914 a
889 858 1000 914 Deo
1048 874 1237 929 pacem
1280 869 1335 912 et
1403 858 1871 927 tranquillitatem,

291 953 577 1008 ostendere
630 960 810 1021 potest
863 966 1025 1021 super
1076 952 1250 1006 tribus
1294 961 1348 1005 et
1395 960 1626 1019 quatuor
1644 950 1877 1019 peccatis

292 1044 546 1098 aversio:
581 1057 741 1112 quam
777 1043 867 1111 qui
907 1042 1115 1112 experti
1158 1052 1306 1107 sunt,
1355 1057 1448 1096 cos
1475 1040 1876 1096 calamitatibus

291 1135 504 1205 subjici,
556 1144 611 1190 et
650 1135 704 1189 in
750 1134 897 1189 muni
952 1133 1169 1189 miseria
1217 1133 1448 1189 volutari
1502 1147 1727 1188 necesse
1770 1144 1873 1188 est.

291 1225 524 1281 Proinde
570 1236 625 1281 et
670 1225 860 1291 David,
896 1225 1000 1280 hoc
1040 1224 1361 1288 formidans,
1390 1239 1488 1279 nec
1538 1224 1792 1294 ignorans
1812 1238 1876 1279 eo

290 1318 589 1386 perniciem
623 1318 1129 1387 apportari,orabat
1169 1316 1253 1371 his
1273 1317 1453 1371 verbis
1485 1332 1501 1370 :
1539 1334 1559 1365 ε
1600 1315 1674 1371 Ne
1719 1332 1877 1372 aver-

292 1420 378 1464 tas
412 1408 604 1463 faciem
634 1419 780 1463 tuam
801 1424 831 1463 a
854 1422 963 1474 me,
996 1417 1136 1463 etne
1171 1407 1409 1463 declines
1459 1406 1511 1461 in
1569 1407 1646 1461 ira
1671 1421 1877 1462 aservo

297 1514 389 1555 tuo
410 1501 478 1555 ³⁷.
516 1521 537 1554 ι
571 1502 655 1555 Ira
686 1501 833 1556 enim
875 1501 1190 1556 aversiones
1240 1500 1485 1569 sequitur
1532 1499 1774 1565 omnino,
1824 1506 1881 1554 et

295 1594 695 1664 quodammodo
710 1594 1017 1649 comitatur.
1050 1592 1183 1660 Quae
1223 1602 1401 1646 autem
1428 1592 1533 1647 sint
1570 1591 1777 1647 scelera
1801 1589 1880 1645 ls-

295 1686 432 1747 rael,
464 1684 611 1739 clare
650 1685 870 1739 indicat.
906 1702 925 1736 ι
960 1682 1329 1738 Vendiderunt
1370 1682 1516 1738 enim
1541 1682 1877 1754 argentoju-

1980 490 2087 545 τὸν
2116 490 2268 557 χοῦν
2300 489 2409 558 τῆς
2440 487 2571 559 γῆς.

2051 585 2149 637 IE'.
2193 583 2306 635 Οὐκ
2349 580 2638 634 ἀνεύθυνον
2682 582 2766 652 ἐᾷ,
2802 580 3000 651 μᾶλλον
3042 578 3101 633 δὲ
3134 576 3400 648 ὑποφέρει
3447 579 3573 638 ταῖς

1977 675 2155 739 δίκαις
2187 674 2278 727 τὸν
2339 673 2573 745 Ἰσραὴλ,
2612 672 2875 738 τουτέστι,
2907 672 3003 734 τὰς
3042 672 3103 725 ὲν
3143 670 3429 740 Σαμαρείᾳ
3469 686 3574 738 φυ-

1978 766 2107 828 λάς·
2153 766 2236 818 ὅτι
2278 764 2335 817 δὲ
2382 762 2475 817 καὶ
2525 765 2679 817 αὐτοὶ
2726 763 3172 835 πλημμελοῦντες
3219 762 3569 831 ἀφυλάκτως,

1983 857 2266 927 μονονουχὶ
2318 856 2413 909 καὶ
2462 855 2869 927 δεδαπανήκασι
2927 854 3026 925 τὴν
3076 856 3190 917 τοῖς
3251 851 3574 906 ἀσθενοῦσιν

1977 947 2334 1018 ὀφειλομένην
2384 946 2531 1017 παρὰ
2583 946 2719 999 Θεοῦ
2773 945 3139 1018 γαληνότητα,
3189 944 3573 1016 παραδείξειεν

1978 1040 2043 1094 ἂν
2071 1041 2105 1111 ἠ
2132 1040 2224 1093 ἐπὶ
2258 1038 2407 1111 τρισὶ
2446 1039 2534 1093 καῖ
2579 1040 2871 1111 τέτταρσιν
2902 1038 3199 1110 ἁμαρτίαις
3225 1038 3572 1107 ἀποστροφὴ,

1979 1131 2045 1201 ἦν
2074 1130 2288 1201 ἀνάγκη
2319 1130 2646 1184 πεπονθόσιν
2675 1129 3047 1202 ὑποφέρεσθαι
3073 1132 3185 1193 τοῖς
3224 1130 3437 1192 δεινοῖς,
3472 1129 3574 1182 καὶ

1980 1224 2037 1275 ὲν
2069 1222 2232 1276 παντὶ
2262 1222 2518 1291 γενέσθαι
2547 1221 2720 1294 κακῷ.
2751 1223 3041 1294 Τοιγάρτοι
3070 1222 3165 1275 καὶ
3193 1221 3357 1274 Δαὸὶδ
3384 1219 3575 1284 δεδιὼς

1978 1314 2040 1368 τὸ
2064 1314 2275 1386 χρῆμα,
2316 1314 2410 1367 καὶ
2438 1312 2663 1386 ὀλέθρου
2699 1314 2960 1386 πρόξενον
2992 1313 3168 1379 εἰδὼς,
3199 1312 3451 1383 ἐλιπάρει
3482 1312 3574 1365 λέο

1978 1423 2091 1474 γων
2112 1425 2125 1438 ο
2170 1424 2188 1457 ι
2228 1407 2319 1478 Μὴ
2346 1406 2699 1480 ἀποστρέψῃς
2731 1406 2791 1461 τὸ
2821 1406 3114 1478 πρόσωπόν
3155 1423 3247 1458 σου
3291 1405 3386 1459 ἀπ’
3409 1403 3567 1474 ἐμοῦ,

1980 1498 2075 1551 καὶ
2129 1497 2204 1569 μὴ
2251 1497 2506 1568 ἐκκλίνῃς
2551 1499 2609 1551 ὲν
2656 1498 2793 1568 ὀργῇ
2842 1497 2953 1551 ἀπὸ
2997 1497 3091 1551 τοῦ
3134 1495 3321 1550 δούλου
3372 1512 3487 1548 σου.
3544 1514 3563 1546 ι

1983 1589 2213 1644 Ἔπεται
2245 1588 2355 1660 γὰρ
2382 1588 2626 1653 πάντως,
2657 1591 2752 1643 καὶ
2781 1587 3063 1651 οἱονείπως
3098 1588 3425 1658 συνομαρτεϊ
3449 1587 3572 1649 ταῖς

1982 1683 2355 1752 ἀποστροφαῖς
2372 1684 2406 1753 ἡ
2426 1682 2584 1754 ὀργή.
2604 1681 2739 1737 Τίνα
2759 1683 2815 1736 δὲ
2832 1681 2897 1752 δὴ
2922 1680 3030 1748 τῶν
3064 1679 3126 1745 ἐξ
3158 1678 3373 1750 Ἰσραὴλ
3388 1678 3457 1730 τὰ
3477 1680 3566 1747 ἐγ-

297 1785 440 1831 stum
476 1787 528 1830 et
548 1790 835 1846 pauperem
867 1790 964 1844 pro
988 1774 1389 1840 calceamentis,
1427 1794 1447 1828 ι
1480 1775 1531 1829 id
1580 1784 1683 1840 est,
1727 1786 1873 1828 reeta

1992 1772 2077 1844 ιλή
2087 1790 2256 1845 ματα,
2272 1773 2578 1847 διαγορεύει
2602 1773 2812 1843 σαφῶς.
2825 1773 3182 1844 ιΠεπράκασι
3195 1772 3304 1842 γὰρ
3321 1771 3573 1841 ἀργυρίῳ

296 1866 504 1933 etjusta
527 1867 673 1937 loqui
729 1866 894 1938 266
941 1882 1048 1922 non
1086 1867 1481 1932 sustinuerunt,
1509 1878 1565 1920 et
1619 1865 1719 1935 legi
1748 1879 1880 1920 con-

297 1966 555 2027 gruenter
580 1971 839 2013 exercere
858 1958 909 2011 in
932 1956 1161 2027 singulis
1185 1956 1473 2027 judicium.
1506 1956 1613 2013 Sed
1666 1956 1711 2012 si
1739 1957 1879 2012 forte

295 2050 613 2120 contigisset
641 2049 816 2104 virum
846 2047 1073 2116 justum,
1108 2049 1431 2115 modestum,
1456 2050 1662 2118 mitem,
1692 2052 1880 2105 modev

298 2150 473 2195 ratum
517 2150 572 2195 et
627 2156 656 2194 a
702 2141 961 2212 jactantia
1031 2142 1269 2197 alienum
1318 2142 1465 2208 (talis
1484 2142 1628 2197 enim
1656 2142 1792 2213 justi
1826 2153 1882 2198 et

297 2234 575 2302 pauperis,
602 2232 652 2287 id
683 2241 787 2298 est,
836 2235 1089 2305 pauperis
1132 2234 1345 2304 spiritu,
1390 2235 1609 2292 nomine
1656 2235 1879 2306 intelligi

298 2321 519 2388 potest),
559 2319 611 2373 in
668 2319 932 2389 judicium
981 2337 1010 2375 a
1056 2322 1453 2392 potentioribus
1502 2325 1706 2389 vocari,
1736 2324 1883 2380 hunc

297 2412 658 2467 vendiderunt
681 2412 917 2469 inimicis
945 2454 960 2477 ,
990 2429 1301 2486 quanquam
1331 2417 1383 2472 id
1412 2416 1529 2487 lege
1551 2426 1736 2487 aperte
1760 2433 1886 2487 pro-

299 2503 541 2570 hibente,
571 2519 693 2560 cum
728 2505 846 2559 ait:
885 2524 904 2558 ι
934 2505 1050 2562 Non
1078 2509 1316 2579 accipies
1351 2525 1635 2580 personam
1698 2512 1749 2565 in
1794 2511 1883 2582 ju-

298 2595 443 2651 dicio
468 2596 532 2650 ³⁸.
572 2613 600 2651 ι.
620 2597 689 2652 Et
718 2597 949 2655 iterum:
1004 2617 1022 2652 ι
1065 2600 1413 2657 lnnocentem
1445 2602 1732 2671 etjustum
1775 2617 1881 2657 non

299 2682 597 2739 interiicies
617 2683 684 2738 ³³.
727 2703 747 2737 ι
798 2683 1012 2741 Etenim
1056 2688 1147 2743 cui
1205 2686 1440 2745 oﬂicium
1487 2689 1683 2758 iudicis
1731 2705 1883 2744 man-

298 2774 481 2829 datum
504 2783 609 2840 est,
639 2775 817 2832 locum
850 2778 942 2833 Dei
976 2778 1133 2849 plane
1161 2781 1384 2843 obtinet,
1409 2780 1495 2834 cui
1526 2790 1581 2835 et
1618 2781 1717 2836 soli
1761 2796 1882 2850 pro-

296 2864 475 2933 prium
509 2875 593 2921 est
619 2866 885 2938 judicare.
906 2888 925 2921 ι
964 2869 1114 2926 Unus
1146 2879 1232 2926 est
1264 2871 1408 2926 enim
1430 2871 1773 2940 legislaturet
1795 2873 1884 2941 ju-

299 2956 401 3011 dex
434 2956 505 3025 ιο,
544 2976 563 3011 ι
598 2968 896 3015 utsanctus
912 2961 1131 3031 quidam
1158 2962 1255 3017 ait.
1315 2963 1416 3029 Qui
1457 2963 1623 3033 igitur
1660 2964 1884 3034 justitize

300 3049 568 3104 rationem
600 3050 867 3105 adulterat
895 3060 949 3108 ct
972 3067 1259 3123 personam
1295 3054 1609 3125 respicit,in
1644 3056 1882 3110 divinam

1984 1864 2213 1930 δίκαιον,
2246 1866 2342 1919 καὶ
2371 1865 2581 1937 πένητα
2608 1865 2796 1919 ἕνεκεν
2818 1864 3203 1935 ὑποδημάτων,
3221 1882 3239 1915 ι
3269 1862 3572 1928 τουτέστιν,

1985 1955 2124 2027 ὀρθά
2169 1957 2265 2011 καὶ
2290 1956 2478 2011 δίκαια
2511 1956 2696 2012 λαλεῖν
2728 1958 2830 2011 οὐκ
2859 1957 3172 2028 ἠνέσχοντο,
3214 1957 3306 2009 καὶ
3333 1954 3571 2025 συμὸαίς

1986 2062 2182 2100 νουσαν
2227 2047 2305 2118 τῷ
2351 2047 2501 2118 νόμῳ
2549 2048 2652 2120 τὴν
2696 2050 2781 2117 ἐφ’
2825 2047 3042 2119 ἑκάστῳ
3086 2047 3196 2101 τῶν
3234 2047 3574 2119 κρινομένων

1988 2139 2258 2194 ποιεῖσθαι
2307 2140 2483 2213 δίκην.
2529 2140 2670 2195 Ἀλλ’
2715 2142 2765 2195 εί
2817 2140 3015 2211 συνέϐη
3061 2140 3226 2211 τυχὸν
3271 2140 3443 2210 ἄνδρα
3488 2140 3573 2193 δί-

1987 2251 2177 2299 καιον,
2213 2234 2468 2307 σώφρονα
2511 2235 2606 2288 καὶ
2651 2234 2904 2304 ὲπιεικῆ,
2950 2233 3315 2305 μτριόφρονά
3354 2250 3414 2285 τε
3476 2232 3577 2286 καὶ

1986 2323 2362 2394 ἀφιλόκομπον
2417 2322 2659 2395 (νοηθείη
2707 2322 2818 2395 γὰρ
2882 2321 2950 2377 ἂν
3006 2320 3207 2375 τοιόσδε
3249 2318 3457 2381 δίκαιός
3513 2334 3576 2370 τε

1986 2414 2122 2486 ὁμοῦ
2174 2416 2266 2469 καὶ
2305 2415 2497 2486 πένης,
2528 2415 2648 2486 ἦτοι
2678 2414 2892 2485 πτωχὸς
2919 2412 2996 2484 τῷ
3026 2411 3315 2482 πνεύματι)
3352 2426 3576 2481 παρενε-

1988 2505 2183 2579 χθῆναι
2221 2507 2358 2577 πρὸς
2390 2506 2573 2578 κρίσιν
2601 2505 2707 2559 ὑπὸ
2734 2503 2942 2558 τούτων
2974 2501 3383 2572 δυνατωτέρων,
3421 2494 3577 2561 οὗτος

1989 2597 2411 2669 καταπέπραται
2441 2599 2555 2661 τοῖς
2585 2594 2821 2667 ἐχθροῖς,
2862 2594 3039 2649 καίτοι
3064 2591 3158 2646 τοῦ
3185 2591 3351 2660 νόμου
3382 2588 3577 2656 σαφῶς

1988 2686 2403 2759 διηγορευκότος
2432 2686 2515 2751 τὸ,
2555 2706 2573 2738 ι
2616 2686 2692 2740 Οὐ
2720 2686 2866 2757 λήψῃ
2896 2684 3187 2755 πρόσωπον
3227 2684 3286 2736 έν
3312 2681 3509 2756 κρίσει.
3551 2698 3571 2730 ι

1990 2780 2100 2834 Καὶ
2124 2779 2304 2846 πάλιν,
2342 2797 2361 2830 ι
2413 2777 2614 2833 Ἀθῶον
2643 2777 2739 2831 καὶ
2778 2777 2986 2831 δίκαιον
3028 2777 3129 2830 οὐκ
3173 2774 3511 2836 ἀποκτενεῖς.
3549 2790 3571 2825 ι

2002 2870 2061 2923 Ὃ
2114 2870 2223 2942 γάρ
2268 2887 2352 2923 τοι
2399 2870 2608 2942 κρίνειν
2661 2867 3128 2940 πεπιστευμένος,
3187 2866 3420 2938 κάθηταί
3469 2882 3574 2919 που

1990 2960 2209 3025 πάντως
2241 2962 2300 3015 ὲν
2328 2960 2480 3027 τάξει
2512 2960 2670 3027 Θεοῦ,
2707 2952 2752 3028 ᾧ
2790 2959 2855 3029 δὴ
2899 2959 2960 3012 τὸ
3011 2958 3219 3030 κρίνειν
3279 2957 3375 3009 καὶ
3425 2956 3577 3027 μόνῳ

1990 3053 2213 3107 οἰκεῖον.
2264 3071 2283 3105 ι
2336 3048 2432 3115 Εἷς
2474 3052 2584 3125 γάρ
2634 3054 2751 3105 ἐστι
2795 3051 3113 3122 νομοθέτης,
3160 3052 3255 3105 καὶ
3295 3051 3510 3122 κριτὴς,
3553 3068 3572 3101 ι

301 3140 673 3196 excellentiam
700 3145 1124 3201 contumeliosus
1151 3148 1277 3214 erit,
1334 3158 1389 3203 et
1438 3147 1603 3203 Deum
1652 3147 1884 3204 offendet

1992 3142 2133 3197 κατά
2174 3141 2274 3214 τὴν
2317 3141 2412 3196 τοῦ
2459 3143 2618 3212 ἁγίου
2650 3142 2857 3213 φωνήν.
2906 3140 3116 3195 Οὐκοῦν
3148 3143 3177 3195 ὁ
3216 3140 3313 3195 τοῦ
3366 3140 3577 3194 δικαίου

302 3232 575 3289 dicentem,
600 3248 613 3286 :
649 3254 667 3286 ι
708 3232 911 3291 Iustum
926 3236 1186 3306 judicium
1207 3237 1470 3308 judicate,
1493 3246 1547 3294 et.
1573 3239 1887 3295 misericor-

303 3323 445 3378 diam
476 3335 531 3379 et
565 3325 941 3381 miserationes
973 3327 1135 3383 facile
1155 3330 1526 3399 unusquisque
1554 3344 1679 3386 cum
1707 3331 1887 3399 proxi-

301 3429 392 3470 tuo
419 3430 519 3472 suo
547 3415 614 3471 “.
650 3435 670 3471 ι
716 3418 950 3474 Accusat
995 3418 1160 3490 igitur
1198 3434 1314 3486 eos,
1353 3426 1410 3473 ut
1443 3419 1534 3489 qui
1581 3418 1787 3488 justum
1834 3428 1888 3473 et

303 3518 597 3574 pauperem
627 3505 863 3562 inimicis
906 3522 1095 3562 eorum
1140 3509 1506 3574 vendiderint,
1552 3519 1608 3564 et
1646 3509 1791 3565 istud
1815 3509 1890 3563 fac

303 3609 430 3651 Cera
456 3596 602 3651 soliti
629 3598 733 3652 sint
765 3608 983 3667 prepter
1015 3601 1388 3670 quzesticulum
1424 3601 1768 3667 vilissimum,
1795 3601 1886 3670 qui

303 3688 437 3758 ipsis
490 3689 879 3757 accipientibus
944 3690 1011 3743 ad
1083 3693 1443 3761 comparanda
1522 3693 1885 3748 caiceamesta

303 3789 514 3833 tantum
536 3779 794 3849 prodesse
822 3789 1006 3849 queat.
1038 3782 1199 3850 Atqui
1231 3782 1389 3847 longe
1407 3782 1696 3851 praestabat
1728 3784 1887 3838 recti-

308 3868 575 3933 tudinem,
605 3878 659 3926 et
688 3869 783 3925 Dei
813 3870 1211 3940 beneplacitum
1267 3873 1610 3942 complexos,
1660 3875 1885 3930 honori-

304 3960 410 4015 bus
436 3960 503 4015 ab
533 3975 599 4016 eo
624 3961 840 4016 donatis
864 3961 1008 4016 velut
1041 3962 1320 4031 inebriari,
1339 3973 1395 4018 et
1433 3966 1588 4020 bona:
1618 3965 1776 4021 {antae
1804 3966 1888 4021 di-

303 4051 468 4107 vitias
493 4052 761 4109 obtinere.
802 4071 821 4105 ‹
874 4053 1180 4124 Eligibilius
1220 4056 1363 4111 enim
1400 4057 1599 4112 bonum
1666 4074 1883 4124 nomen,

306 4160 472 4215 quam
487 4146 689 4201 divitiae
718 4147 897 4202 multae
918 4146 986 4202 “.
1017 4167 1035 4201 ι
1074 4148 1363 4207 Sciendum
1389 4167 1571 4223 porro,
1605 4154 1767 4207 etiam
1796 4168 1891 4224 per

307 4238 502 4294 Isaiam
530 4239 634 4294 tale
663 4240 790 4315 quid
814 4242 880 4299 ad
910 4240 1219 4299 Iudaeorum
1261 4256 1516 4309 matrem,
1582 4262 1777 4317 nempe
1822 4248 1891 4303 ad

307 4328 608 4386 Jerusalem
638 4334 841 4386 dictum
864 4348 985 4389 esse
1017 4349 1031 4386 :
1067 4353 1086 4390 ι
1129 4334 1410 4406 Principes
1449 4338 1521 4391 tui
1542 4339 1760 4408 pupillis
1782 4354 1889 4395 non

1988 3233 2429 3307 παρασημαίνων
2464 3234 2556 3288 τὸν
2589 3233 2748 3303 λόγον
2794 3234 2887 3289 καὶ
2914 3235 2995 3297 εἰς
3026 3232 3315 3304 πρόσωπον
3341 3232 3578 3304 βλέπων,

1988 3327 2200 3401 ὑϐρίσει
2228 3344 2331 3381 που
2358 3327 2419 3381 τὸ
2445 3327 2589 3381 θεῖον
2615 3327 2856 3397 ἀξίωμα,
2892 3327 2989 3380 καὶ
3016 3325 3096 3397 τῷ
3125 3326 3245 3397 Θεῷ
3273 3325 3579 3397 προσκρου-

1991 3437 2093 3489 σει,
2119 3418 2371 3489 πελέγθντιο
2410 3439 2429 3471 ι
2482 3421 2676 3491 Κρῖμα
2721 3419 2929 3473 δίκαιον
3002 3418 3251 3491 κρίνατε,
3298 3419 3392 3471 καὶ
3430 3418 3582 3479 ἔλεος

1989 3511 2083 3565 καὶ
2130 3511 2416 3583 οίκτιρμὸν
2457 3514 2664 3564 ποιεῖτε
2728 3511 2961 3574 ἕκαστος
3014 3510 3153 3581 πρὸς
3210 3508 3303 3562 τὸν
3348 3508 3579 3579 πλησίον

1988 3603 2179 3659 αὐτοῦ.
2219 3622 2238 3657 ι
2273 3604 2525 3659 Δίτιᾶται
2551 3603 2733 3657 τοίνυν
2774 3602 2851 3665 ὡς
2875 3600 3333 3665 καταπωλοῦντας
3361 3600 3580 3671 ἐχθροῖς

1988 3695 2078 3749 τὸν
2108 3696 2315 3751 δίκαιόν
2342 3713 2404 3750 τε
2441 3698 2538 3751 καὶ
2582 3696 2812 3768 πένητα,
2848 3694 2943 3749 καλ⁵
2970 3692 3133 3748 τοῦτο
3159 3694 3292 3764 δρᾷν
3321 3691 3583 3756 εἰωθότας

1988 3786 2185 3858 ὀλίγων
2217 3789 2378 3842 ἕνεκα
2437 3788 2533 3841 καὶ
2562 3788 2933 3842 ἀτελεστάτων
2950 3786 3274 3858 λημμάτων,
3304 3785 3339 3838 ἃ
3357 3784 3452 3837 καὶ
3492 3783 3585 3854 μό-

1990 3896 2104 3943 νοις
2141 3881 2252 3943 τοῖς
2291 3878 2548 3934 λαϐοῦσιν
2592 3879 2888 3951 ἀρκέσειεν
2932 3877 2998 3931 ἂν
3037 3876 3174 3946 πρὸς
3218 3875 3582 3947 ὑποδημάτων

1990 3973 2206 4043 κτῆσιν.
2256 3971 2401 4045 ,Ἀλλ’
2436 3967 2506 4043 ἦν
2540 3972 2762 4042 ἄμεινον
2798 3970 2952 4042 παρά
2994 3968 3131 4023 πολὺ
3173 3967 3273 4040 τὴν
3312 3965 3583 4061 ὀρθότητά

1989 4076 2051 4113 τε
2089 4059 2275 4113 καὶτὸ
2321 4059 2440 4130 Θεῷ
2471 4058 2661 4113 δοκοῦν
2703 4062 2873 4132 τιμᾷν
2922 4058 3248 4131 ᾑρημένους,
3276 4060 3396 4121 ταῖς
3448 4075 3561 4129 παρ

1990 4152 2158 4206 αὐτοῦ
2210 4153 2410 4224 μᾶλλον
2443 4151 2812 4223 καταμεθύειν
2867 4153 3079 4223 τιμαῖς,
3118 4151 3213 4206 καὶ
3253 4150 3436 4221 μέντοι
3486 4150 3582 4203 καὶ

1994 4241 2223 4296 πλοῦτον
2249 4242 2394 4313 ἔχειν
2424 4241 2514 4295 τὸν
2538 4242 2596 4309 ἐξ
2626 4241 2840 4312 ἀγαθῆς
2867 4241 3425 4313 εὐφημίας.‹Αἱρετὸν
3450 4240 3584 4311 γὰρ,

1995 4334 2181 4405 φησιν,
2215 4334 2387 4405 ὄνομα
2415 4333 2601 4401 καλὸν,
2635 4333 2669 4404 ἢ
2714 4333 2944 4397 πλοῦτος
2977 4332 3163 4397 πολύς.
3203 4352 3226 4388 ι
3287 4333 3487 4386 ’ἰστέον
3528 4332 3586 4385 δὲ

307 4423 576 4493 judicant,
603 4424 878 4492 etjudicio
899 4425 1180 4481 viduarum
1210 4434 1319 4483 non’
1341 4431 1625 4484 attendunt
1654 4431 1721 4486 “.
1765 4450 1784 4482 ι
1826 4431 1884 4489 ΕΙ

1994 4428 2076 4481 ὃτι
2119 4427 2213 4481 καὶ
2260 4426 2350 4480 διὰ
2397 4426 2582 4496 φωνῆς
2635 4427 2857 4479 Ἡσαΐου
2891 4425 3129 4480 τοιοῦτόν
3163 4424 3217 4478 τί
3257 4441 3390 4494 φησι
3443 4423 3583 4495 πρὸς

311 4528 500 4569 rursus
531 4531 628 4587 per
650 4514 939 4570 Jeremiam
962 4533 976 4572 :
1003 4535 1023 4569 ι
1065 4516 1345 4589 Principes
1373 4520 1489 4589 ejus
1529 4537 1653 4577 cum
1706 4537 1893 4579 mune-

310 4608 462 4663 ribus
477 4609 795 4681 judicabant
819 4608 1299 4667 “‘.iExsecranda
1315 4614 1478 4682 igitur
1506 4630 1593 4670 res
1614 4618 1754 4686 apud
1772 4632 1892 4673 om-

312 4714 433 4765 nes,
469 4716 575 4755 non
598 4710 761 4766 recte,
792 4710 848 4756 et
876 4707 1031 4755 extra
1079 4699 1406 4756 calumniam
1440 4704 1722 4774 judicandi
1778 4722 1897 4763 mu-

314 4808 442 4848 nere
470 4792 648 4864 i'nngi;
685 4793 778 4849 sed
823 4808 945 4848 cum
1001 4792 1201 4847 invidia
1259 4795 1655 4863 quodammodo
1704 4805 1760 4852 et
1812 4799 1898 4853 in-

314 4885 642 4958 aequalitate,
673 4896 732 4942 ut
757 4889 1231 4947 criminationibus
1263 4890 1340 4946 sis
1365 4888 1668 4958 expositus.

390 5144 557 5201 Vens.
588 5146 642 5200 ’1.
674 5146 740 5199 Et
768 5152 955 5218 pugnis
992 5153 1346 5218 percutiebant
1397 5154 1452 5208 in
1490 5155 1666 5225 capita
1697 5157 1902 5212 mendi—

318 5252 523 5293 corum.

391 5329 530 5386 XVI.
567 5326 870 5405 Secundum
904 5329 1197 5397 potentiam
1229 5340 1285 5385 et
1333 5334 1453 5389 aliis
1517 5340 1902 5405 pmeminendi

331 5423 570 5478 studium
590 5434 683 5475 eos
702 5417 1070 5488 reprehendit,
1107 5418 1390 5489 palamque
1414 5431 1470 5477 ut
1515 5426 1710 5495 impios
1731 5437 1785 5483 ει
1802 5430 1903 5484 mi-

2010 4520 2281 4575 Ἰουδαίων
2321 4519 2554 4591 μητέρα,
2606 4519 2878 4583 τουτέστι,
2924 4518 3026 4590 τὴν
3074 4517 3451 4589 Ἰερουσαλὴμ,
3500 4518 3582 4571 ὅτι

2008 4632 2027 4665 σ
2067 4613 2129 4667 Οἱ
2162 4611 2420 4683 ἄρχοντές
2450 4628 2544 4664 σου
2578 4610 2846 4681 ὀρφανοὺς
2876 4609 2936 4662 οὐ
2966 4610 3237 4680 κρίνουσι,
3267 4609 3362 4663 καὶ
3400 4609 3581 4679 κρίσει

2001 4706 2173 4778 χήρας
2218 4704 2280 4757 οὐ
2317 4704 2665 4777 προσέχουσισ
2703 4722 2723 4754 ι
2755 4702 2841 4756 διὰ
2870 4703 2928 4756 δὲ
2944 4702 3207 4774 Ἰερεμίου
3242 4700 3435 4755 πάλινο
3469 4720 3487 4752 ι
3518 4702 3585 4754 Οί.

2002 4796 2295 4870 ἡγούμενοι
2323 4797 2511 4866 αὐτῆς,
2548 4794 2686 4869 μετὰ
2729 4793 2918 4866 δώρων
2968 4794 3239 4864 ἔκρινον.»
3281 4794 3587 4864 Ἐπάρατον

2004 4886 2098 4944 οὖν
2122 4889 2370 4960 πανταχῆ
2391 4888 2453 4940 τὸ
2480 4887 2555 4961 μὴ
2585 4886 2752 4959 ὀρθήν
2766 4902 2826 4938 τε
2848 4884 2942 4939 καὶ
2962 4884 3284 4955 ἀδιάϐλητον
3314 4883 3585 4937 ποιεῖσθαι

2003 4983 2104 5053 τὴν
2146 4982 2348 5052 κρίσιν,
2376 4979 2491 5034 ἀλλ’
2519 4977 2735 5049 ἐπαχθῆ
2763 4977 2968 5048 τρόπον
2989 4976 3111 5031 τινὰ
3160 4977 3257 5031 καὶ
3289 4976 3377 5031 ἐπ’
3404 4975 3587 5032 ἀνισό-

2001 5091 2125 5146 τητι
2157 5071 2413 5143 δια6ε6λη
2422 5070 2608 5141 μένην.

2072 5166 2180 5221 Καὶ
2208 5163 2596 5225 ἐκονδύλιζον
2630 5163 2717 5230 εἰς
2758 5163 3027 5231 κεφαλὰς
3063 5157 3314 5230 πτωχῶν

2074 5337 2192 5405 ιςη.
2234 5336 2392 5392 Κατά
2426 5336 2750 5391 δυναστείαν
2777 5336 2965 5397 αὐτοῖς
3012 5335 3108 5388 καὶ
3146 5333 3461 5399 πλεονεξίαν
3490 5334 3584 5401 ἐγ-

2003 5427 2160 5483 καλεῖ
2225 5428 2317 5481 καὶ
2369 5428 2708 5483 καταιτιᾶται
2756 5424 2963 5490 σαφῶς,
2999 5422 3075 5487 ὡς
3117 5422 3364 5485 ἀνοσίους
3397 5438 3454 5475 τε
3490 5419 3587 5474 καὶ

395 5632 608 5707 "_l"s_al.
646 5630 876 5707 xxerQ.
902 5628 1182 5707 ‘_‘”__l.)e_ut.
1220 5627 1365 5707 μη,
1442 5632 1484 5665 ³³
1549 5634 1716 5692 Exod.
1759 5651 1884 5692 χιιι]

1992 5680 2003 5692 .
2083 5638 2126 5670 ⁸ο
2158 5640 2271 5693 Jac.
2319 5654 2390 5703 tv,
2432 5636 2517 5691 ιε.
2596 5635 2637 5666 δ’
2677 5632 2843 5689 Zacb.
2884 5644 2960 5685 vn
2988 5674 3001 5697 ,
3035 5628 3087 5683 9.
3163 5627 3207 5659 “
3248 5626 3404 5680 Prov.
3445 5638 3559 5679 nu

333 5688 385 5745 1.
460 5703 501 5735 ’⁸³
528 5703 633 5761 lsa.
677 5688 835 5768 1,23.
899 5698 1152 5755 “‘Miclt.
1190 5688 1273 5764 ut,
1309 5699 1395 5753 11.
