3950 6200
227 366 331 429 ul.

1180 357 1733 416 COMMENTARIUS
1770 357 1839 413 IN
1876 356 2069 414 AMOS
2106 358 2547 417 PROPIIETAM.

3390 367 3498 427 lii

224 483 732 555 ἀφιλοικτίρμονας,
781 481 874 535 καὶ
915 478 1008 543 οὒς
1049 473 1116 549 ἧν
1144 477 1365 548 ἄμεινον
1395 479 1489 531 καὶ
1528 477 1805 548 φροντίδος
1837 514 1847 539 λ

1948 478 2485 550 ericordimexpertes
2512 481 2808 549 insimulat,
2862 493 2917 539 et
2971 496 3217 543 assuetos
3275 487 3497 544 lazdere.

222 573 435 639 ἀξιοῦν,
471 574 563 626 καὶ
601 575 766 644 τιμᾷν
800 570 1029 631 ἑλέσθαι,
1064 569 1291 632 καὶτοῖς
1334 568 1393 633 ἐξ
1434 567 1654 637 ἀγάπης
1687 568 1807 618 ἐπι-

227 666 399 733 κουρή
410 680 576 732 μασιν
599 661 934 716 ἀνακτᾶσθαι
976 660 1146 729 φιλεῖν
1185 660 1250 712 ὲκ
1273 658 1381 712 τῶν
1414 657 1689 711 ἐναντίων·
1717 658 1810 710 καὶ

228 756 441 808 ἀδικεῖν
476 754 765 817 εἰωθότας,
800 754 1090 823 ἀφορήτοις
1129 768 1187 803 τε
1232 750 1325 803 καὶ
1369 752 1591 821 πικραῖς
1644 765 1813 801 κατα-

230 847 503 916 τήκοντεις
535 845 731 907 λύπαις
770 846 891 907 τοὺς
928 846 992 913 τῇ
1044 842 1285 913 πτωχείᾳ
1321 841 1810 911 πεφορτισμένους.

243 940 390 991 Ἀλλ’
412 941 441 991 ὃ
468 956 530 1006 γε
561 938 760 1007 Κύριος
782 936 935 1007 ἡμῶν
969 936 1047 998 εἰς
1076 935 1270 987 οἰκεῖον
1301 934 1606 1003 ἀναγράφει
1644 931 1813 1002 πρόσ-

232 1051 391 1088 ωπον
414 1034 482 1085 τὰ
513 1035 591 1095 είς
617 1033 813 1095 αὐτοὺς
841 1029 1209 1100 πραττόμενα.
1252 1025 1459 1079 Οὐκοῦν
1486 1025 1547 1076 οὑ
1582 1022 1815 1093 μετρίως

232 1126 361 1194 Θεῴ
389 1125 821 1193 προσκρούομεν,
868 1120 1309 1181 πλεονεκτοῦντες
1337 1117 1426 1170 τὸν
1455 1116 1676 1185 ἀσθενῆ,
1719 1114 1817 1168 καὶ

234 1214 536 1275 τύπτοντες
565 1214 662 1282 μὲν
686 1210 935 1264 ταπεινὸν
970 1210 1233 1278 πυγμαῖς,
1274 1205 1451 1269 καθὼς
1488 1206 1814 1275 γέγραπται,

236 1305 769 1375 καταπικραίνοντες
804 1304 861 1357 δὲ
897 1304 1018 1365 ταῖς
1047 1300 1369 1371 δυσθυμίαις
1397 1300 1521 1363 τοὺς
1561 1302 1626 1370 τῇ
1664 1316 1815 1350 πτω-

236 1399 367 1469 χεία
399 1397 861 1467 κατηχθημὲνους,
893 1395 1067 1447 καίτοι
1096 1397 1251 1464 χεῖρα
1288 1392 1484 1463 μᾶλλον
1513 1391 1820 1460 ὀφείλοντες

237 1491 462 1559 ὀρέγειν
490 1489 673 1551 αὐτοῖς
710 1487 806 1557 τὴν
836 1484 1176 1555 φιλάλληλον.
1209 1502 1227 1533 ι
1274 1482 1437 1535 Πενία
1465 1482 1593 1553 γὰρ,
1630 1480 1818 1549 φησιν,

237 1579 420 1648 ἄνδρα
452 1579 715 1639 ταπεινοῖ,
754 1579 933 1647 χεῖρες
978 1574 1033 1626 δὲ
1084 1573 1342 1643 ἀνδρείων
1384 1572 1750 1635 πλουτίζουσι.
1799 1591 1816 1620 ι

239 1669 460 1737 Γράφει
488 1668 545 1720 δέ
574 1684 675 1720 που
714 1667 807 1720 καὶ
843 1669 870 1719 ὁ
901 1664 1134 1737 Χριστοῦ
1167 1664 1429 1735 μαθητής·
1476 1682 1494 1713 ι
1548 1658 1825 1732 Θρησκεία.

243 1760 475 1831 καθαρά
518 1762 610 1813 καί
660 1759 922 1830 ἀμίαντος
971 1757 1123 1827 παρὰ
1163 1755 1282 1827 Θεῷ
1332 1756 1425 1808 καὶ
1460 1755 1634 1824 Πατρὶ
1683 1750 1821 1821 αὕτη

1909 582 2042 636 quos
2077 577 2261 622 contra
2294 584 2423 622 cura
2450 571 2678 639 dignari,
2704 581 2759 626 et
2790 572 3083 631 honoribus
3124 578 3405 646 prosequi,
3447 590 3499 632 et

1911 660 2124 714 auxiliis
2150 676 2179 712 a
2206 659 2467 715 charitate
2485 663 2734 731 profectis
2747 665 3011 721 demereri
3041 668 3230 721 melius
3261 668 3452 723 fuisset
3480 686 3493 729 ;

1910 764 1965 807 et
2012 752 2199 806 solitos
2250 753 2561 820 injuriosius
2612 764 2870 825 tractare,
2933 759 3401 828 intolerandisque
3444 769 3497 811 et

1913 842 2121 897 acerbis
2150 859 2425 897 macerare
2484 844 2742 901 molestiis
2783 850 3115 915 paupertatis
3183 865 3347 905 onere
3397 865 3484 917 op-

1914 948 2153 1002 pressos.
2184 932 2384 988 Verum
2411 936 2669 990 Dominus
2693 948 2872 992 noster
2897 938 2999 993 sibi
3035 940 3176 996 facta
3196 942 3347 1005 dicit,
3372 957 3491 1007 quae

1916 1024 1968 1078 in
2003 1024 2121 1079 illos
2139 1024 2292 1078 ﬁunt.
2320 1026 2497 1092 Quare
2521 1043 2623 1080 non
2658 1029 3000 1085 mediocriter
3044 1034 3208 1087 Deum
3262 1031 3491 1086 olfendi-

1918 1131 2059 1178 mus,
2090 1116 2216 1170 dum
2268 1117 2540 1172 infirmum
2595 1120 3067 1186 circumvenimus,
3124 1133 3177 1176 et
3237 1124 3490 1178 humilem

1917 1221 2096 1276 pugno
2133 1209 2479 1275 percutitnus,
2516 1220 2572 1263 ut
2599 1212 2854 1281 scriptum
2891 1222 3007 1277 est,
3063 1215 3223 1284 267
3269 1230 3493 1268 exacer-

1922 1299 2108 1352 hantes
2138 1298 2303 1352 animi
2342 1302 2665 1356 maeroribus
2692 1318 2785 1358 eos
2820 1319 2953 1373 quos
2987 1307 3319 1374 paupertatis
3358 1322 3497 1360 onus

1921 1398 2127 1456 gravat,
2155 1403 2274 1441 cum
2307 1391 2475 1458 magis
2506 1404 2696 1445 manus
2728 1392 2931 1446 amoris
2956 1402 3139 1446 mutua
3169 1394 3275 1447 illis
3324 1396 3498 1462 porri-

1922 1479 2092 1547 genda
2122 1478 2279 1533 foret.
2313 1498 2331 1530 ι
2373 1479 2667 1550 Paupertas
2703 1482 2870 1546 enim,
2928 1484 3123 1551 inquit,
3182 1485 3355 1538 virum
3401 1486 3499 1538 hu-

1924 1568 2114 1632 miliat,
2153 1583 2343 1623 manus
2370 1580 2547 1625 autem
2568 1570 2787 1625 fortium
2812 1572 2989 1627 ditant
3014 1575 3080 1628 ⁸³.
3116 1594 3133 1626 ι
3172 1574 3372 1629 Scribit
3400 1574 3499 1628 ali-

1926 1660 2045 1714 cubi
2068 1660 2228 1713 etiam
2262 1661 2462 1715 Christi
2509 1663 2833 1732 discipulus:
2882 1684 2900 1718 ι
2943 1666 3150 1735 Religio
3202 1668 3400 1720 munda
3445 1676 3499 1720 et

1928 1751 2268 1806 immaculata
2288 1755 2427 1822 apud
2457 1753 2620 1809 Deum
2647 1767 2702 1809 et
2730 1754 2944 1811 Patrem
2991 1760 3108 1811 haec
3131 1766 3237 1820 est,
3281 1758 3502 1811 visitare

248 1853 430 1915 ἐστὶν,
460 1849 877 1904 ἐπισκέπτεσθαι
914 1849 1183 1919 ὀρφανοὺς
1228 1848 1321 1900 καὶ
1352 1847 1525 1917 χήρας
1554 1846 1610 1897 ὲν
1636 1846 1701 1913 τῇ
1729 1859 1820 1894 τα-

1948 1844 2157 1915 )υρῑιιοε
2185 1854 2239 1900 ει
2263 1846 2449 1900 viduas
2491 1846 2543 1899 in
2566 1846 2912 1903 tribulatione
2942 1848 3205 1921 ipsorum,
3236 1857 3291 1903 et
3311 1849 3503 1901 imma-

250 1942 514 1997 πεινώσει
546 1941 747 2009 αὐτῶν,
780 1941 873 1995 καὶ
903 1940 1127 1994 ἄσπιλον
1163 1937 1352 1993 ἑαυτὸν
1384 1938 1569 2009 τηρεῖν
1588 1933 1712 2007 ,ἀπὸ
1733 1931 1827 1987 τοῦ

248 2035 487 2104 κόσμου.
538 2053 556 2084 ι

324 2126 437 2179 Καὶ
476 2125 620 2179 ὁδὸν
645 2124 937 2179 ταπεινῶν
965 2122 1311 2189 ἐξέκλιναν.

326 2216 429 2269 ῙΖ’.
463 2213 633 2277 Τοῦτο
659 2215 870 2283 νοήσεις
904 2214 1046 2284 δίχα.
1086 2213 1157 2265 Ἦ
1185 2212 1292 2282 γὰρ
1335 2207 1511 2263 ἐκεῖνό
1544 2223 1726 2279 φησιν,
1751 2206 1832 2259 ὅτι

257 2307 672 2375 πεφρονήκασιν
698 2304 1000 2373 ὑπέρογκα,
1034 2303 1129 2357 καὶ
1162 2299 1488 2368 θεοστυγοῦς
1517 2298 1834 2362 ἀλαζονείας

256 2403 339 2463 εὶς
388 2399 545 2451 τοῦτο
584 2399 810 2467 ἣκουσιν
859 2396 920 2448 τὸ
968 2395 1185 2466 μέτρον,
1216 2393 1291 2456 ὡς
1332 2389 1712 2463 παραιτεῖσθαι
1741 2389 1835 2442 καὶ

253 2491 541 2559 ἀδελφοὺς,
580 2491 628 2550 εἰ
673 2489 747 2559 μὴ
788 2487 1000 2556 πλούτῳ
1048 2484 1402 2555 περιχέοιντο,
1450 2480 1543 2533 καὶ
1579 2480 1835 2549 λαμπρὰς

252 2584 435 2652 ἔχοιεν
469 2581 569 2643 τὰς
625 2579 963 2649 περιουσίας,
1009 2578 1184 2645 μισεῖν
1226 2572 1502 2642 δὲῶσπερ
1553 2570 1687 2623 ἱέναι
1742 2570 1838 2622 καὶ

253 2674 406 2728 κατά
428 2671 593 2726 ταυτδ
628 2673 739 2733 τοῖς
767 2670 866 2722 οὐκ
895 2668 1034 2736 ἄγαν
1060 2665 1387 2737 ὲξησκηκὸσι
1409 2662 1469 2715 τὸ
1499 2661 1723 2732 φιλοχρὴ
1733 2676 1837 2728 μα-

251 2784 351 2820 τον
381 2764 575 2827 πάθος,
609 2763 656 2816 οἳ
692 2764 785 2815 καὶ
813 2761 918 2813 εἰσὶ
944 2759 1210 2821 ταπεινοὶ,
1236 2756 1328 2811 τὸν
1356 2756 1558 2808 εἰκαῖον
1587 2751 1682 2806 τοῦ
1724 2750 1837 2821 βίου

255 2856 617 2926 διωθούμενοι
647 2853 828 2906 σάλον.
856 2852 1062 2918 Ἤγουν
1083 2849 1165 2901 ὅτι
1190 2847 1498 2918 καθηγηταί
1528 2844 1838 2913 γεγονότες,

258 2948 361 3001 καὶ
414 2945 558 3000 λαῶν
608 2943 923 3015 ἡγούμενοι,
974 2939 1370 3012 παρευθύνουσι
1420 2938 1519 3008 τὴν
1563 2937 1680 2989 ὁδὸν
1730 2934 1840 2987 τῶν

260 3037 692 3104 ἀσθενεστέρων,
721 3036 838 3105 ἦτοι
880 3032 987 3087 τῶν
1013 3029 1303 3096 ταπεινῶν,
1343 3029 1498 3101 δῆλον
1536 3027 1592 3080 δὲ
1619 3028 1703 3081 ὃτι
1731 3024 1840 3078 τῶν

261 3129 480 3185 οἴκοθεν
520 3128 616 3197 μὲν
638 3127 737 3179 οὐκ
770 3125 999 3195 ἑχόντων
1030 3123 1128 3192 τὴν
1168 3120 1262 3177 τοῦ
1297 3120 1665 3193 συμφέροντος
1693 3136 1840 3189 ειοη-

265 3239 353 3275 σιν
384 3218 609 3292 ἀκριϐῆ,
654 3216 1064 3291 προσκειμένων
1088 3214 1145 3267 δὲ
1195 3212 1392 3280 μᾶλλον
1428 3214 1547 3274 ταῖς
1574 3210 1684 3263 τῶν
1726 3225 1845 3261 παι-

263 3311 663 3383 δαγωγοῦντων
691 3312 918 3380 φωναῖς.
937 3306 1171 3376 Πλείστη
1188 3305 1244 3358 δὲ
1258 3306 1355 3375 ὅση
1378 3303 1583 3374 πληθὺς
1598 3303 1632 3373 ἡ
1646 3301 1844 3356 τοιάδε.

265 3406 419 3461 Ζῶσι
452 3404 553 3474 μὲν
583 3401 691 3471 γὰρ
722 3397 1176 3470 ἀπεριεργότερον
1198 3395 1289 3448 καὶ
1317 3395 1373 3447 ἐν
1395 3392 1658 3462 ἁπλότητι
1682 3409 1846 3457 τινες,

264 3498 617 3567 ἀπήρτηνται
660 3494 717 3547 δὲ
758 3492 859 3562 τῆς
908 3490 1015 3544 τῶν
1062 3486 1420 3541 διδασκόντων
1468 3484 1674 3553 φωνῆς,
1731 3483 1849 3553 ἦτοι

270 3586 675 3654 παιδαγωγίας,
724 3582 818 3635 καὶ
843 3582 1020 3652 ἤνπερ
1069 3580 1136 3633 ἂν
1183 3576 1404 3647 μάθοιεν
1449 3570 1507 3628 εὖ
1535 3573 1682 3643 ἔχειν
1711 3573 1847 3637 ὁδὸν,

266 3679 532 3749 ἀγαπῶσι
587 3675 729 3730 λίαν.
758 3672 967 3726 Οὐκοῦν
1017 3672 1066 3724 οἱ
1101 3670 1200 3741 μὲν
1247 3666 1401 3737 σοφοὶ
1447 3666 1543 3720 καὶ
1586 3662 1852 3732 θεοφιλεῖς

271 3776 388 3829 τῶν
424 3767 783 3839 καθηγεῖσθαι
810 3764 1107 3835 λαχόντων,
1140 3759 1243 3830 τὴν
1276 3759 1362 3811 ἐπ’
1393 3756 1523 3810 εὐθὺ
1550 3752 1853 3807 δεικνύουσι

271 3859 485 3931 τρίὸον,
519 3856 584 3910 δι’
617 3850 685 3926 ἧς
716 3852 862 3924 μάλα
888 3851 1215 3921 διᾴττοντες,
1248 3847 1350 3918 τὴν
1370 3844 1703 3900 ἀνδάνουσαν
1736 3840 1856 3912 Θεῷ

277 3947 607 4020 κατορθοῦσι
636 3946 801 4015 ζωήν.
833 3944 897 3996 Oi
926 3942 984 3995 δὲ
1006 3939 1070 4011 δὴ
1100 3936 1314 4010 μακρὰν
1340 3933 1435 3989 τοῦ
1469 3934 1613 3987 θείου
1650 3948 1856 4002 πεφροο

280 4043 509 4113 νηκότες
532 4040 719 4109 νόμου,
751 4032 1148 4105 παρευθύνουσι
1169 4028 1277 4082 τῶν
1304 4024 1573 4081 ταπεινῶν
1597 4022 1693 4095 τὴν
1718 4023 1855 4087 ὁδὸν,
1899 4060 1906 4067 .

286 4136 389 4200 ἔξω
417 4129 511 4185 τοῦ
560 4129 767 4191 εἰκότος
802 4123 1011 4178 καὶτοῦ
1037 4121 1336 4195 πρέποντος
1364 4115 1581 4188 ἀληθῶς
1605 4113 1860 4184 γενέσθαι

287 4222 798 4297 παρασκευάζοντες
818 4216 1019 4289 (ὁποῖόν
1038 4234 1092 4269 τι
1117 4214 1371 4285 δέδρακεν
1403 4208 1707 4281 Ἱεροϐοάμ,
1733 4208 1862 4297 ἀνα-

288 4295 569 4377 πεπεικὼς
608 4311 933 4383 προσκυνεῖν
960 4310 1081 4370 ταῖς
1113 4301 1513 4376 χειροτεύκτοις
1550 4295 1860 4369 δαμάλεσι),

284 4412 381 4465 καὶ
408 4407 816 4476 ἀποστήσαντες
848 4399 967 4454 ὁδοῦ
1001 4399 1098 4467 τῆς
1130 4398 1210 4461 είς
1241 4393 1370 4448 εὐθύ
1407 4410 1469 4446 τε
1510 4392 1605 4444 καὶ
1632 4388 1860 4459 ἀγαθὸν,

287 4501 377 4556 τοῦ
415 4494 799 4571 προσκεῖσθαι,
837 4491 1001 4563 φημὶ,
1034 4488 1114 4560 τῷ
1140 4487 1298 4557 φύσει
1332 4484 1471 4555 Θεῷ.

369 4588 713 4645 Ἑκκλίνουσι
738 4584 847 4638 τῶν
872 4579 1142 4636 ταπεινῶν
1170 4577 1269 4641 τὰς
1299 4576 1452 4638 ὁδοὺς
1492 4572 1582 4627 καὶ
1606 4573 1655 4625 οἱ
1684 4570 1865 4639 λέγειν

284 4686 346 4738 0-3
385 4678 816 4753 παραιτούμενοι
846 4672 922 4745 τῷ
950 4672 1096 4743 ἠπίῳ
1142 4668 1240 4732 τὰς
1278 4667 1503 4739 φρένας·
1548 4664 1702 4719 Ἐλθὲ
1748 4662 1867 4734 μεθ’

284 4776 469 4847 ἡμῶν,
506 4770 837 4840 κοινώνησον
868 4767 1100 4835 αἵματος
1148 4762 1357 4817 ἀδίκου.
1398 4759 1734 4813 Ἐκκλίνουσι
1759 4755 1870 4809 τῶν

285 4864 572 4922 ταπεινῶν
604 4863 705 4933 τὴν
732 4861 846 4915 ὁδὸν
877 4858 970 4913 καὶ
1014 4859 1063 4910 οἱ
1103 4854 1211 4908 τῶν
1252 4850 1718 4923 ὲκκλησιαστικῶν
1747 4847 1872 4915 δογ-

289 4963 483 5031 μάτων
522 4954 967 5027 παρατρέποντες
996 4948 1095 5020 τὴν
1133 4946 1400 5018 ὀρθότητα
1430 4943 1520 4997 snt
1538 4960 1602 5011 γε
1637 4942 1697 4995 τὸ
1724 4940 1877 5009 σφίσι

285 5050 511 5113 δοκοῦν,
538 5047 637 5101 καὶ
666 5044 883 5098 σκολιὰν
939 5040 1035 5095 καὶ
1056 5036 1494 5111 διεστραμμένην
1526 5035 1661 5087 ἰέναι
1688 5032 1876 5103 τρίϐον

287 5144 387 5199 τὸν
408 5140 521 5194 τῶν
566 5135 947 5205 ἁπλουστέρων
993 5128 1383 5191 ἀναπείθοντες
1426 5125 1580 5179 νοῦν·
1628 5122 1725 5176 καὶ
1769 5122 1879 5191 γάρ

290 5236 416 5288 ἐστι
446 5232 580 5301 παρ’
629 5228 812 5289 αὐτοῖς
860 5223 1017 5294 ὀρθὸν
1077 5220 1175 5291 μὲν
1243 5219 1414 5283 οὐδὲν,
1463 5213 1881 5285 ἐκτετραμμένα

289 5326 355 5384 δὲ
386 5322 592 5394 μᾶλλον
643 5318 741 5372 καὶ
770 5314 978 5385 ἀκαλλῆ
1009 5314 1246 5384 ῥήματα,
1275 5310 1369 5362 καὶ
1394 5306 1660 5375 συνθῆκαι
1686 5304 1880 5373 λόγων,

296 5414 559 5475 ἀσεϐείας
594 5427 653 5465 τε
682 5407 818 5478 ὁμοῦ
854 5408 950 5459 καὶ
981 5403 1253 5474 ἀμαθείας
1287 5399 1531 5471 ἔμπλεοι.

371 5504 483 5560 Καὶ
518 5501 652 5566 υἱὸς
704 5498 805 5552 καὶ
850 5494 1048 5563 πατὴρ
1085 5490 1542 5559 εἰσεπορεύοντο
1587 5483 1737 5553 πρὸς
1773 5482 1888 5550 τὴν

303 5594 503 5660 αὐτὴν
543 5588 898 5655 πάιὸίσκην,
948 5584 1108 5650 ὅπως
1150 5577 1549 5649 ,ϐεϐηλὼσωσι
1598 5575 1663 5628 τὸ
1696 5573 1887 5642 ὄνομα

302 5686 414 5747 τοῦ
450 5682 602 5739 Θεοῦ
634 5678 850 5734 αὐτῶν.

1930 1938 2163 1993 calatum
2191 1952 2250 1993 se
2279 1938 2553 1994 custodire
2582 1941 2649 1996 ab
2672 1942 2773 1996 hoc
2807 1940 3003 1996 saeculo
3030 1939 3126 1994 ⁸⁵³.
3163 1958 3181 1993 ι

2000 2118 2069 2171 Et
2100 2117 2248 2173 viam'
2266 2120 2537 2173 humilium
2557 2120 2969 2175 declinaverunt.

2002 2208 2162 2265 XVII.
2195 2211 2310 2266 Hoc
2336 2211 2584 2266 bifariam
2616 2212 2903 2283 intelliges.
2933 2213 3041 2268 Aut
3078 2213 3227 2269 enim
3273 2212 3401 2267 illud
3433 2212 3508 2267 di-

1933 2303 2026 2366 cit,
2052 2319 2209 2373 supra
2241 2306 2456 2361 modum
2491 2303 2705 2361 inﬂatos
2742 2305 2931 2372 fuisse,
2949 2312 3005 2360 et
3063 2320 3128 2360 eo
3179 2308 3504 2377 arrogantiae

1934 2391 2045 2447 Deo
2079 2393 2306 2448 odibiles
2328 2398 2565 2461 venisse,
2596 2405 2655 2450 ut
2704 2404 2758 2450 et
2810 2396 3010 2452 fratres
3067 2406 3504 2466 aspernarentur,

1937 2484 2036 2538 nisi
2071 2485 2259 2553 Opibus
2275 2486 2787 2553 circumﬂuerent,et
2803 2487 3111 2557 Splendidas
3132 2501 3310 2542 rerum
3330 2487 3510 2557 copias

1936 2575 2218 2637 baberent,
2243 2586 2701 2647 gravarenturque
2757 2578 3155 2647 quodammodo
3197 2580 3385 2633 eadem
3424 2578 3510 2631 via

1940 2680 2060 2719 cum
2104 2665 2169 2720 iis
2220 2667 2448 2736 ingredi,
2501 2669 2594 2736 qui
2661 2670 2729 2723 in'
2773 2671 2982 2725 ratione
3059 2671 3300 2739 pecunia:
3349 2682 3513 2723 avare

1938 2758 2248 2827 colligendae
2281 2774 2387 2815 non
2412 2770 2592 2815 essent
2614 2762 2829 2831 egregie
2856 2764 3165 2827 exercitati,
3193 2765 3285 2832 qui
3314 2772 3369 2817 et
3414 2763 3515 2817 hu-

1941 2850 2096 2904 miles
2118 2860 2265 2917 sunt,
2298 2849 2551 2907 fortuitos
2588 2855 2707 2909 vita:
2735 2853 2931 2910 ﬂuctus
2961 2856 3029 2910 ab
3066 2871 3124 2910 se
3167 2856 3510 2924 repellentes.

1941 2944 2046 2996 Aut
2071 2943 2197 3013 quia
2255 2946 2499 3015 magistri
2549 2954 2603 3000 et
2664 2948 2826 3002 duces
2854 2948 3033 3018 populi
3071 2948 3212 3001 viam
3247 2946 3519 3001 declinant

1944 3037 2303 3106 inﬁrmorum,
2328 3040 2442 3095 sive
2468 3039 2772 3106 hnntilium,
2795 3055 2981 3095 eorum
3012 3040 3246 3104 scilicet,
3274 3039 3365 3108 qui
3426 3052 3522 3107 per

1944 3144 2004 3186 se
2023 3141 2326 3187 accuratam
2359 3132 2573 3187 utilium
2597 3143 2840 3202 nomtatn
2879 3148 2983 3187 non
3017 3132 3254 3195 habent;
3282 3129 3374 3183 sed
3396 3144 3521 3181 cru-

1945 3223 2207 3278 dientium
2236 3237 2295 3278 se
2324 3224 2549 3279 vocibus
2579 3224 2759 3293 potius
2791 3225 3087 3278 adhaerent.
3115 3220 3325 3274 Talium
3366 3220 3519 3272 turba

1946 3312 2103 3383 longe
2130 3315 2361 3368 maxima
2393 3324 2497 3369 est.
2530 3313 2731 3368 Vivunt
2757 3316 2899 3368 enim
2924 3312 3141 3381 quidam
3198 3310 3523 3364 ’ncuriosius

1947 3413 2002 3459 et
2030 3404 2084 3457 in
2112 3405 2480 3472 simplicitate,
2514 3419 2542 3457 a
2603 3404 2823 3459 vocibus
2861 3402 3197 3466 docentium,
3228 3401 3343 3455 sive
3376 3400 3528 3453 insti-

1950 3496 2155 3549 tutione
2180 3496 2495 3564 pendentes,
2515 3504 2571 3551 et
2615 3511 2775 3566 quam
2825 3497 2964 3550 viam
3006 3496 3200 3550 bonam
3262 3508 3527 3561 cognove-

1950 3586 2081 3649 rint,
2114 3587 2461 3641 vehementer
2509 3596 2713 3642 atnant.
2765 3585 3050 3657 Sapientes
3102 3588 3265 3658 igitur
3309 3597 3361 3642 et
3433 3585 3530 3640 Dei

1952 3686 2193 3732 amantes
2218 3676 2459 3746 magistri
2483 3679 2549 3733 ad
2582 3679 2633 3733 id
2671 3679 2812 3748 quod
2840 3688 3050 3733 rectum
3098 3690 3201 3744 est,
3242 3681 3533 3734 ostendunt

1955 3766 2076 3833 iter,
2103 3783 2198 3837 per
2224 3768 2366 3836 quod
2419 3769 2661 3824 actiones
2714 3784 2840 3824 suas
2900 3779 3303 3839 componentes,
3368 3768 3532 3820 vitam

1956 3857 2067 3913 Deo
2097 3858 2346 3929 placitam
2385 3859 2614 3916 feliciter
2638 3861 2945 3917 traducunt.
2971 3860 3207 3928 Quorum
3235 3867 3412 3913 autem
3441 3872 3536 3911 co-

1958 3950 2244 4018 gitationes
2283 3967 2312 4005 a
2345 3950 2453 4007 Deo
2485 3953 2673 4021 procul
2722 3954 2946 4018 distant,
2999 3953 3320 4020 detorquent
3354 3951 3536 4004 humi-

1961 4037 2088 4091 lium
2110 4040 2273 4102 viam,
2293 4039 2624 4108 faciuntque,
2650 4050 2708 4093 ut
2735 4050 2887 4095 extra
2923 4040 2972 4092 id
2996 4038 3139 4106 quod
3197 4052 3411 4104 mquam
3433 4044 3535 4100 est,

1961 4140 2015 4185 et
2042 4146 2169 4183 vere
2198 4132 2374 4196 decet,
2401 4131 2643 4185 ferantur
2690 4130 2870 4201 (quale
2920 4128 3048 4183 fecit
3095 4127 3401 4193 Jeroboam,
3447 4127 3537 4192 qui

1961 4222 2218 4278 lsraelitis
2244 4231 2432 4275 auctor
2472 4220 2608 4289 fuit,
2655 4230 2713 4274 ut
2738 4218 2932 4273 vitulos
2971 4217 3307 4272 mannfactos
3347 4219 3541 4272 adora-

1964 4323 2082 4368 rent
2111 4312 2270 4382 “),et
2290 4324 2320 4363 a
2344 4309 2425 4361 via
2452 4308 2517 4362 ad
2547 4317 2753 4362 rectum
2792 4316 2845 4361 et
2878 4306 3074 4361 bonum
3122 4304 3442 4366 deducente,
3476 4302 3543 4355 ad

1965 4403 2363 4467 adhaerendum,
2396 4401 2636 4471 inquam,
2661 4400 2732 4467 ei,
2760 4399 2851 4470 qui
2877 4407 3073 4454 natura
3104 4397 3245 4452 Deus
3279 4404 3547 4460 esl,avcr-

1893 4514 1938 4570 ι)
1970 4506 2101 4552 lunt.

2034 4585 2209 4641 Etiam
2236 4584 2308 4638 illi
2339 4583 2622 4639 humilium
2646 4582 2784 4637 viam
2811 4580 3106 4648 declinant,
3166 4578 3258 4649 qui
3319 4592 3423 4632 non
3452 4575 3550 4629 du-

1966 4679 2145 4735 bitant
2180 4684 2362 4732 mente
2407 4690 2575 4746 puero
2607 4674 2833 4729 dicere:
2895 4672 3032 4729 Veni
3088 4671 3384 4731 nobiscum,
3434 4677 3551 4721 esto

1968 4770 2237 4841 particeps
2269 4767 2548 4837 sanguinis
2570 4767 2782 4836 iniusti.
2807 4765 3076 4820 Praeterea
3105 4762 3380 4817 declinant
3406 4759 3551 4812 viam

1972 4860 2276 4926 humilium,
2306 4860 2396 4929 qui
2414 4858 2665 4928 dogmata
2696 4855 3070 4912 ecclesiastica
3112 4852 3180 4906 ad
3228 4866 3379 4905 suam
3439 4850 3556 4918 opi-

1975 4951 2191 5007 nionem
2227 4951 2538 5019 depravant,
2567 4957 2620 5002 et
2663 4946 3047 5015 simpliciorum
3090 4942 3288 4996 animis
3335 4940 3555 5010 obliqua

1976 5049 2031 5097 ει
2054 5054 2307 5109 perversa
2336 5040 2422 5093 via
2478 5037 2758 5092 ambulare
2808 5034 3151 5103 persuadent.
3206 5031 3354 5087 Nihil
3404 5034 3549 5087 enim

1982 5130 2119 5199 apud
2156 5129 2300 5199 ipsos
2324 5136 2531 5183 rectum
2571 5136 2676 5194 est,
2705 5126 2798 5181 sed
2824 5124 3003 5194 potius
3020 5126 3178 5179 verba
3213 5138 3467 5193 perversa
3506 5132 3562 5177 et

1982 5221 2259 5285 indecora,
2290 5230 2344 5273 et
2366 5233 2647 5274 sermones
2675 5215 2982 5287 compositi,
3024 5214 3324 5285 impietatis
3393 5212 3559 5268 simul

1983 5322 2038 5367 et
2059 5312 2286 5368 inscitia:
2318 5309 2482 5381 pleni.
3212 5312 3219 5319 ’

2067 5487 2233 5558 268
2260 5486 2326 5542 Et
2356 5488 2499 5557 ﬁlius
2531 5499 2582 5543 et
2633 5496 2780 5557 pater
2812 5486 3034 5557 ingressi
3066 5495 3184 5539 sunt
3237 5480 3306 5535 ad
3328 5474 3563 5533 eamdem

1997 5581 2268 5653 ancillam,
2301 5593 2355 5639 ut
2381 5584 2632 5639 violarent
2667 5597 2853 5639 nomen
2870 5578 2969 5633 Dei
2997 5577 3098 5631 sui.

384 5799 430 5833 “
462 5796 626 5856 Prov.
664 5811 717 5860 ι,
756 5794 809 5848 4.
889 5794 951 5825 ³³⁸
984 5790 1098 5848 Jac.
1143 5807 1179 5859 ι,
1214 5789 1301 5844 9.7.
1382 5788 1427 5820 "
1461 5780 1525 5839 lll
1562 5784 1696 5853 llcg.
1735 5797 1834 5848 xu,
1870 5763 1994 5840 ΞΒ..
