3948 6208
479 368 583 422 “3

1506 367 1563 423 S.
1599 365 1872 423 CYRILLI
1916 362 2390 419 ALEXANDBINI
2429 363 2751 420 ARCIIIEP.

3640 370 3751 435 με

554 483 737 539 XVIII.
775 484 1002 554 Propter
1034 494 1315 553 protervas
1350 494 1401 540 et
1430 485 1850 554 reprehensione
1872 485 2057 554 dignas

2235 479 2341 537 ω’.
2387 480 2512 535 Ἐπὶ⁵
2538 480 2770 553 θερμαῖς
2802 483 2895 536 καὶ
2941 484 3297 555 ἐπιπλήκτοις
3325 484 3537 555 ἡδοναῖς
3565 504 3748 540 καται-

478 579 780 648 voluptates
822 595 1034 634 rursum
1068 581 1121 633 in
1164 594 1259 634 eos
1301 579 1605 643 invehitur,
1631 588 1686 634 et
1723 580 1775 633 in
1810 593 1919 634 uno
1959 578 2061 633 hoc

481 679 701 738 peccato
734 687 949 725 onmem
981 672 1237 740 pudorem
1267 671 1659 741 contempsisse
1678 670 2059 737 ostendit,cum

483 761 673 815 melius
706 762 915 825 fuisset,
944 762 1283 815 turbulentas
1312 762 1575 815 motiones
1596 762 1971 831 comprimere,
2007 770 2063 814 et

484 851 811 921 superiorem
837 868 955 907 esse
979 853 1247 919 voluptate
1300 853 1559 906 inusitata
1608 868 1672 906 ac
1718 853 2058 918 detestanda,

481 953 531 997 et
569 944 861 1011 praecidere
889 944 1234 1011 cupiditates.
1257 942 1583 997 voluntatem
1602 944 1781 998 carnis
1809 958 2062 999 coercere

482 1044 535 1088 et
564 1034 663 1105 legi
695 1036 746 1089 in
795 1038 1051 1092 membris
1118 1038 1315 1092 nostris
1372 1035 1419 1067 ‘°
1488 1036 1765 1091 ferocienti
1823 1036 2058 1104 quietem

480 1126 805 1196 persuadere
831 1128 1085 1182 scientes.
1140 1125 1345 1181 Verum
1395 1126 1491 1192 illi,
1535 1128 1601 1180 ad
1646 1137 1754 1181 tam
1803 1128 2058 1183 eximiam

481 1219 737 1274 virtutem
768 1238 871 1275 non
903 1220 1227 1286 aspirantcs,
1247 1221 1358 1275 suis
1385 1220 1728 1289 paSsionibus
1753 1221 1880 1276 victi
1906 1210 2120 1287 sunt,”

478 1312 689 1379 opinor.
723 1313 923 1367 Deinde
949 1316 1218 1382 quomodo
1244 1330 1347 1368 non
1374 1328 1493 1368 cum
1525 1314 1786 1382 sapientia
1837 1315 2060 1385 conjun—

479 1415 621 1456 ctum
651 1414 755 1465 est,
791 1406 842 1459 in
890 1407 1049 1461 rebus
1085 1409 1329 1475 turpibus
1354 1407 1545 1463 saltem
1579 1408 1777 1479 eligere
1830 1410 2059 1465 melius?

477 1495 546 1546 At
581 1495 802 1548 stultmn
854 1512 1077 1564 prorsus
1113 1499 1401 1566 concipere
1442 1498 1602 1569 longe
1648 1499 2054 1568 uefandissima,

476 1592 531 1636 et
564 1584 616 1637 in
645 1589 815 1653 patris
839 1589 1013 1643 cubile
1042 1591 1246 1645 iusilire
1276 1590 1467 1654 lilium,
1512 1592 1563 1645 iu
1598 1591 1692 1646 filii
1744 1604 1925 1649 autem
1960 1611 2056 1649 cu-

481 1672 589 1726 bile
612 1674 841 1730 scelesto
874 1678 1137 1733 etiusano
1161 1694 1344 1733 amore
1367 1680 1627 1748 percitum
1665 1677 1795 1734 ferri
1825 1690 2053 1749 patrem,

478 1775 532 1819 et
563 1781 668 1821 non
694 1769 942 1824 dubitare
974 1770 1185 1825 facinus
1218 1770 1579 1834 committere,
1614 1771 1757 1840 quod
1795 1771 1913 1826 sine
1941 1772 2056 1843 lege

480 1858 679 1931 Moysis
702 1871 892 1916 natura
913 1863 1027 1932 ipsa
1056 1878 1152 1933 pro
1190 1867 1329 1932 turpi
1358 1864 1539 1927 habet,
1576 1864 1822 1932 iratoque
1874 1865 2055 1919 animo

480 1950 949 2007 condemnandum
980 1962 1184 2008 censet.
1222 1954 1407 2022 Itaque
1436 1954 1649 2022 Ruben,
1690 1963 1912 2023 paterno
1960 1972 2055 2012 eu-

479 2044 572 2097 bili
604 2044 824 2109 violato,
854 2061 1181 2116 magnopere
1234 2045 1455 2101 oﬂendit
1486 2047 1552 2101 ‘7.
1610 2048 1920 2117 Indignatus
1972 2059 2055 2106 est

481 2136 607 2190 item
637 2139 983 2194 vehementer
1009 2140 1210 2197 Paulus
1234 2156 1395 2211 super
1448 2141 1539 2195 tali
1591 2143 1823 2211 quodam
1849 2144 2056 2197 scelere

479 2229 619 2297 apud
659 2231 968 2287 Corinthios
1031 2243 1362 2303 perpetrato.
1426 2233 1633 2301 Quibus
1694 2235 1769 2288 ita
1817 2236 2051 2290 scribit:

484 2337 503 2370 ς
537 2320 771 2378 Omnino
795 2324 1015 2379 auditur
1045 2325 1187 2379 inter
1207 2341 1303 2382 vos
1350 2326 1656 2391 foruicatio,
1694 2338 1748 2382 et
1790 2327 1910 2382 talis
1948 2328 2057 2383 for-

480 2414 681 2467 uicatio
739 2416 913 2483 qualis
973 2432 1071 2472 nec
1123 2418 1267 2473 inter
1327 2429 1538 2487 gentes,
1587 2428 1647 2471 ut
1684 2433 1907 2474 uxorem
1965 2435 2057 2486 pa-

481 2506 581 2560 tris
634 2508 716 2562 sui
759 2509 880 2577 quis
924 2510 1121 2565 habeat
1162 2510 1229 2564 ⁸⁸.
1267 2530 1286 2564 ι
1343 2512 1448 2567 Sed
1499 2526 1605 2566 non
1663 2513 1751 2566 hic
1801 2510 1916 2578 ejus
1971 2513 2055 2567 in-

480 2594 723 2664 dignatio
774 2599 953 2665 stetit,
990 2600 1211 2655 tradidit
1240 2602 1383 2655 enim
1429 2615 1550 2654 eum
1606 2602 1697 2671 qui
1742 2602 1793 2656 id
1853 2602 2057 2657 fecerat

482 2686 698 2743 Satanas
737 2688 1083 2746 iuinteritum
1131 2692 1329 2748 carnis.
1386 2694 1600 2749 Violant
1663 2695 1824 2763 igitur
1863 2711 2055 2751 nomen

481 2781 574 2834 Dei
599 2780 684 2835 sui
718 2782 1085 2852 hujuscemodi
1112 2785 1458 2852 passionibus
1492 2787 1760 2856 impliciti.
1785 2785 1895 2843 Nec
1964 2802 2059 2844 eos

480 2871 731 2926 sordibus
764 2884 817 2927 et
849 2874 1184 2930 immunditia
1212 2877 1447 2931 divinam
1485 2888 1731 2932 naturam
1770 2893 2058 2949 aspergere

482 2960 737 3017 dicimus.
766 2964 867 3029 Qui
889 2966 1035 3020 enim
1074 2967 1255 3022 istud?
1285 2968 1379 3023 sed
1444 2968 1805 3037 blasphemari
1854 2969 2059 3025 faciunt

482 3053 658 3122 potius
692 3055 1065 3111 universorum
1101 3057 1286 3122 Deum,
1317 3068 1373 3112 ut
1403 3059 1495 3128 qui
1565 3060 1775 3129 populis
1814 3064 2058 3131 profanis

2090 1833 2131 1889 Β

2162 574 2344 626 τιᾶται
2374 572 2557 637 πάλιν,
2580 574 2673 626 καὶ
2706 575 2924 646 ἀπάσης
2954 576 3249 646 εὐκοσμίας
3283 579 3639 647 ἡφειδοκότας
3660 582 3744 651 ἐφ’

2164 663 2244 716 ἐνὶ
2276 663 2339 734 δὴ
2388 663 2564 734 τούτῳ
2609 664 2811 734 δέδειχε
2860 665 3314 737 πλημμελήματι.
3349 663 3457 721 Ἦν
3496 670 3595 739 μὲν
3636 671 3749 743 γάρ

2163 756 2384 827 ἄμεινον
2411 756 2470 808 τὸ
2494 756 2942 827 κατανδρίζεαθαι
2969 759 3177 825 παθῶν,
3206 759 3298 812 καὶ
3319 762 3748 831 κατευμεγεθείν

2163 853 2355 923 ἡδονῆς
2385 853 2615 906 ὲκτόπου
2666 853 2760 906 καὶ
2807 856 3077 925 μυσαρᾶς,
3108 854 3204 908 καὶ
3245 855 3581 908 ἀποκόπτειν
3619 856 3749 908 ἐπι-

2163 945 2381 1013 θυμίας,
2414 947 2527 1008 τοῖς
2551 945 2661 998 τῶν
2695 946 2916 1016 σαρκῶν
2948 945 3248 1016 θελήμασιν
3270 948 3526 1016 ἐπιτιμᾷν
3572 947 3748 1014 ἐγνω-

2162 1037 2345 1098 κότας,
2381 1037 2478 1090 καὶ
2508 1041 2847 1108 κατηρεμεῖν
2871 1037 3261 1101 ἀναπείθοντας
3301 1038 3392 1092 τὸν
3424 1041 3480 1091 ἐν
3504 1041 3617 1101 τοῖς
3646 1038 3748 1108 μέ-

2164 1144 2307 1180 λεσιν
2347 1127 2504 1197 ἡμῶν
2550 1128 2901 1198 ἀγριαίνοντα
2951 1128 3135 1199 νόμον.
3182 1128 3324 1182 Ἀλλ’
3353 1125 3492 1200 ἦσαν
3545 1130 3749 1182 ἐκεῖνοι

2160 1218 2259 1284 τῆς
2304 1214 2448 1269 οὕτω
2496 1216 2755 1289 λαμπρᾶς
2806 1218 3037 1271 κατόπιν
3096 1218 3321 1289 ἀρετῆς,
3372 1220 3635 1290 ἥττηνται
3688 1219 3750 1274 δὲ

2159 1306 2299 1377 τάχα
2326 1323 2430 1360 που
2457 1307 2565 1360 τῶν
2589 1309 2670 1371 είς
2702 1309 2880 1379 σάρκα
2909 1309 3118 1363 παθῶν.
3152 1306 3286 1364 Εἶτα
3310 1310 3427 1374 πῶς
3460 1311 3522 1363 ού
3556 1312 3744 1380 σοφὸν,

2160 1399 2265 1452 κᾶν
2294 1398 2423 1467 γοῦν
2447 1401 2504 1452 ἐν
2534 1403 2647 1463 τοῖς
2662 1403 2914 1473 αἰσχροῖς
2939 1400 3209 1469 αἱρεῖσθαι
3229 1402 3291 1455 τὸ
3316 1402 3574 1472 ἀμεινον;
3621 1403 3744 1455 Ἑν.

2159 1494 2301 1547 νοεῖν
2333 1510 2392 1545 τε
2445 1492 2554 1546 τῶν
2592 1492 2730 1561 ἄγαν
2786 1494 3174 1559 ἀτοπωτάτων,
3220 1494 3429 1565 πατρὸς
3474 1496 3574 1565 μὲν
3627 1495 3745 1548 υἱὸν

2158 1582 2525 1656 ἐπιθρώσκειν
2552 1586 2755 1652 εὐναῖς,
2794 1585 3007 1656 πατέρα
3034 1585 3091 1638 δέ
3119 1586 3310 1648 αὑταῖς
3353 1585 3447 1639 τοῦ
3480 1586 3597 1639 υἱοῦ
3623 1586 3741 1638 κοί-

2158 1696 2276 1742 ταις
2318 1679 2548 1742 ἀνοσίως
2578 1678 2965 1749 ἐπιμαίνεσθαι
2994 1677 3190 1749 φιλεῖν,
3216 1678 3311 1731 καὶ
3343 1678 3541 1750 πράξει
3569 1678 3739 1732 δεινὸν

2161 1772 2377 1825 ἑλέσθαι
2405 1770 2666 1841 πληροῦν,
2698 1772 2727 1823 ὃ
2768 1772 2863 1825 καὶ
2892 1770 3016 1842 δίχα
3042 1772 3211 1842 νόμου
3252 1770 3347 1825 τοῦ
3382 1772 3472 1825 διὰ
3497 1771 3742 1835 Μωσέως

2159 1867 2191 1935 ἡ
2224 1864 2385 1932 φύσις
2427 1860 2568 1917 οἶδεν
2606 1863 2850 1934 αἰσχρὸν,
2882 1864 2976 1918 καὶ
3011 1867 3124 1928 τοῖς
3158 1864 3219 1929 ἐξ
3261 1864 3430 1935 ὀργῆς
3477 1864 3744 1935 κινήμασι

2158 1954 2540 2018 καταδικάζειν
2589 1954 2751 2019 ἀξιοῖ.
2797 1954 2907 2007 Καὶ
2928 1952 3060 2022 γοῦν
3102 1956 3131 2008 ὁ
3172 1953 3452 2025 Ῥουὸεὶμ,
3491 1955 3591 2025 τὴν
3646 1952 3743 2006 τοῦ

2160 2048 2393 2118 πατέρος
2411 2047 2677 2117 ἀδικήσας
2702 2047 2885 2117 εὐνὴν,
2919 2047 3361 2119 προσκέκρουκεν
3386 2049 3448 2100 οὐ
3478 2047 3742 2117 μετρίως.

2172 2138 2497 2206 Ἡγανάκτει
2530 2138 2587 2191 δὲ
2630 2139 2837 2211 σφόδρα
2870 2138 2965 2192 καὶ
3003 2138 3218 2201 Παῦλος
3260 2139 3353 2191 ἐπὶ
3400 2137 3591 2208 τοιῷδέ
3634 2154 3746 2191 τινι

2158 2228 2531 2300 πεπραγμένῳ
2544 2230 2694 2300 παρὰ
2708 2228 3037 2299 Κορινθίοις,
3061 2230 3154 2283 καὶ
3168 2228 3492 2282 ἐπιστέλλει·
3513 2248 3531 2279 ι
3563 2228 3749 2291 Ὅλως

2156 2319 2412 2373 ἀκούεται
2436 2322 2494 2372 ἐν
2529 2320 2656 2389 ὑμῖν
2701 2319 2946 2390 πορνεία,
2980 2318 3075 2373 καὶ
3113 2318 3336 2389 τοιαύτη
3364 2318 3587 2389 πορνεία
3617 2317 3749 2387 ἥτις

2158 2412 2277 2465 οὐδὲ
2312 2414 2368 2465 ἐν
2396 2413 2509 2472 τοῖς
2542 2411 2753 2465 ἔθνεσιν
2784 2410 3135 2480 ὀνομάζεται,
3163 2410 3305 2464 ὥστε
3334 2410 3567 2479 γυναῖκά
3613 2426 3745 2462 τινα

2156 2505 2252 2559 τοῦ
2280 2504 2486 2576 πατρὸς
2532 2504 2696 2575 ἐχειν.
2740 2523 2759 2557 ι
2806 2503 2946 2557 Ἀλλ’
2992 2504 3053 2557 οὐ
3112 2504 3273 2574 μέχρι
3316 2502 3521 2556 τούτων
3553 2503 3749 2571 ἵστησι

2158 2598 2255 2670 τὴν
2303 2598 2694 2669 ἀγανάκτησιν,
2721 2596 3105 2668 Παρεδίδουδέ
3137 2597 3227 2649 τὸν
3262 2595 3621 2668 εἰργασμένον
3666 2595 3753 2666 τῷ

2158 2692 2393 2762 Σατανᾷ,
2430 2691 2566 2761 πρὸς
2593 2690 2814 2761 ὄλεθρον
2847 2692 2946 2759 τῆς
2974 2689 3193 2760 σαρκός.
3229 2688 3525 2760 Βεόηλοῦσι
3556 2687 3621 2755 δὴ
3646 2686 3753 2742 οὖν

2156 2784 2219 2835 τὸ
2248 2783 2420 2853 ὄνομα
2461 2780 2558 2834 τοῦ
2580 2779 2716 2833 Θεοῦ
2767 2781 2949 2834 αὐτῶν
2999 2781 3048 2833 ei
3086 2782 3198 2843 τοῖς
3226 2781 3451 2833 τοιοῖσδε
3507 2781 3750 2834 πάθεσιν

2159 2874 2353 2944 ἔνοχοι.
2396 2873 2504 2926 Καὶ
2548 2872 2695 2926 οὗτοι
2756 2872 2860 2924 πού
2898 2889 3099 2942 φαμεν,
3142 2872 3224 2924 ὅτι
3282 2871 3582 2942 βεϐήλωσιν
3644 2873 3750 2925 καὶ

2158 2965 2500 3036 ἀκαθαρσίαν
2547 2968 2612 3035 τῇ
2668 2964 2787 3035 θείᾳ
2838 2963 3194 3035 προσέτριὸον
3241 2964 3423 3034 φύσειο
3462 2964 3582 3028 πῶς
3632 2966 3752 3037 γὰρ

2159 3056 2245 3123 ἂν,
2282 3056 2540 3129 ἥπόθεν;
2579 3055 2979 3125 δυσφημεῖσθαι
3035 3055 3091 3107 δὲ
3143 3054 3343 3124 μᾶλλον
3387 3055 3755 3125 παρασκευά-

481 3143 728 3213 imperet.
761 3143 897 3202 IIinc
924 3148 988 3200 ad
1011 3146 1200 3202 Judam
1221 3148 1297 3202 ait
1329 3166 1343 3203 :
1372 3167 1391 3200 ι
1425 3148 1525 3203 Per
1545 3164 1639 3206 vos
1664 3165 1857 3207 nomen
1879 3168 2055 3209 meum

2163 3150 2312 3215 ζουσι
2334 3149 2425 3202 τὸν
2457 3148 2564 3201 τῶν
2590 3148 2725 3201 ὅλων
2748 3147 2902 3213 Θεὸν,
2933 3146 3010 3210 ὡς
3039 3146 3287 3217 βεϐήλων
3308 3147 3544 3218 ἄρχοντα
3571 3147 3749 3201 λαῶν.

484 3234 886 3306 blasphematur
918 3239 969 3292 in
989 3240 1238 3310 gentibus
1286 3240 1356 3297 “.
1402 3239 1860 3308 Quemadmodum
1911 3245 2053 3299 enim

484 3326 649 3383 Deum
681 3330 1019 3385 sanctilicare
1050 3331 1299 3387 dicuntur
1317 3334 1409 3402 qui
1438 3346 1585 3392 recte
1608 3337 1905 3403 vivunt,sic
1930 3353 2057 3392 eum

481 3422 686 3477 violare
714 3424 939 3494 intelligi
999 3436 1224 3494 possunt
1279 3429 1373 3498 qui
1406 3430 1694 3498 impurum
1744 3442 1800 3485 et
1828 3430 2056 3487 illauda-

480 3512 587 3569 bile
614 3517 735 3570 vitae
773 3517 1079 3572 institutum
1104 3529 1521 3591 persequuntur.

546 3703 711 3762 Vens.
744 3708 798 3761 8.
831 3708 895 3761 Et
927 3712 1230 3764 vestimenta
1253 3729 1434 3767 eorum
1462 3713 1684 3785 ligentes
1706 3717 1942 3785 funibus,
1974 3737 2056 3774 ve-

478 3796 675 3851 lamina
701 3799 983 3867 faciebant,
1032 3804 1358 3857 adhazrentia
1408 3806 1606 3871 altari;
1659 3820 1705 3863 et
1767 3811 1938 3863 vinum
1993 3828 2057 3865 ea:

480 3890 759 3944 calumniis
782 3892 1018 3946 bibebant
1052 3894 1104 3946 in
1134 3895 1289 3948 dente
1316 3894 1413 3951 Dei
1430 3898 1533 3951 sui.

550 4068 691 4122 XIX.
724 4070 976 4125 Dominus
1010 4084 1191 4127 uoster
1209 4074 1365 4130 .Icsus
1403 4075 1649 4131 Christus
1681 4093 1785 4133 non
1812 4080 1880 4134 ob
1904 4080 2049 4135 aliud

481 4162 660 4217 divina
700 4164 892 4233 templa
924 4166 1237 4221 militicanda
1265 4167 1487 4234 docens,
1515 4184 1675 4240 quam
1707 4181 1764 4226 ut
1818 4172 1872 4227 in
1929 4174 2056 4243 ipsis

482 4254 857 4309 universorum
896 4254 1036 4311 Deus
1062 4256 1411 4326 glorificetur,
1445 4268 1500 4313 et
1553 4276 1672 4328 qua!
1725 4261 1870 4316 illum
1905 4264 2057 4317 decet

480 4347 726 4399 adoratio
749 4347 1090 4410 adhibeatur,
1125 4349 1415 4417 aliquando
1438 4349 1746 4406 Iudaeorum
1774 4352 2054 4408 institores

482 4438 765 4503 increpuit,
789 4438 879 4503 qui
912 4439 1161 4491 animalia
1197 4442 1249 4493 iu
1281 4441 1903 4509 templumadducerent,
1932 4460 2053 4498 cum

2156 3245 2267 3298 Καὶ
2297 3242 2429 3310 γοῦν
2449 3241 2551 3313 ἔφη
2583 3257 2686 3294 που
2715 3241 2852 3312 πρὸς
2890 3239 3113 3293 Ἰούδανο
3150 3258 3169 3291 ι
3207 3242 3285 3292 Δι’
3320 3241 3465 3309 ὑμᾶς
3486 3241 3548 3293 τὸ
3570 3242 3753 3312 ὄνομά

2160 3353 2260 3407 μου
2312 3334 2715 3404 βλασφημεῖται
2767 3335 2823 3385 ὲν
2872 3334 2985 3395 τοῖς
3036 3332 3263 3386 ἔθνεσιν.
3314 3351 3331 3383 ι
3370 3334 3579 3405 Ὥσπερ
3634 3337 3754 3406 γὰρ

2157 3424 2403 3494 ἁγιάζειν
2434 3423 2681 3492 λέγονται
2715 3422 2805 3474 τὸν
2847 3421 2982 3474 Θεὸν
3010 3422 3056 3474 oi
3090 3422 3294 3487 ζῶντες
3332 3423 3528 3494 ὀρθῶς,
3568 3422 3755 3487 οὕτως

2158 3519 2224 3572 ἂν
2283 3518 2484 3571 νοοῖντο
2535 3514 2799 3587 βεϐηλοῦν
2843 3516 2892 3567 ei
2927 3504 3029 3585 ’τὴν
3077 3514 3387 3586 ἀκάθαρτον
3431 3517 3523 3568 καὶ
3571 3516 3759 3569 ἀκλεᾶ

2157 3614 2567 3683 ἐπιτηδεύοντες
2601 3611 2896 3666 πολιτείαν.

2226 3706 2335 3760 Καὶ
2386 3704 2459 3758 τὰ
2505 3703 2703 3773 ἱμάτια
2734 3700 2933 3758 αὐτῶν
2985 3700 3383 3770 δεσμεύοντες
3423 3702 3756 3769 σχοινίοις,

2158 3796 2667 3866 παραπετάσματα
2694 3795 2944 3847 ἐποίουν
2976 3795 3233 3862 ἐχόμενα
3272 3794 3382 3847 τοῦ
3414 3797 3757 3862 θυσιαστη-

2150 3891 2320 3958 ρίου·
2372 3888 2469 3942 καὶ
2500 3888 2668 3941 οἶνον
2711 3886 2779 3939 ἐκ
2830 3884 3252 3955 συκοφαντιῶν
3294 3885 3505 3939 ἔπινον
3546 3885 3618 3938 ἐν
3672 3886 3757 3952 τῷ

2157 3983 2300 4048 οἴκῳ
2338 3980 2442 4034 τοῦ
2477 3980 2625 4033 Θεοῦ
2652 3977 2871 4032 αὐτῶν.

2229 4074 2326 4128 ΙΘ¹.
2377 4072 2434 4126 '0
2465 4071 2669 4141 Κύριος
2696 4070 2853 4141 ἡμῶν
2899 4067 3107 4141 Ἰησοῦς
3130 4069 3385 4140 Χριστὸς,
3425 4070 3521 4137 οὐχ
3551 4068 3754 4138 ἑτέρου

2158 4184 2249 4219 του
2280 4165 2440 4235 χάριν
2469 4165 2595 4226 τοὺς
2636 4162 2813 4225 θείους
2847 4161 3045 4233 χρῆναι
3081 4161 3243 4223 ναοὺς
3268 4159 3636 4213 ἐπιτελεῖσθαι
3674 4161 3759 4213 δι-

2157 4259 2391 4321 δάσκων,
2420 4256 2453 4326 ἢ
2512 4254 2651 4307 ὥστε
2695 4252 2993 4321 δοξολογεῖν
3040 4253 3097 4304 ἐν
3130 4252 3312 4313 αὐτοῖς
3341 4250 3433 4303 τὸν
3473 4250 3580 4302 τῶν
3603 4250 3757 4303 ὅλων

2157 4349 2407 4411 Saevum!
2429 4348 2525 4419 τὴν
2551 4346 2699 4417 αὐτῷ
2724 4344 3039 4415 πρέπουσαν
3053 4344 3322 4396 ποιεῖσθαι
3349 4342 3754 4413 προσκύνησιν,

2158 4444 2396 4511 ἐπετίμα
2442 4440 2572 4492 ποτέ
2613 4442 2727 4501 τοῖς
2772 4438 3043 4491 Ἰουδαίων
3096 4436 3379 4506 ἐμπόροις,
3432 4438 3759 4507 παρακομί-

483 4529 616 4581 dixit
648 4545 661 4581 :
694 4548 711 4579 ι
743 4527 944 4583 Domus
976 4532 1325 4595 mea,domus
1359 4532 1524 4603 269
1544 4534 1805 4588 orationis
1840 4538 2057 4591 vocabi-

2163 4536 2344 4599 ζουσιν
2376 4535 2432 4585 ἐν
2458 4531 2534 4601 τῷ
2565 4530 2696 4601 ἱερῷ
2736 4530 2868 4595 ζῶα.
2906 4531 3243 4601 Γέγραπταιο
3279 4548 3301 4582 ι
3344 4530 3402 4584 Ὀ
3431 4526 3578 4591 οἶκός
3617 4548 3754 4599 μου,

484 4606 571 4674 tur
596 4622 665 4687 ⁸⁸³,
698 4639 717 4673 ι
768 4621 1114 4692 adiungitque
1161 4638 1315 4677 sacra
1376 4625 1674 4692 Scriptura,
1745 4629 2055 4683 recordatos

481 4709 651 4767 fuisse
683 4712 992 4780 discipulos,
1012 4711 1134 4779 quia
1166 4712 1425 4779 scriptum
1454 4714 1525 4767 sit
1557 4732 1572 4767 :
1638 4734 1657 4766 ι
1687 4716 1843 4770 Zelus
1864 4718 2056 4773 domus

485 4812 587 4857 tuae
616 4805 856 4860 comedit
882 4821 967 4859 me
996 4805 1066 4859 ⁸ί.
1112 4824 1132 4857 ›
1171 4804 1431 4874 Obiurgat
1457 4806 1619 4859 etiam
1651 4808 1845 4861 Paulus
1892 4824 2057 4879 quos-

484 4897 603 4949 dam
632 4898 829 4952 similia
852 4899 1047 4953 audere
1111 4898 1315 4953 solitos.
1353 4916 1371 4949 ‹
1434 4897 1680 4967 Nunquid
1728 4898 1918 4954 domos
1950 4918 2054 4955 non

485 4986 718 5054 habetis,
742 4991 935 5060 inquit,
966 4992 1031 5045 ad
1064 4992 1497 5045 manducandum
1524 5000 1577 5046 et
1616 4993 1926 5055 bibendum,
1964 5003 2054 5045 aut

484 5078 767 5133 ecclesiam
797 5083 889 5137 Dei
925 5085 1271 5140 contemnitis
1285 5084 1362 5139 l"‘1
1396 5102 1416 5136 ι
1450 5083 1660 5155 Ubique
1691 5084 1849 5154 igitur
1869 5086 2059 5141 obesse

486 5179 728 5238 apparet,
766 5172 961 5228 divinis
1009 5179 1214 5231 aedibus
1280 5187 1532 5247 tanquam
1576 5177 1950 5233 communibus
2005 5187 2059 5233 et

488 5260 748 5328 profanis,
775 5273 829 5316 et
852 5264 1140 5335 unicuique
1167 5270 1400 5338 propriis
1451 5269 1623 5325 abuti.
1660 5269 1757 5325 Ubi
1784 5271 1925 5324 enim
1947 5269 2053 5336 iam

490 5351 597 5405 Deo
624 5350 948 5406 conveniens
965 5352 1139 5409 cultus
1167 5368 1469 5425 praestetur,
1515 5362 1559 5415 si
1590 5372 1716 5416 ante
1738 5360 1920 5415 oculos
1942 5359 2058 5427 ejus

488 5443 669 5497 carnis
698 5442 1061 5511 voluptatibus
1093 5448 1434 5504 serviamus"
1458 5453 1584 5507 etin
1620 5456 1814 5523 quibus
1845 5461 2060 5523 propter

490 5536 901 5590 sanctimoniam
933 5538 1168 5608 conspici
1223 5556 1320 5594 nos
1345 5542 1650 5611 splendidus
1687 5546 1990 5615 oportebat,
2015 5546 2059 5599 si

562 5740 607 5771 "
640 5738 792 5816 lion}.
815 5757 925 5816 _vu,
962 5741 1051 5795 23.
1096 5814 1100 5816 Α
1132 5740 1189 5816 *⁸⁷
1216 5741 1345 5801 Gen.
1389 5764 1530 5814 xux,
1560 5748 1611 5805 4.
1692 5749 1735 5781 ⁵⁸
1771 5749 1787 5803 I
1828 5749 1952 5807 Cor.
1984 5764 2036 5816 ν,
2068 5749 2117 5803 1.

496 5808 583 5864 I0.
659 5811 705 5841 "
748 5811 763 5864 I
804 5814 929 5868 Cor.
972 5828 1046 5881 xt,
1088 5813 1179 5867 ‘22.

2161 4622 2309 4687 οἶκος
2358 4622 2667 4693 προσευχῆς
2716 4622 3070 4692 κληθήσεται.
3111 4642 3128 4673 ι
3193 4623 3536 4693 Ἐπεσήμηνε
3580 4621 3643 4674 δὲ
3693 4623 3757 4675 τὸ

2162 4716 2401 4787 Γράμμα
2445 4712 2507 4765 τὸ
2550 4713 2714 4783 ἱερὸν,
2749 4712 2824 4775 ὡς
2875 4713 3225 4783 ἐμνήσθησαν
3252 4714 3299 4764 οἱ
3353 4710 3617 4781 μαθηταὶ,
3667 4711 3791 4762 ὅτι·

2160 4804 2544 4877 γεγραμμένον
2576 4799 2662 4875 ἦν’
2701 4821 2719 4853 ι
2773 4803 2830 4856 '0
2858 4803 3017 4873 ζῆλος
3053 4803 3147 4856 τοῦ
3183 4802 3335 4856 οἴκου
3367 4819 3461 4853 σου
3498 4802 3760 4870 καταφά-

2162 4899 2318 4968 γεταί
2352 4916 2439 4968 με,
2483 4916 2499 4947 ι
2547 4895 2883 4965 Ἐπέπληττε
2921 4896 2977 4948 δέ
3016 4914 3126 4948 τισι
3157 4898 3250 4949 καὶ
3286 4894 3518 4958 Παῦλος,
3565 4896 3759 4947 τοιάδε

2161 4991 2281 5045 τινὰ
2319 4991 2519 5061 τολμᾷν
2568 4988 2804 5042 εἰωθόσι.
2840 5008 2857 5039 ι
2894 4989 2984 5058 Μὴ
3014 4988 3143 5059 γὰρ,
3196 4989 3383 5060 φησὶν,
3429 4986 3605 5048 οἰκίας
3646 4987 3761 5039 οὐκ

2162 5084 2312 5155 ἔχετε
2342 5085 2419 5145 είς
2448 5084 2507 5135 τὸ
2540 5081 2739 5134 ἐσθίειν
2770 5081 2863 5133 καὶ
2887 5079 3081 5143 πίνειν,
3108 5080 3140 5150 ἢ
3165 5080 3265 5148 τῆς
3312 5076 3611 5148 ἐκκλησίας
3652 5075 3758 5129 τοῦ

2162 5171 2293 5226 Θεοῦ
2349 5173 2773 5242 καταφρονεῖτε;
2819 5188 2836 5221 ι
2897 5170 3241 5231 Ἀλυσιτελές
3284 5169 3348 5239 δὴ
3394 5164 3486 5221 οὖν
3549 5167 3757 5237 δρᾶται

2163 5263 2439 5335 πανταχοῦ
2477 5263 2538 5315 τὸ
2579 5265 2690 5325 τοῖς
2723 5262 2887 5324 θείοις
2931 5261 3103 5326 οἴκοις
3136 5258 3581 5330 κατακεχρῆσθαι
3626 5257 3758 5309 τολ-

2170 5360 2295 5429 μᾷν,
2323 5356 2523 5409 ὡσανεὶ
2557 5355 2650 5408 καὶ
2680 5357 2789 5417 τοῖς
2816 5357 3013 5415 κοινοῖς
3044 5355 3137 5406 καὶ
3167 5356 3279 5417 τοῖς
3307 5352 3521 5421 ἑκάστῳ
3576 5360 3757 5420 προσ-

2167 5453 2392 5522 ήκουσιν
2449 5448 2631 5521 ἱδικῶς
2665 5447 2791 5519 (ποῦ
2825 5446 2933 5516 γὰρ
2978 5446 3057 5498 ἔτι
3102 5446 3181 5516 τῷ
3210 5445 3328 5514 Θεῷ
3362 5443 3637 5516 προσῆκον
3680 5438 3758 5493 ἂν

2166 5544 2385 5613 τηροῖτο
2444 5540 2627 5606 σέϐας,
2675 5541 2723 5592 εἰ
2775 5538 2974 5606 σαρκὸς
3022 5538 3215 5607 ἡδονὰς
3266 5534 3640 5608 θεραπεύομεν
3691 5534 3759 5585 ἐν

2214 5747 2386 5803 "Isa.
2422 5762 2520 5812 LII,
2546 5746 2600 5802 5.
2676 5744 2723 5778 ”
2746 5744 2935 5801 Matth.
2975 5760 3088 5813 xxv,
3136 5743 3218 5798 IS.
3296 5744 3338 5776 ⁵⁸
3365 5740 3507 5798 PsaI.
3546 5754 3750 5805 stul,
