3948 6208
171 385 282 443 455

1144 373 1704 436 COMMENTARIUS
1743 376 1808 432 ΙΝ
1846 378 2035 436 AMOS
2073 377 2520 437 PROPHETAM.

3372 385 3474 440 H6

162 499 482 570 ὀφθαλμοῖς
509 495 726 568 αὐτοῦ),
761 498 857 552 καὶ
885 499 943 553 ἐν
977 495 1060 562 οἷς
1087 498 1196 554 ἔδει
1219 499 1510 571 λαμπροὺς
1537 497 1768 572 ὁρᾶσθαι

1876 499 1950 555 ibi
1987 501 2120 569 lapsi
2143 502 2197 554 iu
2215 517 2335 571 quae
2376 500 2459 554 fas
2487 514 2591 554 non
2627 507 2728 562 est,
2762 497 3076 554 rideamur?
3131 501 3279 568 Quod
3343 521 3473 556 non-

156 594 258 646 διὰ
308 591 786 661 σεμνότητα,ἐκεῖ
833 589 1097 659 γελᾶσθαι
1149 591 1685 658 κατολισθαίνοντας,
1734 589 1772 646 ἃ

160 684 249 754 μὴ
304 682 489 752 θέμις.
533 682 599 735 Ὃ
646 681 711 752 δὴ
762 682 1050 748 ποιοῦντας
1095 701 1247 747 τινας
1285 685 1387 738 οὐκ
1435 685 1774 756 ἀμωμήτους

159 775 259 845 ἐξ,
313 772 412 826 καὶ
456 772 665 842 σφόδρα
690 773 936 836 εἰκότως.
965 774 1040 826 οὐ
1079 774 1188 845 γὰρ
1225 775 1588 848 ἀπήλλαττον,
1613 775 1769 846 φησὶ,

157 861 542 934 τανυσμάτων
575 862 633 914 τὸ
678 860 1084 934 θυσιαστήριον,
1111 864 1225 916 ἀλλ’
1251 865 1342 918 ὑπ’
1382 865 1516 918 αὐτὸ
1552 881 1773 917 πεπτω-

162 956 358 1019 κότες,
411 953 782 1023 καταμεθύειν
827 954 1093 1024 ἐτόλμων,
1142 957 1238 1010 καὶ
1281 958 1351 1011 τὰ
1398 957 1592 1028 ἡδονῆς
1635 957 1773 1027 ἔργα

161 1044 444 1115 πληροῦν,
473 1045 559 1096 ἵνα
601 1043 694 1096 καὶ
719 1043 855 1096 Θεοῦ
883 1045 1174 1100 ἀκούσειαν
1205 1047 1454 1116 λέγοντος
1501 1047 1768 1118 ἐναργῶς·

165 1159 186 1191 s
229 1138 350 1192 Καὶ
382 1136 494 1205 ἐγὼ
529 1137 760 1206 μάρτυς,
779 1135 928 1204 λέγει
958 1138 1182 1209 Κύριος.
1219 1159 1239 1192 ι
1273 1140 1430 1203 Τίνος
1463 1140 1507 1192 δ’
1532 1139 1600 1193 ἂν
1629 1139 1769 1193 ἀπό-

163 1246 366 1300 σχοιτο
404 1229 511 1283 τῶν
557 1229 777 1281 ἀτόπων
809 1227 1057 1292 κάτοινος
1092 1227 1252 1297 ἀνὴρ,
1289 1230 1383 1282 καὶ
1428 1229 1528 1292 τὰς
1563 1231 1772 1300 φρένας

160 1318 678 1390 παρενηνεγμένος,
727 1318 824 1370 καὶ
861 1317 998 1389 πρὸς
1044 1320 1151 1372 πᾶν
1186 1319 1361 1372 ὁτιοῦν
1408 1318 1628 1383 εῦκολος
1660 1319 1771 1373 τῶν

161 1411 403 1473 κακῶνς
457 1409 658 1479 Ἐφορᾷ
689 1407 787 1478 μὲν
814 1407 923 1480 γὰρ
947 1410 976 1462 ὁ
1000 1408 1108 1462 τῶν
1139 1409 1276 1462 ὅλων
1306 1408 1439 1472 Θεὸς
1496 1411 1590 1462 καὶ
1616 1410 1684 1462 τὰ
1713 1413 1771 1464 ἐν

167 1502 390 1566 σκότει,
437 1500 580 1554 κατὰ
625 1499 685 1552 τὸ
738 1500 1148 1570 γεγραμμένον,
1185 1501 1280 1554 καὶ
1335 1501 1577 1555 ἄποπτον
1621 1500 1772 1571 αὐτῷ

162 1590 462 1654 παντελῶς
495 1590 669 1643 οὐδέν.

250 1685 417 1737 Δοκεῖ
439 1683 497 1736 δέ
534 1700 651 1747 πως
681 1683 750 1736 τὰ
786 1686 844 1737 ἐν
882 1681 1205 1754 ἐκκλησίαις
1263 1682 1524 1752 μάλιστα,
1575 1700 1768 1754 μονον⁴

159 1774 299 1844 ουχὶ
357 1772 625 1845 παρόντος
670 1790 729 1827 τε
778 1772 874 1827 καὶ
916 1772 1220 1843 θεωμένου,
1253 1771 1588 1844 πράττεσθαι
1633 1772 1771 1844 πρὸς

165 1851 360 1934 ὑμῶν.
401 1865 510 1917 Καὶ
534 1865 694 1934 εἴπερ
741 1865 863 1918 ἐστὶ
912 1864 1245 1934 πάναισχρον
1271 1862 1511 1934 ἀληθῶς,
1547 1864 1642 1917 καὶ
1672 1864 1772 1936 τὴν
1806 1845 1846 1900 Β

162 1955 419 2025 ἐσχάτην
443 1956 508 2008 ἐκ
544 1955 712 2028 νόμου
739 1955 1083 2028 κατάρρησιν
1118 1955 1339 2028 ἔχον,τὸ
1370 1955 1589 2026 μεθύειν
1611 1955 1766 2019 ὅλως

164 2044 294 2107 πῶς
321 2044 384 2097 οὐ
434 2044 636 2109 παντὸς
667 2045 928 2100 ἐπέκεινα
971 2045 1130 2113 λόγου
1163 2044 1259 2098 τοῦ
1290 2045 1428 2118 πρὸς
1460 2046 1770 2115 φαυλότητα

170 2135 509 2205 βλέποντος,
543 2137 606 2189 τὸ
632 2137 727 2192 καὶ
775 2137 834 2190 ἐν
869 2138 1010 2210 αὐτῇ
1039 2137 1305 2209 ἐκκλησίᾳ
1331 2137 1562 2209 ὁρᾶσθαι
1599 2139 1772 2192 τοιού-

168 2245 342 2293 τουςς
375 2228 471 2281 καὶ
506 2228 566 2281 τὸ
613 2228 694 2282 ἔτι
738 2227 1162 2301 φορτικώτερον,
1211 2231 1260 2282 εί
1305 2228 1364 2296 ἐξ
1407 2229 1608 2284 ἀδίκων
1675 2230 1771 2284 καὶ

169 2319 432 2391 πονηρῶν
478 2321 726 2392 αἱμάτων
770 2321 839 2376 τὰ
887 2323 967 2385 είς
1016 2322 1232 2393 τρυφὴν
1286 2321 1658 2391 συλλέγοιντο;
1706 2323 1769 2375 Ol

169 2412 330 2466 τοῦτο
365 2413 630 2484 δρῶντες,
668 2413 996 2467 ἀκούσονται
1033 2413 1168 2467 Θεοῦ
1203 2415 1454 2483 λέγοντος
1499 2415 1765 2486 ἐναργῶς’

168 2507 262 2575 Μὴ
290 2505 560 2576 σπήλαιον
589 2505 803 2578 λῃστῶν
833 2507 862 2558 ὀ
889 2500 1038 2569 οἶκός
1064 2523 1204 2575 μους
1234 2505 1442 2560 Οὐκοῦν
1469 2507 1536 2560 τὰ
1566 2506 1768 2576 ἐτέρων

172 2596 507 2668 ἐγκλήματα
562 2598 700 2668 πρὸς
752 2596 1024 2666 ὡφελείας
1079 2597 1239 2668 ἡμῶν
1281 2597 1494 2652 ἔσονται
1544 2597 1766 2668 πολλῆς,

171 2691 268 2744 καὶ
296 2689 365 2742 δι’
400 2682 475 2742 ὧν
503 2685 680 2760 ἕτεροι
727 2688 1264 2762 προσκεκρούκασιν,
1304 2690 1558 2761 ἀμείνους
1585 2692 1768 2762 ἡμεῖς,

170 2783 219 2835 εί
253 2782 660 2853 παραιτοίμεθα
701 2781 770 2836 τὰ
816 2783 1060 2835 ἐκείνων.
1101 2781 1526 2853 Ἀσφαλέστεροι
1571 2780 1681 2850 γὰρ
1719 2781 1768 2832 οί

177 2873 454 2944 σώφρονες
495 2869 605 2926 εἶεν
656 2873 722 2926 ἂν
762 2873 1008 2935 εἰκότως,
1054 2873 1102 2924 εί
1149 2871 1212 2944 δὴ
1261 2870 1533 2942 βούλοιντο
1579 2869 1769 2943 διαζῇν

175 2967 439 3037 ἐννόμως,
477 2967 527 3018 εί
557 2965 632 3036 μὴ
659 2964 854 3035 ζηλοῦν
887 2964 1097 3017 ἕλοιντο
1129 2964 1420 3036 πονηρούς.

253 3058 397 3111 Ἀλλ’
417 3060 463 3111 εί
490 3056 591 3127 μὲν
620 3057 834 3126 λέγοιτο
863 3058 1000 3128 πρὸς
1033 3057 1126 3111 τὸν
1157 3056 1377 3120 Ἰούδαν,
1398 3058 1517 3127 ἦτοι
1545 3054 1644 3118 τὰς
1676 3055 1770 3108 δύο

1875 593 2055 648 nullos
2104 591 2388 655 facientes,
2444 591 2715 660 castigare
2763 607 2868 645 nou
2913 593 3108 658 parcit,
3148 603 3309 661 atque
3333 595 3471 647 istud

1867 683 1991 754 jure
2011 684 2240 751 Optimo.
2269 682 2385 737 Non
2411 683 2556 737 enim
2581 683 2901 737 auferebant
2921 684 2990 737 alt
3013 684 3167 737 altari
3199 687 3468 740 velamen-

1877 781 1950 835 ta,
1983 771 2176 840 inquit,
2207 772 2302 826 sed
2349 771 2448 826 sub
2485 771 2615 839 ipsis
2645 786 2705 826 se
2732 771 3011 838 abdetltcs,
3033 773 3301 826 inebriare
3332 790 3390 826 se
3419 785 3468 828 et

1873 864 2239 932 voluptatibus
2255 863 2538 934 indulgere
2557 863 2980 927 audebant,utet
3003 862 3169 919 Deum
3187 867 3468 919 manifeste

1873 957 2123 1011 audirent
2151 971 2160 1003 :
2196 976 2214 1008 ι
2259 957 2325 1011 Et
2351 971 2450 1023 ego
2481 956 2656 1020 testis,
2688 957 2818 1009 dicit
2849 957 3106 1012 Dominus
3133 957 3200 1012 ³³.
3274 977 3294 1011 ι
3327 958 3467 1024 Quo-

1874 1063 2000 1101 nam
2029 1059 2207 1102 autem
2227 1048 2429 1102 scelere
2489 1047 2649 1102 homo
2697 1047 3001 1101 vinolentus
3040 1059 3094 1102 et
3137 1059 3316 1103 tuente
3360 1067 3464 1102 non

1872 1147 2150 1202 constans,
2186 1149 2239 1193 et
2262 1137 2326 1192 ad
2357 1139 2715 1207 quodcunque
2741 1137 3002 1207 ﬂagitium
3035 1139 3230 1206 facilis,
3254 1155 3314 1194 se
3342 1141 3466 1195 abs-
3527 1187 3532 1194 .

1876 1230 2080 1285 tiueat?
2135 1228 2381 1284 lntuetnr
2404 1229 2547 1284 enim
2583 1229 2720 1283 Deus
2752 1230 3125 1285 universorum
3152 1232 3314 1285 etiam
3347 1249 3467 1300 qua:

1875 1320 1929 1375 in
1961 1320 2196 1374 tenebris
2230 1321 2363 1374 fiunt
2393 1319 2462 1384 ⁵⁸,
2495 1331 2553 1373 ιιι
2581 1320 2842 1388 scriptum
2895 1331 2999 1386 est,
3031 1330 3086 1375 et
3119 1322 3254 1375 nihil
3275 1322 3326 1375 ei
3385 1323 3470 1375 iu-

1872 1412 2196 1483 aspectabile
2226 1413 2293 1465 ⁵⁸.

1946 1699 2206 1754 Videntur
2231 1709 2410 1753 autem
2437 1715 2554 1768 quae
2577 1699 2630 1752 in
2661 1699 2890 1754 ecclesia
2921 1700 3190 1768 praecipue
3231 1716 3260 1753 a
3304 1700 3461 1755 nobis

1875 1789 2028 1854 fiunt,
2061 1799 2266 1844 tantum
2294 1807 2398 1843 non
2432 1800 2697 1859 pneseute
2724 1800 2779 1844 et
2821 1799 3136 1859 aspectante
3187 1792 3296 1845 Deo
3321 1791 3458 1845 fieri.

1873 1879 2025 1947 Quod
2056 1882 2100 1934 si
2132 1897 2257 1936 vere
2289 1881 2661 1950 turpissimum
2688 1891 2773 1936 est
2804 1891 2858 1936 et
2911 1896 3257 1950 summopere
3285 1898 3312 1934 a
3343 1883 3460 1949 lege

1872 1973 2262 2028 condemnatur
2284 1974 2538 2028 inebriari
2573 1973 2846 2036 universe,
2881 1977 3156 2042 quomodo
3187 1974 3458 2028 nouomui

1874 2066 2114 2134 nequitia
2142 2067 2314 2134 majus
2343 2076 2447 2130 est,
2473 2068 2634 2120 etiam
2656 2066 2709 2120 iu
2746 2065 2858 2134 ipsa
2890 2065 3122 2119 ecclesia
3162 2065 3296 2118 tales
3322 2080 3458 2119 con-

1872 2158 2054 2226 spici?
2087 2159 2305 2228 etquod
2335 2161 2553 2228 gravius
2582 2169 2688 2225 est,
2721 2159 2766 2214 si
2799 2175 2862 2214 ex
2895 2158 3091 2227 injuste
3120 2166 3175 2212 et
3195 2157 3461 2213 scelerate

1871 2247 2038 2303 effuso
2060 2249 2325 2319 sanguine
2356 2251 2408 2302 in
2439 2249 2661 2305 delicias
2703 2261 2978 2314 sumptmu
3010 2248 3332 2316 collegeris?
3354 2247 3461 2314 Qui

1871 2339 1986 2394 haec
2013 2340 2234 2405 faciunt,
2261 2340 2426 2395 Deum
2471 2340 2692 2394 audient
2748 2341 3020 2395 dicentem
3054 2341 3273 2409 palam:
3317 2340 3459 2393 Num

1871 2433 2122 2502 spelunca
2150 2434 2416 2487 latronum
2465 2433 2659 2487 domus
2717 2448 2834 2487 mea
2863 2432 2962 2503 σοι,
3005 2433 3172 2502 Igitur
3229 2432 3459 2488 aliorutu

1869 2523 2064 2578 delicta
2103 2521 2324 2576 multam
2345 2523 2500 2576 nobis
2526 2522 2814 2576 utilitatem
2848 2524 3090 2591 parient;
3143 2532 3195 2575 et
3222 2537 3319 2590 per
3341 2538 3462 2590 quae

1869 2617 1958 2670 alii
1993 2613 2351 2676 offenderunt,
2388 2628 2506 2676 nos,
2541 2614 2586 2668 si
2649 2613 2809 2666 modo
2841 2615 2907 2666 ab
2955 2613 3168 2666 illorum
3217 2613 3460 2680 vestigiis

1871 2705 2278 2768 recesserimus,
2333 2701 2587 2757 meliores
2635 2703 2950 2758 evademus.
3016 2701 3269 2758 Tutiores
3311 2702 3456 2756 enim

1865 2796 2070 2852 fuerint
2099 2795 2495 2864 prudentiores,
2527 2794 2572 2848 si
2606 2794 2902 2848 secundum
2927 2794 3074 2864 leges
3129 2795 3315 2848 vivere
3365 2809 3462 2849 vo-

1870 2888 2096 2951 luerint,
2132 2887 2177 2941 si
2198 2884 2369 2940 malos
2384 2885 2626 2939 zemulari
2651 2882 2940 2940 noluerint.

1940 3070 2178 3136 Atenim,
2204 3069 2248 3122 si
2279 3069 2344 3123 ad
2375 3065 2592 3131 Judam,
2629 3065 2743 3122 sive
2767 3065 2835 3121 ad
2863 3065 2998 3121 duas
3061 3065 3234 3122 tribus
3283 3065 3337 3121 in
3369 3065 3460 3122 Je-

179 3152 343 3222 φυλὰς
379 3152 478 3214 τὰς
509 3152 568 3203 ἐν
613 3148 1032 3223 Ἰεροσολύμοις,
1065 3149 1125 3203 τὸ
1143 3148 1327 3221 ῥητὸν,
1362 3149 1475 3220 ἔχοι
1507 3149 1573 3202 ἂν
1594 3148 1768 3219 ὀρθῶς

1876 3164 2105 3222 rusalem
2158 3165 2259 3216 hoc
2285 3161 2518 3226 dicatur,
2551 3160 2717 3230 probe
2743 3173 2770 3211 a
2800 3159 2955 3212 nobis
2982 3158 3125 3214 dicta
3161 3168 3309 3224 sunt,
3335 3174 3457 3226 quae

175 3246 267 3316 τῆς
306 3245 450 3314 πρὸς
485 3241 644 3314 ἡμῶν
671 3242 872 3311 ἀρτίως
911 3241 1208 3314 εἰρημένης
1258 3241 1488 3312 θεωρίας
1517 3243 1545 3295 ό
1590 3241 1767 3310 λόγος.

175 3337 231 3390 Ei
259 3337 316 3390 δὲ
341 3335 411 3406 δὴ
454 3335 681 3404 φέροιτο
708 3333 802 3387 καὶ
837 3335 978 3388 κατὰ
1021 3333 1113 3387 τοῦ
1161 3332 1376 3404 Ἰσραὴλ
1407 3333 1463 3386 τὸ
1513 3332 1770 3403 πλημμέ⁴

173 3426 347 3498 λημα,
391 3426 565 3497 φαίην
599 3425 686 3492 ἂν,
728 3426 809 3478 ὅτι
843 3425 943 3478 οὐκ
989 3426 1048 3478 ἐν
1083 3424 1163 3496 τῷ
1204 3423 1338 3495 οἴκῳ
1378 3422 1472 3476 τοῦ
1505 3422 1639 3476 Θεοῦ
1671 3421 1766 3476 τοῦ

177 3520 309 3574 κατὰ
331 3518 525 3589 φύσιν,
550 3517 673 3571 οὐδὲ
697 3517 934 3588 ἐχόμενα
962 3516 1055 3570 τοῦ
1087 3516 1231 3571 θείου
1257 3515 1678 3586 θυσιαστηρίου,
1709 3515 1766 3568 αἱ

173 3613 272 3666 τῶν
299 3629 370 3664 πε
379 3609 803 3682 ριτανυσμάτων
839 3608 1133 3662 ἐπλέκοντο
1163 3607 1376 3678 σκηναὶ,
1403 3606 1571 3680 ἡγουν
1607 3605 1677 3658 τὰ
1704 3608 1768 3658 ἐκ

175 3702 343 3771 μέθης
407 3699 733 3770 ἐπράττετο,
767 3698 882 3752 ἀλλ’
913 3701 972 3752 ἐν
995 3696 1076 3769 τῷ
1116 3698 1250 3767 οἴκῳ
1280 3697 1374 3750 τοῦ
1411 3695 1534 3750 θεοῦ
1562 3695 1763 3759 αὐτῶν,

174 3795 253 3848 ίνα
285 3794 442 3863 λέγοι
471 3791 565 3844 τὸν
597 3790 762 3855 Βαὰλ,
795 3791 962 3861 ἤγουν
986 3790 1172 3860 ἕτερόν
1217 3807 1268 3842 τι
1297 3787 1407 3842 τῶν
1435 3788 1494 3856 ἐξ
1525 3787 1768 3852 ἐπινοίας

174 3885 526 3959 ἀνθρωπίνης
545 3886 626 3948 είς
653 3882 716 3938 τύ
727 3901 822 3937 πον
851 3882 1070 3937 είδώλου
1091 3881 1496 3952 πεποιημένων.
1515 3880 1642 3944 Πῶς
1675 3876 1767 3935 οὖν

175 3980 243 4033 Et:
272 3975 707 4047 καταλογισθείη
738 3975 804 4030 ἂν
837 3976 917 4039 είς
946 3975 1198 4046 ἔγκλημα
1235 3973 1314 4044 τῷ
1357 3972 1596 4044 Ἰσραὴλ,
1620 3972 1681 4025 τὸ
1710 3974 1767 4025 ἐν

177 4073 294 4142 οἴκῳ
339 4068 510 4138 τυχὸν
541 4067 799 4130 εἰδώλων,
827 4067 921 4120 καὶ
963 4066 1093 4136 παρ’
1121 4065 1252 4120 αὐτὸ
1283 4065 1342 4118 τὸ
1379 4063 1556 4134 Berlin).
1584 4064 1766 4117 θυσια-

183 4169 391 4232 στήριον
418 4160 555 4229 οἴνῳ
587 4175 646 4210 τε
672 4156 917 4228 μεθύειν,
948 4157 1044 4211 καὶ⁸
1085 4155 1394 4225 ἐξυφαίνειν
1419 4154 1646 4225 σκηνὰς,
1685 4155 1766 4208 ὅτι

178 4251 334 4305 ταῦτα
384 4251 746 4319 τετιμήκασι,
789 4248 883 4301 καὶ
930 4245 1100 4318 μέθης
1147 4246 1336 4318 ὥσπερ
1406 4247 1502 4300 καὶ
1549 4247 1768 4317 ἁπάσης

173 4345 359 4416 ήὼνῆς
418 4342 764 4412 ἐργαστήρια
806 4340 911 4393 τῶν
945 4341 1002 4395 ἐν
1051 4339 1318 4411 ὑπολήψει
1357 4339 1496 4393 θεῶν
1549 4341 1767 4392 ἐποίουν

169 4441 286 4502 τοὶς
336 4435 548 4497 ναούςῐ
598 4434 792 4487 Καίτοι
821 4433 938 4486 δέον
985 4431 1233 4501 ἐφίεσθαι
1282 4431 1481 4502 μᾶλλον
1514 4429 1768 4502 καθαρῶς

174 4529 257 4582 καὶ
286 4527 594 4590 πανάγνως
624 4522 906 4594 λατρεύειν
935 4521 1071 4593 Θεῷ,
1103 4523 1197 4576 καὶ
1232 4523 1312 4584 είς
1338 4517 1484 4574 οἷκον
1511 4520 1645 4573 ίὲναι
1674 4519 1766 4572 τὸν

173 4624 319 4692 ἅγιον
356 4620 606 4692 ἀληθῶς,
639 4620 731 4676 καὶ
763 4618 958 4671 σεπτὸν
994 4617 1245 4688 ἡγεῖσθαι
1265 4617 1324 4670 τὸ
1358 4615 1765 4686 θυσιαστήριον.

161 4719 228 4769 ’οΞ
260 4717 318 4768 δὲ
347 4714 450 4767 καὶ
484 4711 554 4765 τὰ
581 4709 725 4764 οὕτω
755 4710 929 4763 σεπτά
953 4727 1012 4764 τε
1055 4709 1150 4762 καὶ
1186 4709 1490 4777 ἀξιάγαστα
1516 4709 1646 4778 παρ’
1680 4707 1769 4760 οὐ·

173 4808 253 4862 δῖεν
283 4805 550 4877 ἡγεῖσθαι
595 4803 1008 4868 σπουδάζοντες,
1039 4801 1110 4856 τὰ
1139 4802 1272 4855 πολὺ
1310 4801 1428 4854 λίαν
1457 4800 1649 4870 αἰσχίω
1677 4817 1768 4853 τε-

173 4899 491 4970 τιμηκότες,
533 4895 627 4948 καὶ
656 4895 839 4958 αὐτοῖς
887 4896 1241 4966 ἐμπαροινεῖν
1291 4893 1613 4963 ἀπετόλμων
1656 4893 1768 4955 τοῖς

181 4993 324 5056 ἰδίοις
369 4991 537 5052 θεοῖς,
572 4985 850 5056 πανταχοῦ
890 4985 951 5040 τὸ
1007 4984 1148 5038 θεῖον
1200 4983 1496 5046 πατοῦντες
1529 4981 1765 5050 ἀξίωμα,

178 5086 266 5138 καὶ
293 5081 748 5152 περιυϐρίζοντες
795 5078 967 5142 ἀδεῶς
999 5078 1097 5149 τὴν
1129 5076 1208 5148 τῷ
1257 5077 1403 5148 μόνῳ
1471 5075 1566 5129 καὶ
1608 5073 1770 5142 φύσει

177 5176 290 5248 Θεῷ
319 5175 645 5246 πρέπουσαν
677 5171 854 5236 δόξαν,
890 5171 977 5223 ὅτε
1007 5169 1101 5224 καὶ
1129 5171 1242 5230 τοῖς
1265 5165 1636 5238 ψευδωνύμοις
1668 5181 1768 5218 πε-

180 5269 418 5334 ριθέντες
455 5267 651 5337 αὐτὴν,
674 5263 888 5327 οὐδενὸς
910 5261 1094 5328 ἀξιοῦν
1133 5262 1422 5331 ἠνέσχοντο
1451 5259 1632 5326 λόγου.

251 5361 407 5433 Ἐγὼ
460 5361 529 5414 δὲ
574 5357 766 5427 ἐξῇρα
817 5358 922 5412 τὸν
955 5355 1296 5426 Ἁμορῤαἷον
1335 5354 1403 5406 ἐκ
1441 5351 1766 5420 προσώπου

176 5455 394 5520 αὐτῶν,
423 5449 497 5508 οὗ
538 5449 615 5522 ἦν
640 5448 832 5516 καθὼς
858 5449 1019 5518 ὕψος
1039 5447 1256 5515 κέδρου
1279 5444 1346 5498 τὸ
1373 5445 1531 5514 ὕψος
1556 5444 1764 5512 αὑτοῦ,

174 5551 262 5602 καὶ
311 5547 575 5617 ίσχυρός
620 5540 700 5615 ἦν
725 5544 804 5608 ὡς
840 5543 1006 5610 ὄρύς.
1042 5541 1150 5596 Καὶ
1188 5539 1452 5610 ἐξήρανα
1483 5538 1590 5592 τὸν
1634 5556 1768 5606 καρ-

173 5639 292 5694 πὸν
328 5636 523 5693 αὑτοῦ
553 5634 883 5700 ἐπάνωθεν,
914 5633 1013 5687 καὶ
1053 5632 1160 5699 τὰς
1194 5630 1363 5700 ῥίζας
1399 5629 1586 5686 αὐτοῦ
1624 5633 1770 5686 ὑπο-

169 5730 444 5784 κάτωθεν
454 5774 464 5784 .

1872 3255 2030 3309 rando
2059 3251 2315 3306 diximus.
2345 3247 2438 3304 Sin
2467 3258 2651 3302 autem
2681 3249 2845 3303 etiam
2877 3248 2945 3301 ad
2977 3247 3144 3302 Israel
3173 3256 3468 3316 peccaturu-

1870 3348 2158 3416 pertineat,
2183 3358 2373 3399 sensus
2397 3341 2520 3404 erit,
2547 3355 2653 3395 non
2689 3340 2740 3393 in
2769 3339 2928 3394 domo
2971 3338 3090 3402 Dei,
3120 3339 3210 3407 qui
3262 3349 3456 3392 natura

1871 3440 2013 3493 Deus
2033 3447 2137 3500 est,
2163 3433 2631 3490 tabernaculorum
2659 3431 2775 3486 vela
2802 3429 2984 3485 divino
3028 3429 3184 3484 altari
3211 3430 3456 3500 proxima

1867 3531 2191 3590 Contexisse,
2221 3527 2334 3581 sive
2357 3523 2608 3579 ebrietati
2637 3522 2814 3575 datam
2843 3535 3066 3591 Operam
3095 3535 3246 3585 esse;
3276 3519 3370 3573 sed
3394 3519 3448 3572 in

1868 3623 2026 3676 domo
2047 3620 2210 3690 270
2222 3619 2303 3672 dei
2327 3619 2441 3686 ipso
2453 3632 2590 3681 rum,
2607 3623 2666 3668 ut
2686 3613 2814 3667 Baal
2833 3614 2998 3677 dicat,
3019 3622 3111 3666 aut
3132 3613 3276 3666 aliud
3299 3612 3458 3682 quid-

1871 3712 2240 3781 piam,corum
2266 3723 2386 3778 quae
2409 3709 2459 3760 in
2494 3708 2724 3760 formam
2754 3703 3019 3760 idolorum
3035 3705 3101 3757 ab
3118 3703 3352 3757 btunano
3373 3705 3457 3755 in-

1869 3804 2026 3873 genio
2045 3801 2445 3870 excogitantur.
2475 3796 2888 3864 Quodammodo
2913 3795 3071 3864 igitur
3087 3795 3264 3848 adhuc
3292 3793 3456 3846 Israel

1869 3911 1964 3966 pro
1994 3903 2215 3964 peccato
2243 3894 2558 3959 imputetur,
2587 3890 2639 3944 iu
2703 3891 2861 3944 domo
2914 3887 3202 3950 idolorum,
3236 3896 3290 3938 et
3314 3883 3456 3952 apud

1869 3986 2042 4056 ipsum
2073 3984 2302 4039 fortasse
2325 3981 2450 4035 Baal
2477 3981 2648 4034 altare
2674 3981 2796 4031 vino
2833 3977 3089 4031 inebriari
3117 4017 3132 4042 ,
3161 3987 3215 4028 et
3271 3974 3454 4028 taber-

1869 4076 2056 4132 nacula
2082 4089 2428 4145 componere,
2479 4070 2738 4139 quoniam
2792 4069 2916 4122 talia
2973 4068 3328 4130 honoraruut,
3399 4072 3456 4121 et

1869 4169 2193 4240 tanquamin
2226 4165 2509 4222 ebrietatis
2539 4174 2594 4219 et
2652 4163 2914 4232 cujusque
2950 4161 3241 4229 voluptatis
3286 4157 3454 4214 ollici-

1869 4281 1968 4318 nas
1998 4265 2223 4317 deorum
2255 4260 2346 4327 qui
2366 4257 2836 4321 existimabantur,
2874 4253 3070 4323 templa
3097 4263 3449 4319 usurparunt.

1867 4355 1933 4410 Et
1965 4369 2085 4410 cum
2112 4360 2384 4420 Oporteret
2413 4361 2609 4415 cupere
2665 4349 2840 4417 potius
2888 4361 3019 4416 pure
3036 4356 3092 4399 et
3115 4345 3456 4399 sanctissime

1868 4447 2046 4503 colere
2073 4445 2263 4505 Deum,
2287 4452 2340 4496 et
2369 4442 2420 4494 in
2446 4441 2704 4510 templqu
2736 4454 2921 4492 revera
2957 4446 3206 4492 sanctum
3227 4436 3449 4496 intraro,

1802 4559 1845 4613 ι)
1870 4550 1924 4595 et
1956 4536 2267 4595 venerabile
2292 4536 2490 4590 ducere
2522 4537 2714 4596 altare,
2739 4532 2812 4587 illi
2837 4538 2892 4587 et
2927 4541 3034 4585 tam
3060 4528 3365 4585 veneranda
3398 4536 3456 4580 ct

1874 4630 2209 4688 admirabilia
2233 4628 2386 4683 nihili
2417 4626 2598 4682 facere
2619 4626 2920 4689 studentes,
2949 4634 3004 4679 et
3033 4623 3197 4678 multo
3229 4621 3452 4676 fmdiora

1877 4728 2227 4787 honorantes,
2255 4723 2420 4776 etiam
2470 4721 2705 4791 pr0priis
2739 4719 2843 4775 diis
2890 4717 3117 4772 illudere
3161 4713 3452 4775 audebant,

1876 4821 2064 4889 utique
2083 4817 2319 4872 divinam
2358 4814 2694 4882 majestatem
2723 4811 3128 4873 conculcautes,
3153 4817 3208 4862 et
3241 4821 3453 4860 summa

1876 4909 2164 4982 ignominia
2190 4907 2486 4963 allicientes
2535 4907 2709 4961 libere
2740 4903 2838 4958 soli
2873 4911 2927 4958 et
2953 4911 3143 4955 natura
3199 4899 3308 4952 Deo
3354 4899 3453 4953 de-

1877 5005 2043 5058 bitam
2075 5002 2324 5072 gloriam,
2359 5001 2576 5070 quando
2607 5008 2662 5052 et
2694 4997 2800 5052 diis
2830 4995 2984 5050 falsis
3030 5007 3150 5048 eam
3211 4991 3450 5046 tribuen-

1877 5105 1978 5160 tes,
2001 5094 2150 5148 nihili
2189 5101 2366 5147 tamen
2390 5106 2484 5146 eos
2516 5088 2808 5145 faciebant.

1947 5360 2110 5415 Vsus.
2137 5358 2191 5413 9.
2216 5357 2325 5426 Ego
2359 5366 2532 5412 autem
2549 5357 2741 5412 abstuli
2795 5358 3168 5413 Amorrhwum
3231 5373 3262 5409 a
3317 5355 3454 5423 [acie

1873 5469 2075 5508 eorum.
2103 5450 2250 5506 Sicut
2282 5451 2507 5505 altitudo
2535 5451 2700 5518 cedri,
2723 5451 2953 5505 altitudo
3002 5449 3140 5519 ejus,
3189 5455 3239 5502 et
3298 5445 3454 5512 fortis

1871 5555 1985 5600 erat
2013 5556 2066 5598 ut
2091 5561 2335 5615 quercus.
2377 5543 2446 5599 Et
2479 5545 2673 5600 abstuli
2705 5544 2936 5614 fructum
2966 5541 3080 5610 ejus
3141 5539 3382 5604 desuper,
3405 5543 3452 5585 ct

1873 5641 2078 5695 radices
2105 5639 2220 5710 ejus
2241 5641 2438 5694 subter.

241 5842 296 5878 ⁸³
333 5840 539 5901 Jerem.
584 5858 731 5909 λιιι,
763 5840 853 5896 ‘25.
931 5843 976 5875 5”
1016 5840 1160 5896 Psal.
1197 5855 1453 5908 cxxxvm,
1493 5838 1575 5896 12.
1653 5838 1704 5873 ⁸⁸
1740 5837 1768 5894 ιῗ

1876 5853 1904 5896 ⁵.
1931 5853 2008 5907 IV,
2049 5839 2134 5895 13.
2209 5839 2256 5871 ⁸⁵
2287 5837 2476 5894 Matth.
2513 5849 2628 5901 XXI,
2657 5833 2744 5889 l5.
