4040 6186
1581 388 2791 399 .._______.._._.__._________.._._____.

564 592 1503 760 EPlSTOLA
1636 558 3163 765 NUNCUPATORIA.
3518 614 3529 734 ;

514 1084 1310 1192 LUSTRISSIMO
1385 1091 1868 1187 DOMINO
1939 1097 2049 1182 D.
2118 1096 2602 1186 ACHILLI
2682 1097 2826 1183 DE
2899 1096 3378 1184 HARLAY

1049 1336 1406 1398 SUPREMO
1457 1318 1899 1399 GALLIARUM
1953 1326 2297 1399 SENATUS
2348 1322 2698 1396 PRINCH‘I.

318 1541 398 1603 Si
440 1541 581 1618 quis
618 1546 703 1598 est
739 1535 981 1614 superis
1011 1552 1219 1597 rerum
1252 1536 1660 1597 humanarum
1694 1534 1930 1601 sensus,
1957 1533 2013 1593 si
2043 1550 2162 1609 qua
2198 1550 2297 1590 eos
2324 1533 2731 1609 propriorum
2779 1542 3032 1608 operum
3078 1548 3233 1592 cura
3285 1533 3513 1609 tangit,

229 1658 369 1699 non
400 1639 647 1711 dubito,
695 1637 1121 1700 illustrissime
1169 1646 1422 1697 senatus
1458 1634 1795 1710 Princeps,
1822 1634 1976 1711 quin
2015 1631 2283 1708 insignis
2329 1630 2603 1708 beneﬁcii
2634 1628 2768 1689 loco
2800 1630 3129 1691 habiturus
3168 1631 3247 1691 sit
3279 1632 3515 1707 Grego~

233 1738 378 1798 rius
407 1744 639 1807 noster,
671 1733 841 1814 quod
863 1752 1084 1795 novam
1115 1752 1367 1812 operum
1393 1749 1649 1792 suorum
1675 1731 2008 1793 editionem
2029 1730 2464 1809 spectatissimi
2486 1728 2755 1790 nominis
2781 1732 2877 1790 tui
2896 1729 3195 1809 auspiciis
3226 1729 3288 1789 in
3320 1729 3517 1789 lucem

236 1834 504 1913 prodire
527 1833 821 1911 patiaris.
852 1832 1111 1910 Optarit
1143 1832 1251 1893 ille
1279 1833 1342 1892 in
1373 1831 1621 1909 primis,
1650 1829 1797 1892 dum
1834 1832 2088 1904 viveret,
2122 1833 2357 1911 scripta
2391 1842 2462 1893 ut
2493 1850 2605 1893 sua
2649 1833 2893 1910 integra
2934 1841 2989 1891 et
3024 1831 3333 1892 inviolata
3371 1848 3519 1908 ρεγ-

239 1935 531 1995 ἰτηίνεηι
590 1933 669 1993 ad
699 1940 1007 2010 posteros,
1043 1928 1388 1990 obtestatus
1414 1928 1762 1991 sacerdotes
1790 1933 2066 2009 Domini,
2101 1932 2208 2010 qui
2240 1943 2381 2007 post
2411 1932 2607 2009 ipsum
2656 1931 3030 1991 Turonicam
3058 1932 3295 1990 recturi
3323 1939 3520 1989 essent

241 2030 629 2105 Ecclesium,
664 2035 737 2089 ut
784 2044 859 2088 ne
890 2027 1001 2089 hos
1036 2026 1233 2090 libros"
1260 2027 1499 2088 aboleri
1524 2028 1827 2099 sinerent,
1856 2045 1977 2088 neu
2004 2024 2355 2090 dimidiata.
2388 2022 2751 2104 quibusdam
2779 2044 2896 2104 pro
2929 2047 3037 2087 suo
3067 2026 3333 2087 arbitrio
3361 2045 3521 2105 pra--

244 2130 580 2198 termissis,
605 2118 899 2196 rescribi:
927 2128 1030 2187 sed
1061 2119 1175 2197 ita,
1206 2136 1272 2187 ut
1302 2124 1377 2186 ab
1408 2133 1667 2187 auctore
1692 2126 1828 2205 ipso
1859 2126 2081 2188 relicta
2109 2135 2326 2197 essent,
2361 2123 2623 2188 inlibata
2654 2130 2901 2206 suisque
2928 2130 3198 2187 numeris
3242 2146 3313 2187 ac
3362 2145 3519 2206 par-

244 2227 416 2289 tibus
444 2226 731 2289 absoluta
764 2226 1019 2288 ἐπανεινί
1048 2226 1364 2288 curarent.
1400 2220 1714 2301 Quantum
1742 2224 1941 2303 igitur
1967 2226 2147 2286 modo
2177 2225 2444 2303 gratiam
2477 2223 2806 2287 habiturus
2837 2229 2887 2287 ei
2916 2228 3018 2297 sit,
3052 2227 3165 2306 qui
3191 2228 3347 2286 hanc
3391 2229 3446 2307 ej
3473 2247 3522 2287 :s
3552 2282 3561 2291 ,

244 2326 433 2389 libris
459 2328 880 2406 integritatem
908 2324 1165 2398 asserat,
1199 2324 1497 2386 assertum
1531 2320 1907 2386 auctoritate
1936 2343 2049 2385 sua
2080 2330 2352 2400 tueatur,
2383 2334 2490 2387 aut
2527 2324 2787 2404 denique
2812 2326 2886 2386 ab
2916 2326 3273 2404 iniquorum
3316 2324 3520 2388 hami-
3548 2367 3553 2371 -

245 2441 399 2485 num
431 2443 691 2487 censura
725 2425 1041 2486 vindicet?
1092 2424 1402 2486 Praelare
1450 2424 1654 2504 itaque
1708 2434 1847 2487 cum
1890 2420 2199 2502 Gregorio
2230 2424 2390 2503 agis,
2422 2427 2531 2503 qui
2558 2424 3049 2488 illustrissimum
3094 2444 3310 2486 nomen
3350 2435 3523 2487 tuum

246 2536 425 2585 nova:
448 2522 597 2584 huic
626 2524 756 2602 ejus
787 2539 1038 2602 operum
1069 2523 1492 2600 recognitiani
1516 2524 1909 2601 prteﬁginon
1944 2525 2249 2600 graveris.
2286 2520 2499 2603 Neque
2522 2524 2683 2586 enim
2712 2526 2855 2601 erit,
2886 2533 2956 2585 ut
2989 2537 3168 2605 puto,
3201 2532 3526 2607 quirquam

251 2634 380 2687 tam
410 2623 628 2686 audax
652 2633 760 2683 aut
796 2621 1185 2693 temerarius,
1231 2622 1341 2700 qui
1370 2620 1779 2700 Gregorianis
1806 2623 2066 2699 scriptis
2089 2623 2183 2683 vel
2214 2623 2529 2684 tantillum
2564 2624 2792 2702 inferre
2825 2624 2992 2685 ausit
3033 2625 3354 2703 injuriam,
3391 2632 3526 2687 cum

254 2745 323 2787 ea
354 2724 803 2803 sapientissimi
836 2731 892 2781 et
942 2721 1276 2799 aquissimi
1329 2718 1558 2781 arbitri
1591 2712 1841 2798 judicio
1890 2720 2289 2800 comprobata
2326 2721 2572 2783 viderit.

335 2850 436 2908 Tu
473 2865 641 2917 vero,
674 2847 773 2909 rir
800 2851 1334 2928 prcstantissime,
1363 2866 1489 2911 rem
1523 2860 1632 2911 tua
1667 2848 1917 2909 nomine
1950 2847 2157 2929 (liceat
2187 2848 2342 2910 mihi
2383 2846 2499 2910 hac
2547 2848 2772 2928 dicere)
2829 2844 3055 2929 tuaque
3104 2848 3411 2927 dignitate
3458 2848 3541 2912 ae.

254 2946 569 3023 gravitate
598 2942 765 3007 haud
792 2946 1117 3026 indignam
1147 2935 1331 3029 facis,
1368 2958 1503 3009 cum
1536 2957 1710 3009 tuum
1739 2948 2048 3026 Gregorio
2099 2956 2317 3009 nostra
2352 2948 2718 3026 praesidium
2761 2946 3124 3026 impertiris.
3176 2948 3330 3011 Cum
3375 2950 3532 3011 enim

252 3040 623 3120 religi-mem
648 3044 886 3105 sincere
911 3064 1095 3120 ames,
1125 3055 1179 3107 et
1213 3049 1414 3127 gentis
1443 3057 1673 3107 nostra
1697 3046 2048 3118 historiam,
2079 3046 2398 3125 avitasque
2420 3049 2615 3108 mores
2642 3054 2774 3127 pro:
2794 3046 2993 3111 oculis
3015 3050 3245 3128 semper
3268 3047 3486 3109 habeas
3513 3069 3532 3117 ;

255 3158 388 3201 non
438 3152 616 3221 potes
663 3161 794 3204 eum
821 3162 947 3204 nan
973 3144 1245 3223 probare
1276 3154 1621 3218 auctorem,
1650 3162 1823 3224 quem
1860 3143 2191 3205 Franci'cee
2233 3144 2514 3205 historia:
2546 3156 2865 3223 parentem
2894 3150 3248 3224 suspiciunt
3278 3160 3485 3208 omnes
3517 3174 3535 3209 .-

252 3259 290 3299 a
323 3258 454 3319 quo
486 3241 811 3319 religionis
839 3242 1215 3305 Christiana:
1244 3246 1309 3306 in
1339 3244 1565 3307 Guliis
1594 3242 1858 3305 exordia
1893 3250 1948 3302 et
1972 3259 2397 3323 progressum,
2424 3238 2694 3324 adeoque
2734 3248 3083 3323 primarum
3139 3263 3351 3324 regum
3385 3265 3535 3306 nos-

254 3348 515 3402 trarum
540 3351 708 3420 gesta
740 3344 1106 3423 accepimus.
1130 3346 1339 3424 Neque
1373 3364 1517 3408 vero
1546 3349 1602 3410 si
1629 3346 1759 3417 ille,
1779 3347 1916 3426 jam
1938 3364 2133 3425 supra
2162 3346 2519 3408 mortalium
2547 3357 2772 3407 sortem
2787 3348 3057 3426 positus,
3085 3349 3326 3426 scripta
3350 3349 3534 3408 modo

255 3460 374 3503 sua
408 3458 637 3520 parum
669 3451 884 3516 curat,
919 3444 1097 3505 nobis
1125 3464 1362 3519 eorum,
1397 3464 1530 3525 qute
1562 3448 1613 3506 is
1642 3446 1709 3506 in
1736 3463 1887 3505 usus
1922 3453 2173 3505 nostras
2200 3444 2411 3504 vivens
2438 3444 2655 3515 edidit,
2684 3462 2895 3505 curam
2922 3444 3184 3524 abjicere
3217 3447 3383 3507 licet.
3419 3448 3537 3506 1η-

259 3547 444 3609 terest
484 3543 715 3623 quippe
744 3544 836 3604 rei
874 3544 1141 3624 publicae
1172 3546 1493 3609 Francicte
1521 3563 1595 3608 ac
1628 3546 2025 3617 Christiana,
2059 3563 2127 3605 ea
2171 3561 2300 3604 non
2332 3544 2514 3605 modo
2550 3543 2625 3605 ab
2655 3546 2921 3607 interitu
2950 3546 3298 3624 vindicare,
3329 3564 3539 3607 verum

254 3648 446 3705 etiam
485 3660 691 3703 eorurn
724 3648 1164 3707 auctoritatem
1190 3658 1675 3709 sartum-tectam
1713 3649 1873 3708 tueri
1901 3647 2194 3708 adversus
2227 3667 2351 3725 eos,
2376 3648 2488 3727 qui
2516 3648 2611 3709 vel
2638 3649 2919 3709 auctoris
2953 3649 3131 3727 ﬁdem
3161 3651 3430 3722 elevant,
3462 3647 3539 3709 ob

261 3744 545 3818 nimiam,
572 3754 642 3804 ut
672 3746 828 3823 ipsis
861 3745 1107 3824 quidem
1142 3747 1414 3820 videtur,
1466 3747 1738 3810 hominis
1786 3748 2250 3824 simplicitatem
2296 3765 2367 3806 ac
2413 3745 2876 3813 credulitatem;
2928 3746 3024 3807 vel
3074 3747 3365 3824 genuinis
3409 3749 3541 3824 ejus

260 3842 560 3924 operibus
594 3860 721 3904 non
749 3847 1065 3906 minimam
1096 3846 1434 3908 detrahunt
1458 3856 1723 3925 partem,
1746 3846 1924 3924 quasi
1945 3843 2018 3905 ab
2051 3843 2614 3923 interpolatoribus
2638 3853 2851 3903 temere
2889 3851 3184 3903 assutam.
3225 3844 3361 3922 Ego
3397 3858 3540 3905 vero

257 3950 601 4019 utrumque
628 3942 932 4021 Gregorio
956 3954 1256 4022 priestare
1285 3962 1421 4004 sum
1456 3953 1740 4015 conatus,
1775 3944 1877 4005 cui
1900 3943 2144 4023 quidem
2170 3945 2339 4021 facta
2369 3943 2435 4004 si'
2457 3945 2776 4004 sententia
2810 3950 2931 4002 tua:
2958 3942 3239 4018 gravitas
3269 3960 3544 4004 accesse-

260 4047 379 4120 rit,
405 4062 503 4105 πω
536 4061 645 4123 ego
674 4044 842 4105 haud
868 4045 995 4105 lere
1027 4054 1328 4125 susceptce
1351 4061 1549 4125 operte
1590 4046 1865 4123 pretium
1894 4044 2180 4104 retulisse
2210 4042 2361 4105 mihi
2390 4042 2673 4119 videbar,
2705 4051 2885 4123 atque
2915 4043 3229 4104 universis
3268 4062 3400 4103 eam
3432 4060 3543 4119 ap-

262 4150 585 4229 probasse.
621 4150 725 4211 Ea
755 4157 841 4209 est
875 4149 1036 4210 enim
1071 4158 1179 4211 tua
1214 4150 1551 4229 sagacitas,
1582 4166 1653 4206 ea
1680 4149 1962 4226 wquitas,
1998 4164 2069 4206 ea
2096 4144 2361 4224 denique
2406 4146 2753 4207 auctoritas
2794 4146 2963 4225 apud
2998 4162 3229 4217 omnes,
3261 4152 3331 4205 ut
3366 4144 3547 4225 judi-

265 4254 427 4315 cium
458 4263 640 4313 tuum
665 4253 866 4314 instar
898 4252 1172 4314 omnium
1205 4251 1316 4324 sit,
1349 4268 1461 4311 nec
1494 4249 1845 4328 quisquam,
1874 4246 1983 4325 qui
2010 4245 2118 4306 abs
2156 4253 2212 4306 te
2244 4245 2632 4318 dissenserit,
2681 4254 2844 4307 recte
2878 4262 3087 4323 sapere
3118 4254 3463 4307 censeatur.

346 4370 622 4431 Felicem
653 4370 863 4447 itaque
900 4369 1171 4429 dixerim
1201 4368 1573 4445 Gregorium
1601 4374 1912 4438 nostrum,
1956 4365 2068 4444 qui
2096 4364 2277 4426 talem
2301 4372 2642 4443 patronum
2676 4382 2747 4426 ac
2775 4365 3085 4431 vindicem
3119 4372 3385 4431 sortitus
3432 4372 3548 4445 si',

267 4471 605 4541 sincerum,
634 4468 995 4545 sapientem,
1026 4468 1494 4542 incorruptum,
1539 4465 1703 4539 regis
1732 4466 1993 4525 maximi
2020 4481 2093 4523 ac
2122 4464 2565 4540 sapientissimi
2581 4460 2831 4537 judicia
2861 4465 3146 4543 dignum,
3177 4470 3311 4546 qui,
3362 4482 3552 4548 past-

272 4580 455 4639 quam
487 4562 785 4623 catholici
814 4564 1126 4638 regiarum
1161 4581 1489 4624 causarum
1530 4564 1879 4643 cognitoris
1916 4564 2123 4639 ofﬁcio
2161 4563 2554 4639 integerrime
2586 4564 2841 4634 functus
2900 4573 3072 4633 esset,
3093 4581 3229 4639 Jam
3274 4582 3547 4625 summus

276 4662 510 4726 (rbiter
541 4665 611 4726 de
644 4667 948 4725 universis
966 4666 1283 4745 judicium
1309 4669 1510 4746 fenat;
1541 4669 1767 4739 virum,
1800 4666 2079 4742 inquam,
2112 4666 2220 4741 qui
2253 4664 2413 4723 nihil
2443 4681 2517 4722 ex
2542 4664 2679 4740 foro
2708 4666 2771 4722 in
2798 4683 2971 4723 suam
3002 4664 3251 4725 domum
3288 4665 3547 4743 derivet,

236 4807 250 4835 ,
273 4782 618 4843 pauperum
646 4766 772 4843 ipse
794 4782 1019 4842 parens
1049 4776 1105 4825 et
1129 4767 1461 4844 provisor;
1484 4766 1780 4845 quijuris
1800 4783 1873 4825 ac
1899 4766 2095 4843 legum
2118 4762 2560 4839 cognitionem,
2594 4779 2723 4821 non
2750 4764 3225 4823 ostentationem
3248 4765 3545 4836 scientim,

272 4864 377 4923 sed
409 4863 600 4942 legem
630 4866 770 4925 vita
804 4883 928 4924 sua
946 4873 1158 4942 putet;
1188 4866 1297 4943 qui
1328 4866 1563 4925 ceteris
1581 4864 1905 4941 judicibus
1929 4883 2057 4923 non
2083 4866 2287 4933 minus
2314 4863 2459 4924 bene
2487 4860 2762 4933 dicendi,
2797 4880 2977 4941 quam
3013 4863 3260 4923 vivendi
3285 4866 3547 4942 ferinam
3622 4899 3633 4916 ι

278 4964 554 5043 exempla
581 4984 692 5026 suo
726 4976 1157 5027 commonstret
1182 4989 1199 5034 ;
1226 4967 1335 5046 qui
1361 4967 1617 5045 denique
1648 4967 1713 5026 in
1738 4985 1801 5025 se
1820 4984 1944 5026 uno
1978 4964 2288 5041 Harlteas,
2318 4963 2705 5039 Brulartios,
2734 4964 3058 5024 Thuaneas
3087 4984 3156 5026 ac
3179 4965 3548 5039 Bellevreos,

277 5066 556 5145 aliosque
582 5067 912 5145 sanguinis
938 5067 1038 5125 sui
1072 5065 1289 5126 heroas
1313 5068 1568 5143 referat,
1599 5073 1881 5143 totosque
1913 5064 2141 5144 grandi
2175 5072 2228 5123 et
2260 5063 2500 5124 excelsa
2532 5065 2741 5125 animo
2775 5065 3244 5142 complectatur.

356 5186 503 5245 Tali
531 5186 892 5263 patrocinio
920 5187 1198 5247 munitus
1225 5183 1593 5264 Gregorius,
1624 5187 1920 5263 despiciet
1952 5185 2228 5248 homines
2260 5186 2600 5248 nonnullas
2643 5187 2893 5263 fastidii
2942 5188 3094 5248 adeo
3144 5187 3418 5262 delicati,
3476 5200 3548 5251 ut

274 5286 405 5361 sjus
437 5283 760 5345 lectionem
794 5285 967 5363 infra
994 5303 1059 5345 se
1092 5284 1349 5357 ducant,
1381 5303 1630 5366 eumque
1680 5295 1974 5367 tanquam
2002 5299 2188 5364 gustu
2235 5307 2348 5349 sua
2401 5287 2725 5367 indignum
2774 5290 3027 5367 penitus
3074 5299 3393 5367 respuant.
3456 5294 3545 5354 ΙΙι

276 5398 469 5453 parra
501 5386 733 5445 rectius
763 5400 975 5463 sapere
1004 5383 1332 5461 incipient,
1360 5384 1468 5445 ubi
1502 5393 1559 5444 te
1593 5384 1775 5462 longe
1805 5387 2015 5461 aliter,
2050 5396 2231 5465 atque
2264 5388 2414 5466 ipsi,
2437 5388 2511 5449 de
2537 5387 2841 5468 Gregorio
2871 5400 3089 5450 nostra
3124 5392 3352 5453 sentire
3381 5393 3548 5452 vide-

270 5487 434 5558 rint,
471 5504 604 5547 eum
638 5486 876 5547 scilicet
902 5487 1133 5564 virum,
1169 5486 1349 5564 cujus
1376 5484 1595 5545 nativa
1622 5496 1677 5545 et
1708 5489 1955 5549 minime
1985 5488 2278 5569 affectata
2310 5489 2661 5568 eloquentia
2684 5491 2928 5568 priscas
2965 5490 3109 5550 illas
3146 5494 3433 5552 Romamn
3453 5493 3550 5569 fa-

276 5584 525 5646 cundia:
552 5582 888 5661 magistros
920 5590 1308 5663 assequatur.
1336 5583 1596 5645 Memini
1628 5585 1834 5645 virum
1864 5586 2181 5663 quemdam
2219 5588 2551 5662 illustrem,
2592 5590 2696 5649 cui
2728 5590 2991 5651 maxime
3026 5592 3365 5669 familiares
3399 5599 3551 5649 sunt

274 5683 452 5746 bona
482 5683 730 5751 (ἰείη-ω,
763 5700 898 5741 cum
929 5700 1017 5742 ea:
1035 5683 1184 5743 aula
1217 5685 1389 5762 regia
1419 5701 1619 5763 nuper
1659 5684 1915 5763 rediret,
1947 5687 2054 5749 ubi
2085 5698 2140 5751 te
2169 5691 2233 5752 in
2260 5691 2569 5770 frequenti
2615 5699 2862 5754 senatus
2927 5695 3316 5773 amnimnque
3369 5690 3549 5752 ordi-

560 5784 828 5843 PATBOL.
874 5781 1103 5844 LXXI.
2944 5785 2950 5793 ’
3119 5799 3145 5856 1

129 5868 355 6080 σοδῆ
