4040 6186
367 360 3593 416 Μ

1442 547 2465 837 ﬁrmitatis

474 962 626 1072 In
696 994 1107 1067 novam
1180 960 1781 1201 editi'ong‘m
1853 966 2230 1066 sancti
2312 962 2846 1097 Gregorii
2900 960 3426 1101 Episwpi

1701 1135 2345 1201 ανοηθνηεῑε.

1701 1135 2196 1206 uronens
2208 1138 2306 1205 ιε
2320 1182 2345 1209 .

1386 1373 1803 1383 —.___——_.——_—___

405 1528 455 1584 Ι.
496 1528 665 1584 Nemo
706 1530 805 1582 nisi
850 1529 1162 1599 peregrinus
1189 1530 1240 1582 in
1274 1528 1492 1581 historia
1522 1526 1685 1581 nescit
1709 1569 1722 1588 ,
1756 1541 1915 1593 quam

2097 1523 2150 1578 5.
2194 1524 2344 1590 Quod
2376 1541 2502 1581 vero
2530 1534 2887 1587 necessarium
2916 1534 3067 1587 tuerit
3099 1532 3162 1588 ad
3188 1537 3399 1593 codices
3426 1554 3615 1596 mnum

335 1620 568 1674 celebris
606 1634 819 1686 semper
860 1621 995 1688 apud
1029 1620 1265 1673 eruditos
1306 1619 1448 1674 viros
1498 1617 1655 1672 fuerit
1706 1626 1920 1670 sanctus

330 1710 626 1781 Gregorius
652 1710 979 1764 Turonethis
1004 1710 1308 1779 episcopus,
1335 1710 1424 1779 qui
1456 1707 1729 1763 nobilitate
1758 1722 1920 1778 gene-

332 1802 433 1868 ris,
465 1802 594 1855 vitae
624 1802 1001 1865 sanctimonia,
1026 1816 1088 1854 ac
1118 1800 1466 1866 multiplicum
1491 1801 1809 1869 scriptorum
1835 1815 1917 1853 va-

329 1891 528 1947 rietate
556 1891 695 1946 inter
718 1902 942 1946 caeteros
969 1890 1065 1944 aevi
1093 1891 1172 1945 sui
1200 1890 1465 1945 antistites
1488 1889 1770 1959 plurimum
1793 1890 1925 1944 emi-

330 1982 459 2037 cuit.
494 1982 595 2036 liic
625 1996 751 2036 vero
788 1979 857 2036 de
899 1976 1014 2050 ejus
1044 1980 1292 2048 Operibus
1324 1980 1655 2049 potissimum
1685 1980 1922 2043 dicturo,

333 2073 669 2137 exponenda:
693 2074 809 2139 ejus
830 2074 1011 2141 stirpis
1034 2073 1377 2141 praestantiae,
1403 2075 1779 2142 prmclurisque
1810 2074 1925 2141 ejus

332 2156 491 2218 factis
524 2162 691 2217 fusius
717 2162 982 2217 enarrand
1008 2179 1034 2216 s
1074 2156 1347 2217 immorari
1397 2162 1609 2217 animus
1651 2178 1756 2217 non
1802 2172 1883 2217 eSt
1909 2204 1923 2225 ,

329 2269 447 2309 cum
469 2268 539 2310 ea
560 2264 670 2308 tum
694 2269 758 2309 ex
781 2253 899 2324 ejus
926 2255 1161 2324 scriptis,
1188 2262 1299 2308 tum
1324 2254 1483 2309 etiam
1508 2269 1575 2307 ex
1604 2252 1745 2318 Vita,
1767 2269 1925 2323 quam

332 2358 451 2400 cum
485 2345 650 2399 variis
680 2345 747 2399 de
776 2360 841 2400 eo
870 2345 1104 2399 virorum
1142 2345 1428 2399 illustrium
1465 2343 1806 2408 testimoniis,
1851 2345 1929 2398 in-

334 2432 503 2489 Ierius
525 2434 875 2502 proferemus,
900 2427 1033 2489 satis
1054 2449 1322 2503 superque
1343 2437 1697 2489 innotescant.
1732 2434 1825 2488 Vei
1841 2450 1927 2488 um

331 2525 477 2579 circa
507 2539 696 2580 novam
726 2524 843 2594 ejus
868 2540 1091 2594 operum
1120 2524 1409 2579 editionem
1432 2535 1660 2594 quatuor
1684 2525 1810 2578 mihi
1838 2541 1929 2594 po-

332 2616 598 2671 tissimum
625 2626 936 2683 occurrunt,
962 2618 1028 2671 de
1050 2618 1253 2686 quibus
1266 2618 1526 2670 rationem
1550 2615 1779 2670 reddere
1809 2630 1930 2684 ope-

333 2718 405 2761 rae
436 2707 683 2776 pretium'
718 2717 867 2777 puto.
908 2707 1142 2761 Primum
1190 2716 1307 2773 est,
1342 2722 1462 2776 qua:
1502 2706 1660 2761 fuerit
1711 2703 1932 2774 huiusi'e

333 2797 591 2853 editionis
619 2798 702 2852 vel
731 2799 1022 2852 necessitas
1053 2799 1132 2853 vel
1163 2798 1384 2855 utilitas.
1415 2796 1741 2862 Secundum,
1781 2813 1931 2866 qu:e—

2024 1614 2251 1681 scriptos
2274 1615 2515 1684 Gregorii
2543 1633 2700 1686 opera
2734 1622 2875 1676 edita
2895 1638 3196 1689 recensere,
3230 1638 3334 1683 non
3359 1631 3489 1683 meis
3517 1632 3613 1687 sed

2024 1704 2248 1758 alierum
2281 1707 2457 1760 verbis
2485 1710 2713 1777 probare
2749 1712 2799 1765 in
2824 1727 3083 1784 promptu
3114 1726 3197 1771 est
3227 1736 3239 1772 :
3270 1734 3389 1773 cum
3420 1723 3613 1789 passim

2025 1796 2306 1861 conquesti
2338 1796 2533 1852 fuerint
2563 1801 2659 1855 viri
2688 1803 2901 1869 eruditi,
2935 1805 3048 1861 inec
3078 1823 3182 1862 non
3212 1812 3341 1864 satis
3368 1824 3617 1868 accurate

2026 1886 2095 1939 ob
2124 1896 2359 1941 veterum
2402 1891 2646 1946 codicum
2688 1894 2954 1950 delectum
2999 1900 3062 1952 ad
3110 1900 3342 1955 auctoris
3383 1914 3617 1959 mentem

2028 1976 2167 2029 edita
2202 1977 2379 2032 fuisse.
2412 1983 2619 2049 Agmen
2648 1984 2800 2039 ducet
2834 1986 2913 2040 vir
2945 2004 3212 2057 nunquam
3240 1993 3372 2047 satis
3399 1995 3619 2048 laudan-

2027 2066 2127 2119 dus
2154 2068 2507 2139 Hieronymus
2532 2073 2842 2140 Bignonius,
2866 2080 2949 2145 qui
2980 2081 3029 2131 in
3058 2082 3361 2147 priclatione
3392 2088 3457 2137 ad
3482 2087 3620 2140 Marb

2028 2156 2151 2209 culti
2186 2160 2438 2213 lormulas
2463 2160 2617 2229 plura
2653 2175 2923 2219 asseverat
2962 2166 3015 2219 in
3045 2167 3290 2240 Gregorio
3330 2172 3618 2231 Turonensi

2029 2260 2310 2312 occurrere,
2344 2260 2388 2302 et
2416 2250 3043 2325 inﬁnitapropcmodum,
3076 2275 3191 2328 qua:
3218 2261 3279 2313 ab
3308 2264 3369 2316 iis
3392 2267 3479 2333 qui
3507 2268 3613 2319 edi-

2029 2339 2229 2401 derunt,
2254 2341 2517 2395 immutata
2536 2354 2673 2397 sunt.
2694 2345 2837 2399 idem
2863 2349 3059 2418 saepius
3081 2353 3329 2407 observm
3345 2356 3383 2409 it
3402 2357 3616 2411 lladria-

2032 2442 2130 2482 nos
2163 2430 2427 2499 Valesius,
2477 2434 2724 2491 Historia:
2771 2436 3095 2494 Francorum
3138 2444 3368 2513 scriptor
3396 2463 3615 2503 accura-

2033 2523 2296 2589 tissimus,
2327 2526 2417 2595 qui
2455 2543 2574 2582 cum
2608 2532 2801 2599 saepius
2832 2544 3043 2589 errores
3095 2536 3149 2589 in
3196 2539 3350 2592 editis
3382 2539 3618 2611 Gregorii

2031 2615 2278 2682 operibus
2307 2618 2644 2683 advertisset,
2675 2623 2739 2676 ad
2771 2625 2982 2680 Codices
3011 2632 3402 2698 manuscriptos
3440 2648 3621 2687 recur-

2033 2716 2151 2759 rere
2175 2716 2393 2763 coactus
2414 2708 2536 2764 'l'uit.
2568 2712 2629 2765 Et
2652 2716 2913 2782 quoniam,
2947 2718 3118 2785 inquit
3146 2721 3197 2773 in
3224 2720 3535 2791 praefatione
3556 2727 3623 2783 ad

2032 2797 2326 2851 secundum
2376 2800 2625 2855 volumen
2647 2844 2662 2869 ,
2694 2803 3004 2873 Gregorium
3047 2820 3229 2877 praeter
3271 2824 3477 2869 ca'leros
3507 2832 3622 2869 ror-

336 2902 455 2943 nam
484 2888 596 2942 sint
623 2888 864 2959 Gregorii
895 2902 1080 2957 opera,
1112 2903 1286 2957 quove
1328 2896 1569 2956 tempore
1608 2897 1700 2942 aut
1738 2886 1928 2940 ordine
1964 2901 2008 2958 Β
2034 2885 2384 2953 ruptissimum
2426 2906 2536 2945 esse
2576 2894 3069 2963 animadverteram,
3123 2902 3243 2954 dedi
3286 2922 3495 2973 operam
3518 2948 3533 2971 ,
3574 2918 3625 2960 ut

335 2983 531 3052 scripta
567 2970 1078 3048 fuerinnthet-tium,
1110 2996 1176 3035 an
1217 2995 1281 3035 ex
1325 2980 1442 3050 ejus
1484 2980 1733 3035 Historia:
1781 2979 1934 3034 libris

337 3073 614 3142 complura
649 3073 821 3142 capita
848 3071 957 3126 sint
988 3070 1360 3140 expungenda,
1394 3080 1452 3124 ut
1478 3067 1561 3124 Cl.
1594 3070 1710 3124 viro
1740 3068 1934 3124 Carolo

338 3164 551 3220 Cointio
580 3166 752 3219 visum
779 3173 881 3219 est.
911 3164 1167 3232 Quartum
1194 3163 1442 3233 denique,
1469 3163 1593 3231 quid
1616 3162 1669 3216 in
1700 3162 1797 3216 hac
1819 3163 1935 3217 edi-

341 3258 484 3313 tione
512 3275 545 3313 a
574 3274 657 3312 me
683 3258 979 3328 prtestitum
1012 3256 1188 3311 fuerit.
1224 3256 1316 3311 His
1346 3256 1625 3324 expositis,
1649 3272 1764 3326 quze
1795 3255 1931 3310 Gre-

339 3349 549 3416 gorium
571 3357 832 3415 spectant,
856 3356 1041 3417 postea
1065 3347 1130 3401 de
1150 3346 1454 3415 Fredegarii
1476 3345 1742 3411 Epitome,
1766 3344 1931 3399 Chro-

343 3439 459 3495 nico
488 3449 546 3495 et
572 3439 1054 3504 contionatoribus,
1086 3454 1147 3493 ac
1176 3439 1242 3494 de
1267 3439 1571 3509 Appendice
1596 3450 1774 3493 nostra
1803 3454 1934 3507 pau-

342 3532 418 3587 cis
448 3543 739 3601 agendum.

414 3622 453 3676 l.
475 3620 609 3674 —2.
646 3622 832 3676 Merito
858 3620 999 3690 apud
1031 3636 1217 3676 omnes
1250 3620 1563 3675 temerarius
1593 3619 1861 3685 audirem,
1890 3620 1933 3675 si

342 3714 545 3783 absque
588 3709 825 3769 virorum
876 3714 1207 3769 eruditorum
1241 3714 1543 3768 testimon'o
1574 3728 1766 3767 novam
1799 3713 1935 3768 Gre-

343 3819 375 3873 g
412 3806 475 3859 rii
493 3820 715 3874 operum
729 3806 1015 3861 editionem
1039 3821 1160 3861 esse
1174 3807 1554 3868 necessariam,
1575 3817 1692 3873 post
1711 3815 1786 3860 tot
1801 3806 1938 3859 alias

344 3907 394 3949 et
421 3896 638 3966 quidem
673 3896 832 3949 variis
851 3896 1179 3964 temporibus
1212 3911 1241 3949 a
1264 3897 1395 3951 viris
1409 3895 1651 3951 doctrina
1681 3906 1733 3951 et
1760 3895 1937 3951 erudi-

348 3986 492 4040 tione
524 3985 891 4039 celeberrimis
922 3985 1235 4054 publicatas,
1269 3999 1579 4039 asseverare
1610 4000 1770 4038 ausus
1799 3982 1931 4037 inis-

347 4090 486 4131 sem.
519 4077 587 4130 At
622 4092 740 4131 cum
782 4092 914 4129 mea:
958 4076 1274 4129 assertionis
1317 4076 1478 4130 vades
1528 4075 1750 4129 habeam
1792 4076 1935 4129 viros

342 4168 604 4231 eruditos,
635 4176 899 4237 quotquot
938 4168 1081 4222 hisce
1112 4168 1445 4236 temporibus
1478 4168 1715 4222 historic
1759 4171 1934 4237 gent's

2039 2977 2230 3045 scripta
2277 2980 2330 3032 in
2360 2982 2664 3036 membranis
2693 2988 2801 3055 ejus
2828 2986 3085 3041 volumina
3110 2995 3447 3049 nanciscercr.
3491 2998 3623 3051 Tum

2039 3070 2318 3127 recensitis
2350 3074 2626 3130 codicibus
2667 3081 3040 3148 manuscriptis
3068 3084 3156 3152 qui
3198 3085 3250 3138 in
3281 3088 3395 3155 ejus
3437 3105 3626 3143 manus

2038 3173 2413 3229 pervenerant,
2435 3168 2716 3232 proﬁtetur
2741 3184 2799 3223 se
2831 3171 3050 3225 multum
3073 3189 3138 3229 ex
3167 3190 3353 3231 eorum
3384 3182 3623 3235 codicum

2038 3261 2286 3329 accurata
2321 3253 2550 3309 lectione
2574 3297 2587 3317 ,
2621 3271 2683 3310 ac
2712 3263 3020 3316 eorumdem
3049 3265 3284 3335 diligenti
3313 3286 3434 3324 cum
3467 3272 3626 3326 editis

2039 3340 2189 3395 libris
2212 3342 2496 3399 collatione
2547 3347 2854 3417 proiecisse,
2896 3362 3016 3405 cum
3052 3354 3103 3405 in
3148 3358 3417 3413 notatione
3459 3378 3627 3414 anno.

2039 3448 2178 3499 rum,
2211 3444 2322 3489 tum
2352 3437 2403 3491 in
2444 3441 2658 3508 propria
2691 3441 2963 3496 hominum
3006 3444 3351 3514 locorumque
3394 3454 3627 3519 appella-

2042 3523 2206 3589 tione,
2238 3540 2300 3579 ac
2339 3527 2389 3581 in
2432 3524 2689 3586 relatione
2717 3547 2891 3587 rerum
2924 3547 3214 3605 gestarum.
3262 3539 3497 3612 Denique
3524 3562 3619 3598 cx-

2041 3614 2189 3680 ponit
2218 3616 2521 3683 singillatim
2550 3620 2843 3687 praecipuos
2865 3623 3033 3689 locos,
3058 3638 3192 3695 quos
3221 3637 3376 3684 antea
3408 3644 3627 3704 θοι-τυρα-

2042 3711 2123 3759 tos
2153 3714 2206 3760 et
2236 3707 2448 3761 vitiatos
2476 3708 2718 3764 codicum
2748 3710 2957 3767 illorum
2988 3728 3089 3783 Ope
3120 3719 3373 3774 restituit.

2110 3794 2163 3849 4.
2235 3796 2359 3850 Hice
2409 3798 2678 3854 scribebat
2730 3801 2968 3858 Valesius
3002 3804 3162 3860 etiam
3215 3819 3333 3875 post
3381 3823 3621 3867 exactam

2040 3885 2267 3941 Andreae
2284 3884 2503 3942 Chesnii
2526 3889 2834 3957 editionem,
2854 3908 3010 3962 quam
3038 3904 3211 3951 tamen
3244 3899 3342 3955 iste
3363 3915 3483 3955 cum
3515 3906 3625 3971 plu-

2042 3977 2189 4031 rimis
2218 3979 2493 4035 codicibus
2535 3986 2911 4054 manuscriptis
2951 3988 3200 4044 collatam
3237 4005 3297 4045 se
3333 3992 3627 4051 adornasse

2041 4078 2262 4124 testatus
2284 4080 2383 4125 est.
2414 4072 2620 4127 Valesio
2640 4076 2907 4130 consentit
2938 4076 3000 4131 R.
3028 4079 3088 4133 P.
3112 4081 3333 4137 Carolus
3355 4085 3623 4152 Cointius,

2038 4156 2268 4212 Oratorii
2301 4159 2554 4216 Gallicani
2590 4166 2885 4235 presbyter,
2917 4167 3162 4224 doctrina
3185 4180 3238 4227 et
3263 4173 3459 4241 pietate
3482 4181 3627 4235 cele-

345 4271 542 4315 nostva:
574 4260 899 4314 illustrandae
937 4275 1153 4329 operam
1194 4274 1343 4314 suam
1384 4260 1805 4323 collocaverunt,
1846 4276 1931 4315 me
1960 4269 2005 4331 ο
2040 4249 2169 4314 bri“.
2199 4251 2286 4318 αιιὶ
2331 4251 2384 4305 in
2415 4252 2507 4307 ῗηο
2531 4254 2793 4309 immenso
2821 4271 3003 4327 Opere,
3031 4262 3170 4331 Quod
3200 4268 3433 4321 Annales
3454 4270 3629 4325 eccle-

340 4352 479 4415 apud
537 4352 682 4403 viros
740 4351 989 4407 cordatos
1044 4361 1352 4405 excusatum
1408 4350 1470 4406 iri
1544 4367 1647 4405 non
1701 4350 1930 4406 dil'lido:

344 4458 464 4497 cum
497 4443 731 4497 maxime
764 4443 813 4495 id
844 4458 977 4511 opus
1018 4442 1067 4498 in
1110 4460 1195 4497 me
1236 4456 1339 4497 non
1376 4445 1699 4509 susceperim
1737 4445 1937 4513 absque

346 4537 636 4589 multorum
664 4536 953 4587 amicorum
976 4537 1221 4600 consilio,
1246 4539 1331 4605 qui
1356 4535 1481 4589 mihi
1508 4537 1726 4590 haerenti
1752 4546 1805 4593 et
1830 4552 1935 4605 prae

347 4624 547 4681 laboris
592 4626 931 4679 multitudine
977 4626 1233 4681 deterrito
1280 4628 1515 4681 animum
1567 4628 1828 4696 adjeccre.
1875 4630 1933 4682 Et

342 4717 558 4785 quidem
603 4715 727 4768 licet
758 4715 862 4768 illis
893 4718 979 4785 qui
1028 4718 1233 4783 priores
1269 4718 1533 4771 editiones
1571 4729 1931 4782 curaverunt,

344 4824 443 4864 nec
462 4808 757 4863 doctiorem
780 4826 886 4871 me,
914 4825 1010 4862 nec
1032 4807 1421 4877 diligentiorem
1452 4808 1776 4875 existimem,
1802 4826 1936 4878 quos

345 4911 403 4954 ut
432 4901 720 4970 magistros
743 4901 880 4951 ultro
904 4915 1155 4953 revereor
1181 4909 1233 4953 et
1260 4901 1522 4967 suspicio;
1556 4917 1638 4953 me
1668 4911 1840 4955 tamen
1872 4917 1935 4954 co

342 4986 637 5046 feliciorem
672 5006 831 5045 nemo
858 4990 1201 5057 inﬁciabitur,
1236 4993 1375 5058 qUod
1420 5001 1474 5044 et
1518 4992 1693 5060 plutes
1722 4992 1935 5047 codices

342 5079 754 5148 manuscriptos.
779 5080 866 5145 qui
896 5081 945 5133 in
974 5078 1411 5134 bibliothecarum
1438 5078 1627 5135 forulis
1655 5091 1778 5136 tunc
1807 5083 1935 5135 late-

341 5169 493 5236 bant,
527 5187 638 5241 prze
670 5171 911 5225 manibus
944 5170 1238 5233 habuerim,
1270 5174 1463 5239 quibus
1489 5174 1730 5243 Gregorii
1773 5190 1931 5241 opt-ra

341 5264 629 5317 emendare
676 5263 841 5327 licuit,
886 5271 940 5317 et
990 5264 1296 5319 innumeras
1327 5266 1560 5319 virorum
1605 5266 1931 5321 eruditorum

342 5353 834 5407 animadversiones
862 5354 928 5408 de
976 5370 1158 5421 regum
1206 5365 1509 5410 nostrorum
1554 5356 1716 5411 rebus
1745 5359 1931 5427 gestis,

342 5445 412 5499 de
435 5444 778 5513 cbronologia
809 5452 861 5498 et
887 5446 1214 5515 geographia
1247 5448 1516 5501 Gallicana
1539 5488 1555 5511 ,
1596 5448 1769 5517 deque
1815 5450 1933 5502 aliis

345 5538 502 5592 rebus
531 5538 597 5591 ad
624 5539 797 5606 gentis
828 5545 1024 5592 nostra:
1056 5538 1335 5593 historiam
1369 5541 1779 5610 pertinentibus,
1815 5542 1933 5610 qui-

345 5627 443 5681 bus
479 5628 793 5694 Gregorium
838 5630 1002 5683 variis
1040 5632 1179 5684 notis
1216 5641 1270 5685 ct
1303 5632 1765 5689 observationibus
1808 5633 1927 5687 illu-

344 5730 513 5776 strare
542 5736 647 5775 non
674 5719 808 5775 adeo
839 5736 1122 5787 operosum
1155 5722 1271 5777 fuit.

2042 4342 2286 4395 siasticos
2336 4343 2662 4399 Francorum
2703 4345 3011 4418 inscripsit,
3064 4354 3261 4421 passim
3302 4356 3371 4412 de
3426 4359 3631 4415 vitiatis

2040 4433 2282 4505 Gregorii
2312 4437 2567 4502 operibus
2592 4452 2919 4508 conquestus
2944 4454 3046 4510 est,
3078 4447 3170 4501 sed
3202 4450 3531 4514 potissimum
3562 4455 3627 4507 ad

2040 4539 2235 4578 annum
2267 4523 2370 4579 617
2399 4542 2503 4596 quo
2549 4528 2776 4596 primum
2815 4532 2881 4586 de
2911 4533 3169 4601 Gregorio
3215 4550 3373 4604 agere
3402 4539 3627 4612 ‘incipit,

2040 4614 2128 4668 ubi
2167 4615 2357 4670 Valcsii
2396 4618 2559 4671 verba
2605 4622 2851 4685 superius
2892 4636 2921 4672 a
2973 4636 3058 4676 me
3111 4623 3320 4679 laudata
3370 4629 3627 4698 adoptat:

2037 4722 2156 4775 qua:
2184 4723 2345 4761 causa
2372 4724 2496 4761 eum
2531 4709 2759 4778 impulit,
2784 4720 2841 4764 ut
2863 4721 3054 4778 praeter
3079 4729 3171 4768 eos
3198 4717 3407 4774 codices
3428 4721 3621 4789 quibus

2043 4797 2283 4853 Valesius
2314 4814 2440 4855 usus
2472 4810 2605 4865 erat,
2642 4804 2801 4857 etiam
2828 4805 2959 4859 alios
2990 4808 3339 4877 pcrquireret,
3385 4829 3516 4882 quos
3565 4818 3617 4870 in

2038 4891 2311 4945 laudandis
2338 4891 2578 4963 Gregorii
2608 4896 2879 4962 Operibus,
2920 4898 3348 4970 illustrandisque
3381 4904 3617 4961 historia:

2038 4996 2234 5040 llOSll‘il!
2258 4986 2385 5039 locis
2410 4984 2798 5041 dillicllioribus
2824 4988 3119 5044 adhiberet.
3138 4992 3390 5048 Sciebant
3426 5011 3617 5065 nempe

2038 5078 2135 5131 viri
2169 5078 2240 5131 illi
2272 5079 2485 5146 eruditi,
2530 5094 2689 5147 quam
2725 5082 3086 5135 necessarium
3127 5084 3195 5136 sit
3224 5086 3485 5141 editiones
3524 5104 3615 5143 ve-

2038 5179 2207 5223 terum
2237 5179 2513 5223 auctorum
2550 5169 2747 5223 habere
2774 5184 3029 5240 perquam
3078 5177 3414 5239 emendatas,
3462 5182 3615 5248 queis

2035 5261 2100 5315 ad
2158 5262 2497 5317 scribendam
2566 5263 2841 5315 historiam
2900 5266 3225 5318 recentiores
3273 5264 3613 5333 adiuventur.

2036 5358 2183 5412 lianc
2212 5358 2282 5412 ob
2310 5370 2524 5411 causam
2555 5358 2827 5425 complura
2851 5357 3091 5425 exempla
3119 5357 3319 5424 profert
3350 5360 3617 5429 Valesius,

2033 5453 2229 5520 quibus
2260 5458 2351 5504 aut
2379 5450 2636 5518 seipsmn,
2672 5463 2760 5503 aut
2787 5451 2920 5503 alios
2950 5459 3103 5504 antea
3127 5467 3337 5507 errasse
3359 5457 3614 5523 ostendit,

2032 5544 2172 5613 quod
2214 5544 2265 5596 in
2301 5542 2514 5597 codices
2545 5557 2649 5597 non
2698 5544 2825 5596 satis
2855 5550 3102 5597 accurate
3154 5555 3244 5599 aut
3289 5547 3607 5616 descriptos,

2035 5638 2125 5678 aut
2151 5626 2325 5678 editos
2358 5624 2722 5679 incurrissent.
2750 5622 2945 5678 Verum
2974 5624 3074 5678 etsi
3108 5625 3208 5679 hoc
3254 5628 3492 5693 maxime,
3516 5642 3608 5682 cu-

2033 5718 2256 5774 randum
2280 5724 2360 5773 est
2389 5715 2455 5773 iis
2483 5716 2570 5786 qui
2597 5730 2665 5771 cx
2703 5716 2933 5786 antiquis
2968 5716 3327 5774 monumentis
3366 5717 3605 5774 historiae
