4070 6186
384 335 449 386 15
774 386 779 389 _
1828 321 1967 378 PIUI

2072 321 2215 377 ιΤΙΟ.
3579 324 3653 381 16

378 442 704 497 "lustranda:
745 455 961 511 operam
1009 447 1231 505 navant,
1275 447 1333 493 ut
1371 454 1433 494 ea
1477 452 1607 508 pura
1656 447 1709 493 et
1754 438 1962 493 sincera
1994 439 2039 494 A
2069 450 2099 488 a
2124 434 2605 491 Francisviolatam
2622 436 2828 491 ulturus
2847 437 3466 511 Rhenotransgessoin
3493 437 3661 493 Fran-

376 535 774 599 nanciscantur,
810 533 858 585 id
890 542 1064 585 tamen
1097 530 1427 599 potissimum
1468 538 1551 583 est
1574 528 1965 583 observandum

377 644 498 681 cum
521 628 716 683 desunt
752 625 838 678 alii
884 624 1127 693 ejusdem
1172 624 1269 676 ,ιιισί
1316 632 1585 686 auctores,
1613 635 1835 692 quorum
1865 634 1967 687 ope

382 719 520 772 ηπενί
569 727 625 772 ει
671 731 909 779 errores,
958 716 1045 782 qui
1075 714 1211 768 forte
1260 715 1314 766 in
1361 713 1574 767 codices
1629 710 1965 778 irrcpserint,

382 808 657 865 emendari
710 806 869 861 facile
897 807 1120 875 possint.
1152 805 1297 859 Talis
1320 813 1401 859 est
1433 804 1720 872 Gregorius
1763 810 1965 865 noster,

377 903 564 956 unicus
594 899 798 955 scilicost
824 907 1028 961 auctor,
1078 897 1163 965 qui
1192 896 1405 965 quidem
1438 893 1689 962 supersit,
1729 892 1816 962 qui
1844 892 1966 946 data

377 1009 540 1063 opera
573 994 861 1060 primorum
894 992 1064 1062 gemis
1098 999 1293 1045 nostra:
1324 1005 1527 1057 regum,
1563 1003 1788 1057 quorum
1826 995 1965 1041 tem-

379 1101 513 1155 pore
540 1086 769 1150 vivebat,
802 1093 949 1153 gesta
983 1084 1172 1138 litteris
1200 1083 1553 1138 mandaverit.
1586 1080 1738 1136 Unde
1778 1080 1970 1133 merito

382 1180 624 1234 Valesius
648 1178 763 1246 ejus
796 1178 960 1231 libros
983 1176 1218 1247 appellat
1243 1175 1488 1230 Historiae
1512 1183 1700 1229 nostra:
1728 1174 1967 1243 fundum,

380 1286 443 1324 ex
476 1285 583 1338 quo
619 1269 882 1338 originum
936 1283 1222 1338 rerumque
1254 1267 1626 1322 Francicarum
1661 1266 1827 1335 prima
1871 1278 1969 1315 no-

378 1361 495 1415 titia
524 1359 855 1428 potissimum
888 1359 1176 1428 repetenda
1219 1361 1319 1423 sit,
1361 1373 1518 1427 quem
1565 1358 1692 1411 tanti
1747 1356 1972 1410 faciebat

378 1450 458 1504 vir
485 1450 573 1503 ille
595 1448 963 1515 doctissimus,
987 1459 1043 1502 ttt
1066 1450 1302 1503 historia:
1323 1464 1435 1503 sua:
1457 1447 1645 1516 libros,
1670 1461 1804 1514 quos
1825 1461 1971 1500 sum-

377 1557 467 1595 mo
498 1542 680 1597 labore
708 1551 762 1597 et
789 1542 1065 1608 diligentia
1114 1557 1219 1596 non
1259 1541 1463 1610 vulgari
1494 1539 1798 1603 adornavit,
1832 1554 1968 1593 non-

377 1634 477 1688 nisi
518 1634 932 1688 commentarios
975 1633 1026 1686 in
1076 1630 1390 1701 Gregorium
1434 1631 1801 1686 Turonensetn
1844 1642 1971 1681 ceu-

376 1725 540 1779 suerit
572 1723 937 1793 appellandos.
968 1722 1077 1777 Nec
1103 1721 1281 1775 minus
1312 1721 1521 1775 Cointio
1548 1720 1664 1775 usui
1702 1718 1796 1773 fuit
1831 1719 1962 1773 Gre-

2076 528 2210 581 ciam
2240 528 2553 597 trajecisset,
2592 530 2875 584 Bructeros
2903 532 3033 599 ripe
3063 533 3354 599 proximos,
3388 544 3439 586 et
3467 548 3659 601 p-tgum

2070 635 2226 690 quem
2260 620 2556 675 incolebant
2587 618 2863 687 Chamavi,
2893 621 3041 676 nullo
3075 623 3177 677 sibi
3202 630 3538 688 occursante,
3566 623 3663 677 de-

2073 713 2355 778 popu'atus
2378 720 2481 775 est,
2509 713 2679 780 inquit
2706 712 2795 765 ille
2821 722 3032 778 auctor,
3070 713 3170 767 nisi
3214 713 3354 781 quod
3404 716 3554 780 pauci
3595 731 3662 769 ex

2071 800 2421 867 Ampsivariis
2446 809 2502 855 et
2526 800 2731 855 Chattis
2761 801 3093 856 Marcomcre
3133 801 3269 856 duce
3299 803 3352 855 in
3384 803 3658 857 ulteriori-

2076 888 2174 944 bus
2203 890 2419 943 collium
2445 891 2587 960 jugis
2611 906 2927 961 apparuere.
2960 891 3016 947 Si
3038 894 3202 958 enim,
3231 902 3287 946 ut
3318 893 3448 947 scite
3474 895 3665 947 obser-

2070 988 2157 1034 vat
2179 979 2444 1045 Valesius,
2475 981 2558 1035 Itis
2584 980 2796 1051 populis
2823 996 2926 1037 non
2951 982 3251 1048 prmfuisset
3281 980 3661 1051 Mareotnerus,

2069 1086 2226 1141 quem
2261 1086 2419 1141 supra
2454 1072 2593 1126 idem
2635 1071 2907 1141 Sulpicius
2945 1071 3273 1126 Francorum
3312 1074 3533 1143 regalem
3571 1088 3664 1139 ap-

2070 1164 2384 1233 pellaverat,
2419 1178 2516 1218 nec
2546 1161 2928 1232 priores'duos
2971 1164 3197 1233 populos
3242 1164 3532 1218 defendere
3572 1164 3666 1217 tle-

2071 1255 2297 1320 buissct,
2313 1270 2412 1310 nec
2435 1256 2569 1310 duos
2592 1256 2919 1323 posteriores
2940 1255 3139 1312 habere
3162 1257 3422 1323 potuisset
3444 1256 3663 1309 milites.

2076 1344 2245 1415 Reges
2284 1362 2349 1401 an
2383 1355 2509 1419 tunc
2536 1346 2819 1401 habuerint
2862 1347 3075 1413 Franci,
3118 1363 3185 1401 an
3226 1362 3355 1402 vero
3385 1348 3550 1402 duces
3580 1364 3666 1401 so-

2071 1435 2380 1511 lummodo,
2431 1445 2521 1490 aut
2574 1438 2762 1506 quovis
2812 1436 2916 1492 alio
2970 1438 3187 1492 nomine
3237 1440 3665 1507 appellarentur,

2071 1528 2363 1597 principes,
2392 1528 2728 1599 subregulos,
2754 1539 2844 1584 aut
2866 1530 3093 1600 regales,
3111 1530 3331 1599 inquirit
3352 1528 3665 1601 Gregorius,

2074 1634 2293 1689 remque
2321 1619 2373 1674 in
2406 1620 2583 1675 medio
2614 1620 2915 1691 relinquere
2957 1620 3184 1685 videtur,
3218 1637 3339 1675 cum
3389 1622 3527 1691 apud
3572 1638 3664 1678 eos

2071 1724 2320 1769 auctores
2351 1723 2475 1767 ante
2506 1714 2729 1784 Eugenii
2765 1715 2973 1787 tyranni
3008 1724 3215 1785 tempus
3245 1730 3404 1769 nemo
3428 1730 3458 1769 c
3500 1715 3664 1770 Frau-

378 1815 558 1883 gorius
590 1812 1057 1869 iu'ecclesiasticis
1093 1812 1419 1867 Francorum
1452 1810 1733 1864 annalibus
1758 1808 1965 1863 descri-
2000 1800 2047 1859 B
2072 1805 2152 1860 cis
2191 1807 2333 1875 regis
2364 1804 2519 1859 titulo
2546 1805 2773 1861 donatus
2801 1815 3069 1861 occurrat.
3100 1806 3211 1874 Qua
3252 1809 3303 1861 in
3341 1820 3399 1861 re
3434 1808 3667 1876 graviter

378 1907 586 1971 bendis,
620 1919 757 1975 quos
776 1920 840 1958 ex
870 1904 987 1973 ejus
1015 1901 1167 1957 libris
1190 1910 1248 1956 ut
1274 1901 1559 1970 plurimum
1590 1908 1870 1952 contextus
1891 1896 1968 1950 vi-

377 1996 583 2051 demus.
608 1995 805 2062 Quanti
827 2004 1007 2047 autem
1031 1991 1220 2047 fecerit
1240 1990 1558 2061 Gregorium
1582 1997 1821 2042 nostrum
1844 1986 1963 2042 Hie.

378 2104 632 2160 ronymus
662 2087 972 2157 llignonius,
1005 2100 1068 2138 ex
1098 2100 1164 2138 eo
1202 2082 1470 2152 conjicere
1509 2082 1633 2135 licet
1671 2079 1811 2149 quod
1852 2078 1968 2145 ejus

378 2180 664 2235 llistoriam
689 2217 705 2243 ,
750 2174 993 2230 codicem
1034 2174 1208 2243 legum
1241 2173 1608 2252 antiquarum,
1642 2178 1697 2223 ct
1730 2168 1967 2222 Mareulli

377 2270 634 2325 formulas
657 2265 968 2322 emendatas
995 2273 1048 2319 et
1074 2263 1211 2339 notis
1234 2268 1542 2325 exornatas,
1569 2273 1676 2313 uno
1698 2258 1968 2312 volumine

378 2360 796 2429 comprehensas
820 2400 835 2423 ,
874 2367 1123 2425 tanquam
1171 2369 1333 2407 unum
1373 2366 1566 2421 corpus
1598 2350 1754 2420 prisci
1796 2348 1966 2418 juris,

377 2454 536 2507 edere
572 2451 923 2512 decrevisset,
964 2456 1123 2515 atque
1158 2445 1226 2500 ob
1276 2445 1323 2497 id
1350 2442 1463 2511 jam
1510 2441 1723 2496 codices
1768 2442 1969 2507 aliquot

378 2546 562 2598 fuisset
594 2548 884 2600 mutuatus,
919 2546 974 2591 ιιι
1003 2545 1227 2591 testatur
1259 2535 1338 2589 vir
1365 2532 1631 2598 etuditus,
1659 2531 1745 2601 qui
1776 2531 1967 2600 pra-fa-

379 2637 576 2690 tiunem
606 2634 903 2702 posthumae
941 2629 1175 2683 Marculft
1208 2626 1554 2681 formularum
1585 2623 1804 2678 editioni
1834 2636 1969 2692 prmo

380 2730 514 2791 fixit,
547 2727 701 2796 cujus
730 2724 815 2779 hic
846 2723 1003 2777 verba
1032 2721 1436 2787 descripsimus.

547 2821 620 2877 Ea
667 2819 809 2873 enim
840 2828 921 2871 est
950 2813 1197 2885 Gregorii
1238 2807 1404 2866 nostri
1446 2812 1673 2875 fortuna,
1706 2817 1765 2864 ut
1803 2825 1970 2878 quano

274 2938 291 2949 κ
379 2912 621 2967 tumlihet
644 2909 844 2964 rustico
868 2919 1118 2962 sermone
1143 2904 1436 2971 scripserit,
1467 2916 1621 2955 nemo
1641 2900 1710 2955 de
1733 2899 1967 2954 Franco-

380 3020 493 3057 rum
522 3002 673 3072 regni
706 2998 1014 3070 primordiis
1057 2996 1262 3065 absque
1302 2996 1417 3063 ejus
1447 2994 1686 3048 subsidio
1728 2992 1966 3047 scribere

380 3095 571 3150 valeat.
608 3093 664 3147 In
696 3093 795 3147 hoc
825 3104 1037 3159 quoque
1060 3086 1214 3141 laude
1238 3085 1451 3155 dignus,
1475 3083 1616 3154 quod
1642 3084 1964 3137 Francorum

2072 1894 2314 1959 culpatur
2343 1911 2371 1950 a
2410 1896 2635 1962 Valesio,
2679 1897 2768 1967 qtti
2811 1912 2965 1967 reges
2994 1897 3133 1967 apud
3174 1897 3407 1953 Francos
3449 1900 3662 1968 semper

2070 1984 2341 2038 exstitisse
2383 1984 2683 2040 contendit.
2741 1985 2934 2041 Verum
2985 1990 3086 2044 etsi
3141 1988 3209 2044 de
3258 1991 3395 2057 regis
3452 1992 3666 2045 nomine

2072 2072 2377 2140 disputandi
2407 2074 2618 2127 animus
2648 2090 2753 2129 non
2785 2076 2876 2141 sit,
2912 2092 3018 2130 non
3064 2086 3240 2133 tamen
3286 2081 3458 2133 evinci
3508 2095 3667 2149 posse

2070 2163 2302 2217 arbitror
2332 2168 2397 2219 ex
2427 2167 2644 2234 antiquo
2669 2166 2779 2221 ullo
2802 2179 3171 2236 monumento,
3206 2168 3447 2226 Francos
3473 2188 3662 2227 omnes

2072 2263 2198 2308 tunc
2227 2254 2482 2323 temporis
2525 2256 2683 2310 unico
2728 2258 2839 2325 regi
2884 2258 3145 2327 paruisse.
3176 2260 3430 2327 Quamvis
3459 2271 3662 2318 cettnm

2070 2350 2315 2404 videatur
2347 2349 2600 2404 familiam
2631 2351 2862 2421 aliquam
2894 2352 3033 2408 inter
3062 2369 3154 2408 eos
3196 2354 3359 2409 fuisse
3407 2357 3662 2424 primam,
3714 2336 3727 2343 Si

2070 2448 2125 2493 ut
2157 2439 2392 2509 loquitur
2438 2440 2748 2509 Gregorius,
2782 2436 3202 2511 et‘nobiliorem,
3250 2463 3311 2499 ex
3348 2464 3447 2515 qua
3485 2448 3663 2516 populi

2070 2543 2310 2591 rectores
2339 2537 2535 2588 assumi
2565 2546 2977 2602 consueverant,
3009 2554 3143 2604 quos
3184 2538 3406 2593 Romani
3440 2539 3663 2608 scripto-

2072 2639 2177 2688 res,
2201 2639 2296 2693 pro
2320 2624 2541 2680 aliarum
2571 2635 2806 2697 gentium
2824 2643 2971 2683 more
2992 2639 3043 2683 et
3073 2644 3170 2683 suo
3196 2629 3447 2699 loquendi
3475 2634 3659 2696 modo,

2070 2732 2211 2784 reges
2238 2726 2327 2769 aut
2356 2717 2557 2786 regulos
2586 2719 2955 2787 appellarunt;
2983 2735 3088 2790 quo
3113 2736 3241 2775 vero
3272 2718 3482 2777 nomine
3526 2724 3664 2791 apud

2071 2806 2218 2875 ipsos
2251 2804 2485 2863 Francos
2514 2808 2845 2876 dicerentur,
2876 2811 2997 2879 quis
3024 2810 3267 2866 divinare
3312 2813 3477 2866 velit?
3526 2814 3665 2869 Inter

2071 2913 2163 2952 eos
2199 2905 2374 2951 tamen
2405 2913 2557 2968 rcges
2587 2898 2822 2967 aliquem
2867 2899 3034 2956 fuisse
3080 2901 3290 2961 cmtcris
3332 2906 3663 2972 praestantio-

2072 3004 2187 3043 rem
2220 2989 2440 3044 inficiari
2475 2991 2659 3057 nulitn,
2684 3008 2804 3046 eum
2837 2991 3102 3061 ejusmodi
3136 2994 3300 3049 fuisse
3329 2995 3569 3051 videatur
3592 3012 3662 3049 ex

2073 3082 2187 3148 ipso
2240 3081 2502 3153 Gregorio
2549 3098 2653 3137 non
2682 3084 2853 3138 solum
2902 3084 3151 3148 Chlodio,
3202 3087 3293 3141 sed
3341 3096 3396 3141 et
3442 3086 3661 3156 ipsemet

380 3185 637 3253 originem
677 3180 835 3235 nu‘lis
867 3178 1061 3231 fabulis
1091 3176 1429 3245 resperserit,
1457 3172 1615 3227 sicuti
1659 3172 1837 3228 fecere
1876 3171 1964 3241 qui
1994 3166 2039 3225 (Ξ
2073 3170 2431 3237 Cltlodoveus,
2459 3188 2617 3242 quem
2654 3174 2878 3243 legimus
2906 3176 3209 3246 complures
3235 3192 3265 3232 e
3293 3178 3405 3231 Suis
3436 3193 3661 3232 consan-

379 3286 560 3346 postea
590 3272 857 3329 subsecuti
886 3278 1011 3324 sunt
1040 3268 1285 3323 llistttrite
1315 3276 1513 3320 nostra:
1542 3265 1853 3333 scriptores.
1882 3264 1970 3317 Ni-

296 3408 297 3411 η
380 3369 453 3422 hil
478 3367 618 3421 enim
651 3365 809 3419 habet
838 3364 904 3416 de
932 3361 1179 3429 Trojanis
1221 3357 1481 3427 profugis,
1512 3369 1647 3425 quos
1682 3354 1758 3409 illi
1800 3355 1967 3408 Fran-

380 3474 564 3513 corum
597 3465 843 3525 parentes
867 3451 1226 3514 cffinxerunt;
1263 3448 1393 3501 nihil
1434 3445 1504 3500 de
1545 3445 1665 3499 aliis
1703 3444 1967 3514 ejusmodi

380 3551 567 3605 naeniis
583 3558 673 3601 ant
701 3546 915 3608 fabulis,
939 3545 1131 3613 quibus
1156 3541 1383 3596 llistoria
1406 3549 1585 3593 nostra
1606 3537 1966 3606 postmodum,

379 3652 549 3695 stante
576 3638 750 3692 adhuc
779 3636 948 3705 prima
976 3650 1158 3703 regum
1190 3641 1495 3687 nostrorum
1536 3630 1703 3697 stirpe
1726 3670 1739 3694 ,
1775 3628 1966 3683 iufarta

380 3744 494 3798 est,
541 3742 594 3783 ut
643 3737 787 3798 patet
831 3744 897 3780 ex
944 3724 1245 3790 Fredegarii
1284 3724 1576 3786 Chronico,
1619 3734 1681 3774 ac
1724 3721 1965 3799 ejusdem

382 3822 737 3893 Fragtueutis,
768 3835 884 3887 qum
911 3828 1027 3887 post
1061 3819 1226 3884 ipsius
1246 3818 1652 3877 continuatores
1679 3816 1963 3873 edidimus.

380 3920 449 3970 At
469 3913 756 3982 Gregorius
778 3912 843 3965 de
864 3908 1069 3980 origine
1098 3907 1424 3962 Francorum
1455 3907 1713 3975 dicturus,
1739 3908 1965 3975 primum

380 4014 624 4060 auctores
656 4005 771 4073 ipso
800 4002 1105 4069 superiores
1133 3999 1419 4066 consuluit,
1446 4015 1671 4067 quarum
1701 4016 1821 4055 cum
1864 4011 1969 4053 tes-

381 4098 600 4152 timonia
632 4094 900 4150 retulisset
926 4136 941 4157 ,
978 4106 1140 4157 pauca
1181 4090 1248 4144 de
1283 4090 1347 4144 iis
1368 4106 1486 4161 quae
1525 4092 1680 4163 vulgo
1705 4106 1767 4146 ea
1800 4093 1866 4147 de
1908 4106 1968 4146 re

381 4185 888 4243 circumferebantur
916 4180 1211 4249 subiunxit.
1238 4180 1370 4234 Ttes
1408 4184 1461 4235 in
1505 4180 1639 4236 hanc
1685 4196 1796 4235 rem
1839 4196 1965 4235 auc-

382 4290 525 4334 tores
551 4277 774 4347 profert,
800 4276 1097 4343 Sulpicium
1126 4272 1511 4337 Alexandrum,
1545 4274 1807 4328 Renatum
1835 4274 1968 4329 Pro-

382 4377 615 4423 futurum
650 4365 1016 4437 Frigeridum.
1063 4372 1119 4418 et
1162 4363 1411 4435 ()rusium
1462 4364 1967 4433 Itistoriographum.

382 4460 715 4515 Postremum
740 4470 898 4510 nemo
926 4468 1030 4508 non
1064 4453 1205 4507 novit
1230 4470 1243 4519 ;
1274 4452 1382 4507 duo
1402 4452 1490 4507 alii
1514 4453 1729 4509 nonnisi
1752 4469 1814 4508 ex
1839 4454 1970 4510 Gre-

2062 3267 2282 3334 ‘guiueis
2315 3265 2642 3320 Francorum
2687 3283 2837 3335 reges
2884 3266 3153 3335 habuisse,
3188 3284 3323 3339 quos
3354 3286 3514 3325 unum
3548 3276 3664 3338 post

2072 3359 2298 3413 alterum
2349 3358 2675 3412 ntonarehim
2716 3358 2983 3413 desiderio
3030 3353 3217 3428 captus
3266 3365 3550 3430 oppressit.
3602 3364 3664 3419 Et

2070 3448 2282 3517 quidem
2314 3464 2433 3503 cum
2467 3459 2587 3518 post
2615 3448 2731 3517 t-jlls
2754 3459 2982 3504 mortem
3019 3448 3110 3504 filii
3140 3438 3305 3519 ipsius
3336 3467 3554 3520 regnum
3587 3469 3663 3506 m-

2073 3546 2154 3594 ter
2181 3554 2240 3595 se
2267 3539 2566 3607 diviserint,
2590 3538 2731 3594 hunc
2759 3540 3031 3609 antiquum
3066 3540 3226 3596 fuisse
3253 3543 3426 3611 gentis
3453 3558 3660 3599 morem

2070 3627 2159 3684 vix
2192 3628 2470 3699 quisquam
2505 3643 2701 3698 negare
2730 3636 2923 3697 potest.

2153 3722 2207 3775 7.
2250 3719 2575 3775 Francorum
2612 3722 2789 3790 itaque
2819 3720 2871 3775 in
2904 3720 3142 3776 ulteriori
3177 3722 3345 3777 Rheni
3377 3724 3485 3794 ripa
3510 3725 3665 3779 sedes

2070 3820 2186 3865 erat
2212 3828 2224 3862 :
2256 3808 2348 3865 sed
2379 3824 2512 3880 gens
2552 3810 2803 3864 bellicosa
2847 3819 2901 3865 et
2937 3811 3132 3880 quietis
3162 3810 3445 3880 impatiens
3477 3812 3664 3869 Rheno

2072 3918 2217 3974 smpe
2248 3904 2568 3959 transmisso
2597 3904 2956 3957 Romanorum
2984 3905 3285 3971 provincias
3304 3908 3664 3975 depopulaba-

2073 4003 2182 4060 tur,
2215 3995 2356 4049 unde
2387 4004 2523 4049 nata:
2555 3995 2752 4063 passim
2785 3993 3100 4050 occasiones
3118 3995 3295 4050 .multa
3330 3998 3507 4063 pradt'a
3535 4013 3662 4052 con~

2072 4086 2311 4153 serendi,
2346 4088 2397 4142 in
2447 4087 2639 4155 quibus
2682 4087 2872 4142 Franci
2921 4087 3081 4141 modo
3125 4089 3355 4157 repressi
3402 4104 3465 4143 ac
3514 4088 3659 4157 victi,

2073 4186 2233 4238 modo
2258 4184 2417 4237 etiam
2448 4182 2681 4236 victores
2714 4181 2947 4235 fuerunt.
2981 4181 3229 4237 Turbatis
3259 4182 3461 4237 interea
3493 4182 3662 4250 Impe-

2074 4276 2135 4330 rii
2168 4276 2327 4330 rebus
2357 4274 2427 4328 ob
2456 4285 2671 4329 exortus
2721 4282 2998 4344 tyrannos,
3042 4283 3264 4345 utraque
3308 4290 3431 4345 pars
3471 4289 3564 4329 eos
3593 4272 3661 4331 ad

2071 4366 2170 4421 sibi
2201 4364 2562 4420 auxiliandum
2590 4364 2890 4420 advocavit.
2919 4363 3031 4419 Nec
3074 4363 3163 4418 diu
3211 4367 3349 4418 inter
3388 4364 3659 4420 Romanos

2075 4456 2315 4521 fuerunt,
2343 4458 2471 4527 quin
2503 4471 2567 4512 ex
2601 4457 2667 4512 iis
2696 4457 2847 4510 multi
2878 4470 2971 4510 sua
3003 4457 3217 4519 virtute,
3248 4464 3301 4510 et
3328 4453 3486 4509 animi
3514 4470 3658 4523 mag-

380 4551 533 4619 gurio
564 4557 748 4603 nostro
777 4545 883 4601 uuti
914 4553 1038 4598 sunt
1062 4561 1077 4598 :
1118 4559 1237 4613 quae
1274 4558 1404 4599 vero
1434 4544 1503 4596 ah
1533 4544 1595 4598 iis
1623 4543 1690 4597 de
1719 4544 1971 4601 Romanis
2002 4540 2052 4601 Β
2082 4550 2320 4606 nitudine
2342 4550 2545 4621 primos
2573 4549 2781 4604 militiae
2804 4549 3021 4603 honoris
3044 4547 3258 4618 gradus,
3285 4548 3446 4602 immo
3467 4557 3520 4602 et
3545 4547 3659 4616 ipsa

384 4649 690 4704 narrantur,
720 4641 791 4692 ita
818 4637 1028 4692 caeteris
1056 4637 1293 4692 historia:
1314 4636 1570 4690 Romanae
1610 4638 1967 4692 monumentis

384 4740 509 4788 sunt
535 4744 792 4794 consona,
822 4740 882 4783 ut
909 4744 1003 4782 eos
1031 4743 1241 4797 quoque
1268 4728 1336 4783 de
1372 4728 1590 4783 Francis
1620 4745 1752 4791 ,vera
1795 4732 1966 4798 srrip-

385 4828 523 4880 sisse
551 4823 634 4877 vix
665 4822 946 4891 quisquam
976 4820 1204 4874 inilciari
1232 4820 1420 4888 possit,
1450 4822 1687 4877 maxime
1726 4838 1846 4877 cum
1891 4825 1969 4877 vi-

386 4919 610 4973 deantur
639 4916 777 4969 circa
807 4913 893 4967 illa
924 4922 1163 4981 tempora
1194 4910 1458 4966 ﬂoruisse.

457 5006 513 5063 6.
557 5008 633 5061 Ex
668 5006 879 5058 illorum
921 5018 1047 5057 vero
1092 5012 1369 5081 auctorum
1420 5003 1741 5057 testimoniis
1787 5014 1962 5073 patet,

390 5101 624 5156 Francos
656 5100 745 5157 diu
777 5098 829 5152 in
861 5112 922 5151 ea
949 5096 1165 5163 regione
1194 5088 1408 5148 sletisse
1434 5139 1448 5161 ,
1492 5110 1607 5163 quae
1636 5099 1768 5149 ultra
1798 5097 1969 5152 Rheni

390 5195 558 5260 ripam
578 5190 747 5259 posita
769 5198 872 5252 est,
895 5200 1051 5255 quam
1076 5185 1196 5241 ideo
1220 5187 1269 5239 in
1299 5184 1726 5253 Peutingeriauis
1755 5190 1916 5241 taltuli
1952 5230 1968 5255 ,

389 5284 612 5351 aliisque
643 5280 839 5334 veteris
865 5277 1166 5332 Germania:
1202 5276 1649 5345 descriptionibus
1689 5275 1969 5332 Franciam

389 5372 647 5443 appellari
679 5386 783 5427 non
811 5371 1013 5426 dubito.
1064 5369 1211 5425 Hanc
1238 5379 1383 5424 certe
1421 5383 1485 5423 eo
1527 5372 1744 5425 nomine
1770 5372 1971 5427 diserte

391 5466 718 5533 nuncupavit
737 5461 999 5525 Sulpicius
1023 5460 1324 5514 Alexander
1345 5475 1374 5512 a
1398 5458 1658 5529 Gregorio
1681 5459 1924 5518 laudatus
1953 5482 1965 5516 :

390 5570 454 5609 ex
483 5570 588 5622 quo
616 5554 774 5606 etiam
805 5551 1099 5619 colligimus
1128 5549 1515 5617 Ampsivarios,
1547 5550 1783 5614 Chattos,
1812 5552 1970 5606 Bruc-

391 5657 537 5701 teros
565 5653 618 5698 et
665 5642 963 5697 Chamavos
999 5639 1241 5695 Francia:
1278 5641 1454 5706 gentis
1501 5640 1744 5695 surculos
1783 5641 1966 5696 fuisse.

389 5739 596 5811 Quippe
625 5753 743 5796 cum
774 5738 1095 5807 Arbogastcs
1121 5734 1347 5792 Romani
1390 5736 1599 5806 imperii
1640 5737 1970 5805 maiestatem

2072 4643 2246 4696 civilia
2275 4641 2450 4696 ofﬁcia
2479 4639 2795 4696 meruerint.
2833 4641 2896 4695 Et
2923 4640 3138 4708 quidem
3166 4638 3277 4709 jam
3317 4640 3475 4708 longe
3501 4650 3659 4696 antea

2073 4732 2271 4787 ftedera
2304 4730 2533 4786 inierant
2576 4729 2801 4784 Romani
2831 4744 2950 4783 cum
2987 4728 3207 4784 Francis
3229 4769 3244 4792 ,
3284 4744 3403 4799 quae
3449 4730 3659 4785 nonnisi

2072 4832 2323 4879 renovata
2340 4821 2501 4876 fuisse
2527 4821 2746 4888 Eugenii
2774 4821 3103 4890 temporibus
3120 4836 3184 4875 ex
3200 4820 3660 4888 SulpiciiAlexan-

2072 4916 2153 4969 drt
2185 4914 2362 4969 verbis
2395 4922 2624 4967 testatur
2663 4912 2968 4982 Gregorius.
3011 4910 3120 4967 Nec
3158 4914 3444 4977 immerito,
3484 4914 3528 4968 si
3570 4896 3681 4969 ve?

2072 5023 2189 5059 rttm
2220 5006 2287 5059 sit
2316 5006 2456 5073 quod
2487 5006 2874 5059 Constantinus
2909 5004 3395 5075 Pnrphyrogenitus
3422 5005 3655 5073 impera-

2074 5109 2157 5152 tor
2185 5099 2249 5151 ad
2282 5099 2577 5152 liomauum
2623 5099 2785 5151 ﬁlium
2828 5113 2982 5152 suum
3017 5096 3233 5161 scribit,
3275 5094 3478 5152 scilicet
3516 5096 3658 5151 Con-

2073 5188 2291 5244 stantini
2325 5190 2495 5257 Magni
2536 5190 2754 5243 decreto
2785 5190 3043 5243 sancitum
3076 5187 3258 5251 fuisse,
3299 5202 3364 5241 ne
3407 5187 3654 5255 Romani,

2074 5281 2309 5351 exceptis
2336 5283 2464 5335 solis
2494 5280 2733 5344 Francis,
2765 5295 2884 5333 cum
2930 5279 3171 5333 barbatis
3216 5292 3448 5347 unquam
3488 5279 3660 5333 natio-

2075 5375 2227 5429 nibus
2256 5373 2429 5428 fmdus
2458 5372 2671 5425 inirent.
2707 5372 2830 5425 llaec
2858 5370 3051 5439 quippe
3091 5370 3203 5424 sola
3244 5379 3363 5425 erat
3408 5370 3656 5426 vincendi

2079 5465 2307 5517 Francos
2334 5461 2496 5527 ratio,
2548 5462 2589 5514 si
2643 5460 2931 5515 fmderibns
2962 5459 3130 5525 initis,
3182 5469 3271 5515 aut
3322 5461 3428 5515 alio
3470 5460 3657 5529 quovis

2077 5553 2235 5607 modo
2262 5567 2289 5605 a
2321 5551 2491 5604 soliti<
2538 5548 2952 5617 przedationibus
2996 5546 3268 5605 abstinere
3315 5561 3653 5619 cogerentur.

2079 5643 2226 5698 Unde
2251 5641 2505 5696 Libanius
2531 5641 2580 5693 in
2606 5639 2928 5710 Panegyrico
2955 5637 3269 5696 Constantio
3298 5648 3353 5694 et
3378 5640 3655 5696 Constanti

2076 5732 2486 5804 imperatoribus
2508 5730 2674 5799 dicto,
2705 5726 2788 5787 his
2810 5731 3141 5802 principibus
3164 5730 3465 5801 gratulatur
3488 5733 3556 5789 ub
3583 5731 3673 5803 ju-
