4070 6186
325 350 397 404 Π
1775 347 1922 405 Plui

2025 348 2164 403 ΠΟ.
3508 356 3575 412 13

325 350 397 404 Π
1775 349 1883 405 PB.
1942 346 2164 403 FATlO.
3508 356 3575 412 18

325 476 450 529 gum
480 472 643 532 grave
689 457 1022 511 Francorum
1070 455 1372 510 cervicibus
1417 456 1743 525 impositum,
1772 346 1994 525 quod‘E‘A
2022 456 2356 527 Wisigotthis
2385 460 2474 529 qui
2519 459 2901 531 Septimaniam
2943 462 3249 534 vicinasque
3289 465 3593 533 provincias

324 552 547 621 quidem
583 550 769 619 jugum
803 546 949 601 aliud
982 562 1088 600 non
1120 544 1288 602 fuisse
1314 546 1605 619 subjungit,
1637 548 1738 602 nisi
1768 549 1908 617 quod

326 643 554 694 istorum
584 638 883 707 principum
905 637 1100 691 virtute
1129 635 1313 691 Fraaci
1343 637 1481 690 intra
1511 638 1644 691 lines
1672 652 1799 692 suos
1830 652 1914 692 re-

327 732 525 798 pressi,
552 708 806 795 deinceps
840 728 1198 781 Romanorum
1224 726 1525 795 provincias
1544 727 1777 796 aggressi
1806 741 1909 781 non

328 820 583 882 fuissent,
614 832 735 870 cum
765 816 907 870 idem
937 816 1158 871 omnino
1182 815 1390 870 censeri
1419 816 1610 871 debeat
1637 816 1723 870 Vel
1749 815 1914 869 Frau-

325 929 423 969 cos
452 912 747 971 concitatos
772 910 1008 975 vincere,
1037 910 1119 963 vel
1146 909 1365 965 efﬁcere
1411 918 1466 962 ut
1513 925 1615 963 non
1640 910 1929 964 conciten-'

329 1012 439 1056 tur.
470 1000 666 1054 Franci
694 1000 876 1069 igitur,
901 1000 1089 1066 inquit,
1122 1009 1225 1051 tam
1250 1016 1399 1069 grave
1420 1002 1605 1069 jugum
1632 1000 1911 1054 subierunt.

332 1092 539 1153 Etenim
565 1093 673 1147 hac
700 1092 803 1145 illis
832 1092 1045 1145 territus
1069 1101 1141 1146 est
1169 1092 1336 1146 nullos
1362 1092 1543 1146 habere
1564 1109 1689 1162 quos
1718 1093 1915 1163 depret-

331 1193 542 1239 dentur.

406 1289 463 1344 8.
503 1290 635 1345 Cum
662 1303 790 1345 vero
812 1289 1061 1349 inclinata
1085 1290 1303 1345 omnino
1325 1287 1532 1359 imperii
1563 1290 1785 1346 Romani
1807 1307 1919 1348 ma-

327 1381 549 1453 jestate,
594 1382 768 1436 nullus
819 1381 928 1450 jam
968 1380 1289 1435 Francorum
1334 1380 1499 1435 armis
1537 1381 1786 1437 resistere
1827 1397 1921 1453 po-

331 1483 452 1527 tens
468 1483 633 1539 esset,
658 1486 761 1527 non
788 1470 945 1525 molo
975 1472 1273 1541 provincias
1302 1471 1676 1541 deprazdaturi,
1710 1474 1802 1528 sed
1833 1490 1919 1529 se-

330 1560 456 1613 dem
479 1560 578 1614 sibi
601 1568 799 1613 certam
822 1560 1127 1631 acquisituri
1152 1560 1395 1615 Rhenum
1416 1562 1759 1629 transierunt,
1778 1562 1919 1633 quod

330 1665 457 1705 cum
514 1650 683 1719 primo
725 1650 886 1703 variis
925 1650 1307 1721 irruptionibus
1355 1661 1677 1720 tentassent,
1719 1653 1917 1708 sensim

332 1741 553 1794 tandem
583 1740 741 1794 variis
772 1741 1138 1810 progressibus
1171 1743 1328 1795 modo
1368 1757 1471 1796 una
1496 1782 1513 1809 ,
1553 1746 1712 1798 modo
1754 1746 1916 1799 altera

2012 550 2284 620 regebant,
2321 560 2481 606 totam
2515 552 2683 608 ferme
2712 554 2937 609 Galliam
2972 568 3071 610 suo
3114 557 3339 625 imperio
3374 558 3587 627 adjecit,

2012 637 2368 707 Catltedraque
2395 644 2539 712 regni
2570 641 2786 697 Parisiis
2811 645 3082 699 constituta
3100 683 3115 709 ,
3158 647 3590 701 ﬂorentiseitnum

2011 727 2140 781 illud
2174 745 2415 800 regnum,
2445 733 2586 801 quod
2628 733 2914 799 hactenus,
2964 734 3073 789 Deo
3112 736 3235 805 Opt.
3282 737 3420 791 Max.
3453 753 3591 807 pra:-

2012 828 2208 886 stante,
2244 831 2565 887 perseverat,
2589 824 2656 876 ad
2682 839 2945 878 summum
2974 825 3236 895 fastigium
3261 829 3466 883 extulit.
3500 844 3593 881 eu-

2009 912 2097 979 jus
2127 926 2481 979 praeceesores
2510 913 2708 969 tamdiu
2735 914 3094 971 fundamentis
3134 918 3467 988 imponendis
3511 919 3587 973 in-

2014 1000 2354 1056 sudaverant.

2085 1092 2137 1147 9.
2153 1095 2402 1161 Quianam
2429 1112 2556 1152 vero
2582 1107 2705 1153 ante
2726 1099 2857 1155 illud
2879 1110 3085 1171 tempus
3123 1101 3396 1171 regiminis
3419 1102 3588 1157 forma

2016 1185 2155 1253 apud
2190 1184 2424 1242 Francos
2454 1188 2729 1256 valuisset,
2754 1206 2875 1261 qna:
2903 1203 3082 1248 essent
3110 1208 3294 1247 eorum
3328 1193 3471 1263 leges
3500 1204 3591 1248 aut

2016 1279 2455 1347 consuetudines,
2487 1296 2662 1351 quove
2689 1285 2876 1339 ordine
2904 1300 3056 1353 reges
3085 1293 3176 1339 aut
3206 1286 3449 1355 patribus
3478 1300 3590 1340 suc-

2016 1366 2289 1433 cederent,
2313 1380 2401 1423 aut
2435 1387 2498 1424 ex
2534 1373 2678 1440 regia
2710 1374 2902 1429 familia
2932 1375 3279 1446 eligerentur,
3306 1391 3464 1447 quam
3495 1378 3589 1430 dc.-

2021 1458 2180 1527 nique
2223 1475 2375 1531 reges
2400 1462 2655 1518 haberent
2686 1465 2737 1519 in
2765 1467 3002 1522 subditos
3032 1468 3426 1538 auctoritatem,
3450 1469 3592 1523 diffi-

2019 1548 2277 1603 cillimum
2313 1559 2397 1605 est
2424 1569 2708 1621 exponere.
2744 1556 2939 1613 Eorum
2965 1560 3272 1629 religionem
3296 1576 3402 1615 uno
3427 1561 3592 1615 verbo

2021 1637 2217 1692 indicat
2245 1637 2554 1710 Gregorius,
2578 1660 2695 1699 cum
2737 1662 2831 1702 eos
2857 1652 3215 1719 fanaticorum,
3250 1652 3297 1705 id
3325 1662 3404 1706 est
3433 1667 3591 1722 paga-

2022 1743 2230 1795 norum,
2253 1732 2523 1789 erroribus
2555 1737 2714 1793 fuisse
2729 1738 2973 1795 detentos
2990 1742 3081 1804 ait,
3104 1743 3407 1811 priusquam
3433 1742 3592 1797 Chlo-

336 1832 471 1882 nrlae
499 1841 589 1881 aut
622 1830 889 1896 provincia
918 1831 1018 1883 sibi
1059 1829 1353 1898 acquisitis,
1394 1834 1760 1889 obtinuerunt.
1806 1835 1921 1889 Pri-

2027 1817 2230 1872 doveus
2279 1821 2633 1878 Christianam
2686 1828 2996 1896 religionem
3036 1832 3315 1900 amplexus
3360 1833 3588 1893 fuisset:

337 1939 508 1983 tuum,
539 1924 625 1990 qui
656 1922 708 1975 in
745 1921 929 1977 Galliis
968 1924 1116 1991 regni
1142 1923 1478 1980 fundamenta
1512 1929 1673 1997 jecit,
1721 1925 1922 1981 Phara-

331 2013 595 2066 mundum
646 2013 843 2082 vulgati
890 2020 1134 2067 auctores
1171 2014 1443 2083 appellant
1485 2032 1499 2071 :
1533 2026 1588 2069 at
1624 2017 1690 2071 de
1718 2031 1783 2073 eo
1814 2027 1917 2072 tam

333 2109 474 2175 apud
508 2106 844 2177 Gregorium,
888 2122 1044 2177 quam
1084 2119 1137 2162 et
1182 2110 1321 2177 apud
1365 2109 1762 2180 Fredegarium,
1805 2109 1919 2180 ejus

335 2200 752 2265 epitmnatorem
772 2205 827 2251 et
847 2197 1271 2267 continuatorem
1290 2199 1918 2271 antiquissimum,altum

335 2290 537 2355 ubique
568 2288 860 2341 silentium.
896 2287 942 2341 ls
968 2289 1137 2341 honor
1159 2330 1174 2356 ,
1226 2288 1270 2342 si
1313 2288 1571 2357 Gregorio
1609 2292 1919 2359 credamus,

334 2382 519 2446 potius
544 2378 822 2433 Clilodioni
845 2421 860 2443 ,
891 2394 1020 2447 seu,
1052 2387 1107 2431 ut
1136 2394 1257 2432 cum
1300 2380 1567 2449 appellat,
1608 2380 1919 2450 Chlogioni,

335 2472 527 2526 deberi
556 2472 787 2538 videtur,
818 2474 906 2539 qui
938 2473 1075 2539 apud
1107 2472 1416 2542 DiSpargum
1446 2484 1679 2530 castrum
1719 2477 1773 2531 in
1814 2487 1921 2532 ter-

343 2572 503 2622 mino
527 2568 920 2637 Thoringorum
944 2606 960 2632 ,
991 2582 1112 2632 seu,
1147 2579 1202 2621 ut
1240 2568 1329 2621 alii
1367 2570 1635 2641 scribunt,
1678 2571 1922 2640 Tungro-

339 2674 487 2723 rum,
522 2655 845 2724 inhabitans,
878 2658 1053 2712 missis
1082 2657 1310 2726 primum
1341 2655 1690 2714 Camaracmn
1736 2662 1924 2730 explo-

337 2748 643 2811 tutoribus,
676 2746 812 2800 hanc
838 2755 1019 2814 postea
1051 2747 1235 2801 urbem
1258 2756 1528 2816 totamque
1561 2750 1828 2819 regionem
1858 2754 1924 2805 ad

339 2837 637 2891 Summam
665 2835 881 2890 fluvium
911 2838 1209 2904 occupavit.
1241 2836 1368 2889 llazc
1398 2839 1732 2893 solummodo
1762 2840 1830 2895 de
1861 2855 1926 2896 eo

343 2935 613 2982 memorat
646 2926 951 2995 Gregorius.
1000 2926 1073 2980 De
1100 2926 1344 2981 ileroveo
1377 2942 1505 2982 vero
1533 2941 1658 2997 rege
1686 2929 1735 2983 id
1766 2943 1925 2984 unum

339 3021 495 3083 dicit,
525 3017 667 3087 quod
696 3033 728 3072 e
755 3015 1063 3087 Chlogionis
1100 3015 1267 3086 stirpe
1305 3027 1609 3086 procreatus
1638 3030 1925 3076 asseratut'.

354 3111 526 3178 llujns
552 3109 692 3163 ﬁlius
719 3106 1044 3163 Childericus
1074 3107 1171 3162 fuit
1198 3124 1213 3161 :
1240 3107 1392 3177 cujus
1416 3108 1611 3167 variam
1640 3109 1927 3176 fortunam,

341 3201 394 3254 id
427 3210 514 3253 est
542 3214 572 3253 e
601 3212 765 3267 regno
806 3198 1195 3267 expulsionem,
1239 3208 1294 3251 et
1332 3206 1452 3266 post
1492 3199 1696 3267 aliquot
1737 3214 1929 3269 annos,

344 3292 538 3358 quibus
551 3289 771 3361 Egidius
785 3290 1039 3345 Romana:
1063 3291 1263 3345 militia:
1286 3294 1537 3361 magister
1561 3292 1777 3349 Francis
1798 3309 1932 3363 prte-

345 3383 515 3437 fuisse
541 3382 757 3446 dicitur,
787 3382 1202 3450 restitutionem,
1228 3385 1371 3439 solus
1400 3395 1580 3439 narrat
1602 3384 1888 3457 Gregorius
1913 3406 1926 3441 :

351 3486 406 3529 at
433 3475 666 3532 certiora
695 3485 817 3530 sunt
845 3491 963 3545 qua:
992 3475 1059 3530 de
1094 3476 1332 3545 ejusdem
1366 3478 1505 3547 regis
1532 3478 1584 3532 in
1616 3479 1813 3534 Gallias
1838 3498 1931 3535 ex-

348 3566 711 3634 peditionibus
736 3564 917 3629 habet,
946 3564 996 3619 in
1026 3565 1219 3631 quibus
1238 3565 1581 3622 Aurelianum
1610 3578 1663 3623 et
1688 3571 1933 3639 Andega-

344 3672 439 3711 vos
468 3659 632 3713 urbes
678 3658 1004 3713 clarissimas
1052 3657 1346 3715 obtinuisse
1398 3671 1746 3716 memoratur.
1788 3665 1931 3719 Obiit

345 3751 685 3807 Childericus
717 3754 767 3806 in
797 3751 1007 3821 Belgica
1036 3754 1292 3819 secunda,
1318 3755 1403 3808 ubi
1436 3769 1599 3824 prope
1627 3756 1928 3815 Turnacum

344 3845 584 3898 tumulus
606 3843 720 3912 ejus
746 3855 924 3897 IIOSU'J
949 3853 1106 3898 actate
1126 3843 1363 3900 detectus
1389 3854 1471 3901 est
1500 3862 1514 3898 :
1545 3848 1698 3915 cujus
1741 3848 1786 3902 si
1811 3849 1929 3917 quis

341 3931 493 3998 Cupit
514 3938 816 3984 accuratam
858 3928 1053 3983 habere
1098 3929 1535 3998 descriptionem,
1566 3930 1705 4002 legat
1734 3933 1928 3989 librum

342 4036 403 4073 ea
436 4024 505 4074 de
533 4036 591 4075 re
612 4035 643 4073 a
668 4019 935 4074 Cbiflletio
957 4020 1154 4076 editum
1182 4036 1322 4075 anno
1348 4024 1515 4078 105.75:
1548 4025 1776 4093 pretiosa
1804 4042 1930 4083 vero

341 4112 556 4167 eimelia
588 4127 704 4180 quae
735 4112 786 4166 in
810 4126 875 4168 eo
898 4113 1109 4169 inventa
1138 4122 1283 4180 sunt,
1315 4115 1370 4168 in
1419 4115 1744 4177 Bibliotheca
1782 4120 1928 4188 regia

348 4201 565 4256 Parisiis
598 4204 877 4256 trahentur.
905 4207 984 4258 An
1020 4218 1143 4256 vero
1176 4204 1251 4257 illi
1282 4219 1437 4274 reges
1466 4207 1518 4260 in
1549 4207 1735 4262 Galliis
1773 4209 1930 4264 sedes

346 4292 483 4345 tian
504 4294 693 4347 liabnei
711 4293 807 4357 int,
840 4309 1096 4361 nusquam
1127 4294 1325 4348 diserte
1346 4297 1599 4365 exprimit
1617 4297 1927 4367 Gregorius;

343 4399 441 4436 eus
469 4394 645 4438 tamen
684 4400 904 4453 regnum
950 4400 1101 4437 suum
1149 4386 1200 4436 in
1252 4383 1475 4452 Belgica:
1518 4387 1763 4440 secundae
1796 4388 1930 4445 fines

344 4475 707 4542 protendisse,
740 4477 879 4535 unde
922 4474 975 4528 iii
1020 4474 1150 4527 alias
1180 4473 1469 4530 Galliarum
1501 4477 1797 4544 provincias
1834 4494 1928 4535 cx-

2024 1912 2305 1965 nonnullos
2334 1922 2509 1968 tamen
2538 1931 2599 1969 ex
2627 1918 2692 1972 iis
2722 1918 2949 1974 Arianos
2995 1921 3160 1977 fuisse
3206 1923 3502 1993 colligimus
3523 1941 3590 1980 ex

2023 2001 2212 2055 eodem
2239 2008 2578 2074 auctore,qui
2610 2007 3007 2065 Lantechildem
3032 2012 3321 2086 thodovei
3352 2031 3590 2071 sororem

2024 2094 2274 2148 Arianam
2320 2096 2485 2151 fuisse
2530 2110 2932 2155 commemorat.
2977 2102 3142 2174 Hujus
3190 2106 3389 2174 quippe
3431 2119 3592 2164 si-ctze

2028 2201 2241 2243 errores
2271 2206 2299 2243 a
2322 2190 2489 2246 Gallis
2518 2206 2612 2247 seu
2644 2193 2896 2251 Romanis
2925 2196 3013 2250 illa
3045 2212 3147 2251 non
3178 2200 3478 2268 imbiberat,
3502 2204 3592 2269 qui

2025 2276 2093 2328 ab
2123 2277 2187 2331 iis
2229 2279 2383 2346 plane
2408 2293 2561 2335 erant
2590 2284 2873 2352 immunes,
2904 2287 2997 2340 sed
3027 2297 3116 2341 aut
3152 2304 3181 2342 a
3211 2291 3593 2346 contribulibus

2027 2366 2160 2433 suis,
2188 2380 2280 2422 aut
2303 2381 2451 2426 certe
2481 2374 2545 2425 ab
2574 2373 2691 2428 aliis
2714 2374 2970 2444 barbaris,
2991 2393 3125 2447 quos
3158 2377 3269 2435 fere
3288 2396 3475 2437 omnes
3495 2384 3595 2438 hoc

2026 2469 2238 2511 veneno
2267 2459 2490 2516 infectos
2512 2463 2668 2518 fuisse
2700 2480 2857 2519 nemo
2885 2467 3071 2521 nescit.
3096 2468 3295 2523 Tantus
3334 2486 3458 2525 vero
3482 2479 3595 2527 erat

2025 2550 2079 2604 in
2105 2551 2322 2607 Francis
2350 2554 2414 2607 ad
2447 2570 2651 2625 pugnas
2681 2558 2858 2624 ardor,
2877 2568 3022 2614 tanta
3051 2563 3115 2615 ad
3149 2562 3345 2616 bellum
3370 2579 3595 2632 pmpen-

2025 2641 2130 2707 sio,
2156 2650 2239 2708 ut,
2260 2651 2397 2700 teste
2424 2644 2667 2711 Libanio,
2691 2646 2955 2704 felicitatis
2984 2665 3116 2720 apex
3143 2653 3283 2722 apud
3304 2667 3397 2707 eos
3412 2665 3595 2709 essent

2029 2734 2153 2789 belli
2184 2745 2445 2803 tempora,
2466 2747 2518 2792 et
2545 2740 2772 2794 mutilati
2798 2756 2902 2796 uno
2931 2744 3193 2809 membro,
3212 2753 3361 2813 parte
3389 2745 3592 2816 reliqua

2029 2826 2229 2895 integra
2281 2827 2663 2894 prieliarentur.
2709 2830 2944 2900 Singulis
2993 2842 3169 2888 autem
3212 2835 3365 2888 annis
3406 2836 3592 2889 saltem

2027 2920 2190 2972 semel
2218 2919 2271 2973 in
2302 2934 2464 2973 unum
2509 2924 2892 2979 conveniebant
2921 2923 2989 2979 de
3029 2926 3188 2982 rebus
3230 2927 3448 2995 majoris
3472 2944 3587 2983 mo-

2030 3013 2195 3066 menti
2235 3013 2573 3079 collocutuii,
2605 3016 2656 3069 id
2687 3024 2768 3071 est
2813 3016 2880 3072 de
2905 3017 3044 3073 bello
3073 3018 3125 3072 in
3158 3018 3340 3076 hostes
3385 3036 3600 3090 promo~

2033 3101 2231 3168 vendo,
2261 3112 2353 3155 aut
2374 3113 2521 3157 certe
2546 3105 2613 3159 de
2638 3105 2811 3175 aliqua
2846 3106 3140 3176 irruptione
3167 3108 3405 3165 facienda
3438 3112 3490 3165 in
3521 3112 3574 3169 Vl

2031 3191 2181 3246 cinos
2211 3194 2465 3262 populos;
2498 3204 2652 3261 capta
2693 3198 2892 3264 praeda,
2941 3199 3132 3268 singuli
3177 3211 3323 3255 sorte
3361 3212 3453 3255 ant
3498 3204 3597 3256 alio

2031 3284 2219 3351 quovis
2250 3285 2408 3339 modo
2437 3293 2647 3354 partem
2672 3300 2823 3341 suam
2857 3286 3190 3343 obtinebant.
3224 3290 3377 3357 Quod
3413 3292 3482 3345 ita
3513 3308 3598 3344 re-

2033 3378 2220 3447 ligiose
2245 3386 2512 3432 servatum
2553 3378 2715 3434 fuisse
2753 3379 3052 3451 colligimus
3085 3396 3148 3437 ex
3179 3382 3295 3452 ipso
3316 3380 3595 3452 Gregorio,

2032 3479 2089 3522 ut
2116 3485 2182 3523 ne
2204 3469 2417 3538 quidem
2444 3484 2531 3541 ινφ
2558 3470 2701 3524 aliud
2734 3471 3007 3540 percipere
3033 3472 3252 3540 soleret,
3275 3489 3435 3544 quam
3456 3476 3598 3546 quod

2030 3563 2080 3615 ei
2104 3563 2373 3615 communi
2399 3561 2562 3615 sortis
2598 3564 2711 3630 lege
2740 3562 3041 3632 obtigisset.

2106 3653 2191 3705 lt).
2226 3651 2304 3704 Illi
2364 3666 2520 3719 porro
2575 3656 2869 3707 conventus
2916 3653 3421 3723 Campus-Martius,
3456 3655 3537 3709 vel
3571 3671 3601 3709 a

2031 3742 2200 3796 Marte
2243 3742 2506 3799 bellorum
2547 3743 2669 3804 deo,
2704 3752 2788 3797 aut
2829 3759 2858 3796 a
2901 3743 3090 3797 Martio
3122 3760 3323 3808 mense,
3354 3756 3458 3814 quo
3490 3746 3603 3800 ﬁeri

2031 3833 2297 3899 solebant,
2325 3833 2936 3900 nuncupabanturJlinc
2956 3849 3078 3888 cum
3110 3846 3292 3904 postea
3324 3838 3377 3890 in
3407 3836 3599 3892 Maium

2033 3939 2268 3978 mensem
2290 3940 2319 3977 a
2348 3924 2574 3993 Pippino
2592 3924 2831 3980 translati
2863 3924 3105 3991 fuissent,
3123 3930 3319 3996 passim
3349 3927 3602 3998 Campus-

2031 4016 2175 4083 Maii,
2203 4033 2297 4070 seu
2325 4017 2478 4071 Madii
2510 4019 2763 4086 appellati
2796 4019 3030 4075 fuerunt.
3054 4021 3442 4090 Campi-Martii
3470 4036 3603 4076 con-

2031 4108 2364 4161 vocationem
2394 4123 2421 4160 a
2447 4105 2753 4164 Chlodoveo
2776 4110 2968 4164 factam
2987 4125 3371 4166 commemorat
3396 4113 3603 4183 Grego-

2031 4199 2141 4251 rius
2193 4198 2437 4253 Historiae
2482 4199 2575 4253 lib.
2618 4216 2677 4265 ll,
2706 4215 2823 4269 cap.
2847 4201 2938 4267 27,
2963 4203 3029 4256 ad
3071 4218 3228 4271 quem
3268 4219 3455 4259 omnes
3483 4220 3617 4261 cum

2031 4302 2303 4343 armorum
2334 4303 2595 4358 apparatu
2616 4292 2902 4347 convenire
2931 4293 3223 4359 mandavit,
3248 4311 3435 4351 eorum
3464 4298 3603 4351 nito-

2035 4396 2147 4435 rem
2176 4392 2509 4436 ostensnros.
2537 4381 2642 4436 Nec
2673 4382 2891 4437 dubium
2918 4393 3002 4439 est
3033 4386 3161 4454 quin
3188 4388 3372 4453 etiam,
3395 4390 3437 4440 si
3466 4390 3604 4443 inter

2032 4476 2245 4544 aliquos
2274 4475 2509 4531 Francos
2539 4475 2661 4531 lites
2683 4485 2775 4530 aut
2790 4476 2962 4547 jnrgia
2985 4478 3119 4532 forte
3139 4480 3325 4531 oborta
3355 4479 3609 4547 fuissent,

339 4565 655 4630 currebmt,
695 4564 787 4619 vix
826 4564 1107 4633 quisquam
1151 4565 1393 4620 dubitare
1440 4576 1636 4633 potest.
1694 4567 1930 4637 Eamque
1959 4552 2009 4612 Ι)
2035 4567 2085 4619 in
2125 4566 2391 4634 ejusmodi
2414 4568 2764 4620 conventibus
2794 4568 3092 4621 fiuirentur.
3118 4568 3241 4621 lla-c
3264 4570 3493 4637 primum
3518 4572 3594 4626 fa-

338 4656 588 4723 Gregorii
637 4653 801 4709 fuisse
849 4662 1080 4709 mentem
1128 4654 1320 4723 colligo
1358 4670 1421 4709 ex
1446 4656 1824 4714 substitutione
1861 4659 1927 4714 de

344 4748 540 4817 Egidio
560 4748 613 4803 in
636 4746 919 4802 Childerici
940 4746 1114 4801 locum
1144 4746 1301 4801 facta.
1328 4747 1544 4817 Egidius
1566 4748 1706 4803 enim
1731 4749 1783 4803 in
1809 4748 1925 4804 Bel-

338 4842 461 4911 gica
493 4839 723 4895 secunda
744 4837 1235 4906 morabatur,cujus
1257 4841 1403 4908 regni
1433 4842 1613 4895 sedem
1634 4842 1922 4911 Augustam

337 4931 698 4987 Suessionum
728 4927 900 4983 adhuc
932 4928 1147 4983 tenebat
1169 4928 1311 4983 filius
1337 4929 1450 4997 ejus
1494 4929 1771 4999 Syagrius,
1801 4949 1919 4990 cum

334 5037 465 5076 eum
494 5019 686 5074 exinde
715 5018 921 5087 pulsum
949 5032 1014 5075 ac
1041 5017 1305 5085 devictum
1332 5017 1667 5075 Chlndoveus
1711 5025 1921 5079 tandem

332 5109 516 5165 cecidi
545 5110 771 5164 curavit.
798 5106 906 5163 Sed
933 5116 988 5161 et
1015 5108 1129 5176 ipse
1156 5108 1511 5174 Chlodovcus,
1544 5113 1690 5180 regni
1722 5118 1923 5181 paterni

330 5201 518 5254 factus
547 5200 737 5265 haeres,
763 5197 893 5251 nihil
922 5212 1029 5252 non
1052 5198 1239 5265 movit,
1264 5201 1638 5268 utetregiones
1652 5200 1815 5256 Gallis
1830 5218 1926 5259 seu

329 5292 607 5348 Romanis
634 5290 806 5345 adhuc
826 5290 1093 5356 subjectae
1125 5290 1420 5355 invaderet,
1446 5302 1501 5347 et
1522 5292 1691 5348 vicina
1715 5310 1924 5365 quoque

326 5398 510 5452 mgna
544 5394 647 5436 suo
685 5381 910 5450 imperio
948 5380 1284 5449 subjugaret;
1314 5396 1432 5448 quae
1470 5382 1519 5436 ei
1574 5381 1669 5437 fuit
1709 5388 1921 5442 occasio

323 5475 544 5532 multos
569 5487 602 5528 e
632 5472 743 5531 suis
767 5472 1178 5540 consanguineis
1205 5481 1378 5526 morte
1405 5473 1690 5531 alliciendi.
1723 5478 1922 5535 Occisis

321 5570 528 5635 itaque
562 5563 651 5632 qui
677 5576 710 5617 e
733 5570 894 5631 gente
931 5560 1256 5623 Francorum
1291 5572 1474 5630 erant,
1534 5565 1654 5620 aliis
1689 5567 1921 5636 regibus,

324 5660 670 5722 interempto
694 5652 918 5723 Svagriu
942 5652 1197 5706 Romana:
1239 5654 1436 5709 militiai
1463 5656 1733 5725 prtefecto,
1765 5676 1923 5729 supe-

322 5746 478 5806 ratis
508 5761 616 5800 ttuu
642 5744 812 5802 semel
841 5743 1325 5814 Burgtutdiouibus.
1350 5759 1413 5800 ac
1440 5734 1681 5815 denique
1702 5750 1925 5809 demotis

2029 4654 2149 4708 cilia
2170 4662 2351 4719 erant;
2384 4654 2477 4708 sed
2519 4653 2739 4707 dilatato
2769 4663 2954 4708 nnstea
3000 4670 3096 4722 per
3123 4657 3426 4727 complures
3467 4675 3606 4728 pro-

2028 4745 2227 4800 vincias
2258 4758 2442 4813 regno,
2489 4757 2681 4812 praeter
2728 4744 3224 4801 illumcnnventum
3261 4753 3603 4818 generalem,

2025 4836 2115 4891 alii
2144 4850 2264 4890 cum
2315 4849 2494 4889 rerum
2525 4834 2815 4888 necessitas
2857 4834 3103 4905 exigebat
3130 4852 3158 4889 a
3190 4852 3314 4906 rege
3341 4826 3604 4896 convoca-

2029 4927 2218 4980 bantur
2238 4942 2253 4979 :
2274 4925 2364 4994 qui
2388 4926 2512 4980 licet
2534 4926 2853 4994 quandoque
2869 4924 3188 4993 Campi-Mai
3203 4926 3271 4980 tii.
3285 4942 3375 4983 aut
3395 4929 3603 4999 Campi-

2031 5017 2187 5071 Madii
2217 5016 2501 5085 nuncupati
2533 5014 2747 5077 fuerint,
2776 5023 2832 5068 ut
2861 5015 3145 5082 plurimum
3173 5024 3348 5074 tamen
3374 5018 3607 5075 Placito-

1986 5146 1999 5149 μ
2031 5124 2145 5162 rum
2166 5108 2380 5163 nomine
2399 5106 2537 5176 apud
2568 5118 2775 5161 veteres
2805 5114 3054 5161 auctores
3094 5110 3267 5163 solent
3308 5110 3597 5182 designari.

2030 5198 2136 5254 Sed
2163 5208 2219 5255 et
2264 5213 2385 5253 cum
2415 5212 2525 5267 pra:
2556 5197 2887 5266 negotiorum
2934 5199 3294 5266 multitudine,
3318 5212 3409 5257 aut
3448 5206 3604 5261 itine-

2033 5304 2149 5342 rum
2184 5287 2572 5357 longinquitate
2601 5286 2970 5341 diftlcillimutn
2991 5288 3176 5343 fuisset
3190 5290 3368 5345 omnia
3390 5296 3610 5363 negotia-

2031 5380 2083 5433 in
2107 5394 2213 5433 uno
2241 5380 2382 5445 loco,
2414 5388 2506 5433 aut
2529 5377 2670 5432 intra
2703 5393 2988 5445 paucorum
3015 5380 3222 5434 dierum
3251 5381 3600 5442 intervallum

2032 5472 2339 5539 terminare,
2362 5471 2415 5525 in
2438 5469 2727 5539 majoribus
2748 5469 3050 5525 civitatibus
3075 5472 3313 5529 instituta
3336 5484 3465 5533 sunt
3484 5479 3598 5545 pla-

2028 5564 2130 5617 cita
2176 5562 2327 5616 statis
2367 5560 2717 5629 temporibus,
2746 5576 2864 5628 qua:
2892 5574 2922 5614 a
2942 5560 3229 5619 comitibus
3254 5566 3445 5621 aliisve
3473 5567 3605 5621 ofti-

2030 5659 2207 5715 ciariis
2238 5657 2588 5720 habebantur,
2610 5656 2774 5709 immo
2799 5656 2957 5710 etiam
2979 5659 3122 5711 etab
3141 5658 3407 5728 episcopis
3431 5670 3480 5716 et
3508 5662 3599 5715 ab-
3644 5663 3648 5668 ’

2030 5751 2262 5818 batibus,
2285 5762 2513 5817 quorum
2533 5745 2734 5815 judicio
2759 5760 3005 5817 res,qute
3030 5752 3162 5805 tanti
3186 5766 3295 5807 non
3313 5760 3477 5807 olunt.
3492 5764 3615 5810 mov
