4070 6186
378 438 513 497 '19

446 552 616 615 menti
642 557 697 606 ut
719 548 782 603 ad
814 546 1017 617 regium
1050 542 1300 613 palatium
1332 537 1525 594 deferri
1557 535 1837 598 deberent,
1872 530 2018 583 ﬁnie-
2049 533 2093 588 Α

451 650 664 702 bantur.
696 645 883 698 Postea
932 648 984 694 et
1027 640 1079 691 in
1103 635 1233 690 vicis
1273 641 1326 688 et
1355 631 1564 701 oppidis
1607 628 1813 681 minora
1856 623 2015 678 etiam

452 740 645 809 placita
680 736 918 790 instituta
948 731 1182 793 fuerunt,
1212 726 1401 796 quibus
1432 731 1691 793 prmeraut
1712 718 1967 774 officiales
1990 731 2019 768 a

453 830 645 884 comite
688 822 971 893 designati,
1004 819 1091 887 qui
1142 818 1261 872 ideo
1305 813 1689 876 vice-comites,
1714 819 1803 862 aut
1842 805 2021 860 vicarii

452 917 699 991 appellati
731 915 995 983 leguntur.

531 1034 614 1087 Η.
649 1029 775 1085 Inde
806 1041 963 1096 porro
984 1023 1094 1077 nati
1119 1029 1240 1075 sunt
1271 1018 1405 1071 varii
1439 1014 1750 1070 ofﬁcialium
1775 1018 1830 1063 et
1851 1007 2026 1076 «ligni-

456 1136 625 1179 tatum
653 1119 851 1191 gradus
879 1117 1017 1170 inter
1048 1113 1303 1174 Francos,
1327 1122 1552 1177 quorum
1585 1107 1796 1156 nomina
1827 1109 1881 1155 et
1906 1098 2026 1152 ofﬁ-

454 1216 537 1270 cia
566 1222 623 1267 ut
651 1190 936 1280 plurimum
966 1219 995 1257 a
1021 1201 1274 1257 Romanis
1304 1207 1539 1252 mutuata
1571 1194 1803 1247 fuerunt.
1829 1190 1926 1253 Qui
1950 1203 2016 1241 ex

454 1278 803 1362 nobilissimis
828 1297 1042 1351 familiis
1069 1292 1259 1359 exorti,
1278 1290 1423 1344 nullo
1451 1284 1728 1357 peculiaris
1756 1278 2029 1349 dignitatis

455 1397 611 1455 titulo
658 1382 1097 1462 designabantur,
1153 1385 1187 1439 ii
1237 1382 1329 1438 viri
1378 1382 1557 1451 fortes,
1595 1376 1838 1441 seniores,
1869 1374 2034 1439 maio-

456 1496 710 1551 res-natu,
739 1484 1005 1552 primores,
1034 1477 1244 1545 priores,
1292 1472 1555 1541 primates,
1580 1467 1868 1537 optimates;
1892 1477 2036 1530 mag-

450 1589 603 1633 nates
617 1550 1037 1647 appellabantur,
1052 1580 1277 1637 quorum
1290 1560 1531 1618 consiliis
1550 1572 1640 1612 rex
1666 1557 1718 1609 in
1744 1552 1949 1624 placitis
1962 1550 2036 1605 uti

462 1670 690 1725 solebat.
725 1666 827 1722 Alii
850 1678 979 1719 vero
1010 1661 1214 1715 aulicas
1248 1655 1538 1726 dignitates
1564 1648 1859 1711 consecuti,
1889 1652 2041 1699 erant

462 1758 793 1821 cancellarii,
841 1750 1213 1813 referendarii,
1244 1744 1547 1811 domestici,
1583 1738 1915 1800 cubicularii,
1953 1750 2041 1790 ca-

464 1850 702 1914 merarii,
730 1841 1183 1903 comites-stabuli
1206 1857 1221 1907 ;
1244 1836 1499 1909 praecipui
1526 1842 1677 1889 erant
1695 1828 1873 1899 palatii
1900 1826 2043 1893 priu-

464 1943 609 2012 cipes
631 1942 975 2009 autmajores,
998 1944 1103 1990 etc.
1119 1932 1229 1987 Nec
1255 1926 1536 1985 omittendi
1560 1925 1700 1992 regis
1728 1919 2039 1981 nutritores,

468 2032 633 2104 bajuli
662 2030 820 2099 vulgo
847 2029 1003 2092 dicti,
1027 2026 1272 2080 maxima;
1295 2021 1434 2089 apud
1463 2017 1736 2088 principes
1764 2013 2045 2067 auctorita-

468 2126 558 2183 tis.
588 2129 656 2179 At
684 2120 761 2176 illi
791 2120 983 2187 quibus
1015 2117 1289 2171 civitatum
1325 2124 1453 2166 cura
1482 2105 1765 2163 commissa
1801 2114 1937 2165 erat,
1963 2118 2048 2153 co-

472 2218 619 2278 mites
659 2212 785 2269 dicti
831 2219 977 2275 sunt,
1010 2207 1101 2276 qui
1139 2214 1193 2261 et
1219 2218 1346 2258 suos
1378 2212 1594 2270 quoque
1644 2198 1696 2251 in
1744 2191 2049 2249 civitatibus

470 2308 765 2364 otﬁciarios
796 2302 1086 2365 habebant,
1116 2298 1203 2369 qui
1249 2296 1445 2366 passim
1483 2293 1541 2348 in
1576 2289 1820 2346 formulis
1863 2301 2049 2341 recen-

476 2406 683 2453 sentur.
705 2394 873 2449 Duces
897 2404 1023 2445 vero
1050 2403 1208 2457 supra
1240 2385 1432 2441 multos
1448 2383 1731 2437 comitatus
1751 2374 2047 2439 constituti,

478 2488 813 2558 potissimum
856 2481 1179 2539 exercitibus
1226 2475 1654 2547 praeﬁciebantur
1701 2489 1715 2527 :
1751 2481 2050 2539 quanquam

435 2606 439 2610 ι
480 2589 536 2637 et
565 2592 692 2633 suos
739 2577 898 2631 etiam
932 2572 1128 2627 milites
1162 2568 1428 2624 habebant
1457 2564 1689 2629 comites,
1736 2561 2053 2630 quibuscum

485 2672 551 2727 ad
582 2670 804 2732 bellum,
827 2682 947 2720 cum
978 2663 1200 2734 urgebat
1221 2659 1531 2723 necessitas,
1559 2652 2055 2725 progrediebantur.

482 2764 581 2834 Qui
606 2776 735 2817 vero
764 2761 818 2814 iu
849 2755 1150 2827 Burgundia
1185 2760 1278 2807 aut
1301 2753 1353 2805 in
1381 2748 1648 2819 provincia
1677 2744 1889 2801 Patricii
1913 2742 2057 2796 dice-

488 2858 701 2918 bantur,
733 2850 948 2905 nomine
972 2857 1126 2902 tenus
1152 2845 1251 2899 sub
1275 2843 1599 2897 Francorum
1631 2836 1884 2905 regimine
1912 2848 1941 2887 a
1968 2833 2060 2887 du-

485 2947 637 3006 cibus
665 2941 899 2999 distincti
926 2948 1100 2995 erant.
1117 2936 1410 2991 Tribunum
1433 2929 1623 2985 alicubi
1652 2922 2061 2981 mernoratGre-

486 3036 688 3107 gorius,
718 3033 806 3103 qui
831 3039 885 3087 et
913 3029 1021 3085 alio
1052 3029 1104 3083 in
1131 3028 1249 3082 loco
1272 3024 1338 3079 de
1376 3020 1654 3076 tribunitia
1687 3022 1949 3086 pmestate
1977 3011 2059 3065 Io-

486 3105 688 3195 quitur.
721 3122 955 3179 Comites
978 3129 1153 3175 autem
1183 3116 1271 3186 qui
1305 3115 1496 3168 tributa
1545 3110 1784 3177 aliosque
1822 3105 1935 3159 ﬁsci
1978 3117 2064 3157 re-

1894 402 2270 465 Pli£F.\TiO.

3620 380 3687 434 20

2130 524 2272 575 bium
2302 513 2650 588 quarumdam
2671 510 2873 566 CiVihUS
2898 520 2989 561 sua
3006 501 3271 576 privilegia
3290 507 3498 556 servata
3525 497 3691 550 fuisse

2121 613 2439 682 colligimus,
2470 605 2611 677 quod
2651 622 2680 657 a
2708 616 2855 672 rege,
2874 613 3022 677 ~cum
3073 610 3256 651 earum
3299 589 3692 659 possessionem

2122 704 2309 769 inibat,
2340 704 2731 754 sacramentum
2761 691 3060 759 exigerent,
3089 697 3147 739 ut
3172 698 3268 738 sua
3311 682 3547 752 ipsarum
3579 678 3693 747 pri-

2126 793 2311 861 vilegia
2353 792 2555 858 integra
2584 790 2947 840 servarentur.
3462 762 3465 765 λ

2198 860 2280 937 13.
2311 881 2456 935 llaud
2488 878 2665 932 minus
2695 875 2891 944 ignota:
2921 877 3044 923 sunt
3069 866 3235 937 leges,
3279 863 3430 931 queis
3462 860 3696 914 Franco-

2127 990 2243 1031 rum
2265 985 2394 1043 gens
2420 979 2541 1023 ante
2564 966 2849 1019 stabilitam
2880 973 3067 1016 eorum
3099 953 3349 1010 iuGalliis
3371 950 3549 1005 sedem
3576 957 3698 1003 ute-

2129 1080 2335 1127 rentur.
2368 1067 2622 1121 Memorat
2650 1059 2900 1115 Libanius
2931 1056 2984 1109 in
3014 1050 3332 1122 panegyrico
3374 1047 3484 1114 jam
3532 1059 3694 1109 supra

2128 1179 2156 1216 a
2189 1177 2272 1216 me
2296 1158 2507 1213 laudato
2531 1149 2899 1223 leges,quibus
2921 1152 3037 1200 erat
3057 1143 3317 1197 sancitum
3348 1136 3487 1206 apud
3519 1133 3660 1188 Frau

2132 1269 2243 1312 cos.
2279 1260 2335 1305 ut
2382 1247 2475 1317 qui
2513 1243 2651 1312 apud
2698 1257 2790 1297 eos
2836 1237 3035 1307 majora
3088 1232 3364 1295 auderent,
3415 1226 3708 1295 majoribus

2134 1343 2296 1397 etiam
2352 1334 2644 1392 honoribus
2705 1330 3021 1399 potirentur.
3069 1321 3306 1377 Celebris
3351 1330 3564 1384 semper
3612 1315 3712 1368 fuit
3780 1298 3783 1299 ν

2136 1435 2274 1505 apud
2305 1432 2535 1502 majores
2565 1437 2777 1483 nostros
2827 1424 2911 1477 lex
2942 1420 3136 1485 Salica,
3163 1418 3229 1472 de
3254 1415 3405 1482 cujus
3430 1412 3633 1482 origine
3658 1418 3714 1463 et

2139 1502 2306 1579 variis
2333 1518 2709 1578 additamentis
2738 1515 2836 1570 viri
2866 1510 3058 1568 eruditi
3100 1507 3295 1579 passim
3340 1505 3621 1571 scripsere.
3648 1502 3715 1554 At

2140 1632 2259 1671 cum
2302 1622 2505 1669 certum
2549 1610 2619 1665 sit
2661 1622 2777 1661 eam
2817 1603 2881 1657 ad
2932 1610 3211 1670 posteros,
3254 1595 3425 1665 qualis
3468 1592 3714 1663 primitus

2145 1706 2240 1760 fuit
2279 1720 2309 1757 a
2357 1701 2578 1757 Francis
2620 1697 2793 1753 adhuc
2835 1691 3065 1748 ethnicis
3114 1687 3349 1742 instituta
3392 1693 3446 1739 et
3488 1682 3712 1747 dictata,

2146 1814 2252 1854 ι,οη
2294 1797 2456 1850 fuisse
2499 1791 3154 1851 transmissam;veterum
3191 1780 3512 1833 Francorum
3544 1789 3717 1829 mores

2078 1883 2116 1940 Β
2148 1887 2366 1951 exinde,
2389 1884 2621 1947 maxime
2650 1880 2703 1933 in
2730 1878 2813 1931 his
2841 1890 2959 1944 quae
2988 1874 3052 1925 ad
3085 1869 3398 1938 religionem
3427 1865 3717 1935 pertinent,

2144 1977 2460 2042 exploratos
2490 1972 2687 2025 habere
2718 1982 2822 2022 non
2853 1975 3154 2035 possumus.
3188 1957 3402 2014 Modum
3434 1968 3538 2024 quo
3567 1952 3720 2021 Iegzui

2144 2063 2434 2121 Chlodovei
2463 2061 2680 2114 nomine
2699 2055 3018 2112 Cblotildem
3052 2052 3465 2118 desponsarunt,
3494 2044 3716 2100 exhibet

2150 2154 2500 2225 Fredegarius
2521 2154 2573 2206 in
2606 2150 2872 2217 Epitome,
2900 2144 3072 2215 capite
3096 2141 3177 2195 l8.
3201 2138 3504 2205 Olferentes,
3533 2134 3723 2204 inquit,

2148 2249 2369 2304 solidum
2409 2254 2455 2299 et
2502 2243 2785 2304 denarium,
2826 2249 2880 2291 ut
2919 2252 3026 2290 mas
3072 2242 3178 2288 erat
3220 2231 3560 2294 Francorum,
3610 2229 3729 2281 eam'

2154 2340 2380 2408 partibus
2403 2335 2675 2390 Chlodovei
2698 2332 3024 2398 desponsant.
3058 2322 3289 2401 Quodviu
3320 2319 3588 2378 veteribus
3616 2316 3726 2369 for-

2153 2428 2312 2485 mulis
2346 2428 2481 2496 apud
2514 2419 2851 2493 Bignonium,
2879 2432 3025 2472 num.
3059 2414 3112 2480 5,
3140 2413 3417 2465 secundum
3438 2407 3599 2479 legem
3626 2405 3728 2461 Sa-

2155 2522 2304 2575 licam
2334 2495 2447 2572 ﬁeri
2492 2514 2705 2569 dicitur.
2736 2511 2804 2565 At
2834 2507 2960 2561 nihil
2997 2505 3063 2560 de
3091 2504 3155 2565 iis
3184 2502 3341 2555 habet
3386 2507 3566 2553 noster
3595 2495 3728 2550 Gre-

2156 2611 2373 2680 gorius;
2406 2605 2497 2660 sed
2530 2603 2621 2656 lib.
2654 2616 2702 2655 tx
2738 2597 3005 2658 Historim,
3036 2594 3211 2662 capite
3240 2592 3333 2656 ‘20,
3353 2585 3625 2655 exemplar
3646 2597 3730 2638 re-

2159 2673 2262 2755 fert
2287 2696 2567 2768 pactionis,
2601 2694 2652 2745 in
2683 2704 2782 2759 qua
2816 2689 2884 2742 de
2909 2686 3031 2739 d0te
3056 2693 3109 2737 et
3140 2677 3538 2748 morganegiba,
3566 2673 3617 2727 id
3647 2682 3729 2727 est

2161 2794 2300 2847 dono
2329 2788 2470 2858 quod
2496 2785 2717 2839 maritus
2750 2779 2901 2835 uxori
2937 2776 3107 2846 primo
3136 2772 3222 2827 die
3250 2772 3551 2840 nuptiarum
3574 2778 3730 2819 mane

2162 2879 2442 2942 olferebat,
2485 2874 2676 2945 agitur.
2714 2870 2933 2925 Veteres
2969 2868 3291 2933 Francorum
3339 2862 3482 2932 leges
3511 2873 3539 2911 a
3579 2872 3733 2927 paga-

2167 2971 2341 3024 nismo
2400 2971 2601 3035 primus
2657 2958 2970 3029 expurgavit
3019 2954 3407 3017 Theodoricus,
3469 2947 3735 3018 perfecero

2167 3059 2548 3115 Cbildebertus
2600 3064 2654 3109 et
2699 3051 3002 3105 Chlotarius
3029 3048 3145 3116 ejus
3197 3046 3404 3105 fzatres,
3437 3056 3567 3110 quas
3610 3040 3735 3092 item

2172 3158 2357 3204 auctas
2393 3156 2450 3201 et
2499 3141 2808 3197 emendatas
2852 3135 3141 3208 publicavit
3178 3147 3315 3186 anno
3344 3130 3448 3184 650
3474 3127 3738 3196 Dagober-

490 3219 634 3273 (mus
664 3232 717 3271 ιη
745 3227 1036 3285 promimus
1063 3209 1274 3306 (ie—bima
1302 3205 1369 3261 ad
1411 3216 1706 3306 pnnc'pﬁm
1736 3195 2065 3306 defeffiflr
2094 3236 2141 3298 C
2406 3195 2473 3294 ex
2497 3195 2897 3306 praefatiunmiia
2927 3229 2989 3283 ad
3020 3226 3260 3296 ejusdem
3310 3223 3449 3292 regis
3480 3195 3739 3289 capitula-

494 3311 708 3374 rabant,
734 3308 893 3367 etiam
921 3313 975 3359 et
1000 3304 1285 3358 comitatus
1314 3311 1438 3352 suos
1479 3291 1798 3363 quandoque
1824 3298 1916 3343 aut
1945 3302 2062 3353 pre-

495 3402 573 3458 tio
600 3398 886 3459 emebant,
919 3403 1028 3456 aut,
1062 3401 1119 3445 ut
1158 3390 1208 3443 in
1239 3389 1301 3442 iis
1332 3387 1789 3443 continuarentur,
1834 3378 2067 3449 praemiis

495 3502 550 3557 et
580 3489 801 3559 pecunia
833 3483 1163 3539 obtinebant.
1188 3481 1318 3547 Quae
1349 3491 1506 3530 causa
1535 3472 1712 3526 fuitut
1739 3471 1831 3523 viri
1866 3468 2069 3537 ignobi-

502 3558 589 3637 les
625 3576 865 3633 nonnulli
911 3574 977 3629 ad
1008 3569 1268 3642 ejusmodi
1315 3567 1598 3637 dignitates
1635 3561 1803 3617 evecti
1856 3558 2069 3614 fuerint.

498 3672 735 3730 FiSCuleS
760 3680 934 3725 tamen
952 3677 1146 3738 praeter
1172 3677 1266 3719 eos
1286 3658 1527 3716 otﬁciarii
1553 3658 1783 3719 fuerunt,
1813 3653 1891 3706 sic
1921 3650 2069 3712 dicti,

499 3764 641 3835 quod
692 3763 936 3815 villarum
963 3758 1225 3826 regiarum
1248 3766 1428 3807 curam
1463 3748 1741 3810 haberent;
1774 3745 1860 3811 qui
1892 3751 1948 3797 et
1973 3742 2071 3810 ipsi

501 3861 605 3919 sub
634 3873 694 3912 se
725 3853 933 3909 fiscales
963 3849 1226 3902 variorum
1256 3842 1515 3913 graduum
1556 3838 1615 3893 of
1618 3836 1842 3891 ﬁciarios
1873 3843 1928 3889 et
1955 3848 2073 3887 ser-

500 3964 601 4005 vos
645 3944 943 4011 habebant,
994 3939 1083 4010 qui
1135 3934 1330 4006 passim
1377 3931 1656 3987 laudantur
1696 3924 1835 3995 apud
1876 3923 2077 3989 Grego-

504 4046 662 4100 rium.

585 4152 667 4205 12.
710 4149 883 4203 Locus
916 4143 1019 4197 hic
1069 4146 1213 4196 esset
1254 4133 1578 4204 inquirendi.
1626 4144 1869 4200 quamam
1921 4124 2080 4177 fuerit

508 4243 648 4314 apud
702 4248 911 4294 veteres
960 4235 1193 4289 Francos
1248 4230 1386 4284 inter
1440 4225 1666 4280 familias
1744 4219 2077 4277 diﬁ‘erentia,

514 4345 759 4388 utrumve
788 4327 995 4383 medius
1025 4324 1240 4395 quidam
1268 4322 1406 4374 inter
1435 4315 1641 4372 nobiles
1663 4320 1719 4367 et
1757 4324 1943 4365 servos
1973 4307 2083 4358 lue-

510 4428 579 4483 rit
607 4424 880 4480 hominum
904 4426 1093 4473 status.
1124 4420 1192 4469 At
1221 4416 1320 4467 iste
1343 4409 1512 4463 nodus
1534 4408 1734 4474 absque
1759 4402 1940 4468 aliquo
1972 4413 2085 4452 mo-

512 4521 771 4571 numento
809 4509 940 4564 solvi
969 4520 1073 4560 non
1100 4510 1296 4574 potest,
1322 4495 1624 4567 cujusrnodi
1647 4493 1715 4547 de
1744 4490 1965 4545 Francis
1993 4502 2087 4540 an-

2173 3334 2251 3386 ria
2293 3338 2457 3399 patet,
2491 3341 2646 3397 quam
2681 3325 2734 3377 in
2761 3320 3053 3390 appendice
3082 3315 3346 3370 dabimus.
3368 3312 3524 3381 Legis
3562 3317 3740 3365 autem

2181 3420 2368 3475 Saliae
2412 3426 2504 3469 aut
2541 3412 2760 3468 alterius
2790 3407 3095 3476 cujuslibet,
3146 3418 3213 3456 ne
3263 3414 3458 3455 nomen
3507 3399 3742 3467 quidem,

2176 3523 2370 3584 prmter
2400 3507 2793 3565 ecclesiasticos
2839 3498 3084 3554 Canones
3130 3503 3188 3549 et
3228 3494 3396 3562 legem
3425 3490 3744 3556 Romanam,

2178 3583 2397 3671 usquam
2449 3596 2705 3663 exprimit
2731 3590 3021 3661 Gregorius
3058 3604 3070 3639 :
3103 3594 3156 3638 at
3183 3598 3248 3639 ex
3284 3583 3348 3636 iis
3389 3593 3507 3649 quae
3538 3586 3743 3639 narrat,

2178 3670 2332 3746 facile
2362 3689 2661 3756 colligimus
2712 3682 2898 3739 Salicae
2946 3676 3078 3743 legis
3105 3675 3236 3731 scita
3271 3686 3389 3742 quae
3415 3670 3480 3723 ad
3510 3670 3746 3735 regimen

2178 3785 2469 3854 pertinent,
2498 3794 2527 3832 a
2575 3774 2793 3830 Francis
2844 3784 3057 3838 semper
3108 3762 3544 3820 constantissime
3587 3760 3750 3813 fuisse

2178 3851 2475 3932 observata.
2506 3867 2637 3923 Tale
2671 3874 2754 3921 est
2781 3861 2907 3916 illud
2948 3874 3013 3914 ex
3052 3857 3230 3926 capite
3258 3856 3346 3920 62,
3384 3867 3533 3908 num.
3561 3851 3616 3917 6,
3647 3864 3751 3919 quo

2180 3975 2416 4025 cavetur,
2447 3975 2515 4014 ne
2545 3958 2650 4011 ulla
2689 3953 2880 4011 Salicre
2928 3958 3085 4005 terra:
3138 3945 3313 4015 portio
3362 3942 3428 3997 ad
3476 3940 3751 3995 mulierem

2181 4055 2382 4118 veniat,
2413 4049 2505 4105 sed
2535 4054 2640 4102 tota
2671 4045 2736 4098 ad
2766 4040 2978 4097 virilem
3022 4052 3206 4093 sexum
3239 4034 3571 4089 devolvatur.
3604 4028 3752 4093 Quod

2183 4149 2437 4199 accurate
2466 4138 2521 4192 in
2551 4134 2699 4203 regni
2731 4127 3161 4186 successionibus
3200 4126 3539 4179 observatum
3591 4119 3757 4172 fuisse

2184 4248 2249 4289 es
2282 4227 2524 4296 Gregorii
2573 4220 2800 4277 Historia
2830 4216 3101 4271 discimus.
3134 4212 3403 4282 Nusquam
3445 4208 3587 4263 enim
3616 4207 3755 4275 apud

2185 4335 2308 4376 eum
2355 4317 2580 4385 legimus
2623 4313 2675 4365 in
2711 4307 2862 4377 regni
2905 4303 3255 4359 divisionibus
3285 4301 3510 4355 feminas
3549 4298 3600 4351 in
3635 4311 3760 4365 par-

2191 4418 2298 4464 tem
2324 4405 2556 4459 venisse.
2586 4400 2774 4460 Immo,
2807 4397 2850 4449 si
2881 4394 2998 4463 quis
3035 4407 3130 4446 rex
3160 4391 3359 4458 absque
3388 4387 3621 4441 maribus
3647 4384 3759 4439 fato

2190 4501 2403 4555 functus
2435 4494 2556 4559 fuit,
2590 4505 2696 4546 non
2727 4487 2895 4557 ipsius
2922 4484 3065 4550 lilia,
3096 4481 3188 4534 sed
3216 4487 3306 4531 aut
3329 4476 3521 4531 fratres
3550 4483 3643 4528 aut
3670 4489 3766 4528 neq

514 4618 728 4677 [equam
767 4605 820 4659 in
846 4600 1036 4660 Galliis
1063 4595 1281 4653 stabiliti
1318 4590 1565 4653 fuissent,
1596 4598 1855 4653 nusquam
1888 4581 2083 4649 τερθνί-
2118 4620 2171 4678 D
2196 4602 2345 4661 potes
2365 4588 2430 4642 ad
2453 4584 2601 4654 regni
2630 4578 3021 4635 successionem
3052 4576 3415 4627 accesserunt.
3442 4565 3567 4621 Haec
3593 4564 3767 4634 prima

1951 4670 1962 4678 ‘
2747 4669 2798 4678 Α.
2824 4668 2835 4678 .
2893 4666 2907 4678 .
3014 4662 3026 4674 ο
3059 4662 3129 4678 ..ί
3155 4661 3229 4678 wh.
3271 4658 3404 4678 ηις--
3445 4657 3593 4678 -Δ--ε
3639 4656 3740 4678 λικε

516 4698 633 4753 lloc
657 4708 819 4748 unum
840 4701 1093 4745 constans
1123 4683 1354 4742 invenio,
1375 4680 1560 4733 Franci
1586 4674 1799 4731 nomine
1824 4670 2089 4724 hominem

528 4789 756 4843 liberum
792 4790 845 4836 et
870 4795 899 4833 a
924 4777 1161 4848 qualibet
1197 4774 1456 4843 servitute
1488 4771 1776 4823 immunem
1803 4759 2093 4831 designari.

522 4878 657 4933 Cum
680 4889 810 4930 vero
838 4868 1029 4926 Franci
1069 4864 1229 4921 simul
1256 4877 1377 4915 cum
1402 4858 1670 4913 veteribus
1698 4854 1865 4911 Gallis
1891 4868 2006 4916 seu,
2038 4861 2096 4905 ut

524 4982 651 5024 tunc
680 4962 1051 5036 loquebantur,
1076 4953 1350 5011 Romanis,
1385 4952 1435 5003 iu
1468 4964 1629 5001 unum
1670 4946 1921 5015 p0pu|um
1968 4957 2094 4997 coa-

525 5033 766 5124 luerunt,
796 5051 1040 5108 homines
1071 5047 1205 5101 alios
1232 5058 1299 5099 ex
1332 5038 1681 5095 nobilissimis
1710 5048 1763 5090 et
1789 5033 2093 5097 senatoriis,

525 5162 583 5205 ut
624 5122 788 5203 habet
830 5140 1136 5211 Gregorius,
1183 5133 1397 5189 familiis
1441 5138 1659 5185 exortos
1690 5124 1922 5185 invenio,
1966 5122 2099 5175 alios

527 5238 773 5297 servituti
800 5233 1154 5301 mancipatos,
1186 5227 1322 5280 alios
1346 5225 1601 5292 ingenuos
1624 5216 1948 5281 natos,alios
1976 5228 2101 5267 vero

529 5331 800 5390 servitutis
822 5330 970 5400 jugo,
989 5322 1327 5379 dominorum
1350 5309 1865 5384 suorumlbeueﬁcio,
1885 5305 2102 5359 omnino

531 5427 621 5482 vel
672 5440 737 5481 es
770 5399 917 5492 parte
952 5417 1246 5472 absolutos.
1279 5411 1377 5479 Qui
1407 5424 1473 5464 ex
1503 5403 1777 5461 veteribus
1818 5399 1982 5454 Gallis
2012 5406 2103 5449 aut

532 5518 724 5589 opibus
746 5487 1088 5584 praestabant,
1104 5515 1196 5561 aut
1221 5512 1461 5559 erantex
1484 5497 1717 5566 antiquis
1742 5491 1954 5548 familiis
1976 5487 2101 5549 orti,

535 5577 843 5681 dignitates,
868 5604 1029 5660 etiam
1060 5600 1377 5669 praecipuas,
1411 5594 1549 5647 sicut
1575 5597 1630 5645 et
1654 5596 1862 5642 veteres
1891 5577 2104 5641 Franci,

538 5676 898 5760 obtinuerunt,
948 5693 1179 5757 factique
1215 5696 1339 5743 sunt
1380 5684 1603 5739 comites
1646 5688 1699 5733 et
1743 5676 1945 5737 duces;
1976 5684 2110 5739 quos

541 5794 664 5850 ideo
694 5790 890 5859 passim
913 5783 1049 5855 apud
1080 5778 1395 5848 Gregorium
1413 5773 1640 5842 legimus
1663 5768 1744 5822 his
1771 5763 1992 5819 Vocibus
2021 5762 2110 5814 de—

543 5888 801 5957 signatos,
829 5880 1063 5936 Francus
1104 5882 1191 5929 aut
1226 5871 1487 5924 Romanus
1529 5877 1731 5934 genere.
1762 5860 1899 5927 Quin
1940 5866 1991 5914 et
2022 5870 2111 5911 ur-

2196 4656 2296 4737 fuit
2321 4680 2457 4734 inter
2486 4682 2712 4744 quatuor
2741 4662 3030 4723 Chlodovei
3059 4661 3231 4732 Magni
3270 4658 3408 4713 ﬁlios
3445 4657 3595 4725 regni
3635 4656 3769 4710 divi—

2196 4770 2359 4827 dundi
2386 4766 2552 4829 ratio;
2582 4761 2875 4828 eademque
2888 4763 3008 4826 post
3021 4750 3279 4808 Ghlotarii
3296 4748 3601 4803 monarcha:
3618 4760 3767 4800 mor-

2198 4873 2305 4918 tem
2351 4862 2490 4913 inter
2541 4854 2712 4922 ipsius
2756 4850 2894 4903 ﬁlios
2932 4856 3141 4901 servata
3175 4859 3189 4895 :
3221 4851 3276 4896 et
3319 4837 3639 4894 Chariberto
3683 4844 3775 4893 aut

2198 4950 2540 5010 Cbildeberto
2568 4943 2803 5013 regibus,
2836 4940 3037 5007 absque
3058 4934 3230 4990 virilis
3258 4945 3419 4987 sexus
3450 4930 3634 4984 liberis
3668 4927 3767 4983 de-

2204 5043 2423 5105 functis,
2452 5054 2556 5093 non
2602 5048 2785 5090 eorum
2836 5030 2981 5094 ﬁliae,
3010 5027 3105 5082 sed
3140 5025 3336 5079 fratres
3380 5028 3775 5077 successerunt.

2278 5135 2367 5189 Η.
2398 5134 2461 5184 lit.
2476 5140 2653 5182 tamen
2681 5139 2745 5179 ea
2774 5131 2890 5177 erat
2914 5134 2943 5174 e
2968 5117 3129 5187 regiis
3153 5114 3336 5170 liberis
3354 5114 3583 5167 ﬁliarum
3611 5111 3778 5180 digni-

2208 5240 2308 5291 tas,
2343 5235 2398 5279 ut
2423 5224 2476 5277 in
2509 5220 2686 5290 probis
2715 5213 3023 5271 auctoribus
3054 5222 3311 5278 nusquam
3340 5205 3579 5259 invenias
3610 5204 3777 5258 ullam

2209 5321 2329 5375 aliis
2371 5330 2529 5385 quam
2583 5311 2797 5379 regibus
2848 5306 2902 5358 in
2949 5298 3291 5356 matrimonio
3339 5298 3590 5351 locatam.
3640 5294 3780 5361 Quin

2211 5411 2372 5465 etiam
2404 5416 2514 5458 tum
2544 5415 2664 5456 cum
2695 5398 2749 5452 in
2791 5405 3010 5464 paterna
3052 5391 3213 5444 domo
3256 5386 3487 5457 coujugii
3530 5396 3781 5451 expertes

2216 5498 2536 5557 manebant,
2588 5488 2798 5558 Regina:
2844 5481 3310 5548 nuncupabantur;
3389 5477 3525 5530 forte
3572 5483 3633 5527 ut
3672 5490 3785 5527 rue-

2219 5590 2498 5647 minissent
2545 5583 2675 5636 solis
2722 5592 2781 5631 se
2827 5574 3043 5643 regibus
3089 5574 3201 5627 fore
3242 5568 3658 5640 desponsandas,
3690 5580 3788 5621 nec

2218 5682 2338 5736 aliis
2366 5670 2691 5745 copulandas
2722 5665 2879 5729 viris,
2911 5679 2978 5717 ne
3012 5672 3117 5716 tam
3151 5661 3354 5715 illustre
3384 5670 3579 5712 nomen
3608 5655 3789 5710 detur-

2220 5777 2427 5843 parent.
2461 5764 2551 5819 Sic
2579 5770 2635 5814 et
2684 5773 2867 5825 regqu
2920 5754 3010 5807 ﬁlii
3057 5768 3199 5822 reges
3250 5749 3447 5818 passim
3494 5747 3791 5816 appellatos

2224 5837 2386 5935 fuisse
2420 5857 2661 5927 legimus,
2696 5847 2834 5921 quod
2867 5855 3085 5915 patcsuo
3116 5855 3282 5919 regno
3322 5837 3675 5897 substituendi
3707 5838 3789 5895 fo-
