4070 6186
269 336 331 388 at
1735 320 2124 376 PRIEFATIO.
3471 331 3545 390 ῃ

266 457 411 506 rent.
445 445 562 502 Hos
592 444 736 497 enim
771 449 896 494 tunc
928 447 1041 495 erat
1061 436 1201 492 inter
1230 436 1470 492 Francos
1497 441 1768 502 receptus,
1799 444 1853 485 nt
1884 438 1931 494 Α
1991 447 2297 502 usurpasse,
2325 435 2474 503 quasi
2506 437 2794 506 aliquando
2823 438 3059 494 Francos
3093 442 3343 509 vicisset;
3387 459 3541 504 exer-

267 554 396 609 rcge
420 546 653 598 mortuo,
684 549 782 601 pro
813 531 1042 585 ﬁliorum
1077 542 1301 583 numero
1333 541 1552 595 regnum
1583 523 1855 579 dividere-
1882 543 1900 559 -

268 642 390 689 tur:
421 639 474 684 et
504 628 576 682 ita
610 628 663 679 in
708 640 806 679 suo
838 623 1063 692 quisque
1101 634 1265 690 regno
1308 628 1421 673 erat
1451 632 1480 670 a
1510 619 1719 672 caeteris
1749 617 1859 670 fra-

270 726 446 778 tribus
475 720 777 779 absolutus,
795 726 852 770 ut
870 714 1051 769 nullus
1078 720 1225 768 esset
1253 712 1342 781 qui
1374 711 1426 764 in
1460 711 1678 765 fraterni
1708 709 1857 779 regni

270 815 535 887 regimine
562 814 854 882 quidquam
892 810 1173 878 potestatis
1201 808 1444 863 haberet.
1481 807 1535 861 Id
1570 822 1633 859 ex
1665 820 1731 860 eo
1760 821 1855 875 pa-

266 917 342 960 tet
393 903 538 974 quod
583 904 923 958 Guutramno
955 899 1191 968 ,accidit.
1223 898 1355 953 Nam
1406 914 1526 953 cum
1564 896 1703 950 ﬁlios
1754 912 1856 949 non

266 996 514 1056 haberet,
546 994 647 1047 etsi
682 999 937 1060 nepotum
982 986 1221 1054 suorum,
1265 998 1322 1043 ut
1366 987 1660 1057 loquimur,
1695 988 1745 1041 id
1778 996 1861 1042 cst

266 1088 507 1141 ﬁliorum
541 1085 764 1137 fratrum
796 1096 1042 1145 suorum,
1069 1092 1221 1151 pater
1247 1081 1402 1151 vulgo
1425 1092 1855 1150 nuncuparetur;

263 1197 390 1235 eum
438 1191 617 1234 tamen
660 1177 945 1247 episcopos
974 1177 1028 1230 in
1058 1174 1357 1230 Chlotharii
1386 1172 1593 1243 parvuli
1638 1186 1857 1241 regnum

266 1275 531 1338 misisset,
560 1270 650 1339 qui
679 1284 798 1322 cum
830 1268 947 1338 ejus
994 1268 1146 1337 regni
1179 1266 1501 1336 primoribus
1528 1265 1594 1319 de
1622 1261 1860 1318 Praetex-

265 1367 363 1418 tati
396 1363 547 1417 caede
575 1362 629 1414 in
661 1360 779 1415 loco
802 1368 989 1413 sancto
1016 1357 1153 1413 facta
1182 1357 1551 1427 inquirerent:
1596 1354 1858 1408 Chlotarii

267 1455 535 1521 primates
559 1450 613 1504 id
640 1465 698 1504 se
722 1464 828 1502 non
857 1448 1218 1518 permissuros
1254 1461 1377 1501 esse
1403 1447 1683 1501 contestati
1712 1455 1857 1511 sunt,

263 1562 391 1599 cum
421 1545 490 1599 ad
535 1545 701 1611 ipsos,
736 1542 879 1610 regis
906 1541 989 1596 sui
1022 1551 1247 1605 tutores,
1290 1539 1545 1594 attineret
1572 1538 1860 1592 auctoritas

263 1637 434 1707 regali
472 1635 737 1689 sanctione
779 1634 920 1688 male
962 1641 1079 1687 acta
1109 1632 1524 1700 comprimendi.
1561 1630 1627 1684 Et
1655 1645 1713 1685 re
1745 1628 1859 1697 ipsa

268 1742 550 1797 nunquam
599 1726 861 1793 impedire
919 1725 1107 1794 potuit,
1140 1724 1267 1792 quin
1301 1723 1601 1789 Melantius,
1634 1725 1686 1778 in
1714 1724 1860 1779 Pis:-

1961 525 2124 577 citum
2179 525 2383 591 movit,
2440 535 2497 580 ut
2536 528 3028 596 Constantinopolis
3075 530 3220 585 urbis
3267 548 3541 602 expugna-

1963 616 2129 680 tione,
2163 616 2447 685 subjugato
2477 618 2720 686 imperio,
2757 628 2902 672 tanta
2945 620 3284 682 imperatoris
3326 626 3538 678 vanitas

1960 706 2275 761 dilueretur.
2309 708 2381 762 Et
2419 710 2635 777 quidem
2681 724 2785 764 non
2834 713 3096 765 minorem
3142 716 3202 767 se
3248 726 3541 783 agnoverat

1959 797 2323 853 Chlodoveum
2346 801 2660 855 Anastasius
2687 802 2995 869 imperator,
3020 805 3124 869 cui,
3144 812 3373 859 testante
3399 805 3534 859 Gre-

1958 889 2128 956 gorio,
2157 889 2432 944 codicillos
2476 890 2543 945 de
2570 893 2853 946 consulatu
2902 895 3198 948 transmisit
3228 897 3279 949 in
3312 897 3532 950 honoris

1959 990 2017 1035 et
2050 980 2302 1036 amicitiae
2328 994 2608 1038 tesseram.
2641 986 2755 1040 Non
2787 988 2932 1041 enim
2960 990 3195 1057 aliquam
3223 992 3290 1047 ab
3314 993 3541 1060 impera-

1936 1086 2078 1151 ‘tore
2139 1087 2452 1146 potestatem
2500 1095 2565 1134 ex
2623 1085 2724 1136 hoc
2772 1086 3046 1150 accepisse
3112 1087 3418 1140 censendus
3457 1096 3543 1141 est

1961 1167 2320 1233 Clilodoveus,
2375 1171 2464 1240 qui
2515 1172 2624 1240 jam
2679 1182 2805 1227 tunc
2855 1176 3110 1244 temporis
3160 1176 3540 1244 imperatorem

1963 1260 2136 1326 ipsum
2170 1264 2403 1329 potentia
2437 1265 2744 1333 superabat.
2774 1265 3180 1323 Exindctamen
3202 1266 3539 1322 Chlodoveus

1965 1366 2115 1406 more
2138 1352 2517 1419 imperatorum
2549 1356 2861 1411 diademate-
2885 1358 3161 1413 redimitus
3188 1359 3238 1413 iu
3272 1360 3536 1427 publicum

1964 1443 2247 1509 proces~it,
2289 1454 2343 1497 et
2389 1443 2608 1507 blattea.
2643 1446 2692 1499 id
2738 1456 2823 1501 est
2876 1463 3138 1517 purpurea
3187 1461 3356 1517 veste,
3390 1465 3541 1517 usus,

1964 1534 2178 1602 Augusti
2202 1536 2415 1590 nomine
2442 1538 2671 1591 donatus
2698 1538 2815 1594 fuit.

2042 1624 2125 1678 15.
2178 1624 2327 1678 Hauc
2369 1610 2547 1681 autem
2595 1644 2880 1695 summam,
2910 1647 3014 1701 qua
3068 1632 3341 1699 pollebant
3386 1649 3540 1703 rcges

1966 1715 2134 1769 nostri
2165 1720 2559 1787 auctoritatem,
2595 1737 2698 1774 non
2730 1726 3017 1791 supercilio
3060 1724 3125 1778 in
3165 1726 3411 1794 populos,
3446 1740 3540 1778 ve-

272 1831 362 1872 ιρι
377 1818 472 1871 tati
504 1817 689 1870 sedent
717 1816 829 1883 ipsa
861 1824 1055 1884 agente
1090 1812 1438 1881 Fredegunde
1468 1813 1726 1876 iutrusus,
1754 1813 1862 1866 Ro-
1893 1817 1940 1875 B
1967 1807 2059 1861 Iuli
2092 1807 2379 1863 orientales
2413 1825 2565 1879 reges
2594 1812 2683 1880 qui
2712 1828 2741 1865 a
2769 1814 3121 1882 popularibus
3170 1816 3284 1870 suis
3330 1816 3542 1870 adorari

271 1908 610 1977 thomagensi
646 1905 886 1961 Ecclesia
924 1906 1204 1973 potiretur.
1234 1905 1409 1973 Reges
1436 1919 1560 1959 vero
1585 1914 1741 1959 actate
1764 1905 1861 1959 nii-

274 2016 436 2056 nores
481 2000 575 2070 qui
609 2014 778 2068 regno
823 1997 1253 2051 administrando
1287 1995 1521 2049 nondum
1574 1995 1780 2050 habiles
1809 2005 1864 2051 et

195 2160 200 2164 ‘
273 2092 450 2146 idonei
491 2099 667 2152 erant,
698 2088 985 2142 manebant
1028 2087 1127 2141 sub
1176 2087 1336 2141 tutela
1368 2095 1422 2140 et
1459 2088 1667 2149 matris,
1694 2086 1737 2138 si
1769 2100 1858 2139 su-

271 2193 540 2253 peresset,
574 2191 629 2236 et
676 2181 827 2249 regni
875 2180 1041 2248 ipsius
1089 2179 1427 2247 optimatum,
1462 2188 1520 2230 ut
1544 2177 1611 2231 de
1641 2177 1861 2231 Childe-

274 2278 429 2331 berto
454 2272 739 2344 Sigiberti,
765 2279 818 2323 ri.
866 2269 1140 2323 Chlotario
1170 2269 1453 2337 CItilperici
1488 2266 1608 2322 ﬁliis
1638 2282 1702 2321 ex
1732 2268 1862 2323 Gre-

269 2367 427 2437 gorio
457 2368 650 2434 liquet.
671 2360 1048 2415 Childebertus
1078 2361 1218 2414 idem
1258 2374 1428 2416 annos
1456 2359 1583 2412 vita:
1609 2366 1865 2427 quatuor-

273 2456 454 2511 decitn
487 2468 761 2524 egressus,
794 2466 823 2505 a
854 2463 1042 2520 patruo
1072 2465 1170 2503 suo
1200 2450 1531 2504 Guntramno
1558 2465 1674 2514 rex,
1708 2449 1761 2503 id
1781 2458 1865 2503 cst

276 2548 493 2619 populis
515 2562 613 2616 per
643 2559 701 2599 se
732 2545 902 2613 ipsum
933 2544 1182 2611 regendis
1214 2552 1424 2610 potens,
1455 2555 1569 2605 seu,
1604 2550 1662 2595 ut
1685 2541 1860 2609 loqui-

272 2656 417 2703 tunc,
432 2640 603 2706 major
624 2634 929 2689 declaratus
955 2640 1040 2687 est
1063 2631 1151 2685 lib.
1179 2648 1248 2685 vtt
1280 2633 1546 2699 Historias,
1572 2630 1861 2701 capite55;

272 2747 339 2785 ex
372 2746 484 2799 quo
514 2728 675 2783 etiam
719 2726 893 2793 capite
936 2724 1244 2778 instituendi
1284 2724 1426 2789 regis
1457 2724 1670 2776 modum
1702 2723 1864 2777 disci-

276 2839 422 2875 mus.
454 2820 588 2874 Nam
620 2818 690 2873 ibi
713 2816 1082 2872 Guntramnus
1110 2814 1233 2869 data
1263 2815 1315 2867 in
1353 2814 1667 2868 Childeberti
1713 2831 1867 2867 oranti

278 2916 450 2977 hasta,
477 2914 647 2966 dixit:
680 2911 790 2963 Hoc
819 2921 891 2964 est
914 2910 1181 2969 indicium,
1207 2906 1344 2975 quod
1366 2906 1459 2960 tibi
1482 2923 1630 2961 omne
1656 2924 1867 2977 regnum

278 3020 445 3056 meum
476 3003 695 3055 tradidi.
726 3002 885 3054 Certe
911 3015 974 3053 ex
1014 2998 1284 3052 veteribus
1316 2998 1548 3050 nummis
1588 2998 1863 3065 discimus,

280 3101 491 3150 hastam
510 3095 659 3165 apud.
685 3095 920 3148 Francos
952 3093 1109 3162 regiae
1142 3093 1423 3160 potestatis
1449 3092 1657 3159 insigne
1681 3093 1865 3147 fuisse.

1969 1910 2390 1980 consueverunt.
2426 1918 2529 1956 non
2561 1906 2720 1958 etiam
2753 1907 2864 1960 auri
2888 1906 3270 1961 etdivi‘tiarum
3294 1908 3544 1976 amplitu-

1965 1992 2089 2046 dine
2118 1993 2215 2047 sibi
2247 1995 2619 2059 conciliarunt,
2648 1997 2743 2050 sed
2775 2000 3035 2053 amorein
3068 2000 3316 2068 populus,
3348 2010 3402 2055 et
3430 2018 3546 2063 mu-

1967 2094 2056 2136 tuo
2097 2085 2428 2151 popularium
2456 2086 2508 2139 in
2556 2102 2735 2153 regem
2760 2102 2965 2153 amore,
2993 2092 3082 2158 qui
3126 2093 3177 2144 in
3210 2090 3541 2146 Francorum

1965 2178 2219 2231 cordibus
2260 2192 2290 2231 a
2321 2188 2509 2231 natura
2549 2177 2742 2233 insitus
2784 2181 3014 2235 videtur.
3051 2182 3186 2237 IIiuc
3232 2181 3431 2237 factum
3462 2193 3546 2238 est

1965 2276 2025 2321 ut
2050 2276 2260 2322 caeteras
2292 2270 2555 2335 nationes,
2586 2285 2707 2339 qua:
2744 2272 3000 2327 inclinato
3043 2275 3269 2344 imperio
3299 2276 3460 2330 variis
3489 2277 3543 2331 in

1968 2360 2255 2429 provinciis
2304 2361 2462 2415 sedes
2509 2373 2853 2429 acceperant,
2895 2364 3031 2419 haud
3067 2365 3157 2420 diu
3200 2380 3299 2420 eas
3327 2382 3545 2422 scrvare

1969 2453 2254 2521 potuerint,
2276 2453 2419 2522 quod
2449 2468 2543 2507 sua
2576 2465 2837 2519 potesme
2866 2456 3235 2512 abuterentur.
3251 2458 3319 2512 At
3350 2457 3539 2513 Franci

1966 2560 2099 2613 quas
2126 2546 2429 2615 provincias
2458 2546 2653 2600 virtute
2675 2559 2770 2601 sua
2798 2547 3189 2617 acquisierunt,
3220 2563 3327 2603 non
3366 2548 3545 2604 solum

1965 2650 2253 2691 servavere
2278 2636 2589 2702 incolumes,
2620 2640 2711 2693 sed
2737 2640 3009 2695 etvicinas
3027 2640 3545 2710 autsibisubjecere,

1967 2736 2059 2781 aut
2106 2727 2217 2781 suis
2264 2730 2497 2783 contenti
2551 2730 2743 2786 ﬁnibus
2772 2716 3000 2787 eII'eeere
3051 2733 3375 2788 tributarias.
3413 2735 3544 2800 Quis
3576 2790 3595 2807 κ

1966 2819 2170 2874 nesciat
2191 2820 2502 2887 Wandalos,
2528 2821 2710 2876 Alanis
2738 2822 3038 2885 exatinctis,
3070 2824 3304 2879 Africam
3324 2825 3407 2879 vix
3439 2841 3547 2880 uno

1968 2914 2166 2967 saeculo
2204 2913 2524 2979 obtinuisse,
2558 2930 2620 2968 ac
2648 2916 2804 2983 paulo
2835 2924 2955 2985 post
2980 2914 3186 2970 Suevos
3209 2916 3259 2970 in
3297 2915 3547 2972 Galltecia

1963 3002 2147 3072 jugum
2190 3001 2629 3071 Wisigotthorum
2677 3004 2858 3058 subire
2896 3003 3060 3059 fuisse
3110 3007 3359 3059 coactos?
3390 3006 3544 3061 Haud

1971 3092 2171 3146 diutius
2201 3092 2490 3146 substitere
2529 3092 2929 3161 Burgundiones
2959 3094 3011 3147 in
3053 3093 3243 3158 Gallia,
3268 3095 3547 3163 Ostrogot-

282 3189 633 3241 tlhlodovees
658 3196 835 3239 tamen
865 3195 981 3254 post
1001 3170 1251 3253 Sigiberti
1283 3182 1619 3237 Coloniensis
1649 3183 1787 3251 regis
1813 3192 1868 3237 et
1894 3186 1941 3250 Ο
1976 3185 2049 3238 thi
2088 3184 2141 3238 in
2190 3183 2356 3248 Italia,
2386 3182 2694 3252 Wisigotthi
2738 3184 2791 3238 in
2835 3186 3185 3253 Septimania.
3236 3192 3303 3240 At
3351 3186 3544 3242 Franci

281 3280 402 3349 ejus
443 3280 535 3333 ﬁlii
578 3293 764 3332 necem
800 3278 849 3329 in
898 3275 1079 3344 clypeo
1116 3283 1337 3338 evectus,
1373 3288 1464 3328 rex
1513 3289 1698 3327 eorum
1748 3274 1867 3327 loco

284 3372 605 3424 constitutus
651 3369 768 3421 fuit.
801 3367 1101 3436 Sigibertus
1145 3377 1324 3420 autem
1370 3380 1401 3418 a
1451 3366 1779 3418 Neustrasiis
1815 3367 1866 3418 in

289 3476 467 3531 regem
496 3469 749 3529 acceptus
777 3474 932 3521 super
952 3457 1128 3527 clypeo
1157 3457 1426 3525 impositus
1447 3468 1543 3510 est.
1578 3456 1684 3510 Nec
1714 3456 1869 3510 aliter

291 3549 1071 3605 liundobadum-Ballomert-m
1095 3562 1122 3599 a
1154 3549 1264 3600 suis
1306 3548 1355 3599 in
1393 3561 1572 3615 regem
1624 3557 1868 3600 evectum

291 3643 453 3697 inisse
484 3644 730 3711 legimus.
764 3640 1088 3707 Supremum
1125 3649 1301 3693 autem
1347 3652 1531 3707 regum
1564 3646 1869 3692 nostrorum

292 3732 589 3784 dominium
620 3730 717 3783 soli
753 3728 862 3782 Deo
893 3726 1188 3794 subjectum
1223 3737 1483 3780 memorat
1515 3728 1711 3794 passim
1739 3726 1871 3782 Gre-

290 3823 491 3889 gorius,
519 3835 642 3873 cum
670 3833 784 3880 eos,
814 3815 912 3870 nisi
940 3816 1197 3884 juStitiam
1229 3817 1587 3879 exercuerim,
1608 3816 1867 3885 judicium

290 3916 381 3968 Dei
408 3913 513 3967 sibi
545 3911 820 3965 imminere
856 3909 1143 3972 admonet;
1173 3907 1322 3975 cujus
1366 3909 1440 3961 rei
1471 3907 1743 3975 egregium
1770 3908 1870 3960 ha-

290 4006 479 4058 bemus
500 4001 805 4069 exemplmn
841 4002 890 4051 in
926 3999 1063 4051 libro
1093 4014 1124 4049 v
1155 3997 1423 4063 Historiae,
1447 3998 1622 4065 capite
1653 3999 1742 4061 i9,
1780 3997 1867 4051 ubi

291 4094 589 4164 Gregorius
614 4089 975 4160 Chilpericutn
1009 4090 1301 4158 alloquens,
1336 4090 1443 4158 regi
1491 4091 1707 4158 quidem
1755 4090 1867 4157 cpi-

288 4202 485 4254 scopos
516 4201 705 4240 omnes
747 4199 870 4239 esse
911 4182 1180 4251 subjectos
1222 4191 1476 4247 testatur;
1513 4198 1690 4252 regem
1742 4198 1870 4238 vero

290 4282 462 4345 ipsum
516 4280 725 4331 nonnisi
782 4276 912 4337 Deo,
945 4276 1032 4344 qui
1083 4275 1368 4327 criminum
1426 4288 1870 4342 quorumcunqnc

292 4371 569 4423 hominum
603 4371 743 4421 ultor
769 4375 872 4420 est.
898 4364 957 4420 Si
985 4366 1122 4435 quis,
1152 4364 1345 4434 inquit,
1383 4380 1443 4417 ex
1472 4364 1619 4417 nobis
1663 4366 1870 4417 aberra-

288 4468 431 4528 eerit,
462 4479 494 4512 α
520 4472 565 4513 te
595 4471 753 4530 potest
791 4458 1085 4521 emendari;
1108 4460 1151 4510 si
1186 4474 1303 4511 vero
1334 4467 1387 4509 tu
1430 4458 1723 4521 excesseris,
1757 4459 1868 4525 quis

1974 3275 2239 3345 hodieque
2262 3278 2313 3329 in
2337 3274 2530 3330 Galliis
2562 3285 2929 3344 perseverant,
2957 3275 3047 3345 qui
3085 3278 3135 3329 in
3164 3277 3295 3345 ipsis
3324 3277 3546 3332 stabiliti

1972 3369 2120 3437 regni
2153 3367 2479 3436 primordiis,
2511 3366 2858 3430 Alamannos,
2889 3366 3183 3436 Bajoarios,
3217 3367 3542 3437 'I‘lturingos,

1974 3462 2235 3524 Saxones,
2280 3458 2545 3520 Winidos,
2599 3459 2842 3525 Sclavos,
2886 3458 3124 3528 aliasque
3154 3458 3426 3524 nationes,
3456 3468 3549 3513 aut

1972 3551 2243 3619 subiectas
2295 3551 2419 3615 sibi,
2464 3560 2557 3604 aut
2609 3551 2915 3605 tributarias
2964 3550 3161 3606 fecere.
3194 3549 3549 3620 Wisigotthos

1973 3643 2291 3708 expulerunt
2338 3657 2401 3694 ex
2449 3641 2802 3709 Septimania,
2839 3640 3274 3709 Burgundionum
3322 3655 3545 3707 regnum

1973 3732 2130 3801 plane
2159 3733 2553 3794 exstinxcrunt,
2583 3733 2959 3800 Ostrogotthos
2990 3732 3042 3785 in
3061 3731 3208 3785 Italia
3220 3738 3549 3795 terruerunt,

1974 3825 2357 3893 Langobardis,
2392 3824 2481 3894 qui
2509 3823 2722 3879 Gotthis
2751 3823 2803 3876 iu
2844 3822 2993 3877 Italia
3027 3832 3421 3888 successerant,
3454 3824 3552 3877 tri-
3592 3840 3597 3843 ν

1972 3918 2097 3972 buta
2127 3917 2536 3986 imposuerunt:
2570 3916 2711 3983 iique
2755 3915 2825 3966 ita
2872 3923 3024 3969 erant
3079 3913 3213 3983 ipsis
3243 3912 3459 3978 addicti,
3491 3923 3549 3968 ut

1972 4024 2148 4077 neque
2172 4023 2350 4077 regem
2382 4008 2481 4060 sibi
2508 4005 2837 4061 constituere
2862 4005 3126 4059 auderent
3150 4004 3352 4073 absque
3375 4005 3565 4059 Franr

1971 4114 2155 4152 eorum
2184 4098 2356 4153 venia.
2390 4096 2506 4152 Uno
2542 4098 2707 4152 verbo
2739 4095 2870 4150 nihil
2899 4111 3002 4150 non
3036 4093 3255 4150 Francis
3288 4096 3546 4163 parebat:

1970 4207 2200 4261 quorum
2221 4191 2509 4245 amicitiam
2531 4201 2585 4245 et
2607 4191 2707 4258 ipsi
2726 4190 3081 4259 imperatores
3106 4188 3239 4243 tanti
3254 4189 3540 4259 faciebant,

1970 4296 2028 4339 ut
2069 4299 2186 4339 eam
2220 4285 2423 4339 crebris
2471 4282 2845 4353 legationibus,
2888 4281 3261 4352 largitionibus
3301 4281 3552 4349 pecunia-

1972 4391 2113 4441 rum,
2140 4386 2193 4431 et
2217 4377 2613 4446 provinciarum
2645 4375 2974 4430 cessionibus
3000 4383 3303 4442 captarent;
3337 4387 3552 4441 parumw

1973 4486 2077 4538 que
2105 4468 2273 4524 abfuit
2301 4472 2427 4538 quin
2452 4468 2645 4522 tributa
2676 4466 2804 4535 ipsis
2836 4465 3151 4536 penderent,
3177 4464 3227 4517 id
3249 4464 3368 4517 sine
3382 4461 3547 4515 dubio

288 4566 337 4607 te
380 4554 659 4621 corripiet?
692 4550 976 4618 Loquimur
1017 4550 1128 4617 tibi,
1152 4550 1241 4603 sed
1271 4550 1314 4602 si
1340 4552 1581 4613 volueris,
1613 4550 1793 4614 audis;
1824 4552 1868 4603 si
1898 4552 1945 4611 Ι)
1975 4562 2184 4626 facturi,
2222 4562 2275 4615 ni
2308 4561 2477 4630 pudor
2503 4559 2823 4615 obstitisset,
2852 4557 2984 4610 Cum
3011 4556 3152 4609 enim
3180 4569 3242 4609 ea
3278 4553 3347 4607 ab
3376 4553 3547 4621 impe.

287 4661 406 4698 vero
456 4646 704 4710 nolueris,
736 4645 848 4713 quis
887 4654 935 4695 te
971 4642 1346 4707 condemnabit,
1382 4643 1479 4696 nisi
1509 4643 1596 4710 qui
1625 4659 1680 4696 se
1710 4644 1868 4714 justi-

286 4742 412 4791 tiam
439 4755 551 4792 esse
580 4736 1021 4807 pronuntiaverit?
1044 4736 1252 4788 Nullum
1280 4735 1441 4789 etiam
1476 4750 1634 4802 supra
1667 4750 1726 4789 se
1771 4735 1869 4788 Ito-

288 4835 486 4886 minem
518 4831 843 4900 agnoscebat
869 4828 1171 4881 Clilotarius
1190 4812 1474 4894 CItilperici
1505 4829 1669 4895 ipsius
1694 4838 1863 4894 pater,

286 4926 377 4993 qui
410 4932 532 4989 post
554 4921 777 4975 fratrum
808 4935 1029 4974 suorum
1075 4933 1368 4986 eorumque
1400 4918 1628 4971 ﬁliorum
1676 4917 1861 4973 funera

287 5015 576 5069 nionarcha
622 5012 812 5076 factus,
843 5025 963 5065 cum
996 5012 1271 5078 proximus
1297 5017 1445 5063 esset
1484 5010 1665 5074 morti,
1708 5024 1769 5063 ac
1814 5010 1863 5062 vi

286 5108 454 5164 febris
480 5121 806 5176 magnopere
851 5114 1178 5159 vexaretur:
1213 5101 1346 5167 Uva,
1379 5104 1673 5171 inquiebat,
1702 5105 1867 5172 qualis

285 5212 364 5253 est
398 5198 486 5252 ille
506 5214 597 5251 rea:
638 5196 851 5252 caelestis
889 5196 975 5264 qui
1005 5204 1108 5247 tam
1134 5210 1348 5263 magnos
1397 5210 1538 5263 rcges
1589 5194 1869 5263 inter/icit!

286 5292 425 5346 lIinc
467 5304 743 5358 nunquam
803 5290 973 5341 tulere
1002 5287 1344 5341 Francorum
1378 5300 1553 5355 rcge-,
1592 5296 1649 5338 ut
1677 5301 1743 5339 ne
1772 5288 1870 5339 uti-

284 5386 430 5439 nima
460 5380 677 5450 quidem
717 5377 1061 5447 subjectionis
1103 5380 1287 5432 umbra
1334 5391 1518 5431 eorum
1586 5374 1866 5443 imperium

281 5481 686 5531 obscuraretur.
721 5470 1069 5527 Memorabile
1098 5478 1181 5524 est
1213 5469 1348 5522 hanc
1393 5468 1444 5522 in
1479 5484 1590 5522 rem
1622 5468 1870 5523 Theode-

285 5569 424 5625 berti
447 5566 854 5622 Austrasiorum
888 5564 1027 5633 regis
1049 5564 1283 5628 facinus,
1305 5564 1396 5629 qui
1434 5563 1704 5618 referente
1728 5567 1867 5632 Aga-

281 5664 393 5715 tbia
428 5668 653 5711 auctore
680 5658 891 5717 Graeco,
927 5671 1048 5709 cum
1080 5655 1339 5709 audiisset
1381 5654 1740 5709 Justiniauutu
1772 5653 1868 5706 iut-

284 5760 596 5821 peratorcm
629 5747 771 5804 inter
799 5748 935 5802 alios
967 5746 1165 5813 titulos,
1199 5742 1441 5801 Frauct'ci
1471 5746 1633 5804 etiam
1674 5760 1866 5802 nomen

1977 4661 2157 4708 ratore
2207 4650 2530 4706 Theoderici
2581 4652 2721 4717 reg‘s
2771 4645 2927 4716 legati
2966 4647 3184 4713 exigere
3229 4644 3549 4706 voluissent,

1974 4742 2288 4810 imperator,
2329 4740 2500 4806 inquit
2533 4735 2965 4805 'I’heophylaetus
3008 4733 3298 4789 Simocatta
3333 4734 3471 4787 libro
3502 4749 3573 4785 vt

1977 4834 2356 4893 Ilistoriarum.
2384 4832 2588 4899 legatos
2619 4829 2923 4883 humaniter
2954 4836 3286 4891 muneratus,
3316 4824 3573 4880 Francos.

1973 4927 2287 4981 adhortatus
2321 4932 2430 4990 est,
2471 4932 2524 4975 ut
2552 4921 2681 4975 citra
2713 4921 2943 4988 pretium
2983 4920 3296 4973 societatem
3328 4918 3551 4983 inirent,

1972 5034 2092 5073 cum
2125 5021 2263 5072 ferre
2287 5032 2391 5070 non
2435 5013 2899 5085 posset'barbaros
2926 5027 2957 5066 a
2999 5010 3257 5066 Romanis
3289 5011 3565 5064 tributum.

1971 5111 2205 5177 exigere.

2045 5202 2133 5255 16.
2176 5200 2343 5253 Tanta
2374 5198 2570 5268 quippe
2588 5196 2701 5268 jam
2734 5206 2860 5251 tunc
2888 5206 3000 5250 erat
3030 5194 3356 5249 Francorum
3387 5191 3565 5254 fama;

1975 5301 2227 5360 tantaque
2251 5290 2349 5343 sub
2377 5290 2480 5343 illis
2512 5287 2843 5357 principibus
2871 5286 3189 5355 populorum
3220 5282 3468 5349 felicitas,
3494 5292 3558 5335 ut

1977 5394 2032 5439 et
2060 5385 2249 5438 vicinae
2278 5392 2486 5451 gentes,
2510 5396 2628 5447 qua:
2657 5396 2720 5433 ex
2753 5378 2978 5432 Romani
3008 5376 3219 5445 imperii
3250 5375 3490 5445 reliquiis
3518 5391 3565 5427 a.

1980 5475 2219 5529 barbaris
2240 5472 2447 5527 fuerant
2477 5470 2793 5540 subjugataa,
2829 5476 2966 5523 teste
2992 5466 3253 5538 Gregorio
3273 5506 3290 5532 ,
3320 5465 3573 5521 Francos

1978 5569 2173 5623 habere
2204 5581 2358 5634 rcges
2382 5566 2768 5626 desiderarent,
2797 5563 2899 5617 sub
2928 5562 3138 5632 quibus,
3169 5570 3225 5617 et
3254 5562 3440 5632 religio
3467 5577 3578 5617 ca-

1977 5660 2199 5722 tholica,
2247 5672 2404 5727 quam
2440 5671 2611 5725 nuper
2650 5653 2883 5722 amplexi
2935 5654 3145 5708 fuerant
3171 5694 3186 5719 ,
3228 5653 3474 5718 floreret,
3506 5663 3573 5705 et.

1976 5750 2223 5807 libertate
2240 5749 2569 5815 sua-populis
2590 5746 2671 5805 uti
2689 5746 2897 5804 liceret.
2914 5746 2970 5804 id
2992 5757 3167 5803 autem
3195 5746 3417 5815 contigit
3439 5753 3583 5811 pom
