4070 6186
532 353 606 412 23
1987 353 2369 410 PR/EFATIO.
3721 366 3790 420 υ

532 472 820 532 Chlodore}
841 473 1268 540 conversionem,
1299 488 1417 529 cum
1448 488 1552 530 non
1584 474 1753 530 solum
1785 474 2105 545 Remigium,
2139 480 2185 538 Α
2214 474 2388 539 ditas,
2419 481 2508 526 aut
2538 473 2641 528 alia
2672 476 2879 542 quaevis
2907 475 3045 531 ratio
3085 477 3416 548 principibus
3460 483 3789 538 contrarium

533 563 617 618 sui
673 576 724 618 et
772 567 931 628 totius
974 565 1148 633 gentis
1194 567 1522 633 apostolum,
1575 565 1669 622 sed
1716 567 1854 622 alios
1896 581 2108 636 quoque

534 653 834 723 episcopos,
867 669 931 708 ex
963 656 1153 723 quibus
1185 656 1334 709 multi
1366 657 1414 710 in
1441 656 1630 712 Galliis
1662 667 1784 710 tunc.
1811 667 1964 712 erant
1988 671 2111 711 san-

534 749 713 801 ctitale
737 748 980 802 celebres
1003 788 1016 811 ,
1050 748 1385 808 consiliarios
1425 748 1686 802 adhibuit.
1724 748 1914 804 Exstat
1951 763 2014 804 ea
2043 749 2110 801 de

535 854 588 892 re
621 838 758 891 beati
788 838 1009 907 lieuigii
1033 839 1274 906 epistola,
1307 854 1423 908 qua:
1449 839 1702 906 principis
1726 837 1832 892 offii
1853 839 1899 890 ia
1930 839 2110 906 paucis

537 931 747 996 verbis,
794 931 888 984 sed
945 930 1334 986 efficacissimis
1388 931 1781 998 complectitur.
1842 931 2108 985 Cmterum

545 1031 688 1074 tanta
718 1036 782 1074 ex
825 1031 949 1090 tunc
971 1023 1133 1090 cmpit
1160 1035 1280 1080 esse
1307 1023 1679 1092 episcoporum
1711 1023 2023 1088 auctoritas,
2057 1033 2113 1076 ut

533 1112 659 1164 nihil
706 1113 814 1166 fere
862 1113 1062 1179 absque
1106 1128 1288 1168 eorum
1337 1114 1564 1179 consilio
1613 1117 1782 1170 fieret.
1814 1115 1989 1172 Testis
2030 1125 2116 1190 est

531 1203 822 1271 Gregorius
878 1203 1180 1274 complures
1237 1219 1422 1259 eorum
1478 1203 1835 1274 legationibus
1901 1208 2110 1260 functos

531 1292 696 1348 fuisse
721 1295 786 1348 ad
817 1303 1030 1350 exteros
1055 1294 1344 1364 principes.
1372 1296 1427 1352 Si
1461 1311 1590 1352 vero
1614 1297 1756 1356 inter
1779 1299 1967 1353 fratres
1993 1306 2111 1365 post

531 1385 682 1454 regni
723 1385 1037 1442 divisionem
1069 1386 1248 1457 aliqua
1282 1387 1625 1458 exorirentur
1665 1387 1888 1445 dissidia
1909 1428 1924 1452 .
1957 1401 2109 1443 como

533 1476 869 1545 ponebantur
903 1493 997 1546 per
1032 1478 1314 1546 episcopos
1345 1495 1357 1532 :
1386 1479 1519 1534 citra
1560 1493 1786 1548 quorum
1836 1478 2115 1533 intervcno

533 1577 644 1620 tum
677 1567 763 1620 vix
794 1567 1095 1636 quisquam,
1119 1567 1210 1634 qui
1235 1583 1264 1621 a
1295 1570 1438 1639 regis
1459 1571 1630 1640 gratia
1659 1568 1966 1632 excidisset,
1992 1584 2111 1626 eam

535 1662 904 1728 recuperahat.
941 1661 1138 1720 llarum
1170 1662 1491 1734 similiutnve
1520 1677 1696 1718 rerum
1721 1661 1966 1729 exempla
1986 1675 2112 1715 con-

535 1766 723 1818 gctcre
756 1767 860 1805 non
893 1752 1101 1808 videtur
1137 1768 1315 1822 opera:
1345 1754 1576 1822 pretium
1602 1793 1618 1818 ,
1651 1768 1772 1806 cum
1803 1751 2001 1820 passim
2034 1753 2112 1808 le-

2214 570 2470 624 snasisset
2489 612 2503 633 ,
2532 569 2909 638 episcoporum
2941 571 3321 626 monitionibus
3345 583 3400 629 et
3427 573 3778 629 intercessio-

2215 663 2370 717 nibus
2398 663 2678 718 cedebant.
2698 662 2827 717 Rem
2853 663 3010 732 paulo
3039 663 3331 731 plusquam
3358 666 3538 719 ceteri
3572 681 3783 734 promo-

2214 767 2362 810 verat
2390 755 2693 809 Chlotarius
2723 753 2882 823 hujus
2913 753 3141 807 nominis
3173 757 3394 822 primus,
3426 757 3549 825 qui,
3584 765 3642 810 ιιι
3670 770 3789 810 om-

2215 863 2309 913 nes
2339 847 2588 902 Ecclesia:
2617 847 2878 901 redituum
2921 861 3144 901 suorum
3185 856 3391 915 partem
3425 848 3553 902 fisco
3583 847 3790 915 persol-

2215 948 2424 1004 verent,
2456 940 2672 993 decreto
2715 940 3037 991 sanciverat.
3089 939 3157 991 At
3199 938 3611 992 conniventibus
3655 953 3796 1006 regis

2216 1032 2476 1086 voluntati
2503 1073 2516 1095 ,
2552 1041 2697 1084 metu
2729 1041 2820 1084 aut
2849 1030 3157 1084 adulatione
3179 1071 3192 1094 ,
3227 1029 3440 1084 caeteris
3487 1031 3758 1098 episcopis
3782 1071 3799 1094 ,

2218 1124 2532 1194 lnjnriosus,
2566 1124 2842 1178 Turonum
2887 1124 3147 1189 antistes,
3179 1138 3293 1177 rem
3339 1122 3474 1177 adeo
3522 1123 3795 1176 insolitam

2213 1231 2318 1270 non
2348 1215 2546 1279 ferens,
2576 1214 2866 1270 insalutato
2887 1229 3011 1283 rege
3037 1214 3299 1269 abscessit
3317 1231 3328 1264 :
3345 1227 3453 1282 quo
3478 1213 3620 1268 facto
3647 1226 3798 1267 com-

2213 1314 2389 1360 motus
2411 1302 2525 1370 rex,
2557 1306 2856 1376 ductusque
2885 1305 3224 1375 ptenitentia,
3258 1313 3315 1358 ut
3343 1306 3628 1374 episcopus
3648 1305 3797 1359 redi-

2213 1406 2297 1453 ret
2324 1391 2558 1468 rogavit;
2587 1412 2834 1467 eumque,
2870 1396 3041 1452 fracto
3071 1398 3301 1466 propriis
3323 1397 3571 1453 manibus
3594 1397 3797 1458 edicto,

2214 1489 2484 1544 laudatum
2517 1489 2829 1544 muneribus
2859 1488 3164 1557 honoravit,
3189 1487 3330 1558 quod
3360 1489 3409 1544 ei
3433 1497 3542 1542 tam
3573 1487 3793 1542 salubre

2214 1580 2492 1636 consilium
2514 1581 2850 1650 inspirasset.
2875 1579 3044 1646 Quam
3069 1593 3198 1634 vero
3221 1580 3270 1633 in
3297 1578 3379 1634 bis
3408 1577 3684 1633 servandis
3713 1591 3800 1632 re-

2216 1671 2386 1739 ligiosi
2417 1672 2612 1725 fuerint
2633 1685 2786 1738 reges
2809 1672 3000 1735 nostri,
3031 1669 3217 1724 scribit
3234 1667 3524 1738 Gregorius
3545 1666 3688 1721 libro
3713 1681 3793 1729 ιιι,

2217 1763 2391 1830 capite
2418 1760 2514 1826 30;
2555 1761 2649 1815 sed
2686 1761 2940 1816 memoria
2982 1769 3182 1813 aeterna
3215 1760 3433 1824 dignum
3473 1767 3558 1812 est
3603 1758 3798 1812 Chari-

533 1841 773 1894 ClUfibtlS
820 1841 873 1895 ἰιι
920 1841 1161 1910 Gregorii
1194 1843 1423 1898 Historia
1455 1851 1758 1898 occurrant.
1793 1841 1953 1898 Certe
1989 1855 2110 1899 cum
2147 1852 2190 1912 Β
2222 1855 2356 1908 beru
2385 1854 2528 1924 regis
2555 1853 2753 1907 factum
2781 1894 2795 1916 ν
2957 1867 3078 1906 cum
3126 1850 3196 1905 ab
3244 1849 3497 1904 Euffonio
3541 1850 3800 1917 episcopo

537 1932 588 1984 in
615 1933 955 2002 expeditione
983 1935 1272 2004 llispanica
1294 1933 1606 2002 Guntramui
1626 1933 1892 1988 exercitus
1917 1932 2118 2000 rapinis

539 2026 750 2078 inhians
782 2043 892 2080 rem
926 2029 1062 2080 male
1089 2028 1364 2094 gessisset,
1397 2026 1705 2081 convocatis
1749 2040 1846 2078 rex
1892 2039 2119 2092 quatuor

538 2117 806 2185 episcopis
833 2134 953 2172 cum
979 2119 1096 2171 aliis
1127 2133 1157 2172 e
1190 2119 1335 2187 regni
1369 2117 1702 2186 primatibus,
1731 2115 1998 2170 exercitus
2024 2116 2116 2169 du-

538 2225 659 2261 crm
688 2224 902 2264 causam
934 2218 1188 2263 excutere
1214 2210 1396 2276 coepit,
1431 2207 1700 2271 referente
1730 2207 1994 2276 Gregorio
2018 2205 2113 2260 lib.

535 2311 631 2355 Viti
657 2303 922 2366 llistorize,
953 2303 1126 2371 capite
1154 2303 1242 2356 50.
1269 2301 1357 2356 Sic
1387 2311 1440 2356 et
1472 2312 1589 2369 poSt
1622 2300 1925 2354 Praetextati
1977 2314 2121 2354 mor-

544 2404 672 2464 tem,
705 2394 843 2447 idem
875 2395 1121 2462 prince-ps
1144 2403 1251 2448 tres
1281 2393 1560 2461 episcopos
1581 2391 1646 2446 ad
1676 2391 1936 2447 Cblotarii
1970 2392 2118 2460 regni

543 2487 829 2560 Optitnates
857 2483 1145 2556 delegavit,
1179 2487 1270 2556 qui
1301 2500 1362 2540 ea
1395 2485 1462 2540 de
1493 2501 1553 2540 re
1584 2485 1933 2552 inquirerent.
1961 2481 2122 2536 Deni-

545 2593 648 2644 que
694 2592 813 2650 cum
861 2577 1000 2631 idem
1045 2575 1410 2638 Guntramnus
1439 2575 1506 2630 de
1538 2573 1788 2643 legitimis
1816 2570 2118 2636 Cblotarii,

546 2667 832 2738 Chilperiei
863 2684 926 2722 ex
969 2668 1321 2739 Fredegunde
1371 2667 1502 2736 filii,
1552 2665 1819 2720 natalibus
1870 2662 2122 2726 dubitare

548 2762 841 2826 videretur,
876 2760 1057 2828 regina
1085 2760 1362 2815 accersitis
1389 2757 1638 2828 inprimis
1672 2756 1815 2825 regni
1836 2752 2119 2824 prioribus,

545 2851 598 2904 id
623 2859 697 2914 est
719 2852 999 2917 episcopis,
1024 2860 1154 2916 etc.,
1186 2850 1280 2904 lilii
1309 2849 1388 2903 sui
1416 2848 1747 2903 nativitatem
1797 2844 1962 2899 fuisse
1990 2843 2124 2912 legi-

547 2945 732 3006 timam
756 2953 1090 3013 sacramento
1111 2944 1446 3012 approbavit.
1473 2942 1688 2998 Minime
1719 2941 1894 3009 itaque
1927 2937 2121 2993 mirum

547 3038 795 3105 cuiquam
824 3036 991 3090 videri
1019 3035 1194 3100 debet,
1219 3035 1264 3090 si
1294 3036 1529 3104 episcopi
1553 3034 1663 3088 suis
1691 3033 1742 3087 in
1775 3031 1994 3088 urbibus
2017 3031 2124 3100 pri-

545 3138 790 3181 vatorum
841 3143 1033 3184 causas
1085 3143 1206 3182 cum
1249 3126 1516 3196 adjunctis
1566 3124 1851 3180 comitibus
1898 3123 2124 3191 aliisque

2218 1942 2450 1996 monitus
2477 1943 2661 1997 fuisset
2688 1941 2882 1996 tributa
2914 1957 2942 1994 a
2970 1941 3081 1994 suis
3103 1940 3361 1994 ministris
3383 1939 3523 2007 apud
3551 1938 3799 1993 Turanes

2220 2031 2387 2086 fuisse
2417 2040 2627 2094 exacta,
2654 2031 2928 2100 ingemuit,
2960 2039 3068 2083 tum
3095 2030 3244 2083 libris
3265 2043 3519 2084 censuum
3551 2029 3800 2083 incendio

2221 2122 2446 2186 traditis,
2477 2135 2667 2175 aureos
2697 2137 2907 2190 quoque
2931 2121 3042 2191 jam
3077 2130 3321 2190 receptos
3353 2123 3600 2176 Turonos
3628 2122 3799 2176 remi-

2219 2209 2588 2276 sitzveritus,
2623 2225 2690 2266 ne
2728 2213 2868 2280 quod
2914 2211 3172 2268 officiales
3215 2227 3314 2267 suo
3367 2213 3583 2268 nomine
3629 2212 3798 2268 etiam

2223 2304 2340 2370 ipso
2368 2303 2536 2358 inscio
2580 2312 2904 2372 exegerant,
2936 2304 2988 2357 in
3019 2319 3173 2358 suum
3202 2314 3363 2374 caput
3405 2303 3500 2359 Dei
3537 2312 3592 2360 et
3618 2307 3800 2361 sancti

2225 2393 2433 2446 Martini
2460 2392 2878 2461 indignationem
2909 2394 3229 2448 concitaret.

2297 2485 2385 2537 18.
2425 2483 2692 2550 Quantum
2723 2499 2852 2539 vero
2893 2485 3176 2541 catholica:
3199 2486 3475 2554 religionis
3500 2485 3801 2556 professio-

2223 2575 2277 2628 ni
2305 2573 2500 2630 addicti
2528 2589 2743 2643 semper
2764 2575 2960 2629 fuerint
2988 2589 3142 2645 reges
3169 2577 3358 2642 nostri,
3383 2591 3448 2631 ex
3469 2590 3538 2632 eo
3557 2577 3795 2634 maxime

2226 2673 2391 2734 patet,
2423 2665 2561 2734 quod
2593 2681 2788 2720 uxores
2811 2666 3001 2721 haeresi
3048 2668 3270 2722 infectas
3297 2667 3494 2724 ducere
3522 2683 3799 2737 nunquam

2224 2758 2508 2813 voluerint.
2555 2756 2948 2812 Brunichildem
2978 2756 3279 2828 Sigibertus
3309 2773 3530 2814 uxorem
3574 2759 3761 2813 habuit
3781 2798 3802 2826 ,

2227 2847 2622 2902 Galesvintbam
2649 2845 2985 2918 Chilpericus
3007 2852 3125 2918 ejus
3147 2849 3332 2916 frater,
3355 2850 3542 2906 ambas
3563 2851 3801 2905 Athana-

2227 2941 2352 3010 gildi
2383 2937 2827 3009 Wisigotthorum
2876 2939 3018 3011 regis
3061 2940 3228 3006 filias,
3259 2950 3314 2996 et
3356 2941 3552 2996 Ariana
3604 2941 3802 2999 haeresi

2227 3029 2614 3085 contaminatas
2645 3046 2660 3083 :
2691 3039 2746 3084 at
2792 3041 2981 3084 neutra
3029 3029 3082 3083 in
3123 3030 3334 3085 thorum
3384 3032 3526 3100 regis
3566 3029 3803 3086 admissa

2229 3134 2332 3187 est,
2359 3123 2488 3193 quin
2516 3121 2664 3193 prius
2687 3123 2934 3188 haeresim,
2962 3137 3112 3178 suam
3139 3122 3427 3193 ejurasset.
3460 3124 3502 3178 E
3529 3127 3804 3181 contrario

543 3218 819 3274 officiariis
851 3219 1182 3287 judicarent,
1217 3228 1273 3273 ut
1322 3233 1386 3284 ex
1423 3216 1655 3286 antiquis
1694 3215 1932 3280 formulis
1974 3214 2121 3270 aliis-
2151 3224 2196 3286 (ζ
2231 3227 2534 3270 nostrorum
2566 3230 2749 3284 regum
2785 3215 2906 3270 filim
2945 3216 3150 3271 exteris
3195 3215 3411 3287 regibus
3459 3229 3490 3269 a
3536 3216 3805 3272 catholica

542 3327 647 3380 que
676 3310 945 3366 veteribus
977 3311 1170 3372 passim
1202 3309 1563 3366 monumentis
1591 3348 1607 3365 .
1639 3308 1802 3360 immo
1823 3315 1876 3358 et
1896 3321 1960 3361 ex
1989 3305 2125 3361 Gre-

545 3402 696 3471 gorio
725 3411 910 3456 nastro
939 3412 1142 3456 certum
1171 3409 1272 3465 est,
1301 3416 1421 3455 cum
1453 3399 1552 3468 ipsi
1575 3398 1641 3453 de
1663 3397 1955 3466 majoribus
1973 3411 2124 3467 regni

543 3493 724 3548 causis
753 3493 1071 3546 sententiam
1098 3491 1321 3560 ferrent.

622 3584 710 3636 l7.
751 3583 1024 3638 Neminem
1057 3582 1196 3636 enim
1221 3583 1272 3636 iu
1302 3581 1416 3636 suis
1441 3580 1616 3648 regnis
1638 3578 1894 3648 majorem
1919 3577 2125 3645 episco-

548 3678 631 3744 pis
658 3677 1018 3745 agnoscebant
1039 3689 1192 3743 reges
1220 3674 1410 3736 nostri,
1433 3687 1564 3740 quos
1588 3671 1784 3726 Christi
1804 3669 2048 3731 vicarios,
2073 3676 2127 3720 et

551 3766 929 3836 mysteriorum
967 3765 1058 3818 Del
1107 3763 1503 3835 dispensatores
1543 3776 1668 3816 esse
1691 3761 1955 3813 scit-bant.
1991 3756 2125 3810 llinc

551 3857 706 3924 primi
735 3856 788 3910 in
821 3855 1026 3923 placitis
1056 3855 1390 3919 adsidebant,
1421 3866 1717 3921 eorumque
1743 3849 1961 3908 nomina
1992 3858 2120 3902 ante

551 3946 817 4014 quoslibet
838 3947 972 4001 alios
995 3948 1434 4001 recensebantur.
1452 3945 1619 4000 Filios
1646 3959 1830 4012 regum
1859 3943 1958 4010 ipsi
1982 3957 2012 3996 e
2041 3955 2130 3996 sa-

549 4052 642 4090 cro
669 4042 813 4092 fonte
841 4037 1232 4106 suscipiebant:
1263 4037 1328 4092 ad
1359 4051 1596 4090 mensam
1629 4036 1831 4105 regiam
1863 4048 1971 4086 non
2003 4046 2129 4086 raro

548 4131 709 4182 etiam
757 4127 1142 4192 invitabantur,
1175 4141 1469 4196 eorumque
1507 4124 1974 4188 benedictionibus
2007 4138 2127 4175 tnu-

549 4221 652 4273 niri
686 4233 839 4290 reges
870 4219 971 4288 ipsi
1002 4217 1329 4288 ﬂagitabant.
1359 4218 1508 4272 Unde
1543 4217 1829 4286 aliquando
1855 4214 2128 4282 Chilperi-

550 4326 646 4364 cus
678 4327 793 4376 rex,
821 4322 876 4364 ut
903 4311 1028 4365 olim
1060 4309 1228 4364 Jacob
1249 4309 1315 4363 ad
1341 4310 1621 4379 angelum,
1654 4323 1713 4362 se
1743 4322 1848 4374 non
1877 4307 2129 4359 dimissu-

550 4419 668 4455 rum
701 4403 1021 4472 Gregorium
1069 4411 1309 4456 nostrum
1356 4399 1617 4465 asseruit,
1652 4400 1753 4452 nisi
1795 4397 1941 4468 prius
1969 4398 2037 4450 ab
2065 4411 2131 4451 eo

549 4496 975 4550 benedictionem
1010 4493 1322 4561 recepisset.
1347 4493 1476 4556 Qua:
1503 4505 1686 4559 regum
1719 4498 2018 4556 nostrorum
2048 4500 2130 4540 re-

2232 3308 2336 3362 fide
2364 3306 2554 3362 alienis
2585 3307 2638 3360 in
2678 3307 3022 3360 matrimonio
3051 3306 3360 3371 collocatae,
3392 3320 3544 3360 suam
3590 3304 3805 3375 religio.

2231 3413 2353 3453 nem
2384 3397 2688 3451 inviolatam
2721 3399 3200 3464 intemeratamque
3222 3406 3614 3452 servaverunt:
3644 3407 3806 3466 atque

2231 3489 2334 3544 hoc
2366 3488 2594 3558 primum
2628 3487 3062 3556 praecipuumque
3090 3486 3572 3541 matrimonialium
3621 3497 3808 3556 pacto-

2230 3596 2348 3636 rum
2374 3579 2489 3643 fuit,
2514 3589 2574 3633 ut
2601 3593 2714 3634 suae
2742 3578 3014 3647 religionis
3039 3577 3271 3633 liberum
3302 3578 3622 3634 exercitium
3656 3581 3806 3650 regi-

2233 3688 2317 3726 na:
2344 3671 2447 3724 illm
2470 3670 2753 3724 baberent:
2778 3668 2918 3738 quod
2948 3667 3162 3737 quidem
3193 3678 3405 3736 pactum
3434 3684 3558 3724 cum
3587 3670 3809 3724 Amala-

2233 3765 2394 3824 ricus,
2419 3761 2505 3829 qui
2533 3759 2853 3815 Cblottldem
2883 3759 3174 3814 Cblodovei
3197 3761 3370 3828 magni
3399 3760 3561 3814 filiam
3581 3761 3806 3818 duxerat

2233 3867 2479 3918 uxorem,
2504 3851 2705 3905 violare
2735 3859 3013 3919 tentasset,
3038 3859 3230 3915 morte,
3259 3867 3420 3921 quam
3449 3853 3498 3907 ei
3524 3853 3807 3908 Chlotildis

2235 3945 2427 3999 fratres
2455 3945 2768 4006 intulerunt,
2802 3944 3078 4012 perfidiam
3109 3958 3260 3998 suam
3291 3945 3458 3998 eluit:
3484 3947 3572 3999 illa
3603 3959 3729 3999 vero
3753 3944 3808 3999 in

2232 4039 2336 4092 fide
2380 4037 2640 4091 catholica
2691 4036 3123 4090 constantissime
3175 4036 3558 4104 perseveravit.
3614 4035 3807 4091 Iisdem

2237 4131 2634 4187 conditionibus
2663 4129 2972 4186 Chlotsinda
2992 4171 3008 4196 ,
3038 4130 3298 4185 Cblotarii
3330 4131 3350 4185 Ι
3401 4132 3506 4186 ﬁlia
3527 4172 3542 4196 ,
3573 4132 3806 4186 Alboino

2237 4223 2702 4293 Langobardorum
2750 4222 2895 4290 regi,
2945 4223 3195 4291 lngundis
3247 4222 3646 4293 Hermenigildo
3696 4221 3807 4291 regi

2235 4314 2680 4383 Wisigotthorum
2712 4313 2764 4366 in
2797 4313 3071 4380 Hispania,
3096 4321 3152 4366 et
3181 4313 3377 4368 Bertlta
3405 4312 3719 4368 Cantiorum
3751 4311 3804 4366 in

2241 4406 2429 4473 Anglia
2473 4404 2585 4473 regi
2618 4413 2944 4471 nupserunt;
2977 4418 3098 4472 quae
3123 4403 3335 4471 quidem
3365 4403 3562 4474 regina:
3586 4417 3808 4467 omnes.

2237 4512 2340 4552 non
2362 4495 2532 4551 solum
2555 4495 2872 4549 catholicam
2903 4494 3060 4548 fidem
3085 4505 3484 4564 perseveranter
3503 4494 3810 4562 coluerunt,

550 4589 676 4656 ligio
707 4602 770 4641 ac
801 4587 970 4656 pietas
997 4601 1090 4640 eos
1114 4583 1299 4648 movit,
1329 4593 1389 4637 ut
1411 4599 1516 4636 non
1547 4582 1717 4636 solum
1745 4580 1946 4650 priscas
1973 4578 2131 4634 cleri-
2160 4596 2210 4654 ι)
2235 4586 2328 4638 sed
2356 4600 2473 4640 eam
2500 4599 2714 4655 quoque
2743 4584 2873 4638 viris
2895 4585 3005 4638 suis
3037 4585 3380 4653 inspirarunt,
3414 4585 3654 4655 adeoque
3683 4600 3809 4654 geno

551 4692 739 4730 torum
775 4677 1244 4744 Ecclesiarumque
1277 4673 1673 4740 immunitates,
1706 4685 1825 4740 qua:
1855 4670 1922 4724 ab
1952 4670 2126 4738 impe-

554 4765 827 4819 ratoribus
854 4780 1128 4818 concrssm
1153 4764 1386 4830 fuerant,
1417 4767 1802 4819 confirmarent
1827 4802 1842 4826 ,
1869 4760 1961 4814 sed
1992 4768 2046 4814 et
2072 4770 2131 4813 ut

559 4872 726 4911 novas
756 4859 918 4912 etiam
948 4851 1221 4910 veteribus
1247 4857 1560 4924 adjicerent.
1587 4853 1868 4908 itetneneis
1895 4853 2129 4908 Ecclesia

554 4948 605 5000 in
632 4962 734 5016 qua
767 4945 980 5001 fuerant
1025 4947 1076 5000 in
1122 4944 1337 4999 Cbzisto
1378 4945 1657 5014 generati,
1691 4943 1849 4999 simul
1892 4952 1946 4998 et
1985 4942 2127 4996 beati

554 5037 784 5107 Remigii
813 5039 1125 5090 corumdem
1157 5037 1382 5104 apostoli
1421 5036 1667 5100 basilica,
1703 5035 1848 5087 omni
1881 5033 2129 5087 immuni-

556 5140 666 5183 tate
691 5128 1033 5199 gaudebant,
1065 5138 1200 5183 teste
1242 5127 1573 5181 Frodoardo.
1612 5125 1803 5179 Na’rrat
1839 5125 2132 5194 Gregorius

557 5222 694 5275 lihro
728 5236 784 5275 ιιι
815 5218 1064 5276 Historiae
1091 5261 1106 5285 ,
1149 5220 1322 5288 capite
1349 5217 1449 5282 ‘25,
1479 5233 1540 5272 ea
1569 5219 1744 5272 omnia
1776 5231 1894 5286 quae
1923 5218 1992 5268 ab
2018 5216 2130 5269 Ar-

559 5329 849 5369 vernorum
881 5313 1136 5368 Ecclesiis
1163 5314 1292 5366 fisco
1321 5312 1472 5365 reddi
1504 5318 1912 5371 consueverant,
1945 5308 2075 5374 ipsis
2107 5321 2135 5360 a

555 5389 937 5462 'fbsodeberto
984 5415 1111 5475 rege
1158 5403 1361 5458 indulta
1406 5404 1603 5468 fuisse;
1637 5403 1777 5470 quod
1825 5400 2138 5455 Childeber-

559 5507 647 5551 tus
674 5497 710 5550 ll
729 5538 747 5566 ,
776 5497 870 5552 lib.
899 5514 925 5552 x
949 5537 964 5561 ,
993 5499 1167 5566 capite
1197 5499 1227 5552 7
1249 5537 1264 5562 ,
1295 5483 1644 5552 confirmasse
1685 5506 2034 5548 memoratur.
2068 5493 2140 5545 At

558 5587 900 5643 Turonenses
929 5603 1032 5640 non
1060 5587 1217 5642 modo
1246 5586 1449 5653 clerici,
1478 5586 1570 5642 sed
1603 5596 1656 5640 et
1685 5586 1828 5639 cives
1851 5597 2039 5636 omnes
2060 5621 2075 5642 ,
2105 5596 2134 5632 a

558 5682 746 5750 quovis
775 5679 970 5735 tributo
994 5679 1316 5734 erant-liberi
1336 5679 1404 5731 ob
1429 5678 1781 5735 reverentiam
1807 5677 1976 5731 sancti
1997 5677 2137 5730 Mar-

562 5773 676 5828 tini.
705 5773 756 5830 Si
783 5783 954 5828 autem
983 5771 1271 5851 aliquando
1300 5772 1558 5828 fiscalium
1591 5769 1956 5826 ministrorum
1986 5771 2132 5840 cupi-

2236 4677 2377 4731 tibus
2428 4678 2569 4730 inter
2623 4690 2758 4744 quas
2799 4676 2927 4744 ipste
2956 4676 3331 4729 versabantur.
3362 4675 3614 4730 Hortatur
3650 4691 3711 4730 ea
3743 4676 3811 4732 de

2235 4785 2295 4824 re
2314 4768 2571 4832 Nicetius,
2589 4768 2934 4822 Trevirorum
2962 4769 3334 4822 sanctissimus
3363 4767 3619 4833 antistes,
3647 4767 3813 4821 Cblo-

2238 4858 2466 4916 tsindam
2495 4858 2546 4911 in
2578 4857 2822 4927 epistola,
2855 4857 2906 4910 in
2933 4857 3232 4926 appendice
3258 4857 3343 4911 hic
3367 4858 3555 4922 relata,
3589 4865 3644 4910 ut
3671 4856 3813 4910 scili-

2237 4964 2319 5002 cet
2349 4965 2452 5003 non
2481 4950 2655 5004 solum
2683 4950 2959 5018 religionis
2985 4963 3096 5003 sua
3126 4950 3486 5018 integritatem
3529 4950 3816 5004 virtutibus

2239 5056 2291 5097 et
2321 5044 2442 5094 vitae
2465 5042 2815 5095 sanctimonia
2858 5050 3236 5107 conservaret,
3265 5057 3446 5094 verum
3483 5042 3642 5094 etiam
3674 5050 3726 5094 ut
3763 5051 3815 5095 et

2242 5135 2521 5186 veritatem
2573 5133 2691 5199 ejus
2720 5131 2838 5185 viro
2863 5145 2994 5196 sun,
3025 5132 3254 5186 Alboino
3297 5132 3445 5199 regi,
3481 5140 3534 5184 et
3569 5131 3816 5184 omnibus

2244 5224 2608 5290 Langobardis
2642 5224 2742 5292 ipsi
2774 5223 3031 5292 subjectis
3053 5222 3376 5290 persuadere
3412 5233 3718 5277 conaretur.
3752 5222 3816 5276 Et

2243 5319 2458 5384 quidem
2492 5317 2616 5371 licet
2645 5315 2960 5370 infructuosi
2994 5316 3188 5368 fuerint
3229 5314 3460 5368 Alboino
3487 5314 3816 5369 Chlotsindze

2245 5418 2499 5470 conatus,
2532 5420 2652 5473 qua:
2681 5415 2854 5458 tamen
2884 5404 2993 5472 ipsa
3022 5411 3150 5457 tunc
3179 5404 3565 5468 seminaverat,
3598 5414 3777 5471 postea
3798 5443 3816 5470 ,

2249 5505 2305 5548 ut
2335 5496 2547 5563 quidem
2578 5493 2884 5550 existimare
2908 5494 3055 5557 licet,
3081 5493 3503 5562 pullulaveruut,
3533 5506 3656 5546 cum
3687 5495 3819 5546 alte-

2244 5588 2352 5640 rius
2385 5588 2582 5654 regina
2621 5601 2690 5639 ex
2736 5593 2897 5654 gente
2938 5584 3304 5651 Francorum,
3359 5593 3586 5640 testante
3633 5596 3818 5638 nostro

2241 5678 2524 5746 Gregorio,
2549 5677 2806 5742 oriundae,
2839 5677 3220 5732 Theodelindze
3247 5676 3470 5741 scilicet,
3503 5691 3665 5729 suasu
3693 5675 3812 5743 Agi-

2240 5770 2396 5827 lalfus
2421 5786 2537 5826 cum
2571 5778 2727 5838 gente
2766 5770 2864 5829 sibi
2897 5771 3106 5826 subdita
3135 5769 3254 5824 fidei
3287 5767 3563 5824 catholica:
3602 5770 3814 5824 confer
3856 5772 3858 5774 ’
