4070 6186
463 268 532 322 ,5
1921 250 2307 308 rumne.
2369 249 2372 252 ·
3665 260 3738 317 ss

463 384 662 437 sionem
695 377 973 448 amplexus
1013 382 1114 433 est.
1168 373 1310 430 Idem
1339 369 1562 442 contigit
1607 367 1746 438 apud
1783 365 2041 448 Wisigot-
2070 370 2120 426 Α
2147 364 2241 418 sed
2273 363 2427 421 unica
2455 363 2776 422 auctoritate
2803 380 2985 438 regum
3019 367 3187 426 fuisse
3215 367 3484 427 insututos
3511 367 3737 430 innuero

463 474 614 536 tltos;
641 441 927 524 seminavit
956 465 1233 522 Chlotildis
1253 505 1268 528 ,
1296 477 1416 533 quae
1458 441 1622 517 etiam
1657 457 1932 526 sanguinis
1960 441 2045 511 siti

460 564 715 618 effusione
740 560 862 616 fidei
878 560 1156 616 catholica
1173 557 1451 612 veritatem
1471 554 1771 609 Amalarico
1788 559 2047 618 regnante

459 656 705 712 asseruit.
741 654 985 724 lrrigavit
1008 651 1281 722 lngundis,
1306 665 1426 703 cum
1458 644 1902 715 llermenegildus
1929 642 2046 712 ejus

459 749 674 818 cuujux,
704 747 901 801 Ariana
937 745 1130 799 haeresi
1155 746 1360 808 eiurata
1386 783 1400 806 ,
1441 740 1509 794 ad
1535 739 1693 793 ﬁdem
1722 735 2044 792 catholicam

458 840 683 894 accessit
708 855 722 891 :
746 849 800 892 at
824 839 1016 892 messis
1045 836 1254 904 integra
1276 839 1597 904 c0ugrcgata
1625 829 1744 894 fuit,
1768 842 1890 882 cum
1910 826 2047 880 liee-

458 930 653 988 caredo
683 945 809 998 rege
840 940 946 983 tota
980 927 1435 994 Wisigotthorum
1468 937 1600 992 geus
1639 919 1919 987 catholicae
1944 916 2047 971 Ec—

460 1020 637 1074 clesiae
664 1033 862 1074 nomen
895 1016 1064 1070 dedit.
1095 1014 1203 1067 Nec
1233 1014 1408 1066 minus
1430 1010 1705 1065 feliciores
1733 1008 1879 1064 fuere
1918 1007 2046 1061 Ber-

460 1113 564 1172 tbze
605 1113 658 1180 in
692 1111 880 1180 Anglia
913 1117 1171 1173 conatus,
1218 1122 1338 1176 qua:
1367 1107 1540 1158 virum
1587 1117 1741 1157 suum
1763 1146 1777 1170 ,
1815 1101 2042 1170 primum

460 1178 670 1274 quidem
718 1178 927 1256 morum
970 1199 1236 1253 suavitate
1267 1196 1486 1252 lenitum
1506 1237 1520 1262 ,
1567 1209 1629 1249 ac
1659 1205 1842 1262 postea
1870 1192 2043 1247 sancti

459 1287 738 1361 Augustini
767 1294 1100 1362 aliorumque
1149 1294 1532 1347 monachorum
1563 1304 1592 1344 a
1623 1287 1883 1357 Gregorio
1930 1286 2044 1341 Ma-

461 1401 562 1457 gno
594 1401 659 1440 ex
691 1384 841 1440 Italia
871 1383 1161 1438 missorum
1189 1379 1657 1452 prmdicationibus
1678 1375 2043 1432 Christianum

460 1479 654 1530 factum
687 1475 872 1531 videre
901 1475 1115 1526 meruit.
1141 1474 1314 1541 Atque
1349 1472 1442 1535 ita,
1467 1471 1626 1540 juxta
1652 1467 1893 1534 Apostoli
1921 1482 2044 1520 sien-

459 1565 698 1627 teutiam,
733 1564 832 1619 viri
865 1563 1112 1617 inﬁdeles
1140 1577 1168 1616 a
1195 1562 1508 1617 mulieribus
1538 1558 1784 1613 ﬁdelibus
1807 1557 2045 1612 sanctiﬁ-

461 1656 585 1722 cati,
618 1655 913 1710 Ecclesiam
945 1654 1268 1710 catholicam
1314 1668 1409 1724 per
1441 1662 1604 1705 totam
1631 1653 1742 1706 fere
1773 1651 2040 1716 Eumpam

2151 455 2381 510 videtur.
2418 456 2615 512 Verum
2645 458 2688 512 si
2712 458 2956 528 Gregorii
2988 460 3176 526 verba.
3208 476 3402 534 resque
3428 463 3497 520 ab
3523 480 3588 521 eo
3617 482 3741 522 nar-

2153 557 2296 602 ratas
2330 548 2488 615 paulo
2527 550 2830 614 accuratius
2863 551 3270 618 perpendamus,
3306 569 3493 609 eorum
3534 565 3739 628 tempo-

2149 655 2264 708 rum
2296 639 2632 707 disciplinam
2682 641 2839 694 talem
2874 642 3035 697 fuisse
3072 643 3582 712 animadvertemus,
3613 664 3737 720 quin

2149 733 2221 787 ita
2264 749 2446 802 regum
2487 735 2790 794 auctoritati
2833 736 3143 807 providerit,
3178 746 3235 790 ut
3264 753 3527 794 canonum
3567 745 3741 796 eccle-

2147 823 2486 878 siasticorum
2514 825 2748 893 vigorem
2778 841 2883 879 non
2915 826 3262 882 convelleret.
3289 830 3353 884 Et
3373 832 3586 899 quidem
3613 848 3736 888 cum

2149 925 2296 970 tanta
2327 927 2451 986 tunc
2483 927 2648 980 esset,
2677 918 2753 970 uti
2782 933 2847 971 ex
2874 917 3136 988 Gregorio
3175 920 3598 988 observavimus,
3625 926 3736 992 epi-

2147 1023 2431 1078 scOpurum
2466 1008 2515 1061 in
2549 1023 2714 1080 regno
2754 1010 3042 1064 auctoritas
3083 1020 3136 1064 et
3166 1009 3420 1082 dignitas,
3455 1014 3589 1067 nihil
3630 1028 3735 1068 non

2146 1099 2312 1168 magis
2340 1100 2528 1153 rationi
2554 1108 2608 1153 et
2630 1099 2865 1169 aequitati
2896 1111 3316 1158 consentaneum
3345 1103 3462 1168 fuit,
3486 1119 3644 1172 quam
3680 1113 3735 1158 ut

2146 1205 2304 1245 nemo
2328 1189 2444 1244 sine
2467 1189 2606 1260 regis
2632 1173 2900 1246 consensu
2927 1201 2979 1245 et
3009 1194 3325 1248 auctoritate
3353 1193 3492 1248 hunc
3512 1195 3733 1266 gradum

2145 1281 2565 1350 adipisceretur;
2606 1282 2749 1337 sicut
2798 1294 2850 1338 et
2887 1298 2956 1338 ex
2998 1285 3166 1338 altera
3206 1294 3392 1355 parte,
3435 1287 3482 1341 si
3520 1287 3736 1358 quidem

2140 1374 2290 1448 juxta
2321 1389 2505 1429 eorum
2539 1385 2838 1445 temporum
2863 1375 3200 1446 disciplinam
3227 1379 3480 1434 Ecclesia:
3501 1382 3734 1436 viduata:

2143 1453 2424 1530 elecﬁonis
2465 1466 2714 1522 libertate
2747 1455 3075 1536 gauderent,
3103 1483 3313 1539 :equum
3342 1471 3500 1524 etiam
3540 1482 3655 1527 erat
3683 1483 3739 1526 ut

2145 1557 2251 1611 illa:
2279 1561 2389 1612 suis
2417 1559 2666 1628 legitimis
2701 1559 2909 1628 juribus
2950 1559 3271 1616 fruerentur.
3319 1561 3407 1616 Sic
3428 1572 3606 1617 autem
3648 1581 3736 1620 res

2141 1651 2417 1720 agebatur.
2450 1651 2709 1706 Defuncto
2736 1653 3010 1721 episcopo,
3043 1653 3234 1708 electio
3261 1655 3590 1708 successoris
3629 1665 3736 1710 sta-

461 1749 871 1818 ampliﬁcarunt.
899 1748 1014 1803 lam
1039 1749 1234 1817 quippe
1259 1757 1416 1800 antea
1442 1744 1853 1813 Burgundiones
1884 1742 2042 1796 ﬁdem
2075 1729 2122 1788 Β
2151 1741 2242 1794 tim
2289 1742 2341 1796 in
2384 1756 2444 1795 ea
2486 1741 2648 1796 ﬁebat
2674 1742 2908 1805 civitate,
2945 1759 3062 1812 quae
3105 1755 3215 1798 erat
3250 1756 3466 1812 pastore
3491 1745 3736 1812 viduata;

458 1841 774 1894 Catholicam
799 1839 1031 1907 amplexi
1068 1838 1297 1902 inerant,
1326 1845 1382 1891 et
1414 1835 1467 1890 id
1497 1834 1826 1890 Francorum
1859 1849 2044 1888 exem-

463 1931 566 1998 plo,
596 1945 661 1983 ac
686 1930 910 1999 Remigii
932 1944 1117 1984 eorum
1143 1929 1364 1998 apustoli
1387 1927 1764 1981 miraculorum
1798 1927 1932 1979 fama
1967 1928 2017 1978 in

459 2019 629 2083 ducti,
655 2019 798 2089 quod
825 2021 940 2088 ipse
969 2021 1155 2072 Avitus
1193 2019 1242 2071 in
1273 2018 1558 2071 collatione
1587 2027 1772 2070 contra
1813 2016 2045 2068 Ariaros

460 2121 724 2178 ι›ι·ιε›ειιιθ
745 2110 1098 2166 Gundobaldo
1128 2125 1255 2179 rege
1284 2108 1422 2164 facta
1456 2117 1763 2163 attestatur.
1795 2108 1866 2162 Ut
1896 2108 2043 2161 nulla

459 2211 768 2269 superesset
798 2203 848 2256 in
880 2210 992 2256 toto
1019 2199 1311 2255 Occidente
1339 2199 1633 2268 provincia,
1667 2212 1788 2265 qute
1817 2195 2043 2250 Francis

462 2297 688 2348 Salutem
720 2308 870 2348 suam
901 2308 1005 2347 non
1036 2293 1276 2357 deberet,
1314 2292 1452 2346 unde
1477 2307 1579 2345 non
1612 2289 1882 2354 immerito
1914 2287 2044 2343 Gre-

461 2385 661 2452 gorius,
696 2400 756 2439 re
778 2385 948 2438 multo
975 2386 1146 2452 magis
1178 2398 1334 2452 quam
1365 2380 1579 2435 nomine
1601 2379 1836 2449 Magnus,
1861 2379 1956 2434 lib.
1990 2395 2042 2443 v,

462 2475 686 2542 epistola
733 2474 794 2539 6,
841 2476 1164 2543 prmclarum
1200 2475 1300 2528 hoc
1341 2474 1407 2527 de
1457 2472 1786 2526 Francorum
1834 2470 2046 2540 regibus

463 2565 679 2633 protulit
709 2564 943 2619 eﬁ'atum.
985 2564 1186 2630 Quanto
1216 2573 1421 2616 cwteros
1447 2561 1675 2614 homines
1701 2561 1840 2632 regia
1874 2561 2045 2629 digni-

464 2667 538 2709 tas
581 2658 870 2723 antecedit,
924 2667 1068 2710 tanta
1115 2667 1411 2711 ewterarum
1461 2655 1686 2726 gentium
1719 2670 1874 2724 regna
1903 2654 2047 2724 regni

469 2745 785 2802 Francorum
814 2751 1014 2802 culmen
1045 2749 1264 2802 excellit.

532 2837 623 2892 l9.
668 2838 834 2893 Tanta
876 2846 1054 2893 autem
1095 2847 1211 2893 erat
1248 2846 1304 2894 et
1342 2851 1536 2905 regum.
1565 2845 1619 2891 et
1656 2835 1805 2906 regni
1846 2835 1898 2890 in
1935 2834 2046 2890 Ro-

464 2946 680 2984 manum
723 2929 1027 2998 pontificem
1075 2929 1408 2992 reverentia,
1467 2935 1525 2982 ut
1562 2927 1725 2992 licet,
1769 2939 1864 2993 pro
1903 2939 2049 2978 more

465 3031 588 3078 tunc
616 3024 871 3093 temporis
899 3032 1135 3092 recepto,
1168 3021 1403 3090 episcOpi
1428 3033 1614 3074 onmes
1640 3016 1904 3088 apostolici
1931 3017 2042 3081 viri,

2153 1842 2262 1902 tum
2295 1834 2404 1900 ille,
2443 1835 2495 1886 in
2522 1851 2680 1905 quem
2712 1835 2960 1905 soliragia
3002 1848 3387 1903 convenerant,
3428 1849 3518 1892 aut
3545 1839 3741 1908 aliquis

2148 1927 2262 1994 ejus
2289 1927 2524 1994 nomine,
2552 1929 2666 1982 sive
2694 1929 2782 1982 alii
2811 1929 2876 1982 ab
2908 1930 3016 1997 ipsa
3044 1930 3277 1984 Ecclesia
3302 1930 3491 1985 delecti
3523 1931 3736 1988 deferea

2150 2015 2275 2070 bant
2297 2016 2361 2070 ad
2386 2031 2562 2086 regem
2585 2016 2863 2071 electionis
2892 2018 3265 2083 instrumenta,
3289 2034 3409 2088 qua:
3429 2021 3476 2073 si
3503 2020 3736 2090 legitima

2143 2107 2439 2174 judicaret.
2473 2107 2712 2175 nihilque
2755 2107 2806 2159 in
2835 2107 3100 2161 electione
3128 2108 3378 2162 vitiosum
3411 2110 3732 2174 adverteret,

2147 2194 2463 2249 admittebat
2501 2196 2848 2260 electionem;
2879 2205 2970 2247 aut
3008 2210 3124 2249 eam
3156 2195 3360 2250 irritant
3393 2198 3665 2262 reddebat,
3693 2202 3736 2253 si

2149 2290 2285 2342 forte
2325 2288 2469 2342 cives
2515 2288 2566 2340 in
2620 2301 2902 2354 personam
2952 2287 3052 2341 sibi
3085 2297 3176 2340 aut
3222 2304 3390 2357 regno
3434 2303 3735 2357 suspeetam

2148 2380 2564 2434 consensissent.
2607 2377 2741 2441 Rex,
2782 2379 3010 2432 admissa
3043 2379 3323 2448 electione,
3364 2381 3632 2436 scribebat
3671 2384 3738 2438 ad

2149 2469 2613 2537 metropolitanum
2653 2469 2956 2538 epistolam,
2997 2485 3102 2538 qua
3140 2471 3187 2525 ei
3227 2469 3450 2542 ejusque
3487 2488 3739 2536 compro-

2150 2561 2462 2615 vincialibus
2487 2561 2751 2630 episcopis
2780 2577 2976 2615 novum
3002 2563 3310 2631 episcopum
3339 2563 3617 2618 ordinandi
3643 2578 3740 2633 po-

2153 2661 2397 2706 testatem
2426 2651 2670 2705 faciebat.
2700 2652 2823 2705 limo
2850 2652 3026 2705 omnia
3057 2667 3199 2707 anno
3226 2653 3328 2707 δάε)
3353 2657 3535 2723 paucis
3561 2655 3742 2712 verbis

2150 2757 2465 2812 expressae
2489 2743 2670 2819 Patres
2695 2742 2918 2798 Concilii
2947 2761 2976 2797 v
3000 2743 3399 2799 Aurelianensis
3418 2761 3620 2802 canone
3640 2752 3703 2800 10
3719 2792 3736 2806 .

2152 2835 2278 2890 Cum
2319 2836 2572 2889 voluntate
2618 2835 2772 2902 regis,
2791 2839 2946 2907 juxta
2979 2837 3272 2900 electionem
3307 2839 3430 2891 cleri
3460 2857 3520 2892 ac
3555 2841 3740 2910 plebis,

2151 2927 2284 2981 sicut
2307 2927 2358 2980 in
2379 2927 2601 2996 antiquis
2631 2928 2909 2982 canonibus
2930 2939 3128 2982 tenetur
3146 2931 3413 2999 scriptum,
3434 2948 3467 2986 a
3493 2943 3748 3002 metropo-

2156 3018 2343 3081 litano,
2379 3017 2456 3070 vel
2487 3034 2633 3086 quem
2664 3017 2715 3070 in
2745 3019 2851 3071 vice
2876 3034 2968 3071 sua
3006 3021 3329 3089 promiserit,
3363 3038 3479 3075 cum
3511 3039 3747 3092 compro-

465 3125 552 3167 sut
577 3129 728 3183 papa:
755 3121 1223 3180 nuncuparentur;
1255 3125 1412 3165 nemo
1445 3120 1622 3164 tamen
1655 3123 1717 3162 ex
1751 3107 1828 3160 eis
1860 3113 2052 3174 prmter
2076 3095 2124 3156 C
2157 3107 2454 3160 vincialibus
2481 3109 2708 3175 pontifex
2737 3118 3100 3164 consecretur:
3129 3127 3288 3180 quam
3319 3117 3554 3181 regulam
3593 3131 3747 3170 exse-

468 3203 765 3258 Romanum
809 3203 1128 3273 pontiﬁcem,
1170 3219 1322 3272 papa,
1366 3199 1419 3253 id
1459 3211 1538 3253 est
1606 3197 1841 3252 omnium
1883 3205 2051 3264 pater,

469 3296 710 3351 abSolute
738 3296 1022 3351 diceretur.
1048 3295 1177 3349 ltem
1203 3294 1344 3348 sedis
1385 3291 1692 3362 apostolica:
1719 3291 1935 3344 nomine
1962 3289 2055 3342 de-

470 3387 776 3455 signabatur
801 3389 892 3455 per
913 3387 1284 3441 excellentiam
1308 3383 1545 3439 Romana
1569 3382 1833 3447 Ecclesia,
1861 3389 1919 3442 ut
1945 3389 2053 3434 tum

471 3492 531 3530 ex
567 3490 754 3532 nostro
784 3479 1067 3547 Gregorio,
1114 3488 1223 3532 tum
1263 3493 1330 3533 ex
1370 3477 1531 3532 variis
1569 3476 1808 3530 conciliis
1848 3475 2055 3529 illorum

474 3576 774 3635 temporum
802 3580 1029 3623 constat.
1057 3570 1227 3638 Atque
1255 3568 1398 3634 inde,
1423 3577 1478 3623 et
1507 3567 1646 3637 quod
1674 3568 1913 3636 plerique
1937 3565 2057 3618 bar-

471 3657 582 3712 bari
608 3660 876 3713 ltzcreseos
897 3660 1012 3714 tabe
1036 3660 1217 3714 infecﬁ
1241 3668 1444 3721 essent,
1467 3658 1826 3711 Romanorum
1845 3655 2059 3712 nomine

473 3750 738 3813 catholici,
765 3751 923 3804 etiam
956 3752 1022 3804 ab
1047 3751 1176 3817 ipsis
1204 3749 1487 3814 haereticis,
1518 3749 1913 3803 iudicabantur.

540 3843 631 3896 20.
675 3841 726 3896 Is
753 3844 929 3911 itaque
956 3853 1090 3908 erat,
1125 3843 1388 3897 referente
1417 3841 1673 3912 Greg-~rio
1705 3854 1908 3904 nostro,
1936 3839 2060 3894 Gaf-

475 3930 661 3984 liarum
686 3942 855 3987 status
885 3935 983 3987 sub
1007 3934 1314 3988 Cblodoveo
1363 3935 1552 4003 Magno
1579 3933 1801 4002 ejusque
1849 3933 1972 3986 ﬁliis
1998 3950 2060 3988 ac

478 4024 778 4091 nepotibus.
813 4023 919 4078 Sed
944 4025 1050 4092 jam
1079 4039 1144 4078 ex
1172 4023 1271 4078 hoc
1297 4025 1413 4093 ipso
1437 4033 1656 4079 auctOre
1687 4025 2057 4095 inquirendum

475 4121 573 4173 est,
603 4128 846 4181 quautam
881 4122 1003 4167 tunc
1027 4115 1282 4182 temporis
1308 4115 1510 4184 vigeret
1538 4114 1674 4180 apud
1701 4115 1936 4169 Francns
1962 4116 2062 4170 Ec-

473 4203 652 4257 clesite
676 4203 979 4272 disciplina.
1024 4206 1087 4258 Et
1113 4205 1285 4274 primo
1306 4205 1520 4274 quidem
1551 4205 1923 4274 episcoporum
1953 4207 2064 4261 ele-.

475 4292 678 4348 ctiones
707 4293 904 4348 liberas
925 4303 978 4347 et
1003 4295 1276 4348 absolutas
1301 4311 1459 4348 nemo
1485 4306 1566 4348 est
1591 4296 1679 4363 qui
1713 4312 1817 4350 non
1841 4297 2058 4363 dixerit,

474 4384 516 4436 si
540 4384 622 4436 vel
645 4384 832 4438 leviter
856 4383 971 4453 ejus
997 4386 1094 4439 mvi
1118 4387 1461 4441 conciliorum
1485 4403 1718 4442 canones
1743 4404 2056 4456 percurrere

2155 3199 2356 3280 οτιιίοῳ
2375 3197 2678 3252 mandatam
2698 3198 2859 3253 fuisse
2877 3200 3077 3254 inﬁnita
3099 3207 3482 3283 propemodum
3504 3205 3746 3277 Gregorii

2159 3291 2272 3343 loca
2301 3289 2546 3357 probant,
2577 3288 2628 3342 in
2658 3288 2849 3358 quibus
2897 3289 3311 3346 instrumentum
3340 3308 3369 3346 a
3400 3295 3614 3349 civibus
3647 3312 3744 3364 pro

2159 3379 2423 3433 electione
2461 3377 2657 3433 factum
2697 3379 2926 3447 appellat
2952 3397 3256 3436 consensum
3281 3385 3498 3451 eiciunt;
3540 3388 3746 3458 regium

2162 3487 2288 3525 vero
2313 3471 2569 3540 diploma,
2600 3481 2930 3544 praeceptum,
2962 3483 3053 3528 aut
3080 3478 3489 3547 prwceptionem,
3521 3479 3636 3536 sive
3666 3483 3748 3538 itt-

2160 3563 2405 3615 diculum.
2439 3561 2590 3617 Hanc
2613 3577 2740 3617 vero
2762 3567 3120 3634 praceptiont's
3146 3583 3330 3623 vocem
3351 3571 3430 3624 sic
3454 3587 3560 3626 tton
3593 3574 3748 3628 intel-

2161 3655 2427 3722 ligendam
2459 3668 2601 3718 esse,
2639 3663 2698 3706 ut
2736 3654 3054 3710 electionem
3095 3660 3375 3731 excludat,
3400 3678 3463 3717 ex
3496 3664 3751 3733 Gregorio

2162 3753 2348 3798 nostro
2385 3753 2559 3812 patet,
2593 3745 2682 3814 qui
2715 3755 2837 3813 post
2869 3748 3101 3800 delatum
3140 3749 3205 3802 ad
3239 3766 3414 3820 regem
3447 3769 3748 3807 consensum

2162 3839 2367 3906 civium,
2395 3854 2547 3892 suam
2573 3840 2965 3908 prwceptionem
2995 3857 3116 3896 eum
3142 3843 3357 3899 dedisse
3382 3848 3575 3913 passim
3604 3864 3752 3904 cout-

2163 3940 2439 3984 memorat.
2483 3929 2618 3996 Quin
2650 3933 2809 3984 etiam
2845 3932 2970 3987 licet
2999 3935 3051 3987 in
3082 3935 3240 4003 regiis
3272 3938 3462 3998 litteris
3493 3954 3587 3994 seu
3610 3956 3747 4009 pra:-

2163 4027 2412 4090 ceptione,
2446 4023 2590 4086 nulla
2623 4023 2774 4078 ﬁeret
2812 4023 3092 4080 electionis
3127 4037 3218 4080 aut
3245 4044 3521 4084 consensus
3553 4047 3752 4098 praece-

2163 4114 2340 4169 dentis
2386 4117 2608 4181 mentio,
2640 4125 2699 4170 ut
2728 4133 2792 4170 ex
2843 4115 3086 4172 formulis
3134 4120 3370 4174 Marculli
3419 4124 3750 4192 colligimus,

2165 4207 2312 4262 illum
2355 4218 2531 4262 tamen
2571 4209 2764 4262 civium
2805 4224 3127 4264 consensum
3167 4227 3223 4266 re
3265 4214 3374 4282 ipsa
3409 4218 3753 4283 praecessisse

2166 4315 2270 4352 non
2298 4298 2468 4353 solum
2500 4315 2566 4352 ex
2591 4298 2867 4368 Gregorio,
2901 4301 2993 4354 sed
3024 4304 3183 4355 etiam
3208 4319 3269 4356 ex
3299 4307 3468 4358 saucti
3494 4307 3755 4363 Desiderii

2164 4390 2504 4444 Caturcensis
2535 4391 2642 4443 vita
2667 4389 2945 4454 discimus.
2977 4391 3030 4444 in
3063 4408 3165 4460 qua
3197 4395 3408 4462 quidem
3439 4396 3554 4449 Vita
3589 4396 3749 4464 regia}

476 4475 638 4539 volet,
661 4491 812 4541 quos.
833 4478 990 4531 etiam
1024 4493 1278 4542 canones,
1306 4495 1372 4534 ne
1409 4479 1587 4534 debita
1629 4482 1708 4533 eis
1731 4481 1918 4538 deesse
1961 4500 2058 4553 pu-
2091 4467 2139 4525 ι)
2168 4483 2357 4535 littera:
2386 4482 2691 4536 referuntur
2717 4481 2782 4536 ad
2807 4483 3108 4551 episcopos,
3136 4492 3265 4548 etc.,
3289 4483 3427 4537 datae
3447 4485 3608 4541 simul
3629 4503 3754 4542 cum

478 4572 619 4620 terur
654 4567 962 4634 auctoritas,
1003 4584 1032 4621 a
1074 4569 1285 4637 regibus
1325 4569 1701 4636 comprobatus
1737 4579 1792 4624 et
1823 4571 2060 4628 ﬁrmatos

480 4659 674 4724 passim
703 4659 947 4729 legimus.
982 4660 1037 4716 Si
1072 4669 1245 4715 tamen
1271 4660 1515 4730 Gregorii
1538 4663 1824 4718 Historiam
1852 4666 2060 4736 aliaque

479 4749 592 4814 ejus
621 4763 783 4816 Opera
812 4751 1148 4815 evolvamus,
1181 4753 1502 4806 contrariam
1534 4755 1754 4808 omnino
1785 4755 1867 4810 his
1896 4772 2062 4810 cano-

479 4841 634 4894 nibus
661 4842 1105 4897 consuetudinem
1134 4854 1257 4897 tunc
1287 4845 1544 4913 temporis
1572 4846 1802 4914 viguisse
1832 4848 2060 4902 nonnul-

481 4930 546 4983 lis
576 4931 862 4990 vidcbitur.
903 4947 1022 4987 cum
1062 4931 1134 4988 ibi
1177 4935 1413 5003 legamus
1451 4935 1648 5002 passim
1689 4937 2057 5005 episcoporum

477 5023 842 5078 successiones
883 5025 1227 5092 praecipiente
1268 5041 1393 5086 rege
1435 5035 1558 5081 tunc
1599 5031 1856 5095 temporis
1895 5029 2062 5084 factas

479 5114 660 5167 fuisse.
703 5112 835 5180 Hic,
864 5116 1050 5183 inquit.
1093 5117 1432 5185 pra’ceptione
1457 5117 1588 5186 regis
1620 5119 1669 5171 in
1702 5120 1931 5187 episizopi
1962 5122 2059 5174 de-

479 5204 641 5259 functi
674 5207 846 5260 locum
878 5218 956 5261 est
985 5209 1306 5263 substitutus
1336 5226 1346 5260 :
1379 5220 1491 5274 aut,
1523 5208 1640 5275 Ille,
1674 5210 1922 5266 defuuCto
1947 5213 2058 5281 epi-

478 5309 640 5361 S—C-tpo
679 5313 710 5352 a
735 5314 859 5366 rege
897 5303 1281 5369 praceptionem
1321 5301 1580 5367 obtinens;
1619 5312 1706 5357 aut
1735 5305 1888 5370 alius,
1917 5307 2057 5373 quod

475 5385 583 5454 jam
633 5400 785 5446 antes
833 5407 860 5443 a
909 5407 1036 5461 rege
1084 5397 1392 5448 mandatum
1444 5396 1790 5461 obtinuisset,
1845 5401 2057 5453 caeteris

480 5480 813 5546 posthabitis,
847 5483 1074 5537 viduatae
1114 5485 1259 5538 urbis
1298 5487 1661 5556 episcopatum
1701 5488 1923 5559 adeptus
1952 5501 2056 5546 est.

479 5571 699 5640 Quibus,
735 5581 826 5626 aut
853 5589 984 5629 sane
1012 5575 1271 5629 similibus
1300 5577 1481 5632 verbis
1510 5593 1629 5632 cum
1664 5581 1829 5634 utitur
1850 5581 2054 5651 Grego-

483 5663 611 5724 rius,
636 5662 914 5733 rpiscopos
945 5680 1050 5721 non
1080 5665 1244 5722 libera
1274 5667 1468 5722 civium
1498 5680 1586 5725 aut
1616 5670 1745 5727 cleri
1765 5672 2052 5738 electione,

2165 4571 2401 4625 indiculo
2443 4570 2508 4624 ad
2537 4570 2827 4638 Sulpicium
2858 4573 3326 4637 metmpolitauum
3355 4588 3370 4628 :
3403 4574 3495 4628 sed
3530 4575 3580 4628 in
3609 4577 3752 4629 iudi-

2163 4661 2286 4714 culo
2317 4676 2410 4715 rex
2440 4676 2506 4716 ne
2533 4660 2752 4716 verbum
2783 4660 2995 4729 quidem
3028 4662 3186 4718 habet
3212 4665 3280 4719 de
3306 4667 3435 4720 cleri
3466 4668 3549 4720 Vel
3583 4669 3753 4736 plebis

2165 4754 2427 4808 electione
2463 4763 2554 4808 aut
2586 4767 2884 4815 consensu,
2918 4756 3129 4810 tametsi
3165 4759 3219 4811 in
3250 4760 3364 4812 suis
3395 4761 3585 4814 litteris
3621 4777 3750 4815 mox

2166 4845 2413 4904 laudatis,
2457 4844 2595 4899 hanc
2636 4846 3023 4910 promutionem
3065 4865 3181 4901 cum
3220 4849 3461 4904 abbatum
3501 4854 3754 4922 totiusque

2168 4938 2292 4990 Cleri
2322 4942 2649 4992 consensione
2675 4937 2868 4992 factam
2903 4941 3066 4995 fuisse
3093 4950 3339 4998 testatur.

2238 5029 2328 5085 2!.
2374 5029 2523 5084 llaud
2556 5039 2729 5084 tamen
2761 5031 2991 5086 difﬁtear
3019 5033 3310 5087 electiones
3351 5050 3380 5088 a
3410 5036 3556 5090 clero
3580 5045 3635 5090 et
3660 5054 3755 5104 po.

2170 5123 2294 5190 pulo
2321 5121 2486 5176 factas
2536 5136 2918 5192 nonnunquam
2951 5139 2980 5178 a
3009 5126 3222 5194 regibus
3251 5127 3533 5196 abrogatas
3565 5129 3757 5197 fuisse,

2169 5213 2254 5266 vel
2295 5214 2437 5280 quod
2478 5213 2666 5268 divisis
2707 5215 2844 5270 inter
2883 5232 2943 5271 se
2973 5217 3264 5271 electorum
3306 5218 3592 5290 suffragiis,
3623 5240 3752 5278 una.

2167 5317 2389 5371 qumque
2408 5317 2530 5371 pars
2549 5316 2670 5356 cum
2692 5319 2791 5358 suo
2809 5305 3085 5360 electionis
3107 5308 3463 5364 instrumento
3483 5311 3550 5365 ad
3573 5328 3752 5381 regem

2166 5394 2512 5462 accessisset,
2544 5393 2629 5448 vel
2656 5395 2796 5463 quod
2827 5395 2982 5450 electi
3016 5412 3243 5466 persona
3281 5401 3389 5469 regi
3420 5400 3752 5470 displiceret.

2163 5485 2272 5539 Nec
2301 5486 2457 5538 etiam
2487 5484 2709 5539 inﬁciari
2733 5486 2892 5540 velim
2922 5489 3212 5544 nonnullos
3233 5492 3570 5561 quandoque,
3593 5497 3754 5547 etiam

2164 5593 2269 5631 non
2298 5587 2604 5645 exspectata
2633 5579 2764 5632 clcri
2787 5590 2876 5630 aut
2909 5580 3086 5649 pepuli
3119 5584 3399 5648 electione,
3423 5602 3449 5638 e
3479 5587 3669 5653 palatio
3703 5589 3753 5640 iu

2161 5673 2337 5731 locum
2369 5671 2742 5727 defunctorum
2774 5679 3149 5746 episcoporum
3197 5692 3228 5731 a
3272 5694 3397 5749 rege
3423 5679 3588 5734 fuisse
3629 5681 3755 5743 sub.
