4040 6186
468 301 538 358 27
1897 314 2293 371 ΡΒᾸΞΡΛΊἸΟ.

3676 333 3749 394 28

467 418 680 475 stitutos
712 437 727 476 :
759 436 893 490 quos
931 423 1356 491 metropolitani,
1389 425 1455 481 de
1493 442 1677 481 eorum
1720 427 1960 484 doctrina
2001 441 2054 483 et
2083 432 2136 489 Α
2163 447 2280 483 rum
2331 431 2609 488 ordinatus
2653 446 2770 502 est,
2805 438 3101 496 Aventinus
3128 443 3265 512 apud
3308 442 3702 503 Castrodunum
3724 493 3742 520 ,

467 513 647 581 probis
678 513 916 568 moribus
944 531 975 569 a
1001 530 1125 584 rege
1149 516 1265 581 ipso
1293 517 1411 571 facti
1456 518 1736 585 certiores,
1754 534 2054 578 consecra-

465 603 623 669 bant;
655 608 747 661 sed
770 608 963 661 civium
987 618 1075 660 aut
1098 608 1225 663 cleri
1249 624 1564 675 consensus,
1584 628 1702 664 cum
1728 611 1800 665 illi
1827 615 2054 682 primum

466 696 520 750 in
562 698 743 751 urbem
776 714 925 751 suam
960 699 1334 765 adveniebant,
1365 702 1671 770 rogabatur.
1716 704 1838 758 llzec
1878 715 2052 759 tamen

463 788 795 842 consuetudo
827 789 1153 857 electinnunt
1178 790 1475 845 libertatem
1510 793 1734 847 multum
1770 794 2055 851 labefacta-

462 882 565 943 vit;
613 896 768 949 quam
818 882 1054 935 conciliis
1100 882 1352 949 ignotam,
1400 894 1452 938 ct
1497 886 1696 940 sensim
1739 888 1854 942 sine
1893 904 2052 942 sensu

464 971 816 1023 introductam
847 970 1148 1026 Cltlotarius
1181 975 1221 1028 ll
1284 976 1333 1028 in
1368 976 1600 1030 edictum
1633 978 2053 1059 confirmaturus

464 1063 652 1131 synodi
678 1078 706 1113 v
748 1063 1061 1117 Parisiensis
1092 1068 1290 1130 primus
1320 1067 1481 1122 inseri
1510 1070 1735 1133 curavit,
1763 1086 1901 1122 anno
1924 1071 2049 1133 MSS,

466 1161 526 1204 ut
555 1152 804 1219 deinceps
838 1170 931 1219 pro
964 1155 1076 1222 lege
1108 1155 1413 1210 haberetur.
1443 1156 1721 1227 Episcopo,
1748 1162 1938 1226 inquit,
1965 1162 2049 1214 de-

458 1242 682 1301 cedente,
712 1247 762 1295 in
793 1247 904 1296 loco
932 1246 1092 1307 ipsius
1113 1248 1200 1316 qui
1225 1265 1255 1299 a
1287 1252 1675 1318 metropolitano
1706 1252 1936 1305 ordinari
1964 1253 2052 1305 (le-

457 1334 554 1399 bet,
587 1350 700 1387 cum
725 1338 1115 1405 provincialibus
1142 1357 1171 1389 η
1198 1340 1332 1391 rlero
1363 1349 1407 1391 et
1436 1340 1628 1408 populo
1659 1342 1911 1411 eligatur;
1939 1354 1985 1395 et
2007 1345 2049 1395 si

457 1442 673 1492 persona
694 1428 949 1495 condigna
971 1430 1145 1496 fuerit,
1180 1446 1268 1495 per
1294 1431 1667 1483 ordinationem
1692 1433 2049 1501 principispr-

455 1518 677 1570 dinetur.
713 1518 836 1571 llaec
868 1522 1033 1585 prima
1064 1522 1458 1576 ordinationuin
1502 1525 1705 1593 regula,
1736 1537 1789 1579 ut
1821 1520 2049 1581 vidimus

455 1625 520 1663 ex
537 1612 804 1664 conciliov
823 1614 1214 1680 Aurelianensi,
1246 1632 1433 1671 novam
1450 1618 1599 1673 addit
1625 1638 1639 1673 :
1673 1620 1748 1673 rel
1768 1631 1901 1674 certe
1919 1624 1963 1675 si
1984 1624 2048 1677 rte

453 1702 650 1767 palatio
678 1704 903 1768 eligitur,
934 1721 1023 1773 per
1050 1706 1283 1759 meritum
1304 1725 1542 1777 persona:
1570 1720 1615 1763 et
1646 1712 1889 1765 doctrinae
1909 1715 2048 1766 erdi-

2159 524 2541 590 Austrupiusin
2573 527 2800 582 Sellensi
2828 540 3028 597 castro,
3085 545 3187 588 etc.
3238 534 3615 604 Coadjutorem
3663 552 3741 595 ta-

2158 627 2280 664 men
2324 616 2498 669 renuit
2548 618 2797 672 ordinare
2847 620 3135 689 Gregorius
3182 634 3363 680 noster
3402 628 3742 698 Burgundio-

2159 718 2316 770 nem,
2353 704 2545 761 Felic-is
2594 709 2967 766 Namnetensis
3009 714 3243 784 episcopi
3294 730 3575 786 nepotem,
3629 731 3740 777 tum

2155 794 2297 857 quod
2330 800 2626 867 neophytus
2649 809 2814 866 esset,
2850 813 2958 856 tum
2993 804 3135 869 quod
3169 809 3307 859 sacri
3336 822 3573 865 canones
3596 821 3742 867 vela-

2158 897 2295 949 rent,
2332 904 2396 940 ne
2427 891 2544 957 quis
2576 894 2858 961 episcopus
2888 896 3042 959 alteri
3086 898 3261 953 adhuc
3291 904 3489 955 viventi
3535 905 3737 960 substi-

2158 980 2413 1039 tueretur,
2442 988 2497 1031 ut
2541 979 2654 1047 ipse
2690 994 2873 1038 narrat
2904 985 3038 1039 libro
3074 1005 3145 1049 vr.
3170 992 3344 1056 capite
3373 994 3407 1047 5
3428 1031 3443 1046 .
3472 994 3625 1050 Unde
3655 996 3738 1051 in-

2156 1067 2334 1120 solens
2364 1073 2583 1125 omnino
2628 1074 2794 1129 videri
2851 1077 3013 1132 debet
3064 1082 3205 1149 quod
3254 1068 3394 1138 idem
3447 1085 3738 1156 Gregorius

2156 1158 2319 1213 refert
2346 1161 2411 1216 de
2435 1161 2716 1218 Theodoro
2742 1176 2796 1220 et
2826 1169 3049 1223 Proculo
3078 1173 3345 1243 episcopis
3373 1192 3403 1231 e
3424 1177 3735 1248 Burgundia

2154 1249 2319 1317 pulsis
2340 1291 2356 1318 ,
2403 1255 2490 1321 qui
2534 1255 2833 1311 Eetrlesiam
2863 1258 3184 1315 Turonicam
3217 1265 3373 1319 simul
3419 1271 3623 1324 rexisse
3653 1268 3737 1324 di-

2153 1352 2371 1405 cuntur,
2405 1354 2523 1413 post
2553 1346 2739 1401 Licinii
2800 1360 2890 1402 aut
2923 1350 3114 1407 Leonis
3153 1354 3360 1410 obitum
3395 1376 3407 1410 :
3441 1374 3607 1428 quare
3636 1376 3732 1416 eos

2154 1434 2331 1499 potius
2379 1436 2843 1495 administratores
2888 1459 3049 1511 quam
3112 1448 3395 1518 episcopos
3436 1451 3733 1508 Turonicos

2152 1525 2499 1590 appellandos
2548 1545 2670 1584 esse
2736 1533 3056 1589 existimem.
3112 1538 3501 1611 Nonnunquam
3554 1552 3731 1599 tamen

2151 1611 2411 1680 episcopi,
2440 1618 2599 1670 etiam
2633 1621 2975 1691 sanctissimi,
3002 1627 3232 1696 aliquem
3260 1647 3290 1686 e
3323 1648 3421 1687 suo
3443 1636 3590 1689 clero
3627 1637 3729 1693 sibi

2149 1716 2512 1761 snecessorem
2554 1710 2939 1780 designarunt,
2969 1734 3125 1787 quem
3166 1720 3407 1777 sciebant
3449 1728 3513 1779 ad
3548 1728 3597 1781 id
3629 1730 3727 1782 mi-

450 1803 620 1848 netur.
652 1797 731 1847 At'
751 1794 862 1848 luce
891 1812 1025 1850 nova
1054 1801 1384 1861 consuetudo
1407 1802 1689 1855 multorum
1716 1804 1767 1857 in
1800 1805 2033 1860 Ecclesia

2152 1798 2427 1854 nisterium
2458 1819 2566 1871 pra:
2608 1809 2821 1862 caneris
2851 1810 3097 1868 idoneum
3127 1831 3266 1874 esse.
3316 1819 3390 1873 ita
3439 1823 3724 1891 Sacerdos,

451 1883 710 1938 malorum
723 1888 933 1940 occasio
951 1886 1067 1956 fuit,
1085 1891 1310 1944 favendo
1322 1892 1724 1949 ambitiosorom
1739 1895 2039 1959 conatibus,

457 1977 697 2031 maxime
727 1978 1038 2034 oftieialium
1064 1984 1365 2051 regiorum,
1402 1987 1489 2052 qui
1524 1994 1704 2053 postea
1743 1990 2045 2055 pinguiores

448 2067 785 2137 episcopatus
810 2075 1055 2139 aurupati
1082 2083 1207 2128 sunt
1232 2093 1244 2128 :
1270 2084 1323 2129 et
1343 2077 1522 2130 statim
1544 2092 1608 2131 ex
1636 2078 1783 2131 laicis
1806 2079 2041 2147 episeopi

448 2160 592 2217 facti.
625 2162 874 2215 Ecclesia:
899 2162 1186 2217 Gallicanae
1208 2166 1545 2220 sanctitatem
1571 2184 1676 2221 non
1701 2170 2044 2224 mediocriter

446 2251 850 2307 imminuerunt.
901 2256 1003 2309 Alii
1046 2271 1174 2310 vero
1208 2261 1430 2324 pecunia
1474 2268 1529 2312 et
1576 2261 1912 2326 muneribus,
1946 2262 2035 2315 alii

446 2342 862 2409 adulationibus,
896 2355 988 2399 attt
1036 2332 1404 2402 ministrorum
1450 2350 1717 2418 regiorum
1747 2367 1882 2420 quos
1923 2369 2042 2407 cors

446 2445 704 2501 ruperant
725 2436 938 2502 officiis,
959 2450 1209 2509 prmcepta
1233 2457 1413 2512 regum
1439 2445 1637 2511 adepti,
1657 2446 2037 2516 simoniacam,

446 2534 505 2577 ut
534 2527 821 2592 Vocabant,
864 2532 1109 2583 lia-resim
1151 2534 1528 2601 introduxere;
1573 2539 1799 2606 indeque
1844 2549 1921 2593 tut
1951 2555 2041 2593 ca-

445 2632 614 2672 nones
644 2620 900 2674 adversus
931 2624 1233 2695 neophytos
1263 2638 1316 2680 et
1338 2627 1671 2685 Simoniacos
1703 2633 1808 2686 illis
1834 2643 2039 2702 tempo-

448 2707 595 2761 ribus
627 2710 677 2762 in
705 2709 991 2767 Gallicanis
1019 2717 1262 2769 conciliis
1289 2719 1532 2774 conditos
1567 2720 1812 2789 legimus,
1844 2724 1933 2791 qui
1958 2708 2037 2778 ta-

447 2815 566 2853 men
619 2817 908 2871 nunquam,
977 2806 1115 2860 sicut
1166 2824 1265 2862 nec
1296 2809 1659 2866 Romanorum
1701 2814 2034 2881 pontificum,

442 2900 498 2943 et
526 2893 854 2957 potissimum
889 2896 1128 2966 Gregorii
1161 2900 1353 2967 Magni,
1388 2904 1649 2971 epistolas,
1680 2915 1786 2960 tam
1814 2908 2034 2965 nefaria:

444 2984 579 3050 pesti
609 2987 942 3041 eradicmclae
970 3006 1126 3061 pares
1158 2991 1326 3048 fuere.
1352 2994 1550 3050 Omitto
1579 2997 1862 3066 singularia
1890 3017 2035 3070 quaa-

444 3074 565 3127 dam
598 3080 859 3143 exempla,
892 3096 1011 3148 qua:
1041 3099 1161 3136 cum
1202 3086 1397 3153 regulis
1425 3092 1693 3143 contraria
1728 3091 1944 3157 fuerint,
1976 3093 2028 3147 in

2152 1889 2520 1960 Lugdunensis
2567 1902 2822 1966 antistes,
2857 1906 3013 1959 morti
3047 1914 3324 1977 proximus
3348 1954 3363 1976 ,
3406 1914 3726 1972 Cltildeber-

2150 1992 2257 2035 tum
2292 2001 2470 2054 regem
2505 2003 2837 2049 contestatus
2866 2008 2970 2065 est,
3005 2010 3063 2055 ut
3086 2001 3350 2057 Nicetium
3378 2006 3480 2059 sibi
3510 2007 3562 2060 in
3592 2010 3723 2071 sede

2150 2071 2490 2139 Lugdunensi
2522 2081 2767 2135 substitni
2808 2098 3040 2143 curaret.
3090 2090 3333 2146 Maurilio
3382 2095 3721 2154 (Iaturcensis

2145 2160 2427 2232 episcopus
2460 2169 2688 2238 podagra
2727 2172 2991 2242 afﬂictus,
3022 2182 3328 2247 praevidens
3369 2184 3572 2243 futuras
3601 2206 3722 2258 gra-

2147 2266 2238 2304 Vt'S
2268 2253 2409 2308 circa
2455 2272 2609 2311 suum
2654 2275 3019 2321 successorem
3069 2275 3477 2343 contentiones,
3527 2288 3581 2332 ut
3617 2280 3720 2336 sibi

2143 2345 2303 2397 etiam
2355 2348 2553 2404 viventi
2612 2353 2888 2412 Ursicinus
2963 2362 3399 2433 substitueretur,
3455 2374 3719 2427 exoravit.

2146 2436 2286 2491 Idem
2319 2438 2547 2509 fecerat,
2583 2455 2640 2499 ιιι
2672 2464 2792 2504 mox
2846 2452 3155 2511 dicebamus
3177 2499 3193 2523 ,
3239 2459 3386 2515 Felix
3435 2464 3720 2534 episcopus

2142 2527 2533 2599 Namnetensis,
2569 2540 2820 2594 conlecto
2845 2557 2906 2597 ea
2945 2545 3013 2600 de
3058 2564 3117 2603 re
3168 2550 3539 2618 instrumento,
3573 2559 3712 2626 quod

2140 2622 2672 2685 comprovincialium
2712 2631 3085 2703 episcoporum
3127 2622 3612 2712 subscriptionibus
3634 2666 3718 2702 rn-

2140 2713 2318 2768 borari
2347 2731 2647 2777 curaverat.
2679 2723 3159 2800 Chorepiscopum.
3191 2752 3258 2792 ne
3288 2752 3449 2794 unum
3473 2741 3713 2810 quidem,

2138 2820 2399 2863 memorat
2429 2812 2752 2883 Gregorius,
2785 2823 2888 2877 nisi
2929 2822 3005 2879 illi
3056 2842 3122 2880 eo
3170 2832 3384 2886 nomine
3428 2833 3714 2905 donentur,

2137 2896 2247 2963 qui,
2282 2912 2333 2953 ut
2366 2918 2491 2957 mox
2520 2906 2863 2979 dicebamus,
2906 2914 2958 2967 in
2990 2918 3181 2971 castris
3210 2921 3439 2976 ordinati
3479 2896 3712 2981 fuerant;

2136 2987 2267 3043 Nam
2285 2991 2645 3065 Mundericus,
2666 3015 2822 3068 quem
2841 3004 2892 3057 in
2907 3014 3086 3060 castro
3100 3008 3495 3066 Tornodotensi
3512 3016 3713 3072 sedisse

2137 3079 2394 3148 diximus,
2421 3102 2482 3141 ea
2507 3093 2705 3157 specie,
2736 3093 2897 3163 inquit
2923 3096 3520 3167 Gregorius,ordinatus
3533 3118 3633 3173 est,
3655 3118 3714 3162 nt

446 3167 616 3229 legem
648 3173 873 3223 transire
904 3190 1005 3227 non
1040 3175 1257 3230 debent.
1284 3180 1373 3230 Sic
1408 3180 1459 3234 in
1489 3181 1790 3251 longinquis
1820 3187 2033 3251 quibus-

2143 3169 2268 3225 dum
2299 3189 2517 3232 sanctus
2543 3179 2809 3249 Tetricus,
2841 3188 2927 3254 qui
2958 3196 3083 3243 tunc
3110 3191 3405 3263 Lingonum
3429 3167 3713 3266 episcopus

445 3257 567 3311 dam
601 3262 887 3327 provinciis
918 3266 1152 3334 vpiCopi
1184 3285 1210 3320 a
1239 3269 1405 3338 iqttol,
1460 3274 1832 3329 dissimulante
1881 3293 2023 3345 rege,

441 3356 536 3401 aut
564 3366 670 3418 pra:
692 3355 882 3408 m'nori
907 3366 1063 3410 aetate
1086 3368 1177 3411 aut
1199 3362 1344 3426 regni
1370 3363 1538 3416 turbis
1564 3380 1668 3417 nou
1695 3369 2023 3432 attendente,

442 3438 644 3503 absque
665 3441 782 3510 ejus
809 3446 961 3498 venia
995 3451 1291 3503 consecrati
1324 3450 1556 3507 fuerunt.
1590 3455 1756 3524 Major
1782 3458 1875 3510 fuit
1898 3474 2026 3526 pon-

444 3530 645 3583 tificum
683 3536 982 3602 Aquitanire
1026 3538 1062 3590 ll
1109 3553 1292 3605 ausus,
1332 3543 1418 3610 qui
1455 3543 1781 3613 Eumerium,
1837 3549 2027 3603 Santo-

442 3636 661 3674 nrnsem
686 3625 1023 3691 episcopum.
1048 3644 1077 3683 e
1104 3631 1241 3684 solio
1268 3633 1644 3703 deturbarunt,
1670 3640 1808 3708 quod
1840 3643 2029 3711 absque

441 3714 821 3783 metmpolitani
837 3720 1047 3772 consi.'io
1072 3722 1276 3788 fuisset,
1307 3726 1648 3796 prrecipiente
1669 3745 1812 3792 rege.
1838 3746 2027 3788 cottse-

442 3814 619 3857 cratus
645 3824 657 3857 :
681 3815 735 3859 at
756 3824 875 3861 cum
902 3811 951 3863 id
986 3814 1685 3884 rescivissetCharibertus.
1714 3824 2024 3882 Enmerium

442 3892 495 3947 in
525 3896 707 3949 sedem
741 3900 947 3955 restitui
981 3903 1280 3972 imperavit,
1305 3910 1595 3979 mulctatis,
1619 3924 1674 3967 ut
1707 3915 1871 3969 refert
1897 3916 2029 3971 Gre-

446 3989 647 4055 μανξυς,
672 3992 959 4061 episcopis,
999 3998 1085 4065 qui
1120 3998 1224 4051 tale
1260 4000 1462 4056 facinus
1504 4006 1737 4073 aggressi
1790 4006 2021 4065 fuerant.

442 4078 591 4134 Haud
639 4093 815 4137 tamen
844 4087 979 4140 adeo
1010 4092 1208 4144 exarsit
1232 4092 1580 4150 Cltaribertus
1625 4098 1679 4152 in
1719 4100 2022 4171 episcopos,

440 4174 582 4237 quod
616 4176 851 4231 Eumerii
877 4181 1267 4237 ordinationem
1294 4187 1603 4243 examinare
1628 4191 1945 4258 voluissent,
1973 4193 2024 4247 id

440 4264 583 4316 enim
605 4266 681 4319 eis
706 4282 799 4335 per
826 4284 1057 4324 canones
1083 4273 1282 4327 licitum
1313 4288 1449 4341 erat,
1470 4278 1563 4332 sed
1586 4280 1724 4349 quod
1750 4281 1894 4336 illum
1914 4282 2024 4353 jam

440 4354 529 4408 diu
563 4373 681 4411 cum
724 4363 1037 4418 auctoritate
1067 4368 1205 4432 regis
1233 4370 1542 4436 episcopatu
1576 4372 1883 4441 pollentem,
1908 4376 2025 4429 abs-

439 4460 543 4514 que
571 4448 684 4516 ejus
700 4452 905 4517 judicio
933 4470 964 4508 e
994 4455 1119 4509 sede
1150 4456 1490 4525 dejecissmt.

2133 3278 2267 3330 erat,
2304 3269 2537 3337 viveret,
2572 3274 2655 3329 hic
2684 3276 3097 3338 Tornodorense
3140 3297 3396 3353 castrum,
3433 3298 3493 3343 ut
3541 3291 3715 3344 archi-

2134 3358 2413 3430 presbyter
2439 3376 2681 3446 regeret,
2713 3378 2872 3437 atque
2907 3368 2965 3423 in'
2991 3388 3054 3426 eo
3079 3388 3524 3432 commoraretur.

2202 3448 2295 3506 25.
2345 3452 2717 3512 Ordinationes
2766 3461 2831 3514 ad
2866 3465 3300 3531 metropolitanos
3349 3470 3711 3539 pertinebant,

2138 3538 2190 3592 in
2225 3542 2437 3610 propria
2463 3544 2723 3615 cujusque
2747 3551 3036 3615 provincia.
3074 3554 3223 3610 Unde
3258 3557 3543 3627 Gregorius
3571 3538 3708 3616 libro

2134 3646 2185 3684 tv
2217 3633 2484 3704 llistorize,
2517 3641 2691 3707 capite
2720 3642 2808 3708 55,
2844 3646 2984 3711 quod
3014 3646 3064 3698 in
3093 3648 3252 3702 editis
3282 3651 3710 3718 praecedentibus

2132 3724 2560 3797 desiderabatur,
2616 3749 2839 3789 narrans
2886 3738 3028 3792 Aviti
3070 3739 3423 3799 Arvernensis
3470 3745 3708 3813 episcopi

2132 3820 2556 3889 ordinationem,
2584 3826 2739 3894 jussu
2787 3830 3039 3899 Sigiberti
3086 3819 3438 3904 regis"Mettis
3466 3838 3660 3899 factam
3688 3883 3705 3907 ,

2131 3910 2384 3965 observat
2412 3913 2510 3968 hac
2542 3916 2592 3968 in
2622 3932 2680 3971 re
2709 3922 3010 3974 canonicum
3031 3924 3251 3989 rigorem
3276 3942 3378 3981 non
3415 3927 3574 3983 fuisse
3596 3946 3708 3984 ser-

2130 4010 2332 4057 vatum.
2353 4004 2468 4072 lpse
2496 4015 2671 4062 tamen
2697 4008 2979 4078 Gregorius
3007 4013 3223 4068 Rbemis
3244 4029 3589 4072 consecratus
3614 4020 3710 4076 fuit

2130 4092 2196 4146 ab
2226 4092 2435 4152 lE-gidio
2460 4096 2579 4166 ejus
2607 4100 2754 4154 urbis
2779 4096 3219 4172 metropolitano,
3254 4118 3310 4161 ut
3344 4111 3487 4164 eanit
3518 4111 3707 4168 Fortu-

2130 4193 2305 4249 natus,
2340 4201 2436 4240 nec
2480 4187 2718 4243 alterutri
2773 4209 3001 4262 unquam
3031 4195 3131 4250 hoc
3157 4195 3351 4251 factum
3381 4201 3509 4254 vitio
3531 4202 3706 4257 vertit.

2131 4277 2196 4329 At
2224 4292 2344 4331 cmn
2374 4277 2514 4333 idem
2566 4281 2812 4350 Algidius
2848 4301 2950 4338 non
2979 4287 3150 4339 solum
3200 4290 3451 4345 ordinare
3496 4293 3706 4361 episco-

2128 4362 2246 4436 pos,
2264 4386 2451 4425 verum
2472 4374 2632 4428 etiam
2653 4383 2707 4428 et
2733 4376 3096 4446 episcopatum
3123 4380 3399 4437 instituere
3423 4383 3474 4436 in
3493 4383 3700 4439 Castro-

2130 4459 2386 4529 l)nnensi,
2416 4464 2558 4532 quod
2590 4464 2641 4519 in
2673 4466 2978 4523 Carnotena
3007 4469 3224 4526 dioecesi
3257 4474 3417 4528 situm
3463 4482 3575 4538 est,
3591 4484 3702 4528 ten-

512 4542 603 4595 ‘2‘2.
646 4544 1046 4603 Translationes
1075 4549 1447 4618 episcoliornm
1479 4567 1547 4607 ex
1582 4569 1684 4608 una
1720 4555 1771 4607 in
1802 4556 2020 4609 alteram
2057 4558 2103 4615 D
2131 4558 2314 4618 ιδεδθίν
2349 4555 2580 4621 8Γ³νῖῑετ
2608 4557 2675 4609 3b
2705 4558 2970 4627 episcopis
3027 4562 3240 4615 οοηθῖίίί
3284 4578 3351 4617 4'
3394 4563 3704 4620 Ρθτίδίθηδίε

443 4633 623 4686 sedem
660 4651 914 4703 nusquam
941 4637 993 4691 in
1025 4637 1264 4707 Gregorii
1300 4640 1448 4695 libris
1479 4644 1715 4711 reperire
1740 4644 1885 4712 licet,
1926 4647 2023 4701 nisi

443 4739 652 4787 eorum,
685 4728 773 4792 qui
800 4742 864 4780 ex
901 4731 1128 4796 propriis
1160 4732 1381 4785 urbibus
1426 4732 1798 4791 bazreticorum
1830 4739 2023 4805 princi-

442 4833 563 4885 pum
600 4817 753 4887 jussu
784 4819 1029 4886 expulsi,
1060 4820 1111 4873 in
1144 4820 1470 4877 Francorum
1498 4841 1717 4895 regnum
1753 4830 2023 4882 acceden-

440 4919 540 4970 tcs.
573 4910 799 4963 viduatis
831 4911 1083 4966 Ecclesiis
1107 4913 1359 4981 7pra2fecti
1403 4916 1584 4981 fuere,
1624 4919 1765 4974 quod
1808 4936 2021 4987 semper

442 5002 756 5069 approbavit
786 5001 1044 5057 Ecclesia.
1078 5004 1426 5074 Coadjutores
1468 5008 1771 5063 viventibus
1820 5011 2021 5064 substi-

442 5094 538 5146 tuti
592 5092 833 5148 nonnulli
886 5104 1209 5159 occurrunt,
1258 5099 1346 5166 qui
1379 5099 1460 5153 vel
1494 5115 1676 5170 regum
1704 5100 1903 5167 favore,
1938 5102 2019 5155 vel

437 5183 539 5236 alia
571 5184 757 5251 quavis
786 5200 853 5239 ex
888 5200 1067 5250 causa,
1092 5201 1211 5241 cum
1241 5201 1335 5255 spe
1362 5188 1427 5242 ad
1458 5189 1685 5257 aliquam
1723 5190 2018 5243 Ecclesium

438 5275 781 5342 succedendi,
815 5277 1043 5331 ordinati
1073 5276 1317 5341 fuerunt;
1350 5287 1406 5331 at
1428 5294 1531 5331 non
1562 5294 1718 5343 vano,
1771 5290 1828 5331 ut
1861 5278 2020 5333 hodie

440 5368 517 5430 tit,
551 5366 721 5429 titulo,
757 5382 926 5434 neque
955 5368 1004 5420 in
1037 5382 1096 5422 ea
1127 5368 1235 5435 ipsa
1265 5368 1519 5431 Ecclesia,
1551 5384 1705 5437 quam
1731 5368 2015 5437 aliquando

435 5468 617 5519 essent
640 5457 881 5525 adepturi
905 5459 1306 5523 urdinabantur,
1334 5459 1426 5512 sed
1468 5460 1616 5531 quasi
1647 5459 1767 5512 novi
1808 5461 2015 5527 cpisco-

436 5560 591 5615 patus
621 5549 928 5613 creatione,
965 5550 1015 5603 in
1040 5551 1218 5618 aliquo
1255 5551 1441 5603 futurae
1469 5565 1578 5603 sua.»
1601 5550 1899 5605 dimceseos
1926 5566 2014 5603 Cn-

433 5652 547 5693 etro
579 5639 864 5702 sedo-baut,
891 5654 1010 5693 cum
1053 5641 1319 5707 assignata
1352 5639 1454 5693 sibi
1501 5640 1551 5692 in
1584 5640 1783 5692 vicinos
1814 5639 2015 5708 aliquot

434 5733 582 5784 vicos
613 5730 1007 5799 jurisdictionc.
1050 5730 1139 5786 Sic
1170 5730 1512 5786 Mundericus
1558 5730 1697 5794 apud
1731 5731 2010 5787 'l'oruodo-

2134 4641 2492 4707 reprehensus
2521 4643 2659 4715 fuit,
2694 4648 2836 4716 quod
2884 4665 2997 4704 rem
3046 4651 3183 4706 adeo
3232 4652 3501 4709 insolitam
3549 4664 3714 4711 extra

2130 4748 2239 4785 sua:
2253 4733 2480 4789 civitatis
2500 4745 2553 4791 et
2575 4738 2862 4805 provincia
2885 4742 3146 4796 terminos
3174 4740 3362 4799 fuisset
3388 4758 3696 4815 aggressus.

2134 4825 2195 4877 lit
2226 4826 2443 4889 merito,
2476 4841 2597 4881 eum
2631 4843 2700 4883 ne
2729 4829 2780 4883 id
2811 4830 3025 4899 quidem
3055 4832 3153 4900 ipsi
3185 4834 3368 4888 liceret
3389 4850 3456 4889 ex
3480 4845 3716 4904 aposto;

2129 4912 2242 4966 licae
2266 4915 2410 4969 sedis
2432 4914 2542 4969 vica
2553 4917 2686 4971 riatu
2710 4918 2821 4974 sedi
2845 4933 2957 4975 sua:
2975 4921 3113 4976 beati
3141 4921 3362 4993 ltetnigii
3379 4925 3707 4994 temporibus

2125 5019 2414 5073 concesso;
2442 5007 2486 5061 si
2518 5008 2735 5077 quidem
2764 5010 3028 5079 ejusmodi
3061 5014 3343 5082 privilegia
3376 5017 3587 5071 nonnisi
3627 5017 3706 5069 in-

2127 5096 2291 5159 tegris
2325 5110 2385 5150 ac
2420 5098 2582 5151 salvis
2606 5100 3134 5168 metr0politanorum
3178 5101 3387 5171 juribus
3436 5106 3701 5159 concede-

2124 5186 2334 5240 bantur.
2369 5185 2521 5242 Unde
2550 5190 2697 5244 brevi
2727 5192 2923 5246 cecidit
2947 5192 3035 5246 illa
3066 5192 3331 5248 Dunensis
3360 5195 3701 5263 episcopatus

2123 5276 2359 5341 erectio,
2393 5291 2512 5345 qua:
2550 5287 2734 5331 contra
2776 5294 3037 5333 canonum
3075 5280 3206 5333 scita
3250 5281 3539 5336 temerario
3573 5296 3701 5335 ausu

2123 5365 2258 5418 facta
2293 5365 2501 5431 fuerat;
2535 5369 2686 5421 stetit
2714 5383 2863 5434 vero,
2900 5367 3168 5443 hodieque
3208 5369 3463 5437 perdurat
3484 5370 3697 5425 Laudo-

2117 5461 2299 5512 ncnsis
2332 5460 2569 5513 Ecclesia
2600 5476 2629 5513 a
2660 5470 2848 5514 sancto
2870 5460 3389 5531 Remigioinstituta,
3414 5462 3555 5532 quod
3582 5459 3699 5530 ipse

2119 5553 2168 5605 in
2188 5568 2298 5605 suae
2310 5553 2604 5607 diceceseos
2621 5562 2798 5607 castro
2810 5554 3165 5617 constituens,
3181 5554 3383 5610 nemini
3406 5554 3698 5624 irrogasset

2118 5642 2387 5711 injuriatn.
2430 5643 2634 5696 Novum
2668 5643 2790 5696 itetr
2824 5645 3190 5711 episcopatum
3226 5646 3277 5697 in
3321 5653 3499 5697 castro
3525 5641 3687 5721 Melo-

2114 5730 2343 5790 duncnsi
2372 5731 2698 5787 constituere
2727 5740 3023 5787 tentaverat
3052 5746 3146 5791 rex
3170 5731 3548 5789 Cbibleberltts
3580 5729 3683 5805 pri.
