4070 6186
470 317 538 362 29

1880 289 2259 348 PRA‘SFATIO.

3658 296 3730 355 30

470 434 627 485 mus;
680 425 734 470 at
778 414 1108 469 reclamante
1137 409 1317 465 Leone
1357 407 1632 464 Senonum
1666 406 1951 475 episcopo,
1979 405 2044 459 ad
2073 404 2124 461 Α
2151 416 2214 456 ex
2245 404 2512 460 universis
2536 403 2825 461 Galliarum
2851 400 3134 476 provinciis
3156 408 3582 480 congregandaut
3604 425 3732 467 esse

470 514 622 576 cuius
647 506 923 562 dioecesim
957 505 1107 558 locus
1133 502 1223 554 ille
1246 500 1565 567 pertinebat,
1588 514 1675 553 res
1702 498 1899 554 inlecta
1922 498 2043 552 fuit.

469 602 562 656 Sic
591 609 642 653 et
673 597 834 665 periit
862 594 1179 647 Arisitensis
1208 592 1548 657 episcopatus
1571 632 1586 654 ,
1632 604 1787 657 quem
1838 589 2044 655 Gottbi,

469 690 725 743 detractis
749 688 956 753 aliquot
982 700 1014 738 e
1036 683 1257 737 dioecesi
1282 681 1631 745 Rutheuensi,
1662 682 1750 751 qui
1786 681 1916 750 ipsis
1949 696 2045 751 pa-

470 783 679 846 rebant,
713 780 866 842 vicis,
898 778 1260 832 instituerant.

538 871 631 925 ξε.
666 870 708 924 Ε
734 868 907 923 laicali
930 877 1072 921 statu
1105 866 1169 918 ad
1202 863 1558 919 sacerdotium
1590 864 1918 931 promoveri,
1939 863 2040 917 ui~i

469 974 591 1029 post
620 976 870 1017 emensos
898 962 1076 1012 varius
1101 956 1325 1024 gradus,
1359 970 1627 1023 nunquam
1683 970 1778 1023 per
1811 969 2043 1008 canones

468 1055 641 1110 licuit.
672 1052 839 1119 Quam
875 1050 1143 1118 regulam,
1176 1049 1274 1102 etsi
1312 1050 1617 1114 frequenter
1657 1046 1929 1108 violatam,
1952 1061 2041 1101 se-

467 1147 579 1200 cuti
606 1154 728 1199 sunt
758 1154 936 1196 tamen
967 1155 1179 1204 semper
1199 1139 1434 1207 epi3e0pi
1466 1137 1847 1207 religiosiores.
1877 1136 2043 1206 ilujus

470 1238 548 1291 rei
574 1235 879 1303 exemplum
920 1232 1128 1285 illustre
1166 1231 1234 1285 de
1274 1245 1336 1284 se
1366 1232 1483 1298 ipso
1515 1239 1694 1282 narrat
1728 1228 2039 1298 Gregorius,

465 1330 590 1384 loco
610 1328 720 1396 jam
744 1340 775 1379 a
804 1324 959 1379 nobis
978 1323 1223 1391 superius
1271 1322 1483 1375 laudato
1522 1338 1584 1375 ex
1634 1320 1771 1374 libro
1802 1336 1832 1373 v
1864 1320 2043 1373 Histo-

466 1420 585 1482 rire,
607 1420 779 1486 capite
808 1416 905 1480 15;
930 1430 1049 1468 cum
1077 1415 1218 1469 enim
1244 1413 1549 1482 Burgundio
1579 1412 1772 1466 Felicis
1800 1409 2041 1481 episcolzi

465 1524 635 1577 nepos
664 1508 732 1561 ad
757 1522 878 1560 eum
910 1506 1260 1568 accessisset,
1311 1502 1556 1556 avunculi
1586 1501 1669 1557 sui
1697 1511 2042 1556 caeterorum-

464 1619 569 1671 que
591 1600 1118 1670 comprovincialium
1156 1598 1530 1666 episcomrum
1568 1609 1833 1648 consensu
1865 1592 2040 1645 muni-

463 1703 572 1759 tus,
603 1702 659 1745 ut
690 1694 741 1745 in
774 1690 1085 1759 episcopum
1131 1698 1571 1748 consecraretur;
1605 1685 1881 1754 respondit
1905 1684 2038 1738 Gre-

2148 494 2413 559 dixisset,
2444 497 2688 565 reposuit
2729 497 3056 568 Gregorius,
3096 501 3185 568 qui
3235 510 3361 556 tunc
3401 500 3727 559 Cbildebertl

2148 587 2293 654 regis
2328 587 2533 656 legatus
2562 598 2708 654 erat,
2743 591 2981 646 inutilem
3017 592 3181 646 videri
3213 604 3371 648 tanta:
3415 595 3606 666 synodi
3636 608 3727 650 ce-

2146 674 2501 729 lebrationem
2522 716 2534 739 ,
2565 692 2686 731 cum
2727 678 2866 732 nulla
2902 688 3027 733 tunc
3056 690 3199 735 esset
3227 692 3407 736 exorta
3439 698 3572 736 nova
3608 683 3727 737 ha:-

2146 767 2284 819 rcsis
2307 807 2319 829 ,
2353 767 2662 837 nullumque
2693 770 2997 825 immineret
3025 772 3078 825 in
3111 772 3213 827 lide
3242 774 3535 841 periculum
3561 788 3576 828 :
3624 773 3720 829 sed

2146 858 2422 921 sufﬁcere,
2456 870 2513 913 ut
2542 862 2903 929 unusquisque
2934 861 3373 928 metropolitanus
3408 865 3564 923 juxta
3589 880 3716 918 con-

2145 951 2467 1002 suetudinem
2497 966 2743 1003 canonum
2773 967 2892 1006 cum
2936 953 3037 1007 sibi
3079 955 3338 1023 subjectis
3380 956 3713 1011 conveniret.

2144 1039 2399 1108 Mapinius
2418 1052 2592 1096 tamen
2616 1043 2940 1099 Rhemorum
2965 1048 3188 1102 antistes
3207 1048 3272 1102 ad
3295 1050 3575 1103 concilium
3590 1049 3720 1104 Tul-

2144 1130 2289 1185 lense
2330 1146 2357 1184 a
2402 1132 2778 1188 Theodebaldo
2818 1151 2943 1205 rege
2980 1148 3333 1193 convocatum
3376 1140 3455 1194 ire
3502 1140 3717 1208 renuit,

2143 1222 2282 1291 quod
2313 1240 2405 1279 rex
2434 1227 2741 1280 evocationis
2770 1244 2973 1281 causam
3005 1229 3053 1283 ei
3089 1245 3191 1282 non
3226 1230 3536 1296 indicasset;
3575 1230 3717 1285 unde

2146 1317 2459 1383 conjicimus
2490 1317 2801 1388 episcopos,
2834 1321 3024 1375 saltem
3060 1322 3445 1389 prmeipuarum
3474 1320 3679 1375 sedium
3699 1364 3716 1388 ,

2146 1408 2213 1459 de
2245 1409 2474 1475 negotiis
2504 1424 2621 1478 quae
2650 1411 2701 1463 in
2734 1410 2928 1466 talibus
2958 1412 3199 1466 conciliis
3231 1412 3501 1467 tractanda
3531 1420 3718 1477 erant,

2145 1496 2257 1551 lieri
2287 1497 2534 1553 debuisse
2564 1502 2847 1555 certiores.
2883 1503 2948 1557 Et
2974 1505 3189 1573 quidem
3223 1504 3481 1573 Mapiuius
3519 1520 3579 1559 ea
3619 1519 3720 1559 σου·

2142 1587 2356 1642 casione
2403 1588 2661 1644 Nicetium
2714 1592 3089 1648 Trevirensem
3137 1594 3520 1663 reprehendit,
3570 1594 3713 1664 quod

2142 1679 2319 1746 potius
2350 1681 2415 1734 ad
2462 1696 2638 1749 regem
2661 1724 2675 1748 ,
2708 1698 2864 1752 quam
2898 1684 2961 1738 ad
2996 1684 3169 1755 ipsum
3201 1684 3551 1756 reprimendae
3580 1700 3718 1755 quo-

461 1785 645 1846 gorius
674 1798 687 1834 :
736 1779 992 1833 Habemus
1032 1777 1277 1845 scriptum
1308 1776 1360 1828 in
1402 1775 1673 1829 renonibus
1699 1816 1713 1841 ,
1752 1791 1855 1827 non
1883 1789 2030 1843 posse
2063 1765 2104 1823 Β
2135 1769 2373 1823 rumdam
2406 1772 2664 1825 malorum
2698 1775 2970 1828 hominum
3005 1780 3287 1844 protervia:
3317 1792 3477 1831 causa
3535 1791 3718 1833 recur-

461 1886 762 1940 quemquam
787 1870 854 1922 ad
904 1869 1249 1938 episcopatum
1277 1866 1543 1929 accedere,
1572 1866 1672 1919 nisi
1708 1865 1851 1934 prius
1878 1866 2035 1918 eccle-

458 1961 691 2013 siasticos
720 1961 911 2029 gradus
946 1957 1248 2027 regulariter
1294 1957 1558 2009 sortiatur.
1591 1956 1725 2008 Tum
1774 1970 1893 2009 eum
1939 1955 2034 2007 do-

458 2051 570 2104 ruit
597 2049 722 2119 quid
748 2049 797 2104 ei
828 2047 1132 2103 faciendum
1164 2057 1339 2112 esset,
1373 2057 1429 2101 ut
1472 2061 1591 2101 sese
1620 2047 1837 2115 dignum
1883 2042 2035 2099 eahi-

458 2141 614 2195 1,eret
646 2141 934 2207 episcOpali
978 2140 1202 2194 honore.
1234 2139 1563 2204 Quibusnam
1607 2152 1737 2191 vero
1781 2136 2033 2207 gradibus

457 2232 524 2284 ad
558 2240 754 2284 tantam
783 2231 1092 2301 dignitatem
1114 2229 1372 2284 canonice
1421 2228 1807 2296 assequendam
1840 2242 2029 2282 ascen-

458 2324 696 2378 dendum
726 2324 896 2387 foret,
949 2324 1015 2377 ab
1043 2323 1235 2379 eodem
1275 2320 1533 2393 Gregorio
1577 2321 1831 2396 discimus
1860 2336 1926 2376 ex
1967 2321 2035 2375 li-

458 2416 557 2469 bro
587 2432 659 2481 tv,
693 2416 867 2484 capite
889 2415 940 2479 6,
969 2414 1055 2468 ubi
1080 2414 1210 2468 Cato
1234 2414 1508 2485 presbyter
1534 2429 1592 2468 se
1622 2414 1893 2492 εμέγὶςαίιιε
1913 2429 2031 2492 gra-

458 2505 553 2558 dus
565 2505 1131 2558 canonicainstitutione
1141 2504 1384 2558 sortitum
1407 2502 1566 2557 fuisse
1581 2501 1662 2555 bis
1681 2482 1860 2557 verbis
1871 2491 1930 2555 cs
1941 2482 2062 2570 pc-g

457 2595 535 2647 nit
567 2613 579 2646 :
614 2595 792 2648 Lector
830 2596 995 2648 decem
1021 2596 1170 2649 annis
1197 2596 1302 2663 fui,
1330 2594 1805 2675 ἱηεδιεὺιῆαερξαςιιε
1828 2594 2030 2676 “ofﬁcio

457 2686 679 2754 quinque
705 2686 851 2737 annis
881 2686 1162 2739 ministravi
1182 2702 1199 2749 ;
1245 2685 1539 2737 diacumt-ti
1574 2700 1690 2737 cera
1740 2684 2050 2750 quindecim'

458 2779 608 2828 annis
635 2778 953 2838 mancipatus
986 2777 1094 2844 fui,
1135 2775 1428 2844 presbyterii
1478 2778 1667 2827 honore
1710 2776 1822 2844 jam
1849 2774 2029 2844 viginti

386 2912 401 2927 ,
458 2869 604 2920 annis
633 2870 819 2935 potior.
849 2869 915 2921 Et
938 2867 1148 2936 quidem
1174 2867 1424 2930 Nicetius,
1452 2865 1816 2934 Lugdunensis
1841 2874 2023 2934 postea

457 2962 757 3029 episcopus,
792 2959 1003 3013 nonnisi
1034 2969 1181 3013 artate
1205 2960 1475 3012 tricenaria
1515 2960 1790 3028 presbyter
1811 2957 2023 3011 ordina-

458 3064 538 3104 tus
568 3050 687 3106 fuit.
734 3051 925 3109 Verum
976 3050 1027 3103 id
1076 3051 1274 3118 regula:
1314 3050 1596 3118 exigebant
1629 3058 1721 3101 :at
1751 3047 2021 3102 contraria

2137 1860 2312 1915 risset.
2372 1862 2499 1930 Ejus
2549 1864 2828 1931 epistolam
2873 1866 3119 1921 dabimus
3162 1869 3215 1921 in
3257 1869 3550 1937 appendice
3591 1882 3711 1922 cum

2136 1953 2390 2021 Sigiberti
2436 1958 2577 2024 regis
2618 1958 2719 2009 alia
2759 1958 3016 2025 epistola,
3060 1976 3160 2027 qua
3213 1961 3489 2015 Desiderio
3525 1958 3715 2013 Catur-

2143 2046 2291 2097 ceusi
2341 2047 2594 2109 mandat,
2641 2057 2697 2099 ut
2746 2062 2814 2101 ne
2858 2049 3081 2102 accedat
3126 2050 3193 2102 ad
3244 2051 3545 2119 synodum,
3597 2065 3718 2119 quas

2136 2135 2317 2200 seipso
2346 2134 2652 2188 inconsulto
2686 2137 2853 2189 fuerat
2884 2137 3104 2191 indicta.

2209 2226 2300 2279 26.
2327 2226 2590 2280 Cat-terum
2623 2242 2685 2281 ex
2719 2226 2801 2280 bis
2839 2242 2956 2297 qua:
2982 2228 3346 2284 Guntramnus
3376 2230 3443 2284 ad
3472 2230 3714 2299 Gregorii

2132 2316 2295 2369 verba
2324 2316 2572 2386 superius
2598 2317 2805 2371 laudata
2830 2319 3140 2388 respondit,
3173 2329 3319 2390 patet
3343 2322 3713 2390 episcoporqu

2132 2420 2324 2485 causas
2355 2423 2416 2485 ex
2450 2408 2513 2461 iis
2545 2408 2737 2474 luisse,
2764 2410 2833 2463 ob
2862 2426 2994 2479 quas
3020 2413 3356 2477 potissimum
3379 2414 3605 2470 concilia
3631 2424 3713 2469 to-

2258 2483 2499 2578 :natjoais
2522 2498 2904 2579 “episcoporum
2934 2504 3302 2573 congreganda
3329 2516 3529 2561 essent.
3573 2504 3711 2573 Illa,

2132 2574 2367 2657 inq'tiit',‘
2385 2588 2481 2642 Dei
2509 2574 2853 2659 idvsuiexstat
2879 2592 3110 2647 omnibus
3139 2596 3330 2663 major,
3359 2606 3411 2647 ut
3449 2596 3707 2664 inquirere

2132 2680 2373 2763 debeatis,
2404 2696 2495 2753 cur
2530 2679 2869 2735 Praztextatus
2894 2685 3161 2754 episcopus
3190 2684 3365 2750 gladio
3399 2686 3452 2739 in
3498 2686 3709 2741 ecclesia

2129 2752 2697 2856 ξηῖέεςὴέζωδῖ
2723 2785 2828 2849 tam
2864 2778 2926 2831 de
2967 2752 3193 2831 dissidiis
3248 2779 3631 2849 episcOporum,
3659 2788 3711 2833 et

2129 2847 2639 2932 variis'ct'imirlilms,
2668 2868 2848 2945 quibus
2888 2884 3059 2921 eorum
3102 2869 3338 2923 nonnulli
3376 2882 3701 2925 accusantur.

2128 2954 2297 3010 lmmo
2315 2964 2369 3012 et
2384 2971 2534 3026 reges
2549 2957 2646 3025 ipsi
2663 2972 2849 3013 causas
2863 2959 3232 3028 episcoporum
3250 3000 3265 3024 ,
3281 2975 3417 3029 quos
3437 2961 3537 3016 sibi
3563 2962 3702 3017 haud

2127 3046 2315 3100 ﬁdeles
2339 3046 2502 3103 fuisse
2522 3048 2922 3115 existimabant,
2947 3051 3011 3105 ad
3034 3051 3255 3107 concilia
3280 3052 3618 3109 referebant:
3645 3063 3704 3110 ut

458 3146 737 3214 plurimum
786 3142 885 3197 fuit
930 3143 1113 3212 praxis
1160 3151 1214 3195 et
1256 3141 1618 3203 consnetudo,
1671 3153 1828 3209 quam
1861 3138 2022 3192 varice
2046 3125 2093 3188 C
2126 3135 2191 3188 de
2212 3136 2397 3190 eodem
2416 3138 2735 3194 Praetextato
2757 3150 3093 3211 patet,quem
3111 3143 3446 3213 Chilpe‘ticus
3465 3161 3585 3212 rex,
3608 3161 3700 3201 ve-

458 3252 625 3291 causa:
658 3234 1083 3289 introduxerant.
1123 3234 1197 3286 Ex
1232 3234 1315 3285 his
1361 3232 1610 3300 legitima:
1652 3230 1893 3292 luerunt,
1923 3227 2023 3281 Ec-

456 3327 627 3381 clesia:
657 3326 981 3390 necessitas,
1015 3325 1304 3393 insignisve
1329 3324 1527 3392 aliquot
1559 3321 1792 3376 virorum
1817 3318 2019 3374 sancti-

435 3428 554 3488 .tas,
586 3436 743 3488 quam
775 3418 998 3472 illustria
1030 3416 1164 3470 facta
1213 3415 1294 3468 vel
1343 3414 1499 3468 etiam
1534 3412 1788 3467 miracula
1828 3411 2021 3479 proba-

456 3517 595 3569 bant.
629 3513 928 3583 lmprobata
961 3523 1089 3563 vero
1118 3506 1469 3578 quorumdam
1491 3506 1859 3573 episcoporum
1888 3502 2020 3558 faci-

456 3604 571 3657 litas
592 3644 607 3669 ,
636 3611 693 3656 ut
719 3599 964 3669 exemplo
979 3597 1366 3668 Burgundiouis
1380 3611 1483 3649 non
1498 3594 1663 3648 semel
1677 3594 1838 3647 allato
1854 3603 2018 3662 patet,

454 3694 600 3763 cujus
652 3693 828 3746 adhuc
875 3690 994 3745 laici
1060 3686 1377 3757 promotioui
1433 3686 1672 3756 episcopi
1733 3684 2019 3754 provincia:

454 3788 819 3858 Lugdunensis
850 3788 917 3841 ill
944 3793 1362 3862 consenserant,
1396 3784 1487 3837 sed
1528 3799 1685 3850 quam
1728 3780 2017 3849 Gregorius

454 3892 650 3947 noster,
680 3896 946 3935 canonum
975 3879 1269 3933 acerrimus
1314 3878 1502 3930 vindex
1526 3919 1539 3943 ,
1582 3892 1675 3929 sua
1698 3874 2018 3928 auctoritate

456 3971 750 4041 impedivit.
782 3958 1080 4039 improbata
1109 3984 1320 4039 quoque
1345 3966 1722 4021 nonnullorum
1768 3964 2013 4027 ambitio,

450 4064 531 4129 qui
562 4077 740 4131 regum
763 4061 1077 4114 auctoritate
1099 4061 1460 4129 episcopatum
1482 4055 1777 4121 consecuti,
1806 4053 2015 4109 caneris

450 4154 703 4219 imperare
734 4152 1086 4215 conabantur,
1127 4152 1460 4219 priusquam,
1507 4158 1565 4202 ut
1606 4149 1681 4201 ait
1727 4146 2015 4215 Gregorius

451 4243 684 4311 Magnus,
719 4242 941 4297 obedire
973 4242 1306 4296 didicissent.
1356 4239 1629 4309 Ejusmodi
1686 4246 1861 4291 tamen
1913 4237 2012 4290 ali—

446 4341 649 4409 quantis
675 4337 925 4392 dicbusiu
948 4336 1199 4389 clericatu
1229 4328 1652 4402 probatosfuisse
1666 4329 2007 4395 crediderim,

448 4435 745 4503 priusquam
770 4438 1227 4489 consecrarentur,
1266 4437 1324 4481 ut
1351 4428 1417 4481 de
1470 4425 1780 4494 Badegesilo
1830 4423 2011 4479 obser-

2130 3229 2225 3282 luti
2249 3246 2395 3285 reum
2422 3232 2740 3302 majestatis,
2760 3234 2811 3288 iu
2840 3237 3066 3291 concilio
3089 3237 3376 3293 Parisiensi
3406 3242 3699 3293 accusavit.

2129 3324 2196 3377 Et
2220 3325 2448 3394 ipsemet
2474 3336 2656 3381 noster
2678 3326 2964 3397 Gregorius
2988 3338 3269 3383 accusatus
3284 3344 3312 3381 a
3334 3330 3589 3385 Leudaste
3610 3345 3703 3385 co-

2127 3415 2274 3480 mite,
2292 3418 2429 3485 quod
2454 3417 2709 3473 adversus
2733 3420 2968 3488 reginam
2987 3419 3390 3490 Fredegundem
3419 3422 3591 3475 malos
3611 3436 3700 3474 ru-

2125 3521 2299 3561 mores
2320 3512 2640 3577 sparsisset,
2668 3512 2898 3579 seipsum
2918 3512 2969 3566 in
2990 3512 3215 3566 concilio
3231 3511 3589 3567 Brennacensi
3614 3527 3699 3565 sa-

2126 3608 2400 3653 cramento
2433 3602 2691 3669 purgavit.
2722 3601 2829 3657 Nec
2848 3604 3255 3672 praetermittere
3281 3604 3402 3658 licet
3422 3604 3693 3674 egregium

2122 3686 2447 3744 Childeberti
2479 3691 2516 3744 ll
2551 3691 2880 3761 lacinus,qui
2912 3708 3032 3747 cum
3059 3692 3330 3764 Aigidium
3362 3693 3693 3748 themorum

2125 3784 2451 3849 antistitem,
2497 3784 2783 3838 multorum
2825 3785 3038 3854 quidem
3077 3786 3357 3840 criminum
3386 3801 3566 3853 reum,
3600 3785 3693 3839 sed

2124 3876 2352 3931 necdum
2386 3877 2436 3929 iu
2468 3876 2569 3929 ulla
2602 3877 2811 3947 synodo
2840 3878 3075 3932 auditum
3097 3918 3112 3944 ,
3145 3878 3331 3932 Mettas
3365 3877 3554 3932 adduci
3580 3877 3695 3948 jus-

2121 3970 2312 4034 sisset,
2358 3969 2420 4021 ab
2460 3967 2576 4022 aliis
2620 3969 2868 4039 episcopis
2905 3969 3217 4039 increpitus,
3263 3984 3384 4022 eum
3424 3968 3544 4022 urbi
3584 3982 3695 4022 sua“:

2120 4060 2325 4115 reSIitui
2358 4060 2678 4114 incolumem
2703 4060 2972 4129 praecepit.
2998 4060 3104 4115 Sed
3150 4060 3241 4114 ille
3272 4068 3451 4128 postea
3484 4060 3537 4114 in
3580 4061 3694 4129 epi-

2118 4167 2400 4222 scoporum
2432 4153 2638 4223 synodo
2664 4153 2799 4222 apud
2845 4154 3033 4207 Mettus
3075 4154 3367 4224 majeStatis
3408 4155 3547 4209 lesa:
3571 4168 3694 4210 reus

2118 4241 2366 4308 inventus
2384 4284 2399 4307 ,
2428 4253 2481 4297 et
2510 4244 2799 4311 episcopali
2828 4243 2956 4297 sede
2984 4245 3220 4313 privatus
3239 4286 3253 4311 ,
3283 4259 3311 4297 a
3339 4260 3463 4315 rege
3489 4245 3694 4316 Argen-

2119 4341 2348 4386 toratum
2379 4333 2526 4386 exsul
2559 4334 2803 4387 mittitur.
2836 4332 2950 4389 Jam
2976 4349 3103 4389 vero
3127 4335 3383 4390 adversus
3409 4337 3693 4405 cpiscOpos
3776 4349 3786 4357 '

2121 4438 2223 4475 non
2248 4424 2471 4491 quilibet
2495 4424 2591 4476 viri
2616 4423 3032 4479 admittebantur
3053 4426 3102 4478 in
3128 4427 3509 4490 testimonium;
3529 4442 3693 4495 quare

448 4498 527 4575 vat
547 4498 831 4591 Gregorius
849 4528 1049 4581 noster,
1073 4519 1161 4587 qui
1181 4526 1496 4581 tonsuratus,
1520 4517 1717 4584 gradus
1747 4530 1879 4583 quos
1897 4515 2007 4568 cle-
2044 4498 2099 4556 D
2121 4530 2241 4567 cum
2275 4515 2546 4569 inferioris
2574 4516 2781 4570 ordinis
2813 4518 3050 4571 nonnulli
3085 4526 3246 4571 testes
3276 4518 3529 4573 adversus
3559 4519 3690 4575 Gre-

447 4614 535 4666 rici
566 4612 858 4667 sortiuntur
885 4610 1197 4672 ascenden=,
1217 4618 1332 4678 post
1356 4608 1699 4676 quadraginta
1725 4606 1841 4661 dies
1861 4606 2012 4659 Dom-

444 4705 543 4756 noli
575 4703 807 4771 episcopi
837 4702 1256 4755 Cenomanensis
1279 4699 1508 4753 defuncti
1527 4714 1803 4753 successor
1816 4699 2007 4751 evasit.

508 4793 594 4846 25.
629 4794 707 4847 Ad
741 4792 967 4847 concilia
994 4792 1132 4859 quod
1160 4791 1379 4854 attinet,
1407 4790 1503 4842 alia
1535 4790 2007 4857 erantprm'inc‘a-

442 4885 503 4937 lia
529 4925 545 4948 ,
571 4900 744 4938 .untus
770 4883 986 4937 scilicet
1027 4882 1311 4951 provincia:
1349 4882 1757 4950 episcoporum;
1787 4882 1889 4935 alia
1929 4891 2008 4935 to-

442 4976 539 5027 tius
571 4974 805 5027 nationis
834 4988 929 5027 seu
955 4973 1126 5042 regni.
1162 4972 1343 5026 Priora
1379 4972 1772 5041 metr0politani
1811 4973 2004 5041 quique

438 5066 591 5119 statis
624 5065 953 5132 temporibus
978 5064 1129 5132 juxta
1159 5078 1421 5116 canonum
1454 5064 1742 5131 prescripta
1772 5078 2003 5133 congre-

438 5157 667 5227 gabaut:
698 5157 923 5210 aliorum
951 5170 1080 5209 vero
1111 5155 1329 5209 indictio
1358 5154 1424 5207 ad
1459 5169 1633 5222 regem
1665 5154 2002 5221 pertinebat,

436 5261 655 5311 quorum
690 5246 924 5314 episcOpi
952 5243 1161 5299 etiamsi
1194 5243 1329 5298 forte
1358 5243 1688 5296 diversorum
1718 5258 2000 5313 regnorum

432 5346 610 5399 erant,
638 5352 700 5392 ex
730 5346 913 5391 mutuo
944 5345 1119 5392 tamen
1152 5351 1332 5405 regum
1364 5336 1599 5388 omnium
1632 5349 1896 5389 consensu
1928 5335 2002 5388 la-

431 5428 525 5482 cile
550 5429 899 5496 cogebantur.
944 5428 997 5481 In
1031 5427 1062 5479 b
1088 5444 1112 5481 s
1141 5427 1206 5481 de
1238 5426 1359 5481 ﬁdei
1401 5427 1558 5481 rebus
1600 5440 1663 5481 ac
1704 5427 2001 5498 majoribus

433 5522 691 5586 negotiis,
725 5531 816 5574 aut
844 5529 989 5576 certe
1018 5521 1083 5576 de
1115 5535 1244 5588 pare
1275 5520 1413 5574 inter
1444 5536 1596 5588 reges
1628 5522 1995 5587 componenda

433 5611 683 5679 agebatur
716 5629 730 5666 :
762 5626 881 5679 qua:
906 5626 968 5665 ex
1000 5609 1257 5678 Gregorio
1286 5610 1541 5664 discimus
1570 5609 1705 5663 libro
1733 5627 1781 5663 Ix
1817 5611 1995 5664 llisto-

433 5700 549 5767 riae,
579 5702 753 5769 capite
795 5701 896 5768 2t),
939 5701 1026 5757 ubi
1069 5718 1188 5757 cum
1220 5701 1581 5758 Guntramnus
1606 5716 1696 5756 rcs
1731 5704 1992 5772 synodum

2116 4607 2326 4672 gorium
2358 4608 2409 4659 in
2439 4606 2643 4676 synodo
2674 4607 3029 4662 Brennacensi
3058 4609 3223 4663 auditi
3251 4609 3507 4679 fuissent,
3534 4627 3595 4677 ea
3621 4614 3690 4668 de

2116 4711 2173 4750 re
2200 4697 2479 4762 conquesti
2512 4705 2629 4749 sunt
2660 4695 2919 4764 cpiscOpi.
2948 4697 3035 4752 Ille
3062 4714 3188 4753 vero
3210 4714 3331 4754 cum
3359 4702 3574 4756 testium
3606 4718 3691 4757 re-

2115 4788 2314 4840 latione
2336 4789 2581 4841 conv'nci
2609 4804 2711 4841 non
2737 4790 2998 4858 potuisset
3024 4790 3179 4845 ullius
3204 4793 3463 4857 criminis,
3490 4809 3685 4864 resque

2117 4896 2336 4934 manere
2367 4880 2637 4934 videretur
2673 4883 2723 4934 in
2758 4881 3008 4953 ambiguo
3028 4926 3043 4946 ,
3075 4883 3224 4938 dictis
3252 4886 3417 4939 missis
3447 4888 3499 4940 in
3530 4886 3686 4940 tribus

2109 4972 2354 5026 altaribus
2374 5014 2389 5037 ,
2434 4988 2553 5028 sese
2606 4974 2721 5040 ipse
2750 4984 3085 5029 sacramento
3115 4978 3361 5045 purgavit
3388 4994 3403 5043 ;
3438 4979 3575 5048 quod
3608 4988 3688 5034 ta-

2110 5081 2231 5119 men
2260 5080 2364 5119 non
2394 5067 2511 5120 sine
2549 5065 2740 5135 injuria
2786 5067 2845 5120 se
2884 5066 3074 5123 iecisse
3116 5069 3386 5137 professus
3414 5080 3529 5135 est,
3559 5086 3681 5127 cum

2112 5160 2161 5212 id
2190 5161 2484 5215 cauonibus
2513 5171 2656 5215 esset
2681 5166 3031 5216 comrarium.
3057 5163 3320 5218 Caeterum
3346 5166 3464 5219 latte
3490 5166 3543 5220 in
3567 5164 3683 5221 istis

2114 5253 2354 5307 conciliis
2378 5255 2655 5308 sententia:
2688 5254 2731 5308 si
2773 5255 2976 5309 nollent
3017 5254 3250 5309 damnati
3301 5259 3679 5327 acquiescere,

2109 5343 2216 5397 illis
2233 5352 2510 5411 supererat
2527 5345 2592 5399 ad
2614 5346 2959 5415 apostolicam
2983 5347 3164 5401 sedem
3183 5348 3509 5421 confugium.
3533 5351 3682 5407 Unde

2105 5449 2224 5488 cum
2256 5434 2573 5503 Sagittarius
2602 5448 2653 5491 et
2685 5436 2929 5492 Salonius
2960 5438 3198 5510 episc0pi
3228 5456 3348 5497 sese
3401 5443 3594 5511 injuria
3622 5443 3675 5501 in
3734 5502 3737 5505 ,

2104 5524 2332 5578 concilio
2345 5524 2682 5594 Lugdunensi
2706 5537 3079 5582 exauctoratos
3102 5528 3126 5583 l’
3127 5532 3267 5586 uisse
3289 5534 3564 5602 conquesti
3587 5547 3679 5587 es-

2100 5623 2253 5678 sent,
2288 5616 2490 5669 licentia
2523 5617 2666 5685 prius
2698 5632 2724 5669 a
2757 5632 2881 5686 rege
2913 5617 3243 5675 Guntramno
3272 5622 3485 5677 obtenta
3507 5662 3522 5689 ,
3545 5638 3674 5677 eum

2100 5705 2287 5764 litteris
2315 5706 2430 5777 ejus
2459 5707 2909 5766 commendatitiis
2939 5709 3160 5767 Romam
3192 5713 3500 5783 petierunt.|
3527 5712 3618 5770 ubi
3641 5728 3672 5769 a
