4040 6186
469 261 530 323 3|
781 285 787 302 ·
1883 257 2273 320 ΡΠᾸΞΡΛΤΙΟ.
2587 322 2593 327 η
3662 270 3739 326 δε

476 379 686 442 ιοιιηιιο
726 382 979 450 pontiﬁce
1007 381 1206 448 auditi,
1238 378 1480 450 ejusdem
1507 379 1658 449 jussu
1687 375 1902 430 sedibus
1929 375 2044 432 suis
2071 377 2121 434 Α
2149 373 2403 426 dinalioni
2442 376 2844 442 commendauit,
2889 377 3198 445 invaderet,
3242 381 3284 433 si
3327 396 3513 437 eorum
3563 384 3740 442 nollet

440 471 442 474 ’
480 473 711 528 τεμιίιυιὶ
743 487 866 532 sum
888 518 905 544 ,
935 484 993 530 ut
1023 483 1204 529 narrat
1233 471 1525 548 Gregorius
1557 472 1692 528 libro
1724 487 1749 522 v
1783 469 2049 542 Historiae,
2155 465 2406 537 lacrytnis
2435 467 2682 532 enecari,
2714 482 2838 523 cum
2866 469 2944 524 illi
2972 471 3040 526 de
3065 471 3327 530 fructibus
3369 475 3486 531 istis
3521 479 3590 533 ali
3637 479 3740 537 de-

475 566 648 632 capite
675 566 764 622 21.

547 624 636 728 Q7.
673 656 986 723 colligimus
1009 665 1185 711 autem
1211 673 1272 710 ex
1299 624 1540 720 ejusdem
1566 657 1804 726 Gregorii
1827 666 1880 720 et
1899 657 2054 710 dictis

483 758 533 798 et
568 746 740 809 lactis,
773 757 969 816 quanta
1005 755 1131 806 tunc
1158 758 1300 802 esset
1324 748 1377 808 in
1404 761 1584 806 sacros
1615 763 1846 802 ρηιυιιιυε
1875 749 2056 802 Eccle-

480 839 572 894 sia:
593 836 883 896 Gallicanae
907 840 1222 898 reverentia.
1243 837 1484 907 Egidius
1503 837 1820 902 Rheutensis
1849 838 2056 907 episco-

490 948 502 991 ι
528 945 586 982 us
606 966 623 990 ,
656 929 867 992 nonnisi
900 930 1043 984 lectis
1067 929 1334 984 Cattonum
1361 932 1726 994 sanctionibus,
1751 948 1782 984 e
1801 932 1938 985 solio
1957 946 2056 985 suo

480 1020 793 1080 deturbatus
844 1028 954 1082 est,
991 1029 1268 1096 postquam
1317 1037 1440 1077 reus
1469 1021 1852 1092 conjuratiouis
1892 1023 1943 1076 in
1971 1039 2054 1076 re-

483 1126 602 1178 gem
627 1111 874 1172 inventus
899 1111 1104 1180 luisset.
1131 1112 1336 1183 Quanta
1360 1128 1487 1168 vero
1508 1112 1668 1186 animi
1695 1112 2057 1184 magnitudine

480 1211 535 1255 et
563 1203 860 1262 constantia
887 1217 1071 1274 eorum
1098 1205 1470 1280 auctoritatem
1499 1207 1754 1270 adversus
1777 1220 1954 1276 regem
1979 1205 2057 1274 ip-

477 1308 629 1359 sum,
658 1302 710 1347 et
736 1292 971 1360 reginam
1004 1294 1122 1362 ejus
1169 1296 1446 1366 conjugem
1467 1337 1482 1362 ,
1529 1296 1692 1352 tuitus
1730 1293 1889 1352 fuerit
1922 1296 2055 1350 Gre-

481 1381 666 1452 gorius
693 1382 744 1448 in
777 1399 935 1438 causa
967 1383 1276 1456 Praetextati
1299 1425 1315 1452 ,
1347 1373 1507 1458 nemo
1531 1395 1612 1445 est
1641 1387 1728 1459 qui
1760 1388 1994 1454 nesciat,
2026 1403 2056 1442 a

482 1488 711 1542 quorum
740 1472 1113 1532 observatione
1139 1489 1238 1530 nec
1265 1475 1455 1545 minis,
1488 1491 1589 1537 nec
1622 1476 1927 1544 blanditiis,
1961 1491 2059 1532 nec

485 1577 618 1622 auro
647 1574 741 1620 aut
763 1579 984 1638 argento
1014 1581 1244 1638 unquam
1287 1567 1548 1630 dimoveri
1587 1568 1776 1638 potuit.
1821 1568 1972 1625 Unde
2013 1569 2057 1623 si

481 1654 656 1720 aliqua
683 1669 985 1726 emergeret
1015 1660 1065 1714 in
1111 1660 1273 1732 rebus
1313 1661 1534 1733 agendis
1578 1659 1892 1725 dil‘licultas,
1939 1676 2060 1729 pro-

2153 559 2360 616 herent.
2393 557 2558 628 Hujus
2589 559 2667 615 rei
2696 575 2857 616 causa
2889 565 3122 632 erantin
3166 568 3409 624 ecclesiis
3453 573 3688 644 catalogi
3716 613 3736 641 ,

2155 648 2461 721 [nutriculae
2491 650 2864 718 appellabant,
2895 654 2947 707 in
2978 655 3170 724 quibus
3197 658 3441 730 inscripti
3470 678 3741 733 pauperes

2156 740 2401 795 ecclesiae
2429 742 2586 810 bonis
2628 758 2692 799 ac
2743 745 2980 808 ﬁdelium
3019 749 3380 809 oblationibus
3420 755 3734 822 alebantur.

2155 833 2290 886 Aliis
2315 834 2553 904 episcopi
2599 851 2978 911 nonnunquam
3017 841 3225 900 litteras
3264 861 3428 912 manu
3471 865 3567 903 sua
3605 853 3742 908 sub-

2156 924 2380 992 scriptus
2408 924 2636 991 dabant,
2663 928 2855 998 quibus
2885 929 3088 986 incitati
3122 933 3307 996 ﬁdeles,
3331 937 3736 1014 eleemosynam

2157 1016 2460 1090 petentibus
2497 1017 2704 1080 [acilius
2745 1019 3085 1092 largirentur.
3139 1025 3377 1097 Denique
3417 1040 3560 1102 tanta
3605 1047 3731 1092 erat

2157 1107 2393 1161 omnium
2423 1107 2477 1162 in
2504 1108 2814 1191 episcopos,
2847 1128 2981 1186 quos
3018 1115 3249 1190 Spiritus
3278 1132 3496 1178 sanctus
3544 1126 3736 1193 posuit

2158 1210 2344 1266 regere
2380 1196 2673 1253 Ecclesium
2714 1199 2843 1274 Dei,
2891 1205 3224 1272 reverentia,
3270 1218 3324 1280 ut
3365 1211 3504 1280 apud
3543 1227 3739 1272 omnes

2159 1295 2432 1356 receptum
2465 1289 2627 1358 fuerit
2654 1290 2786 1346 illud
2818 1293 3032 1350 effatum
3051 1337 3067 1363 ,
3090 1300 3209 1367 quia
3228 1316 3316 1355 nec
3339 1304 3474 1370 istud
3488 1306 3607 1374 βίης
3631 1306 3740 1360 hae-

2157 1379 2291 1443 resi,
2324 1380 2490 1456 inquit
2525 1381 2815 1452 Gregorius
2845 1385 2941 1441 lib.
2977 1403 3042 1450 tr,
3079 1405 3198 1459 cap.
3229 1392 3330 1460 23,
3361 1406 3522 1462 potest
3545 1398 3737 1465 accipi,

2161 1479 2215 1523 ut
2244 1472 2294 1543 in
2320 1474 2534 1540 ecclesia
2564 1492 2665 1530 non
2693 1479 2995 1538 obaudiatur
3025 1483 3282 1538 sacerdoti
3307 1526 3323 1550 ,
3365 1501 3471 1557 quo
3513 1493 3738 1547 nomine

2163 1562 2250 1617 hic
2278 1573 2333 1631 et
2362 1565 2562 1633 passim
2589 1569 2896 1638 episcopum
2922 1571 3184 1643 designat.

2235 1655 2326 1710 30.
2369 1657 2447 1710 Ad
2478 1659 2882 1716 arcltidiaconos
2914 1673 3091 1742 autem
3120 1667 3391 1734 spectabat
3422 1686 3599 1726 rerum
3631 1672 3740 1730 Ec-

482 1743 605 1806 Ῑοειίε
635 1761 898 1808 canonum
931 1749 1110 1819 verbis
1136 1766 1254 1810 eam
1285 1752 1596 1808 elevandum
1625 1767 1749 1808 esse
1776 1753 2048 1808 censebat.
2085 1748 2133 1808 B
2161 1747 2336 1810 t-lcsia:
2366 1749 2672 1808 distributio
2691 1794 2704 1816 ,
2744 1769 3038 1835 eorumque
3083 1772 3224 1814 cura:
3256 1776 3360 1816 non
3391 1764 3563 1820 solum
3600 1781 3740 1835 pau-

481 1833 548 1886 l:‘~t
577 1835 793 1903 quidem
823 1837 1200 1910 Bertegundis,
1228 1857 1347 1909 qua:
1376 1842 1561 1909 relicto
1591 1857 1691 1898 suo
1717 1841 1831 1897 viro
1859 1843 1911 1896 iit
1943 1859 2056 1897 mo-

483 1929 774 1988 itastetiutn
803 1931 1119 1988 Turonense
1145 1933 1495 2004 confugerat,
1527 1934 1879 2004 pervicaciam
1913 1940 2058 2004 refu-

483 2028 604 2071 tauit
624 2061 638 2084 ,
668 2035 927 2076 canonem
951 2024 1223 2080 Nicaenum
1253 2026 1560 2094 relegendo.
1604 2025 1694 2082 Sic
1733 2036 1786 2082 et
1817 2028 2058 2098 Burgun-

487 2109 664 2161 ili..nis
715 2113 1062 2178 postulationi
1111 2115 1416 2182 respondit,
1469 2117 1557 2184 qui
1607 2117 1764 2170 Felici
1807 2117 2058 2186 episizopo

484 2199 662 2252 adhuc
694 2202 892 2260 viventi
922 2204 972 2260 in
1003 2206 1185 2258 sedem
1214 2205 1629 2276 Namnetensem
1669 2208 1944 2278 subrogari
1982 2213 2059 2263 el”-

483 2291 778 2364 tlagitaleat.
820 2292 1069 2362 Codicem
1103 2306 1283 2352 autem
1316 2312 1578 2364 rationum
1602 2341 1618 2365 ,
1647 2316 1752 2368 quo
1784 2311 1908 2360 tunc
1938 2301 2060 2370 Gal-

2160 1853 2346 1906 perum
2371 1845 2685 1902 sustentatio
2709 1834 2994 1916 commissa
3021 1858 3164 1912 erat.
3189 1851 3283 1906 sed
3315 1855 3478 1924 etiarn
3511 1834 3741 1911 clerico-

2163 1944 2300 1998 rum,
2329 1931 2440 2004 qui,
2467 1932 2518 1988 in
2567 1934 2834 2004 plerisque
2871 1939 3058 1992 saltem
3107 1941 3369 2006 ecclesiis,
3398 1961 3738 2016 communem

2159 2022 2391 2091 agebant
2415 2023 2596 2078 vitam.
2641 2025 2752 2078 lloc
2779 2034 2891 2090 est,
2938 2029 2989 2082 ni
3021 2027 3193 2096 fallor,
3226 2033 3368 2101 quod
3399 2051 3620 2107 mensam
3649 2056 3742 2091 ca-

2162 2113 2461 2172 nonicorum
2508 2115 2738 2182 appellat
2791 2114 3102 2188 Gregorius,
3157 2134 3311 2188 quam
3363 2123 3501 2177 libro
3548 2128 3741 2182 ultinto

2164 2204 2417 2284 Historiae
2438 2206 2610 2271 capite
2641 2207 2730 2270 30,
2761 2222 2814 2261 n.
2854 2208 2936 2272 ιϐ,
2983 2224 3015 2263 a
3043 2209 3277 2268 Baudino
3314 2215 3450 2282 apud
3491 2218 3740 2277 Turonis

2162 2295 2456 2381 institutam
2473 2295 2650 2381 fuisse
2679 2297 2882 2370 scribit,
2915 2297 3074 2370 idque
3097 2312 3163 2356 ex
3191 2306 3362 2381 capite
3395 2306 3428 2360 9
3464 2307 3592 2364 Vitae
3643 2327 3739 2380 pa-

484 2385 656 2454 licana
705 2389 950 2458 utebatur
999 2389 1265 2458 Ecclesia,
1309 2391 1470 2464 alium
1513 2407 1544 2446 a
1589 2391 1826 2463 Dionysii
1872 2390 2109 2478 Exigit}...
2322 2371 2781 2478 ubi
2821 2403 2940 2447 cum
2984 2378 3296 2458 Patroclus,
3332 2396 3556 2464 quitum
3586 2371 3739 2457 Ilitu-

483 2478 803 2542 collectione
847 2483 1008 2553 t'nisse
1045 2481 1376 2553 colligimus,
1409 2495 1526 2565 tum.
1545 2474 1848 2574 ετξςξυῖδξιθ

483 2584 591 2632 ιιι»,
621 2571 743 2642 qui,
778 2585 828 2643 ut
877 2588 905 2640 a
950 2572 1209 2644 Gregorio
1252 2567 1714 2665 lautialuol‘foﬁtit'tl.
1749 2567 2058 2647 ῡῑςητςςῦῐιη

491 2674 596 2712 non
625 2659 870 2734 habetur,
897 2671 1004 2732 tum
1029 2678 1092 2715 ex
1115 2680 1254 2716 novo
1284 2659 1636 2735 quaterttione
1660 2665 1888 2749 codicioa
1915 2663 2062 2753 ςᾈῃιο
2098 2695 2114 2708 ο

485 2750 668 2827 ltetico
699 2766 823 2819 rege
853 2762 1034 2824 assuto
1071 2766 1255 2811 contra
1304 2750 1905 2837 l’raelsufltﬂlllilll.¢"’l
1918 2750 2058 2837 ἐηίιη

489 2843 842 2914 quaterniune
869 2861 1084 2900 canones
1115 2850 1263 2916 quasi
1311 2832 1856 2927 αρυξιῆιέὲδδείιέξῗὶῆ·
1879 2833 2062 2916 codice

489 2932 726 3008 Dionysii
760 2936 934 3002 locum
979 2937 1201 3000 habent,
1249 2924 1522 3006 exss‘tiisse
1553 2951 1810 3008 memorat
1853 2940 2064 3010 Grego-

485 3028 600 3094 rius
620 3067 636 3094 ,
666 3030 754 3100 qui
785 3029 1009 3098 proinde
1051 3048 1154 3100 non
1185 3033 1513 3102 habebantur
1544 3035 1596 3102 in
1623 3034 1836 3104 sincero
1876 3036 2062 3092 codice

483 3133 750 3178 canonum
777 3119 1190 3192 Gallicanorum.

556 3207 647 3264 ‘28.
682 3209 965 3268 Dicecesim
996 3227 1146 3268 suam
1173 3223 1421 3288 accurate
1449 3214 1734 3272 visitabaut
1765 3229 1888 3286 tunc
1928 3225 2060 3272 tem.-

485 3303 634 3370 poris
659 3302 934 3380 episcopi,
969 3305 1117 3360 vicos
1148 3316 1201 3360 et
1233 3306 1422 3374 oppida
1455 3322 1564 3364 sua!
1593 3306 1780 3362 ditioui
1819 3305 2057 3376 subjecta

489 3394 906 3460 circumeundo,
938 3397 1012 3449 uti
1045 3410 1108 3448 ex
1138 3395 1501 3470 compluribus
1529 3395 1766 3464 Gregorii
1802 3397 1928 3450 locis
1951 3411 2062 3449 evr-

486 3492 597 3540 tum
629 3492 732 3548 est.
767 3483 1020 3552 Plerique
1051 3485 1296 3546 solebant
1322 3485 1475 3546 statis
1503 3487 1831 3553 temporibus
1857 3485 1907 3544 iu
1941 3502 2058 3552 tuo-

489 3579 756 3640 llaSlt‘l‘la,
786 3591 884 3644 seu
912 3576 963 3631 in
996 3576 1232 3638 solitaria
1262 3577 1374 3634 loca
1422 3579 1707 3645 recedere,
1746 3588 1802 3634 ttt
1835 3578 1906 3632 ibi
1943 3594 2061 3632 nra-

492 3665 638 3728 tiune
663 3679 726 3722 ac
751 3666 1117 3736 spiritualibus
1141 3666 1409 3724 exercitiis
1436 3668 1695 3738 recreati,
1728 3669 1852 3724 inde
1876 3669 1940 3721 ad
1969 3683 2062 3723 cu-

489 3768 609 3819 ram
659 3756 956 3826 animarum
1003 3757 1102 3811 sibi
1149 3759 1556 3828 crtmtttissarutn
1601 3760 1894 3830 vegetiort-s
1939 3759 2061 3814 lacti

487 3858 922 3920 reverterentur;
955 3849 1095 3919 qttod
1125 3850 1349 3907 solemni
1377 3866 1565 3922 pompt
1599 3851 1650 3905 in
1678 3851 1944 3917 aliquibus
1979 3851 2062 3910 lo-

488 3941 562 3994 ris
593 3941 680 3997 die
705 3940 988 4004 dominica:
1017 3956 1187 3997 creua:
1228 3942 1406 4000 facere
1447 3943 1708 4000 solebant.
1750 3942 1897 3998 Licet
1936 3956 2062 3996 vero

486 4027 639 4084 murti
673 4037 913 4101 tempore
939 4035 1103 4086 Sancti
1136 4031 1210 4086 illi
1237 4032 1471 4100 episcopi
1502 4031 1756 4086 Ecclesiis
1787 4031 1885 4092 sibi
1913 4046 2060 4091 com-

483 4118 663 4182 missis
706 4135 998 4186 prtescn-es
1040 4123 1232 4177 adesse
1267 4124 1571 4187 studerent,
1610 4123 1662 4178 id
1704 4130 1876 4181 tamen
1911 4137 2058 4176 sunt-

484 4225 708 4278 mopere
749 4212 1044 4282 curabant,
1089 4214 1135 4274 si
1161 4214 1336 4283 aliqua
1375 4214 1681 4269 calamitate
1733 4214 1913 4283 plebes
1956 4214 2059 4270 sibi

483 4301 1191 4373 eontntissa:altligerentur.
1221 4305 1353 4360 llinc
1380 4320 1499 4360 cunt
1525 4305 1762 4374 Albigam
1790 4301 2057 4362 civrtatcin

489 4395 606 4450 lues
652 4395 948 4462 inguinaria
999 4397 1331 4460 devastaret,
1384 4394 1596 4451 Salvius
1641 4400 1759 4472 ejus
1807 4397 2060 4452 Ecclesia!

491 4489 616 4534 tunc
655 4483 1028 4538 sanctissimus
1068 4486 1319 4552 antistes,
1363 4496 1602 4555 tanquam
1643 4485 1802 4542 bonus
1862 4497 2054 4564 pastor,

485 4573 658 4640 inquit
681 4575 1000 4651 Gregorius,
1027 4576 1093 4632 ab
1120 4591 1181 4638 ea
1212 4577 1343 4633 urbe
1374 4593 1642 4650 nunquam
1690 4578 1940 4634 recedere
1963 4594 2055 4630 vo-

492 4665 608 4724 luit.
641 4664 955 4734 Theodorus’
997 4685 1124 4730 vero
1166 4670 1571 4725 Massiliensium
1609 4671 1891 4740 episcopus
1934 4687 2054 4726 cum

486 4767 692 4828 pestem
723 4759 1089 4827 gravissimam
1122 4761 1175 4813 itt
1208 4777 1300 4814 sua
1349 4765 1480 4817 urbe
1523 4765 1714 4820 sa:vire
1761 4769 2055 4832 accepisset

487 4846 704 4910 absens,
725 4848 904 4908 statim
927 4863 1170 4903 reversus
1195 4849 1260 4905 ad
1285 4851 1453 4910 sancti
1481 4851 1707 4906 Victoris
1729 4853 2054 4924 sepulcrum,

487 4939 818 5004 orationibus
864 4955 927 4992 ac
973 4940 1168 5010 vigiliis
1214 4955 1441 5010 vacans,
1493 4942 1587 4998 Dei
1635 4943 2054 5010 misericordiam

489 5027 709 5094 ﬂectere
738 5043 872 5099 coita
879 5038 960 5084 tus
987 5038 1085 5094 est.

556 5117 648 5175 29-
681 5119 798 5188 lam
833 5136 958 5174 vero
987 5121 1359 5189 episcoporum
1389 5123 1697 5176 ordinatioui
1721 5137 1785 5178 ac
1813 5123 2059 5192 potestati

487 5210 822 5276 potissimum
856 5211 1245 5266 commendatae
1273 5224 1426 5268 erant
1457 5213 1712 5269 Ecclesia:
1739 5215 2018 5269 facultates
2043 5253 2059 5280 ,

483 5315 604 5366 qua:
632 5316 816 5374 eorum
846 5313 975 5355 nutu
1017 5311 1072 5356 et
1112 5302 1425 5356 auctoritate
1464 5302 1732 5368 debebant
1767 5301 2013 5356 distribui
2042 5339 2058 5367 ,

489 5390 631 5452 unde
660 5399 716 5447 et
744 5407 1034 5460 pauperum
1063 5408 1127 5449 ac
1167 5393 1440 5450 viduarum
1480 5392 1768 5447 nutritores
1809 5391 2059 5446 diceban-

488 5493 612 5537 tur:
641 5497 808 5554 quare
836 5499 956 5538 cum
1000 5483 1229 5545 Gotthus
1259 5485 1473 5554 quidam
1506 5483 1759 5538 Ecclesia:
1791 5483 2057 5554 Agathin-

484 5579 558 5630 sis
591 5577 726 5631 bona
764 5577 1060 5647 rapuisset,
1095 5581 1300 5632 monuit
1323 5593 1446 5631 eum
1489 5577 1593 5630 Leo
1635 5577 1914 5643 episcopus
1938 5614 1955 5635 .
1999 5583 2059 5628 ut

483 5683 549 5731 nc
580 5683 664 5725 res
695 5683 1025 5738 pauperum,
1059 5685 1222 5740 qttas,
1256 5668 1554 5736 inquiebat,
1590 5667 1727 5725 Deus
1760 5679 1945 5724 ttosira:
1973 5684 2057 5722 ero

2147 2467 2363 2561 :h'igjhut
2380 2467 2682 2546 “sitiebat,
2700 2477 2765 2532 ad
2796 2480 3098 2540 convivium
3129 2499 3311 2539 mensa:
3336 2491 3593 2544 cauouicw
3613 2509 3737 2548 cttm

2163 2564 2383 2646 reliquis
2422 2564 2660 2653 clericis,
2686 2568 2943 2653 pepedere
2967 2572 3295 2644 negligeret,
3343 2578 3570 2647 malens,
3605 2583 3734 2652 dum

2161 2644 2878 2745 faeie—ri:cpréusﬂreii'ceient
2895 2703 2912 2728 ,
2942 2663 3058 2730 ipse
3086 2667 3311 2724 orationi
3337 2684 3402 2724 ac
3431 2686 3598 2727 sacras
3629 2649 3738 2731 lec-

2153 2731 2288 2827 jiot'd
2311 2731 2527 2816 essein
2556 2731 2686 2804 dare
2711 2792 2726 2815 ,
2774 2750 2842 2806 ab
2881 2752 3257 2815 archid'acono
3295 2760 3524 2830 graviter
3552 2778 3737 2832 repre-

2164 2830 2360 2908 hensus
2379 2847 2482 2908 est,
2504 2839 2942 2912 admonitusque,
2971 2854 3140 2899 utaut
3167 2861 3285 2901 cum
3327 2850 3532 2919 reliquis
3553 2830 3736 2923 fratri-

2163 2929 2255 2983 bus
2280 2930 2446 2992 cibum
2473 2942 2713 2998 sumeret,
2744 2941 2840 2987 aut
2883 2945 3030 2998 certe
3056 2937 3357 2996 discederet
3384 2955 3415 2995 a
3446 2941 3596 3010 loco;
3629 2925 3765 3000 non.

2163 3018 2305 3084 enim
2333 3029 2536 3080 rectum
2560 3020 2652 3075 ille
2680 3022 3040 3095 existimabat,
3072 3035 3132 3080 ut
3159 3041 3289 3081 unus
3310 3044 3424 3082 cum
3447 3031 3523 3086 his
3554 3033 3736 3090 habere

2088 3126 2131 3187 ρ
2165 3110 2347 3176 uirtum
2367 3109 2745 3178 dissimularet,
2777 3128 2899 3168 cum
2929 3115 3122 3190 quibus
3161 3117 3556 3178 ecclesiasticum
3584 3136 3733 3195 puta-

2161 3212 2303 3257 retur
2323 3202 2532 3272 implere
2552 3204 2791 3279 o/ﬁcium.
2837 3205 2914 3278 Ex
2954 3207 3144 3264 eodem
3183 3209 3317 3265 libro
3371 3222 3514 3282 patet
3557 3217 3735 3272 archi-

2161 3292 2386 3361 diacono
2407 3294 2748 3349 commissam
2773 3294 2934 3356 l‘uisse
2955 3295 3394 3355 instituendorum
3421 3305 3731 3362 clericorum

2161 3395 2364 3447 curant,
2390 3395 2619 3452 eumque
2647 3385 2842 3440 schola.-
2868 3385 3174 3456 prazl'ectum
3206 3389 3370 3452 fuisse
3395 3408 3408 3457 ;
3442 3396 3582 3463 quod
3615 3413 3732 3466 pas-

2160 3470 2260 3524 sim
2295 3470 2462 3536 innuit
2485 3471 2790 3543 Gregorius.
2833 3476 3097 3545 Clericum
3130 3487 3328 3548 tamen,
3352 3497 3509 3552 quem
3537 3485 3727 3546 Ethe-

2161 3560 2272 3615 rius
2303 3561 2624 3618 Lexoviensi
2650 3563 2853 3638 scholae
2891 3567 3226 3638 praefecerat,
3258 3570 3540 3644 diaconum
3571 3577 3734 3634 luisse

2164 3669 2422 3723 nusquam
2449 3655 2696 3726 legimus.
2759 3645 2952 3720 Verum
2994 3661 3377 3731 archidiaconi,
3409 3668 3510 3724 etsi
3536 3670 3732 3726 scholis

2163 3747 2441 3817 praefecti,
2480 3749 2602 3823 quia
2651 3751 2828 3806 multis
2851 3753 2994 3807 curis
3023 3754 3263 3812 distracti
3290 3761 3733 3831 erant,juniores

2159 3836 2388 3894 clericos
2415 3856 2508 3912 per
2535 3840 2667 3898 alios
2693 3843 2889 3897 erudiri
2921 3845 3197 3901 curabant.

2234 3930 2324 3984 5|.
2364 3931 2462 4000 Qui
2493 3932 2735 3988 ecclesiis
2780 3935 3045 3990 ruralibus
3064 3976 3078 4001 ,
3106 3952 3238 4007 quas
3267 3937 3426 3995 hodie
3456 3944 3731 4010 parochias

2161 4035 2254 4078 seu
2281 4037 2436 4078 curas
2465 4023 2828 4097 appellamus,
2869 4025 3313 4096 praeﬁciebantur,
3359 4031 3392 4084 ii
3423 4031 3729 4088 dicebantur

2163 4114 2500 4186 presbyteri,
2559 4129 2693 4182 quos
2745 4131 3122 4185 nonnunquam
3164 4117 3654 4192 arcltipresbyteros
3700 4140 3730 4182 a

2163 4201 2423 4272 Gregorio
2448 4203 2621 4264 dictos
2650 4205 2896 4276 legimus,
2929 4207 3043 4262 sive
3073 4209 3212 4276 quod
3251 4209 3578 4283 presbyteris
3607 4215 3730 4270 vici-

2163 4295 2268 4360 nis,
2299 4305 2352 4350 ut
2383 4295 2540 4350 hodie
2565 4299 2643 4364 lit,
2670 4309 2992 4364 praeessent,
3034 4299 3146 4355 sive
3175 4303 3313 4371 quod
3353 4305 3403 4357 in
3433 4319 3526 4358 sua
3553 4305 3728 4361 Eccle-

2161 4382 2238 4435 sia
2272 4384 2451 4450 plures
2480 4385 2580 4438 sub
2605 4400 2698 4438 sua
2723 4385 2997 4455 disciplina
3026 4389 3248 4444 clericos
3276 4389 3547 4446 haberent.
3570 4393 3726 4449 Erant

2085 4489 2136 4550 Ι)
2165 4483 2339 4529 tamen
2403 4483 2457 4530 et
2507 4476 2595 4530 alii
2648 4479 2882 4533 minores
2937 4479 3116 4534 clerici
3166 4481 3430 4536 nonnullis
3480 4483 3726 4540 Ecclesiis

2169 4566 2436 4636 ιιι-ωροδίιί
2455 4608 2469 4633 ,
2493 4568 2785 4638 cujusmodi
2817 4570 2912 4624 luit
2938 4568 3222 4635 Cantinus,
3257 4580 3438 4638 postea
3466 4574 3727 4628 Arverno-

2165 4674 2280 4718 rum
2337 4660 2649 4728 episc0pus,
2703 4660 2790 4728 qui
2846 4662 2897 4714 in
2946 4661 3082 4717 libro
3119 4661 3185 4716 de
3238 4659 3414 4718 Gloria
3464 4665 3726 4720 confesso-

2163 4764 2302 4811 rum,
2323 4751 2496 4819 capite
2520 4752 2611 4813 30,
2628 4751 2822 4805 dicitur
2842 4752 2894 4804 in
2921 4767 3012 4805 suo
3040 4752 3316 4805 diaconatu
3340 4752 3720 4811 lciodorensent

2165 4836 2456 4892 Ecclesium
2500 4841 2728 4914 rexisse.
2800 4839 3047 4894 Urbanus
3087 4857 3212 4896 vero
3268 4841 3512 4897 diaconus
3563 4845 3722 4900 sancti

2163 4929 2356 4984 Juliuni
2413 4932 2740 4987 Brivatensis
2795 4934 3140 5004 inartyrarius
3193 4933 3502 4990 lactus.est.
3565 4935 3724 4990 Immo

2166 5021 2298 5075 libro
2324 5039 2338 5076 I
2369 5023 2436 5078 de
2462 5021 2639 5078 Gloria
2662 5024 2971 5095 Martyrum,
2992 5028 3166 5096 capite
3189 5026 3278 5093 66,
3313 5037 3570 5080 memorat
3591 5029 3720 5084 Gre-

2162 5116 2340 5182 gorius
2391 5116 2665 5183 parvulum
2711 5117 3040 5185 oratorium,
3096 5127 3280 5186 sancto
3321 5117 3564 5173 Patroclo
3591 5122 3720 5187 apud

2163 5203 2359 5258 'l‘recas
2389 5212 2777 5271 i‘onsecratum,
2796 5206 2879 5259 cui
2912 5221 3048 5260 unus
3079 5217 3279 5260 tantum
3309 5207 3540 5273 clericus,
3573 5225 3718 5278 quem

2163 5295 2320 5362 paulo
2349 5304 2468 5367 post
2508 5297 2739 5366 appellat
2786 5296 3061 5364 lectorem,
3110 5298 3393 5354 serviebat.
3433 5298 3717 5355 Occurrunt

2162 5387 2321 5440 etiam
2367 5386 2507 5460 apud
2550 5386 2796 5442 eumdem
2825 5395 3138 5455 auctorem,
3171 5387 3261 5456 qui
3307 5396 3399 5444 aut
3444 5389 3581 5455 soli,
3637 5399 3718 5444 aut

2158 5487 2304 5533 certe
2334 5477 2488 5548 pauci
2520 5479 2737 5532 omnino
2767 5477 2817 5532 in
2859 5477 2992 5534 locis
3014 5478 3179 5534 sacris
3207 5477 3488 5554 degebant,
3518 5479 3584 5535 de
3611 5482 3718 5550 qui-

2159 5570 2259 5624 bus
2289 5568 2457 5625 lusins
2479 5583 2634 5638 agere
2664 5583 2768 5623 non
2798 5579 2968 5623 vacat.

2231 5660 2318 5716 5&2.
2361 5660 2552 5716 Clerici
2583 5669 2779 5727 autem,
2807 5659 2995 5716 saltem
3028 5660 3287 5727 minores,
3317 5674 3421 5714 non
3449 5668 3601 5714 erant
3631 5673 3705 5714 nev
