4070 6186
340 322 420 379 33
1778 314 2158 372 ριιιιειτειτιο.
3348 362 3353 369 ,
3552 318 3622 375 δι

339 430 583 487 cessario
609 443 638 482 a
670 426 903 497 propriis
950 424 1218 496 episcopis
1250 425 1373 480 huic
1400 422 1583 480 officio
1608 425 1932 482 destinandi.
1965 437 2013 487 A
2045 427 2359 492 Chanaone,
2387 443 2535 483 suam
2561 416 2777 483 uiorcm
2806 426 3115 495 recepisset,
3143 444 3175 481 a
3204 430 3397 483 τωιρνὶκ
3427 432 3625 498 cpisco-

338 521 600 577 Nonnulli
630 519 772 575 enim
806 533 902 585 pro
942 528 1245 585 temporum
1278 526 1369 571 aut
1416 518 1652 571 locorum
1683 528 1938 588 Opportu-

338 616 536 673 nitate,
590 625 621 663 a
669 610 861 675 quovis
910 607 1165 676 episcopo
1218 616 1309 659 aut
1338 606 1569 673 abbate,
1596 607 1747 677 juxta
1780 623 1934 661 suum

339 712 435 755 aut
471 711 755 770 parentum
783 708 967 752 votum
987 736 1002 761 ,
1037 698 1099 751 ad
1145 697 1451 752 clericatum
1480 696 1933 754 admittebantur:

340 808 455 859 quo
492 800 648 859 pacto
671 789 995 857 Gregorius,
1028 800 1085 843 ut
1112 789 1333 858 ipsemet
1366 796 1581 851 narrat,
1616 789 1935 844 Winnocum

343 898 541 935 recens
568 898 598 936 e
627 880 894 933 Britannia
923 881 973 933 in
1002 895 1152 931 suam
1180 879 1451 932 dimcesim
1482 881 1802 944 θάνιξ(“ιιιιιι,ι
1827 897 1939 934 res-

350 972 602 1040 byterum
635 969 897 1023 ordinavit
926 1010 940 1031 ,
991 978 1045 1021 ιιι
1069 969 1217 1023 illum
1252 970 1387 1037 apud
1420 986 1478 1024 sc
1524 972 1796 1025 retineret.
1838 971 1938 1037 Qui

346 1063 498 1117 enim
547 1061 709 1115 semel
740 1062 793 1115 in
842 1059 1034 1129 quavis
1090 1057 1325 1113 Ecclesia
1379 1060 1608 1112 ordinati
1659 1071 1840 1122 erant,
1873 1061 1937 1113 ad

348 1155 518 1209 aliam
575 1153 803 1208 tratnire
850 1168 955 1206 non
991 1162 1235 1221 poterant
1262 1192 1277 1218 ,
1326 1151 1489 1205 immo
1526 1167 1622 1205 nec
1667 1152 1939 1219 aliquanto

348 1245 559 1301 diutius
606 1248 658 1300 in
706 1246 879 1299 aliena
912 1244 1133 1299 dioecesi
1189 1243 1499 1308 immorari,
1555 1245 1753 1312 absque
1786 1246 1937 1297 venia

349 1338 733 1407 episcopi,-qui
758 1338 903 1403 ipsos
941 1335 1287 1389 ordinaverat
1313 1353 1324 1386 :
1356 1336 1499 1388 unde
1523 1351 1641 1389 cum
1670 1334 1937 1388 Tlteodul-

351 1428 459 1495 fus,
488 1428 577 1499 qui
609 1428 829 1482 Parisiis
857 1427 1116 1481 diaconus
1142 1426 1417 1487 ordinatus
1449 1425 1618 1478 fui-rat
1643 1468 1657 1489 ,
1688 1424 1937 1493 Andega-

349 1532 480 1574 vum
514 1519 941 1589 transmigrasset
961 1559 976 1584 ,
1002 1533 1028 1569 a
1055 1516 1397 1586 Ragncmodo
1416 1515 1700 1570 Parisienst
1733 1518 1939 1583 episco-

348 1625 463 1680 po,
499 1619 557 1663 ut
594 1620 778 1664 narrat
818 1608 1109 1677 Gregorius
1157 1606 1291 1661 libro
1332 1622 1361 1659 ιι
1430 1605 1708 1671 Historiae,
1770 1608 1941 1675 capite

350 1701 445 1767 14,
478 1701 666 1769 strpils
688 1699 1151 1754 excammunicatus
1173 1708 1265 1764 est,
1298 1697 1434 1764 quod
1454 1697 1523 1749 ad
1568 1696 1852 1749 Ecclesiam
1884 1698 1935 1748 in

2043 520 2123 589 pis
2149 524 2617 577 excommunica‘us
2645 532 2737 576 est.
2782 522 3043 577 Memorat
3082 524 3277 590 passim
3329 525 3620 597 Gregorius

2039 612 2340 682 episcopos,
2385 613 2471 681 qui
2502 622 2627 666 ante
2654 628 2805 666 suam
2834 612 3223 667 ordinationem
3257 622 3462 669 uxorati
3503 620 3616 673 fue-

2040 713 2198 756 rant:
2227 713 2282 756 at
2308 704 2487 755 statim
2538 702 2807 773 sul-jungit
2830 742 2846 767 ,
2874 717 2969 757 eos
2999 704 3066 759 ab
3103 704 3333 760 invicem
3350 709 3507 776 juxta
3532 728 3620 763 ca-

2041 810 2229 847 nonum
2264 796 2561 862 prwscripta
2594 795 2752 847 fuisse
2784 802 3182 862 seque-iratos:
3217 795 3356 864 quod
3386 798 3619 851 ordinum

2040 886 2371 939 institutionis
2401 884 2667 939 cat/colica
2696 885 2928 953 appellat
2950 886 3000 938 in
3032 885 3168 939 libro
3195 887 3261 941 de
3288 886 3465 941 Gloria
3491 904 3621 943 con-

2044 978 2324 1042 fessorum,
2375 978 2550 1044 capite
2602 977 2704 1041 78,
2752 986 2813 1030 ut
2837 977 2976 1030 hunc
3017 991 3219 1031 morem
3269 994 3374 1033 non
3416 978 3467 1032 in
3518 997 3617 1033 una

2042 1068 2215 1122 solum
2251 1078 2339 1121 aut
2373 1070 2422 1121 in
2454 1067 2618 1121 altera
2652 1068 2904 1137 regione,
2938 1067 3029 1121 sed
3065 1069 3259 1137 ubique
3300 1070 3349 1122 in
3387 1081 3492 1123 tota
3526 1072 3623 1126 Ec-

2042 1159 2203 1212 clesia
2254 1158 2391 1213 Cullb
2419 1158 2514 1211 lica
2548 1156 2887 1211 uniformiter
2932 1166 3197 1211 servatum
3248 1158 3410 1213 fuisse
3447 1170 3624 1214 osteno

2041 1250 2217 1305 deret.
2296 1248 2448 1303 Unde
2508 1248 2795 1301 maximum
2851 1249 2987 1315 apud
3044 1248 3264 1315 populos
3316 1250 3623 1305 scandlunt

2042 1344 2334 1401 oriebatur,
2390 1341 2433 1391 si
2482 1340 2769 1406 episcopus
2816 1340 2978 1391 etiam
3028 1354 3147 1392 cum
3197 1356 3359 1395 uxore
3410 1345 3621 1410 propria

2042 1432 2417 1485 COI‘ﬂlel'Cllllll
2450 1429 2663 1497 aliquod
2715 1429 2967 1484 habuisse
3014 1442 3313 1499 putaretur.
3385 1433 3626 1488 llabi-but

2043 1520 2317 1575 Etherius
2361 1521 2642 1587 episcopus
2698 1519 3040 1575 Lexoviensis
3070 1523 3207 1575 circa
3253 1525 3434 1576 lectum
3475 1542 3625 1579 suum

2044 1612 2233 1663 multos
2280 1610 2491 1663 lectulos
2541 1610 2879 1673 clericorum,
2926 1619 2980 1662 ιιι
3025 1610 3185 1662 dubio
3235 1613 3413 1679 procul
3446 1623 3626 1667 essent

2044 1700 2160 1769 ejus
2189 1700 2528 1753 eontEnv-tttize
2562 1709 2745 1752 testes.
2790 1700 2852 1752 Et
2880 1701 3097 1769 quidem
3136 1700 3377 1769 episcopi
3408 1701 3625 1755 decnm-

348 1806 456 1861 qua
478 1794 723 1845 diaconus
753 1790 1021 1845 ordinatus
1051 1788 1215 1860 fuerat
1270 1785 1438 1841 redire
1469 1786 1715 1854 di/I'erret.
1758 1786 1929 1841 ΑΜ)...
1971 1803 2018 1861 Β
2046 1793 2242 1847 hebant
2274 1793 2324 1845 in
2357 1790 2627 1854 domibus,
2661 1804 2792 1859 quas
2822 1789 3107 1861 Gregorius
3139 1790 3295 1860 vulgo
3320 1791 3494 1844 άοηιοε
3526 1791 3628 1843 Ec-

279 1910 297 1925 -
356 1894 437 1937 tes
466 1883 630 1934 etiam
679 1882 730 1933 in
780 1882 891 1934 suis
938 1877 1274 1933 monasteriis
1305 1879 1532 1931 cler'cos
1574 1877 1939 1939 inStituebaut,

355 1978 433 2027 uti
480 1972 766 2041 Gregorius
798 1971 1036 2040 passim,
1088 1969 1417 2038 potissimum
1466 1968 1519 2021 itt
1564 1966 1795 2021 miraculi
1823 1982 1940 2019 rum

353 2062 509 2119 libris
561 2068 862 2115 aui-statur.
927 2059 1054 2114 Inde
1098 2057 1431 2113 consuetudo
1479 2054 1843 2125 priﬂuxerat,
1887 2064 1943 2107 ut

352 2156 598 2208 manat-Iri
628 2168 687 2206 ac
711 2152 881 2204 clerici
905 2156 1099 2205 no‘men
1125 2147 1426 2218 promiscue
1450 2146 1724 2201 monachis
1749 2148 1944 2200 tribuc-

353 2256 506 2303 rctur
536 2264 548 2298 :
575 2245 716 2316 quod
749 2243 865 2298 fuse
889 2244 1078 2313 probat
1101 2241 1182 2295 vir
1211 2240 1451 2295 eruditus
1482 2240 1779 2293 Ludovicus
1804 2236 1945 2289 Tho-

353 2340 646 2396 ritassinus.
696 2334 762 2390 Et
793 2332 1008 2404 quidem
1051 2331 1370 2392 ordinandi,
1403 2329 1565 2384 etiam
1598 2329 1663 2383 ad
1690 2327 1944 2383 sacerdo-

354 2432 534 2495 tium,
605 2430 658 2484 in
716 2424 1058 2481 monasteriis
1124 2421 1527 2488 erudiebantur,
1587 2430 1645 2473 ut
1691 2423 1941 2487 exetuplo

353 2520 588 2579 llcrovei
630 2516 915 2586 Gltilpcrici
948 2516 1088 2584 regis
1118 2512 1213 2567 lilii
1240 2519 1471 2574 constat,
1504 2510 1593 2581 qui
1624 2511 1677 2564 in
1708 2510 1944 2563 Aninsu-

358 2613 499 2666 lettsi
553 2607 878 2663 monasterio
924 2606 1133 2675 positus
1178 2612 1261 2659 est
1282 2602 1590 2656 sacerdotali
1614 2601 1793 2671 regula
1819 2615 1945 2654 eru-

357 2702 608 2758 die-udus.

430 2796 521 2849 55.
561 2792 857 2851 Clericatus
904 2786 1002 2847 fuit
1040 2787 1236 2859 sapius
1283 2796 1640 2857 opportunum
1687 2784 1946 2841 adversus

360 2888 731 2944 imminentem
778 2894 964 2939 necem
1019 2880 1269 2950 asylum,
1324 2878 1554 2932 maxime
1622 2876 1951 2947 principibus

361 2981 515 3042 viris,
543 2992 694 3044 quos,
723 2992 789 3031 ne
817 2974 1001 3030 turbas
1025 2982 1425 3028 commoverent
1444 3012 1461 3037 ,
1491 2978 1770 3039 suspectos
1798 2984 1950 3037 rcges

363 3070 651 3125 habebant.
694 3069 859 3122 Certe
901 3063 1225 3121 Cbararicus
1267 3077 1397 3127 rex,
1447 3074 1567 3115 cum
1617 3059 1727 3114 lilio
1778 3072 1875 3113 suo
1917 3074 1946 3112 a

365 3161 679 3216 Chlodovco
708 3168 925 3228 captus,
959 3171 1061 3211 non
1093 3154 1250 3211 aliter
1279 3152 1466 3207 mortis
1504 3150 1798 3221 periculum
1828 3146 1953 3203 eva-
1980 3162 2025 3225 α

371 3255 471 3315 sit;
519 3260 680 3320 quare
726 3258 844 3303 eam
890 3245 1069 3302 subire
1112 3245 1267 3299 ambo
1298 3252 1479 3312 postea
1512 3240 1681 3297 coacti
1713 3240 1946 3305 fuerunt,

368 3360 487 3398 eum
514 3344 765 3397 clericatu
794 3335 1097 3406 cohtempto
1119 3338 1182 3392 ad
1206 3336 1514 3390 saecularem
1542 3330 1737 3388 statum
1768 3333 1950 3387 volue-

369 3449 494 3492 runt
516 3432 727 3489 reVerti.
769 3431 902 3487 Hinc
933 3440 1014 3486 est
1036 3429 1175 3500 quod
1207 3426 1596 3483 Cblodoaldum
1623 3424 1949 3479 Cblodome-

372 3529 444 3583 ris
477 3528 643 3581 lilium
671 3524 809 3579 ultra
838 3520 902 3577 ad
929 3526 1112 3576 necem
1142 3521 1306 3589 ipsius
1334 3519 1507 3588 patrui
1537 3530 1642 3570 non
1666 3514 1950 3585 qumsiere,

371 3634 491 3674 cum
515 3612 613 3673 sibi
640 3614 739 3685 ipsi
782 3612 990 3683 capillis
1032 3608 1244 3673 ini-isis,
1296 3614 1575 3679 presbyter
1604 3602 1954 3662 fuissetordi-

372 3716 551 3765 natus.
606 3708 717 3763 Nec
760 3704 901 3760 aliud
952 3700 1099 3759 certe
1146 3701 1304 3756 iidem
1345 3700 1422 3754 illi
1452 3712 1604 3769 reges
1633 3712 1661 3750 a
1688 3693 1954 3751 Chlmilde

370 3798 656 3870 exegerant
679 3838 696 3864 ,
724 3810 882 3865 quam
925 3804 981 3846 ιιι
1013 3802 1231 3861 nepotes
1265 3805 1391 3845 suos
1414 3790 1637 3844 clericos
1666 3788 1777 3842 fieri
1809 3796 1953 3854 pate-

374 3901 547 3956 retur,
570 3890 615 3943 si
649 3903 743 3943 eos
767 3885 926 3941 morti
953 3893 1167 3950 ereptos
1196 3891 1434 3949 cuperet.
1495 3880 1662 3935 Nemo
1691 3890 1820 3934 vero
1843 3876 1956 3931 exi—

377 3981 601 4044 stimet,
628 3973 933 4046 hujusmodi
988 3968 1231 4026 homines
1275 3971 1475 4026 invitos
1515 3985 1577 4024 ac
1606 3969 1957 4024 reclamantcs

379 4072 446 4124 ab
492 4066 758 4136 episcopis
807 4056 1080 4118 ordinatos
1128 4060 1400 4116 fuisse:'id
1450 4060 1643 4130 quippe
1688 4073 1953 4126 nunquam

378 4159 595 4213 admisit
642 4148 921 4211 Ecclesia':
954 4154 1138 4218 immo,
1189 4163 1243 4207 ut
1292 4152 1426 4206 scite
1473 4150 1777 4205 observavit
1816 4151 1959 4204 Ἠιο-

381 4248 644 4303 massinus
674 4286 690 4311 ,
730 4245 987 4299 volentes
1016 4255 1069 4297 et
1096 4239 1566 4297 vehementissime
1598 4242 1839 4295 volentes
1867 4257 1957 4293 or-

379 4340 737 4405 dinabantur,
789 4339 922 4393 certi
976 4336 1113 4406 quod
1163 4335 1307 4390 nulla
1348 4334 1449 4389 sibi
1495 4342 1801 4403 superesset
1856 4330 1955 4387 alia

380 4433 611 4503 propriae
636 4433 759 4486 vita:
800 4432 851 4485 in
884 4430 996 4484 tuto
1048 4427 1305 4496 ponenda:
1344 4425 1451 4479 via.
1493 4426 1556 4480 Et
1582 4422 1794 4495 quidem
1827 4440 1957 4479 ncc-

383 4526 515 4581 nulli
548 4524 744 4593 passim
777 4532 1059 4576 occurrunt
1089 4518 1167 4574 sic
1196 4518 1424 4571 ordinati
1449 4557 1464 4582 ,
1492 4514 1581 4586 qui
1607 4516 1810 4586 reliquo
1837 4513 1956 4568 vita:
1990 4531 2035 4586 υ

380 4629 495 4669 sum
517 4620 759 4680 tentpore
802 4611 874 4666 ita
907 4607 1009 4676 piis
1037 4607 1314 4661 exercitiis
1342 4620 1559 4674 operam
1586 4603 1870 4669 dederunt,
1901 4614 1958 4656 ut

381 4702 596 4760 tandem
636 4700 691 4757 in
721 4710 1024 4756 sanctorum
1069 4706 1344 4752 numerum
1392 4692 1682 4750 meruerint
1727 4694 1953 4761 referri;

381 4796 507 4851 licet
536 4808 588 4851 et
620 4796 749 4850 alios
776 4788 939 4847 fuisse
986 4790 1269 4854 fateamur,
1321 4792 1408 4859 qui
1434 4783 1768 4858 postmodum
1797 4789 1955 4843 liber-

387 4898 547 4944 tatem
580 4886 853 4957 pristinam
882 4883 1083 4954 adepti,
1112 4882 1381 4952 proposito
1406 4882 1638 4952 abjccto,
1659 4879 1726 4933 ad
1749 4876 1959 4948 nuptias

383 4982 769 5042 convolarunt,
818 4984 912 5030 aut
961 4984 1105 5029 certe
1148 4974 1212 5027 ad
1264 4970 1507 5042 preprias
1538 4978 1732 5025 uxores
1757 4968 1959 5024 reversi

382 5080 548 5129 sunt:
578 5070 773 5141 quippe
797 5064 886 5137 qui
917 5081 1011 5137 per
1038 5066 1144 5119 vim
1178 5064 1406 5120 ordinati
1446 5061 1601 5116 nullis
1622 5061 1959 5116 continentia:

382 5166 591 5235 legibus
634 5178 693 5218 se
734 5160 1001 5216 obnoxios
1047 5172 1167 5211 8:50
1212 5150 1584 5210 causabantur.
1636 5157 1703 5206 At
1742 5149 1795 5206 id
1826 5161 1961 5203 nun-

378 5271 539 5327 quam
586 5250 805 5323 impune
833 5250 955 5305 tulit
1001 5247 1281 5309 Eceleslas
1332 5259 1448 5315 qua!
1480 5240 1638 5297 variis
1664 5240 1959 5295 canonibus

377 5345 648 5418 ejusmodi
678 5344 1028 5400 temeritatem
1079 5338 1408 5407 pI'OsCl'lpSiL
1456 5336 1564 5389 Hoc
1596 5335 1797 5388 crimen
1829 5348 1958 5399 apo.

380 5440 590 5493 stasiam
614 5434 850 5503 appellat
883 5443 1063 5485 noster
1111 5428 1402 5497 Gregorius
1431 5425 1565 5479 libro
1597 5438 1647 5477 tv
1688 5424 1951 5487 Historiae,

374 5527 558 5597 capite
610 5526 662 5590 4,
714 5524 803 5579 ubi
865 5520 1101 5577 Maeliavi
1149 5518 1443 5572 Brittonum
1493 5514 1702 5570 comitis
1753 5512 1957 5567 facinus

377 5628 619 5678 enarrat,
651 5618 736 5685 qui
765 5629 885 5667 cum
918 5614 970 5665 in
1006 5609 1261 5665 estremis
1285 5607 1543 5677 angustiis
1581 5606 1784 5675 positus
1813 5604 1959 5657 ordi—

373 5722 536 5771 natus
562 5708 750 5764 fuisset
776 5706 1063 5775 episcopus
1088 5700 1429 5765 Venetensis,
1451 5707 1504 5754 et
1544 5707 1723 5768 postea
1748 5708 1959 5751 mortuo

2045 1884 2213 1936 clesia:
2240 1892 2331 1935 aut
2376 1882 2744 1935 ecclesiasticas
2775 1890 2969 1945 vocat,
3006 1896 3125 1949 qua:
3166 1880 3317 1950 juxta
3348 1883 3627 1937 ecclesiam

2044 1972 2164 2025 sita:
2207 1982 2382 2035 erant,
2433 1981 2489 2022 ut
2536 1969 2740 2023 facilior
2761 1978 2905 2023 esset
2939 1970 3202 2037 episcopis
3244 1979 3299 2024 et
3323 1970 3531 2025 clericis
3562 1972 3628 2025 ad

2045 2062 2328 2115 ecclesiam
2356 2060 2555 2115 aditus.
2619 2060 2810 2112 Rarius
2844 2074 2973 2113 vero
3014 2060 3323 2115 mulieribus
3352 2061 3417 2115 ad
3448 2062 3629 2131 hujus.

2046 2155 2190 2207 modi
2237 2153 2427 2207 domos
2482 2151 2893 2221 permittebatur
2920 2164 3167 2204 accessus
3193 2192 3209 2216 ,
3259 2153 3544 2221 etquidem
3578 2156 3629 2207 in

2048 2246 2293 2301 Ecclesia
2335 2243 2681 2314 Lugdunensi
2721 2246 3053 2297 consuetudo
3082 2242 3253 2297 fuerat
3274 2243 3384 2311 jam
3412 2258 3441 2296 a
3472 2244 3629 2313 longo

2047 2347 2289 2406 tempore
2310 2338 2617 2406 observata,
2646 2344 2699 2387 ut
2724 2334 2907 2387 mulier
2939 2334 3161 2386 ccclesitz
3190 2334 3399 2387 domtun
3427 2352 3526 2387 non
3554 2337 3630 2388 in-

2046 2429 2385 2499 grederetur;
2424 2436 2571 2496 quod
2624 2424 2965 2479 interdictum
3018 2438 3139 2477 cum
3183 2426 3433 2478 Violasset
3465 2426 3630 2480 Prisci

2047 2520 2284 2587 episcopi
2318 2533 2475 2583 uxor,
2528 2515 2783 2569 divinitus
2832 2516 3013 2583 punita
3044 2522 3160 2580 est,
3189 2523 3246 2568 ut
3274 2515 3528 2569 discimus
3559 2533 3630 2571 ex

2051 2610 2189 2663 libro
2238 2624 2289 2662 tv
2338 2607 2581 2676 Gregorii
2614 2604 2857 2658 llist0ri:e
2881 2645 2897 2669 ,
2928 2604 3102 2672 capite
3124 2604 3211 2670 56,
3243 2605 3383 2674 quod
3417 2622 3466 2658 tn
3497 2621 3631 2674 pra:—

2048 2701 2362 2757 cedentibus
2392 2700 2717 2754 editionbus
2770 2696 3131 2752 desideratum
3177 2712 3244 2753 ex
3270 2698 3456 2754 codice
3481 2699 3631 2752 ϐαδι-

2049 2792 2202 2847 nensi
2228 2789 2591 2860 supplevimus

2118 2921 2210 2977 δι.
2250 2924 2514 2977 Caeterum
2549 2933 2653 2973 non
2686 2919 2860 2973 minus
2889 2918 3126 2973 vestibus
3168 2932 3231 2973 ac
3259 2930 3478 2975 externa
3508 2936 3631 2975 cor-

2048 3018 2196 3086 poris
2223 3015 2424 3084 specic,
2454 3028 2612 3083 quam
2641 3013 2879 3067 moribus
2903 3012 3083 3068 clerici
3111 3026 3139 3066 a
3170 3015 3518 3069 εωοιιιειίιιιιε
3549 3017 3629 3068 vi-

2053 3109 2130 3163 ris
2157 3115 2281 3161 tunc
2310 3105 2566 3175 temporis
2593 3104 3077 3174 distinguebantur.
3135 3106 3412 3161 MeroVeus
3440 3111 3633 3177 quippe

2054 3216 2084 3256 a
2113 3210 2261 3271 patre
2289 3198 2590 3268 Chilperico
2629 3196 2933 3265 aliquandiu
2964 3196 3064 3251 sub
3092 3198 3335 3252 custodia
3362 3200 3630 3265 detentus,

2056 3288 2391 3359 postmodum
2416 3297 2730 3350 tonsuratus,
2762 3294 3070 3356 mutataque
3099 3295 3244 3341 veste
3296 3303 3399 3357 qua
3426 3292 3635 3343 clericis

2054 3383 2128 3435 uti
2157 3395 2275 3435 mos
2302 3388 2405 3447 est,
2441 3382 2565 3449 inqu
2590 3389 2607 3432 t
2637 3377 2926 3447 Gregorius
2956 3387 3137 3432 noster
3182 3378 3275 3431 lib.
3306 3396 3356 3444 v,
3390 3395 3508 3451 cap.
3551 3386 3632 3446 ιι,

2052 3472 2337 3544 presbyter
2370 3480 2452 3527 est
2492 3472 2772 3524 ordinatus
2801 3486 2816 3521 :
2850 3470 2989 3523 unde
3020 3479 3204 3538 postea
3232 3486 3351 3525 cum
3382 3473 3636 3528 clerscatu

2054 3563 2266 3634 abiecto
2296 3562 2607 3630 aufugisset,
2636 3561 2871 3614 steculari
2904 3570 3033 3613 reste
3060 3561 3271 3615 indutus
3302 3560 3467 3618 fuisse
3496 3565 3636 3619 dici-

2056 3666 2161 3711 tur.
2186 3658 2306 3710 Alio
2334 3656 2386 3709 in
2414 3656 2533 3708 loco
2558 3662 2773 3707 sanctus
2797 3652 3055 3706 Martinus
3078 3653 3225 3723 nigra
3252 3664 3402 3709 veste
3425 3655 3640 3710 indutus

2054 3749 2263 3802 cuidam
2314 3744 2629 3816 apparuisse
2674 3740 2888 3798 dicitur.
2943 3744 3181 3798 Cleriros
3225 3759 3375 3811 vero,
3424 3746 3561 3800 sicut
3588 3759 3643 3803 et

2056 3837 2368 3903 monachos,
2402 3847 2527 3891 tunc
2553 3835 2808 3903 temporis
2835 3842 3016 3887 tonsus
3046 3834 3212 3890 fui-se
3245 3834 3404 3891 nemo
3438 3849 3522 3893 cst
3547 3840 3639 3909 qui

2059 3929 2284 3985 inficiari
2333 3928 2491 3994 velit;
2526 3936 2577 3980 at
2621 3940 2835 3981 corona:
2866 3939 3023 3995 quam
3054 3924 3128 3978 illi
3167 3927 3499 3994 deferebant,
3531 3932 3641 3996 pri-

2058 4036 2183 4074 nam
2214 4021 2484 4074 notionem
2527 4017 2784 4086 Gregorio
2814 4026 2998 4070 n0stro
3025 4016 3206 4070 deberi
3253 4029 3436 4073 censet
3467 4020 3641 4074 Ludo-

2059 4112 2206 4166 vicus
2227 4109 2633 4174 Thomassinus,
2661 4109 2747 4177 qui
2775 4107 3000 4161 clericos
3027 4118 3179 4160 antea
3207 4109 3419 4178 quidem
3456 4119 3639 4164 tonsos

2060 4202 2223 4257 fuisse
2246 4202 2459 4267 fatetur,
2488 4215 2593 4253 non
2618 4214 2746 4253 vero
2772 4197 3087 4268 capillorum
3111 4214 3304 4252 corona
3333 4201 3640 4271 insignitos.

2058 4295 2231 4350 Locus
2256 4292 2497 4362 Gregorii
2538 4290 2761 4344 habetur
2808 4289 2861 4343 in
2896 4289 3029 4342 Vitis
3064 4290 3297 4351 Patrum.
3342 4292 3520 4359 capite
3555 4294 3636 4356 l7,

2058 4387 2148 4441 ubi
2174 4393 2354 4440 narrat
2382 4382 2670 4447 Nicetium,
2697 4391 2874 4449 postea
2906 4379 3278 4434 Trevirensem
3305 4386 3650 4447 episcOpum,

2060 4494 2125 4534 ex
2152 4478 2337 4532 matris
2364 4476 2483 4529 alvo
2506 4475 2829 4543 processisse
2854 4486 2971 4525 cum
2996 4472 3115 4539 pilis
3147 4472 3217 4524 ita
3247 4472 3296 4523 in
3329 4473 3504 4539 capite
3527 4473 3642 4541 ejus

2062 4569 2343 4633 Ordinatis,
2376 4578 2431 4620 ιιι
2472 4574 2678 4637 patares
2706 4563 2768 4615 ab
2798 4561 2985 4615 eisdem
3024 4576 3267 4615 coronam
3294 4564 3467 4616 clerici
3488 4564 3643 4633 fuisse

2058 4662 2333 4731 signatam.

2130 4766 2218 4825 55.
2246 4768 2565 4823 Μιιιιιιειῑειις
2595 4765 2729 4821 οιάι)
2750 4765 2858 4835 jam
2889 4762 3128 4834 tempore
3156 4764 3401 4834 Gregorii
3432 4764 3504 4820 ita
3530 4776 3642 4821 erat

2060 4861 2331 4917 clericatui
2360 4862 2695 4926 coniunctus,
2730 4867 2787 4911 nt
2815 4857 2952 4911 idem
2986 4857 3142 4911 fuerit
3176 4858 3493 4910 monaclmut
3519 4873 3642 4912 esse

2062 4970 2123 5008 ac
2159 4954 2435 5016 clericum,
2489 4951 2627 5020 quod
2663 4950 2799 5011 fuse,
2842 4960 2894 5002 et
2946 4965 3041 5017 pro
3082 4965 3179 5003 suo
3227 4961 3375 5003 more
3416 4949 3641 5011 erudite,

2068 5047 2251 5113 probat
2274 5042 2568 5096 Ludovicus
2586 5041 3002 5103 Tltumassinus;
3030 5049 3083 5092 ct
3103 5041 3338 5109 quidem,
3368 5049 3426 5093 ut
3448 5054 3566 5107 pass
3590 5056 3640 5095 ιιι

2063 5138 2174 5191 suis
2203 5136 2334 5189 locis
2364 5134 2731 5198 observamus,
2758 5145 2891 5200 q-tos
2914 5130 3199 5201 Gregorius
3229 5130 3458 5198 appellat
3485 5131 3643 5185 cleri-

2061 5242 2151 5283 co,
2174 5227 2323 5281 initio
2346 5226 2557 5295 capitis,
2579 5222 2796 5277 eosdem
2827 5220 3009 5289 postea
3032 5222 3322 5275 monachos
3347 5232 3640 5291 nuncupat.

2062 5318 2170 5373 Nec
2190 5317 2403 5381 mirutn,
2429 5329 2547 5369 cum
2574 5313 2676 5366 illis
2701 5314 3047 5379 tcmpdribus.
3071 5310 3247 5380 etjatn
3275 5314 3438 5365 multo
3463 5322 3640 5378 antea,

2063 5409 2308 5465 monachi
2336 5406 2672 5462 clericabbns
2695 5404 2943 5457 omnibus
2963 5401 3155 5457 ofﬁciis
3181 5419 3260 5470 pet
3277 5402 3643 5472 fungerentur,

2065 5502 2492 5575 prmcipuamque
2556 5495 2855 5549 divinorum
2933 5492 3229 5547 ofﬁciorum
3296 5495 3645 5548 celebratiuui

2067 5607 2282 5665 operam
2317 5579 2713 5659 impenderent;
2746 5586 2910 5638 immo
2936 5595 2987 5638 et
3016 5582 3252 5649 abbatcs,
3288 5596 3344 5639 ut
3374 5587 3535 5640 modo
3564 5588 3643 5639 di»

2068 5691 2342 5753 cebatnus,
2375 5684 2598 5738 clericos
2627 5676 2961 5742 ordinabant,
2990 5687 3044 5732 et
3070 5693 3190 5733 cum
3221 5678 3415 5747 aliquid
3446 5679 3641 5732 solem-
