4040 6186
551 367 626 424 55
1983 348 2371 407 PREFATIO.
3730 354 3788 407 38

550 482 744 540 Illilllt‘l'
776 479 825 532 in
854 476 1093 533 Ecclesia
1139 474 1397 543 agendum
1430 472 1762 535 occurrebat,
1794 472 1971 524 slalin
2012 473 2119 540 epi-
2151 471 2195 526 Α
2229 470 2440 535 fuerint,
2472 486 2574 525 non
2603 484 2980 540 usquequaque
3006 469 3193 539 liquet.
3228 467 3387 523 Certe
3418 482 3637 523 narrans
3666 468 3789 523 Gre-

549 571 718 639 scopi,
752 578 809 622 ut
845 568 1040 635 passim
1084 575 1344 620 memorat
1373 564 1679 632 Gregorius,
1724 578 1835 617 suae
1881 561 2130 617 dimcesis

546 662 770 715 abbates
799 668 855 713 et
886 657 1229 726 presbyteros
1275 656 1661 710 convocabant.
1709 654 1863 707 Tanti
1894 668 2020 707 vero
2051 653 2129 705 fa-

547 751 761 806 ciebant
791 747 1085 802 monachos
1110 746 1428 801 sanctissimi
1461 747 1655 815 quique
1682 746 1893 800 illorum
1925 755 2130 813 tempo-

549 854 666 897 rum
710 837 968 905 episcotti,
1002 846 1060 891 ut
1088 835 1177 890 vix
1220 851 1402 889 eorum
1432 834 1713 905 quisquam
1746 845 2010 902 occurrat,
2042 835 2129 903 qui

550 930 928 983 monasterium
979 927 1189 997 aliquod
1235 943 1338 981 non
1389 927 1700 981 instituerit.
1745 925 2034 995 Gregorius
2077 926 2128 980 in

547 1022 741 1076 itinere
785 1020 1109 1075 constitutus
1152 1019 1216 1072 ad
1252 1019 1572 1072 monasteria
1607 1019 1812 1072 solebat
1839 1019 2129 1081 divertere,

547 1126 606 1168 ut
638 1112 1020 1167 monachorum
1071 1108 1144 1164 ibi
1189 1110 1480 1164 viventium
1511 1116 1690 1162 sancta
1722 1109 2132 1163 conversatione

545 1202 835 1267 frueretur,
866 1211 918 1253 et
939 1199 1353 1269 praecedentium
1381 1199 1620 1267 egregias
1651 1199 1888 1253 actiones
1916 1199 2127 1253 edisce-

544 1304 666 1359 ret;
698 1292 927 1362 indeque
960 1290 1133 1345 hausit
1162 1301 1238 1344 tot
1266 1290 1488 1343 illustria
1532 1298 1833 1344 sanctorum
1888 1292 2124 1344 virorum

544 1385 801 1455 praeclara
827 1384 984 1447 facta,
1009 1398 1125 1451 quae
1158 1392 1266 1435 tum
1298 1383 1349 1434 in
1383 1380 1528 1435 libris
1556 1381 1623 1435 de
1647 1380 1827 1435 Gloria
1857 1381 2133 1435 confesso-

544 1492 683 1539 rum,
743 1484 853 1529 tum
906 1475 958 1528 in
1001 1474 1218 1527 Patrum
1252 1471 1386 1527 Vitis
1435 1481 1616 1540 postea
1666 1472 1984 1540 publicavit;
2035 1486 2133 1525 nec

546 1566 778 1620 Historia
825 1565 1001 1634 gentis
1029 1570 1230 1617 nostra:
1279 1563 1553 1633 indignum
1583 1563 1787 1630 putavit
1825 1573 2130 1616 sanctorum

550 1655 936 1710 monachorum
967 1654 1145 1707 obitus
1173 1662 1229 1707 et
1256 1653 1507 1706 miracula
1556 1654 1815 1716 inserere,
1855 1652 2007 1720 queis
2057 1651 2133 1703 le-

548 1759 754 1801 ctorum
785 1745 948 1800 attimi
993 1754 1045 1798 et
1078 1744 1178 1798 hac
1222 1759 1400 1798 rerum
1439 1753 1712 1812 gestarum
1757 1743 2016 1797 varietate
2047 1758 2129 1796 re-

2233 562 2415 630 gorius
2438 562 2580 616 viros
2608 578 2635 615 a
2663 560 2985 615 Gltrodielde
3009 560 3225 629 ejusque
3264 559 3580 628 sequacibus
3608 557 3654 612 in
3685 576 3788 613 mo-

2236 655 2524 708 uasterium
2571 663 2768 708 sancti:
2806 653 2990 707 Crueis
3033 653 3326 718 imtni~sos,
3364 652 3450 720 qui
3491 651 3789 705 abbatissam

2234 762 2329 815 per
2378 748 2481 801 vim
2530 762 2560 801 e
2612 748 2728 802 loco
2779 761 2932 800 sacro
2980 754 3262 811 raperent.
3323 746 3400 798 ait
3452 747 3505 800 in
3544 744 3791 801 Justitiam

2234 838 2570 906 prmpositam
2600 837 2915 901 incurrisse,
2942 852 3101 905 quam
3129 852 3159 888 a
3181 835 3345 903 capite
3371 836 3590 889 solutam
3609 839 3796 891 casuris

2231 942 2260 978 a
2294 927 2499 981 sicariis
2531 927 2631 981 illis
2653 935 2855 995 raptam
2882 925 3043 981 fuisse
3068 925 3316 985 afﬁrmat.
3346 926 3405 978 Al
3434 926 3479 979 is
3506 928 3658 980 etiam
3688 926 3796 979 illo.

2233 1032 2350 1070 rum
2393 1027 2689 1086 temporum
2725 1017 3084 1070 monumentis
3122 1015 3424 1069 confirmari
3453 1026 3627 1084 posset
3655 1018 3800 1085 virgi-

2235 1124 2333 1163 nes
2381 1124 2563 1163 sacras
2609 1118 2736 1162 tunc
2780 1108 3003 1177 capillos
3051 1121 3323 1173 servasse;
3371 1117 3423 1160 at
3477 1122 3581 1160 non
3623 1107 3802 1162 desunt

2232 1200 2392 1253 etiam
2425 1214 2543 1269 qua:
2581 1201 2901 1254 contrariam
2941 1200 3259 1253 sententiam
3308 1200 3557 1253 suadent.
3604 1200 3707 1267 Qua
3736 1201 3801 1256 de

2233 1306 2292 1345 re
2332 1292 2537 1345 consuli
2572 1301 2741 1359 p0test
2768 1290 2917 1358 Hugo
2944 1290 3227 1343 Menardus
3259 1289 3309 1342 in
3356 1289 3803 1345 observationibus

2234 1381 2301 1435 ad
2334 1382 2807 1437 sacramentarium
2838 1382 3243 1449 Gregorianum,
3275 1390 3363 1435 aut
3394 1394 3540 1436 certe
3572 1381 3805 1435 Mabillo-

2234 1472 2353 1525 nius
2384 1472 2438 1525 in
2468 1473 2606 1525 notis
2634 1472 2699 1525 ad
2734 1470 2906 1525 Vitam
2937 1482 3135 1525 sancta:
3176 1469 3456 1525 Gertrudis
3502 1471 3805 1526 Nivialensis

2234 1564 2538 1625 abbatissa},
2580 1578 2701 1633 qua:
2739 1564 2963 1616 habetur
3014 1563 3066 1615 in
3112 1562 3312 1615 szncnlo
3354 1578 3403 1615 xi
3451 1563 3801 1626 Benedictino,

2235 1656 2321 1708 tibi
2373 1656 2548 1723 agitur
2593 1670 2807 1725 quoque
2855 1655 2922 1707 de
2968 1668 3239 1708 sacrarum
3267 1655 3530 1723 virginum
3554 1656 3805 1720 mitrellis,

2233 1749 2423 1816 quibus
2454 1747 2779 1802 successisse
2811 1746 3056 1799 videntur
3082 1762 3141 1799 ea
3173 1747 3494 1810 linteamina,
3542 1763 3656 1816 quae
3681 1746 3807 1802 Grc-

542 1845 874 1902 crearenlur,
905 1843 961 1888 et
990 1834 1291 1905 hujusmodi
1338 1835 1733 1889 narrationibus
1782 1837 2130 1889 incitarentur
2165 1826 2207 1887 Β
2235 1837 2413 1905 gorius
2449 1837 2712 1891 Jusdnam
2782 1837 2833 1890 in
2884 1838 3059 1904 capite
3107 1826 3355 1890 habuisse
3412 1844 3808 1893 commemorat.

546 1928 613 1983 ad
646 1927 896 1983 imitanda
928 1942 1111 1981 eorum
1137 1927 1391 1980 virtutum
1417 1925 1683 1996 exempla.

611 2016 701 2071 56.
735 2017 845 2071 Nec
874 2018 1051 2070 minor
1077 2024 1195 2069 erat
1223 2018 1606 2068 monachorum
1637 2014 1893 2067 adversus
1919 2013 2129 2082 episco-

542 2122 640 2176 pos
671 2107 969 2163 reverentia
1013 2116 1067 2160 et
1106 2105 1433 2170 obedientia,
1466 2105 1605 2172 quod
1634 2104 1716 2158 vel
1746 2119 1811 2158 ex
1842 2118 1947 2157 uno
1996 2100 2131 2156 Ulli-

541 2200 667 2255 laici
698 2199 942 2253 monachi
987 2197 1241 2267 exemplo
1287 2195 1592 2251 conlirmari
1644 2204 1839 2264 potest,
1885 2194 1998 2262 qui,
2050 2194 2127 2246 uti

541 2297 726 2344 narrat
772 2286 1064 2357 Gregorius
1094 2285 1231 2339 libro
1263 2298 1360 2338 vin
1390 2284 1664 2346 Historiae,
1696 2284 1871 2350 capite
1902 2281 1988 2348 15,
2018 2283 2132 2348 epi-

545 2379 1057 2452 scopis'jubentibus
1073 2388 1126 2433 ut
1147 2393 1176 2432 a
1202 2377 1471 2443 columna,
1499 2377 1580 2429 cui
1612 2374 1922 2444 Stylitarum
1951 2388 2131 2428 exem-

546 2476 635 2544 plo
665 2473 950 2539 insidebat,
979 2459 1352 2536 descenderet,
1384 2469 1564 2522 statim
1593 2465 1854 2533 obedivit,
1879 2464 2020 2534 quia,
2053 2466 2132 2518 in-

539 2562 777 2633 quiebat,
803 2562 1091 2615 sacerdotes
1118 2576 1218 2613 non
1241 2558 1484 2612 obaudire
1506 2558 1694 2610 crimen
1733 2565 1805 2609 est
1821 2570 1840 2619 ;
1868 2565 1922 2608 et
1946 2556 2133 2608 maluit

540 2656 704 2707 vitam
751 2665 1091 2717 communem
1142 2665 1261 2703 eum
1306 2648 1517 2704 eteteris
1579 2644 1856 2701 monachis
1900 2645 2128 2709 dueere,

543 2765 702 2821 quam
743 2749 806 2801 ad
862 2747 1244 2817 perfectionem
1291 2744 1514 2798 tendere
1580 2742 1865 2795 contrarius
1913 2739 2131 2792 existens

539 2842 851 2916 iussionibus
877 2840 1219 2895 sacerdotum.
1257 2837 1336 2891 Att
1368 2850 1498 2890 vero
1541 2833 1779 2901 quaedam
1809 2831 2129 2884 monasteria

542 2947 670 2992 tunc
697 2940 880 2988 essent
907 2931 973 2985 ab
999 2929 1371 3000 episcoporum
1413 2926 1669 2996 regimine
1695 2923 1972 2989 immunia,
2001 2938 2131 2977 nus-

539 3040 696 3093 quam
726 3023 958 3093 explicat
982 3022 1291 3090 Gregorius.
1322 3017 1402 3071 Ex
1431 3031 1496 3071 eo
1529 3022 1704 3070 tamen
1749 3014 2024 3077 disoimus,
2065 3014 2130 3067 in

540 3117 606 3174 iis
637 3114 974 3171 monasteriis
1003 3127 1121 3181 quae
1150 3111 1249 3166 sub
1279 3109 1418 3178 regis
1465 3107 1690 3161 tuitione
1716 3116 1892 3169 erant,
1922 3104 2130 3172 episco—

543 3226 646 3283 pos
678 3208 805 3264 nihil
837 3206 1117 3277 potestatis
1149 3203 1419 3264 habuisse,
1451 3200 1653 3268 absque
1680 3196 1898 3267 Speciali
1931 3193 2131 3266 priuci-
2156 3183 2203 3243 C

541 3304 624 3373 pis
661 3299 935 3356 mandato.
967 3296 1175 3351 Etenim
1205 3307 1325 3347 cum
1359 3291 1640 3345 Maroveus
1697 3288 1976 3343 Pictonum
2013 3285 2128 3351 epi-

548 3407 745 3461 scopus
775 3404 955 3444 curam
990 3384 1297 3441 monasterii
1324 3391 1520 3437 sancta:
1549 3378 1923 3445 Radegundis,
1954 3377 2006 3430 in
2030 3390 2126 3429 sua

541 3484 710 3553 ipsius
737 3481 871 3536 urbe
914 3474 1233 3540 constructi,
1265 3472 1542 3539 suscipere
1592 3470 1877 3532 reuuisset,
1908 3481 2007 3521 nec
2036 3482 2128 3520 vo-

541 3574 728 3629 luisset
758 3574 957 3623 sanctae
983 3565 1171 3621 Crueis
1220 3560 1617 3616 translationem
1662 3559 1858 3623 facere,
1890 3556 2031 3626 quod
2060 3556 2127 3610 ab

543 3678 611 3719 eo
656 3661 828 3717 enixis
860 3657 1112 3728 precibus
1158 3653 1569 3722 clllagitabatur,
1617 3649 1958 3720 Radegundis
2000 3649 2129 3703 adiit

543 3768 722 3821 regem
756 3749 1105 3819 Sigibertum,
1151 3744 1241 3813 qui
1275 3743 1411 3797 hanc
1458 3756 1639 3796 curam
1675 3739 1933 3794 Eufronio
1960 3740 2131 3794 Turo-

541 3848 691 3900 nensi
739 3843 993 3914 episeopo
1043 3835 1406 3893 demandavit.
1463 3833 1704 3902 Cumque
1741 3831 2128 3886 monasterium

541 3938 642 3993 sub
682 3935 812 4006 regis
854 3932 1067 3986 tuitione
1115 3929 1301 3984 fuisset
1340 3929 1603 3997 positum.
1658 3924 1871 3979 nonnisi
1914 3924 2129 3978 obtenta

545 4027 762 4099 speciali
787 4041 817 4080 a
841 4024 1186 4079 Childeberto
1208 4021 1565 4093 praaceptione,
1597 4019 1750 4085 illud,
1774 4020 1909 4072 sicut
1936 4026 2131 4070 ctctera

541 4134 655 4174 sua:
680 4117 974 4171 diceceseos
1000 4113 1342 4175 monasteria,
1373 4111 1627 4178 episcotio
1649 4108 1941 4163 Pictavensi
1976 4123 2129 4177 regu-

540 4210 721 4261 lariter
762 4207 1041 4277 gubernare
1085 4204 1248 4268 licuit,
1301 4210 1357 4254 ut
1413 4201 1573 4254 habet
1601 4199 1893 4269 Gregorius
1941 4198 2034 4251 lib.
2080 4194 2131 4249 Ix

544 4300 814 4366 llistorite,
846 4298 1020 4367 capite
1050 4295 1138 4349 40.
1173 4294 1237 4349 Et
1263 4293 1480 4363 quidem
1513 4292 1759 4345 defuncta
1788 4289 2131 4358 Radeguttde,

542 4407 663 4445 cum
689 4389 756 4443 ab
788 4389 919 4443 urbe
941 4385 1223 4441 Maroveus
1253 4387 1538 4453 episcopus
1565 4385 1794 4448 abesset,
1820 4382 2129 4449 Gregorius,

544 4484 632 4551 qui
663 4492 900 4550 praesens
936 4479 1154 4544 aderat,
1196 4473 1281 4529 vix
1313 4475 1503 4528 adduci
1536 4478 1723 4543 potttit,
1770 4481 1827 4526 ut
1853 4473 2132 4539 exsequias

2231 1930 2494 1983 (Itnterum
2516 1916 2713 1998 Papula
2737 1928 2905 1996 virgo.
2931 1927 2982 1981 in
3008 1927 3142 1981 libro
3154 1928 3219 1982 de
3241 1928 3417 1983 Gloria
3433 1918 3810 1997 confessorum,
3878 1992 3883 1999 ,

2231 2022 2405 2087 capite
2450 2019 2548 2085 16,
2582 2018 2779 2074 saeculo
2818 2020 3125 2075 valedicens
3174 2036 3381 2076 comam
3420 2022 3521 2076 sibi
3566 2025 3806 2091 totondit,

2232 2110 2325 2165 sed
2366 2120 2422 2164 ut
2463 2110 2635 2164 virum
2687 2111 2989 2167 simularet.
3036 2111 3324 2167 Monachos
3367 2115 3565 2183 quippe
3613 2130 3812 2170 comam

2232 2216 2336 2254 non
2377 2202 2664 2255 nutrivisse
2707 2212 2912 2256 certum
2955 2210 3059 2266 est,
3091 2206 3229 2258 inter
3257 2220 3390 2272 quos
3421 2206 3520 2260 sub
3550 2206 3684 2260 virili
3717 2206 3812 2259 ha-

2235 2291 2342 2343 bittt
2372 2290 2571 2357 Papula
2602 2290 2865 2359 reliquum
2896 2306 3005 2344 sua:
3030 2291 3155 2345 vita:
3188 2300 3397 2360 tempus
3425 2296 3621 2363 exegit.
3671 2297 3808 2349 San-

2232 2379 2571 2433 ctimoniales
2600 2396 2625 2430 a
2658 2379 2804 2433 laicis
2832 2379 3113 2434 distinctas
3135 2381 3316 2445 fuisse,
3353 2384 3430 2437 vel
3462 2398 3524 2437 ex
3557 2400 3663 2437 uno
3689 2385 3815 2439 Gre-

2231 2468 2368 2537 gorii
2398 2470 2518 2524 loco
2550 2468 2913 2538 intelligimus,
2943 2471 3028 2524 ubi
3054 2472 3390 2542 Radegundis
3418 2489 3475 2529 se
3502 2490 3529 2525 a
3552 2475 3816 2531 laicalious

2234 2562 2449 2616 vinculis
2490 2562 2788 2617 absolutam
2836 2564 3115 2631 profitetur
3160 2565 3224 2617 ad
3266 2566 3526 2635 religionis
3573 2583 3812 2625 normam

2236 2656 2539 2711 transiisse.
2570 2651 2669 2710 Ubi
2693 2656 2853 2710 etiam
2881 2665 3027 2725 patet
3049 2655 3311 2727 religionis
3339 2660 3596 2714 vocabulo
3637 2676 3817 2714 mona-

2231 2747 2420 2802 sticum
2460 2748 2698 2801 ordinem
2738 2747 2848 2815 jam
2893 2756 3016 2802 tunc
3047 2748 3381 2816 designatum
3433 2749 3624 2814 fuisse;
3672 2752 3815 2820 quod

2233 2838 2411 2892 multis
2435 2838 2555 2892 aliis
2583 2838 2718 2893 locis
2748 2838 2960 2906 probari
3000 2838 3155 2895 facile
3196 2852 3392 2908 posset.
3430 2841 3564 2897 Hinc
3593 2844 3818 2913 religiosi

2234 2940 2289 2982 et
2337 2931 2590 3001 religioso:
2642 2930 2857 2984 nomina
2913 2930 3298 2997 profluxerunt.
3372 2933 3819 2991 Sanctimoniales

2233 3038 2443 3094 quoque
2473 3024 2777 3092 frequenter
2802 3023 3031 3093 appellat
3058 3021 3346 3095 Gregorius
3376 3038 3555 3080 sacras
3580 3028 3813 3097 virgines

2235 3129 2354 3184 quae
2385 3115 2438 3169 in
2464 3114 2805 3169 monasteriis
2842 3117 3316 3169 conversabautur.
3356 3115 3818 3182 Quemadmodum

2238 3223 2364 3262 vero
2404 3207 2457 3261 in
2494 3208 2976 3263 sanetimonialium
3007 3209 3252 3262 ccenobia
3285 3209 3555 3278 ingressus
3585 3209 3714 3264 viris
3741 3211 3821 3262 in-

2233 3301 2487 3357 terdictas
2513 3310 2656 3365 erat,
2684 3302 2760 3354 sic
2786 3310 2839 3354 et
2867 3315 2895 3353 a
2930 3300 3162 3355 virorum
3194 3302 3530 3356 monasteriis
3561 3302 3822 3356 arceban-

2233 3405 2317 3446 tur
2355 3393 2627 3458 mulieres,
2657 3393 2848 3463 quibus
2867 3407 2932 3446 ne
2961 3393 3171 3460 quidem
3216 3393 3266 3446 in
3297 3392 3577 3447 ecclesiam
3605 3393 3819 3460 patebat

2232 3484 2403 3537 aditus
2424 3484 2474 3537 in
2501 3482 2764 3554 plerisque
2787 3485 3153 3548 monasteriis;
3177 3484 3316 3552 quod
3340 3483 3407 3539 de
3427 3483 3825 3539 Condatescen-

2233 3576 2276 3628 si
2307 3590 2369 3629 ett
2401 3575 2510 3627 vita
2540 3575 2711 3629 sancti
2741 3574 2987 3638 Romani,
3021 3573 3073 3628 id
3107 3585 3188 3630 est
3217 3574 3391 3644 capite
3416 3589 3432 3628 ι
3461 3574 3528 3629 de
3557 3574 3692 3628 Vitis
3719 3576 3826 3629 Pa-

2235 3677 2398 3731 trum,
2430 3665 2766 3720 man‘festum
2794 3677 2895 3720 est.
2924 3667 2992 3719 At
3024 3665 3148 3720 licet
3174 3665 3471 3731 monachis,
3501 3665 3590 3736 qui
3622 3666 3826 3727 reclusi

2235 3772 2340 3809 ι.οη
2383 3767 2556 3821 erant,
2588 3766 2736 3811 extra
2786 3758 3107 3811 nionastetia
3155 3757 3339 3812 liceret
3386 3754 3553 3821 exire,
3598 3756 3653 3811 id
3688 3757 3831 3812 adeo

2236 3848 2477 3902 distriCte
2525 3849 2845 3901 mouialibns
2888 3860 3087 3902 sanctae
3133 3848 3320 3902 Crttcis
3368 3847 3701 3923 Pictavensis
3760 3864 3825 3901 ex

2237 3939 2548 4006 praescripto
2578 3938 2791 4008 Regulae
2824 3939 2993 3993 sancti
3016 3937 3232 3992 Caesarii
3261 3946 3378 3992 erat
3401 3939 3647 4003 vetitum,
3674 3948 3735 3993 ut
3760 3954 3830 3995 ne

2235 4030 2446 4099 quidem
2492 4031 2558 4083 ad
2621 4030 2983 4097 sepeliendum
3032 4030 3198 4084 beata:
3247 4028 3588 4099 Radegundis
3628 4043 3833 4099 corpus

2235 4121 2599 4174 cceuteterium
2630 4123 2777 4173 adire
2808 4120 2887 4173 eis
2928 4119 3128 4173 licitum
3172 4121 3349 4174 fuerit.
3386 4119 3439 4172 Id
3469 4135 3536 4174 ex
3561 4118 3834 4188 Gregorio

2238 4210 2496 4265 discimus
2528 4211 2578 4263 in
2608 4210 2745 4263 libro
2774 4210 2840 4264 de
2870 4210 3048 4265 Gloria
3072 4208 3473 4273 Confessorum,
3504 4210 3682 4278 capite
3700 4210 3833 4274 106,

2239 4298 2325 4351 ubi
2360 4300 2641 4367 exsequias
2672 4299 2838 4353 beatae
2870 4298 3085 4366 Regina:
3114 4297 3449 4364 describens,
3477 4298 3707 4353 clericos
3742 4315 3837 4351 rc-

2238 4398 2525 4458 praesentat
2550 4390 2703 4442 funus-
2728 4389 3005 4457 psallendo
3026 4388 3372 4455 deducentes,
3397 4389 3537 4458 quod
3562 4390 3839 4444 moniales

2238 4495 2267 4532 e
2307 4479 2554 4534 fenestris
2603 4485 2658 4533 et
2702 4478 2838 4532 muri
2882 4479 3335 4548 propugnaculis,
3386 4477 3733 4533 lamentando
3782 4488 3841 4532 et

550 4571 668 4641 t-jus
711 4578 945 4632 curaret,
971 4568 1115 4639 quod
1153 4568 1460 4621 monasterii
1506 4567 1866 4619 immateriutu
1897 4565 2130 4618 nondum
2162 4560 2215 4618 D
2241 4575 2440 4639 ﬂendo,
2488 4576 2699 4629 nonnisi
2750 4573 2920 4631 oculis
2971 4583 3025 4625 et
3055 4573 3290 4634 ﬂetibus,
3343 4571 3835 4640 prosequebantur.

545 4666 849 4718 sacerdotali
871 4662 1214 4723 benedictione
1232 4670 1488 4715 sacratum
1522 4660 1726 4722 fuisset,
1759 4659 1958 4728 vixque
1984 4658 2131 4713 elﬂa-

541 4754 829 4825 gitantibus
859 4754 1106 4806 omnibus
1134 4753 1225 4821 qui
1254 4752 1473 4807 aderant
1492 4790 1506 4814 ,
1542 4752 1861 4820 prtesumpsit
1904 4766 1967 4803 ea:
1994 4750 2129 4802 cari-

542 4852 643 4897 tate
672 4845 849 4912 fratris
876 4840 956 4894 sui
997 4839 1179 4893 altaris
1222 4841 1682 4895 consecrationem
1706 4884 1720 4907 ,
1752 4841 1821 4893 ita
1869 4849 2041 4893 tamen
2074 4848 2132 4891 ut

543 4947 741 5002 corpus
773 4934 825 4986 in
856 4931 1165 4986 cmmeterio
1205 4929 1369 4984 humo
1398 4946 1504 4985 non
1548 4934 1760 4998 texerit,
1810 4933 1859 4986 id
1889 4934 2129 5001 episcopo

543 5024 644 5078 loci
677 5037 975 5078 reservatis.

617 5116 705 5170 37.
724 5115 959 5170 Abbates
979 5124 1030 5169 et
1053 5113 1332 5169 abbatissa:
1351 5114 1723 5169 communibus
1748 5116 2127 5171 monachorum

541 5210 660 5265 sive
687 5208 994 5263 mouialium
1028 5207 1167 5261 votis
1216 5207 1571 5275 erigebantur,
1616 5206 1711 5261 sed
1759 5208 1827 5263 ab
1866 5209 2129 5277 episcopis

543 5302 973 5358 benedictionem
999 5299 1264 5356 debebant
1289 5301 1558 5368 accipere.
1584 5300 1770 5355 Vestes
1797 5310 1971 5354 autem
2003 5315 2127 5355 san-

545 5394 932 5450 ctimonialium
957 5394 1089 5448 alias
1110 5391 1486 5449 asascularium
1508 5393 1835 5448 vestimentis
1861 5394 2024 5449 fuisse
2047 5396 2128 5448 vel

550 5500 616 5539 ex
648 5499 714 5539 eo
743 5484 1128 5551 couvincimur,
1159 5482 1301 5553 quod
1336 5482 1623 5552 Gregorius
1665 5484 1879 5551 passim,
1921 5499 2126 5549 earum,

550 5581 690 5636 sicut
735 5586 793 5634 et
836 5578 1217 5633 monachorum
1244 5620 1259 5645 ,
1311 5580 1713 5633 conversionem
1761 5581 2125 5645 memorando,

549 5685 807 5741 utrosque
831 5678 962 5724 tmte
988 5677 1183 5722 mutata
1210 5669 1277 5723 ad
1303 5668 1621 5723 monasteria
1649 5668 1961 5724 convolasse
1989 5672 2127 5725 scri-

546 5765 656 5820 bat.
692 5766 770 5819 An
811 5777 937 5819 vero
981 5763 1214 5831 virgines
1249 5777 1435 5819 omnes
1484 5776 1651 5818 sacra:
1698 5773 1866 5817 tonsae
1907 5763 2125 5818 omnino

2242 4669 2423 4722 Plures
2477 4684 2603 4722 vero
2644 4670 2695 4721 in
2747 4666 3086 4721 monasteriis
3119 4667 3353 4720 \irorum
3387 4666 3614 4735 licgulas
3666 4664 3843 4721 simul

2241 4760 2477 4829 viguisse
2505 4774 2571 4813 ex
2608 4759 2781 4826 capite
2809 4757 2878 4810 29
2940 4758 3057 4812 libri
3093 4774 3121 4809 κ
3168 4758 3486 4827 colligimus,
3519 4757 3609 4812 ubi
3641 4757 3698 4811 in
3724 4771 3845 4814 etB-

2240 4850 2399 4903 nobio
2429 4848 2686 4904 Atauensi
2729 4864 2837 4903 non
2882 4848 3040 4902 modo
3069 4848 3332 4914 Cassiani,
3364 4848 3457 4903 sed
3493 4857 3548 4903 et
3569 4847 3764 4900 Basilii
3793 4855 3845 4900 et

2237 4941 2552 5010 reliquorum
2584 4940 2845 5007 abbatum,
2887 4940 2972 5009 qui
3024 4940 3433 4993 monasterialem
3476 4943 3636 4992 vitam
3677 4940 3846 4991 iusti-

2236 5042 2460 5096 tuerunt,
2492 5031 2692 5102 regulas
2734 5032 3020 5087 invaluisse
3050 5033 3237 5085 scribit
3263 5031 3571 5100 Gregorius.

2301 5123 2392 5179 58.
2434 5125 2597 5178 Porro
2619 5125 2739 5180 licet
2756 5139 2912 5179 nemo
2941 5140 3045 5176 non
3077 5124 3303 5178 fateatur
3327 5122 3657 5194 pratcipuam
3684 5137 3851 5177 sem-

2236 5230 2327 5283 per
2346 5215 2666 5269 clericorum
2697 5225 2749 5270 et
2779 5217 3167 5270 monachorum
3202 5214 3608 5285 occupationem
3638 5214 3846 5279 fuisse,

2233 5306 2490 5360 orationis
2531 5322 2595 5361 ac
2641 5321 2913 5361 sacrarum
2947 5308 3343 5378 Scripturarum
3404 5304 3673 5370 studium,
3730 5319 3848 5357 nou

2235 5397 2460 5453 defuere
2496 5408 2671 5452 tamen
2710 5399 2796 5467 qui
2840 5399 3279 5453 consuetudinem
3312 5397 3448 5452 hanc
3486 5396 3643 5450 statis
3688 5393 3847 5447 horis

2236 5488 2493 5554 officium,
2545 5496 2603 5542 ut
2636 5500 2846 5555 vocant,
2885 5488 3126 5544 divinum
3180 5489 3393 5557 publice
3437 5496 3529 5542 aut
3576 5487 3851 5556 privatim

2236 5580 2516 5643 recitandi,
2542 5594 2646 5634 non
2676 5580 2811 5635 adeo
2833 5581 3106 5650 antiquam
3146 5580 3310 5635 fuisse
3342 5578 3703 5634 crediderint.
3740 5576 3852 5630 Ve-

2236 5690 2352 5730 rum
2396 5674 2512 5741 ejus
2540 5674 2800 5744 originem
2841 5674 2906 5726 ad
2939 5675 3050 5744 ipsa
3096 5674 3353 5729 Ecclesiae
3390 5672 3689 5727 Gallicana:
3735 5674 3853 5737 pri-

2236 5765 2441 5819 mordia
2499 5774 2713 5818 revocat
2756 5773 2941 5820 noster
2971 5764 3261 5834 Gregorius
3311 5765 3492 5820 libror
3540 5761 3854 5827 liistdriw,
