4070 6186
390 351 462 403 επ
770 318 773 319 ⁷
1834 330 2204 388 PlUEFATiO
3608 332 3678 387 sa

384 456 572 528 capite
596 450 689 518 ΞΕ),
730 450 819 506 ubi
842 448 910 503 de
957 456 1141 502 sancto
1176 443 1408 514 quodam
1456 444 1591 507 viro,
1644 442 1730 511 qui
1784 441 1981 496 Bituri-
2013 454 2054 507 Α
2086 444 2341 510 scriptum
2376 440 2495 508 i‘uit,
2528 444 2580 496 in
2611 442 2834 497 dubium
2873 443 3060 498 Petrus
3092 442 3328 501 Pithmui
3355 448 3673 501 revocavit:

386 564 518 618 gum
554 544 844 599 Ecclesiam
886 539 1179 593 instituisse
1215 538 1373 606 paulo
1414 544 1532 613 post
1564 534 1704 589 Decii
1740 543 1984 603 tempora

388 641 615 701 dicitur,
641 632 715 686 ait
749 629 971 684 :Clerici
996 630 1064 682 ab
1086 642 1152 682 eo
1179 627 1404 680 ordinati
1436 626 1587 678 ritunt
1604 624 1858 692 psallendi
1881 640 1989 676 sus-

382 732 612 798 cipiunt,
664 734 711 777 et
746 721 962 793 qualiter
1002 720 1264 774 ecclesiam
1297 727 1611 782 construant,
1642 716 1718 769 vel
1758 718 1988 785 omnipo-

387 819 522 871 tenti
545 816 652 869 Deo
679 813 929 868 solemnia
971 810 1226 866 celebrare
1262 810 1473 863 debeant
1504 807 1817 861 imbuuntur.
1859 806 1986 860 Data

384 908 654 964 Ecclesia:
686 920 819 975 pace
854 904 1043 959 Ofﬁcia
1069 903 1245 957 divina
1272 902 1480 968 publice
1503 900 1553 954 in
1582 898 1825 955 ccclesiis
1847 901 1990 953 cele-

382 1004 548 1054 brata
582 998 747 1053 fuisse
771 997 892 1067 quis
921 994 1228 1050 iniicietur?
1262 995 1403 1049 Idem
1437 993 1634 1047 factum
1666 1000 1749 1046 est
1791 991 1842 1044 in
1874 1006 1991 1044 mo-

381 1090 666 1155 tiasteriis,
699 1104 804 1143 non
849 1088 1023 1143 solum
1073 1084 1391 1154 majoribus,
1418 1085 1511 1138 sed
1554 1092 1608 1137 et
1638 1082 1691 1135 in
1724 1081 1829 1135 illis
1858 1095 1991 1151 quo-

380 1200 517 1249 que,
553 1183 606 1237 in
632 1181 825 1251 quibus
872 1178 1025 1249 pauci
1058 1193 1283 1233 numero
1315 1176 1562 1231 monachi
1593 1177 1992 1231 conversaban-

390 1288 502 1338 iur,
537 1283 592 1327 ut
618 1287 683 1328 ex
708 1270 875 1325 variis
897 1268 1137 1339 Gregorii
1165 1268 1297 1322 locis
1326 1276 1532 1321 certum
1555 1276 1658 1328 est,
1692 1265 1779 1319 ubi
1811 1267 1991 1334 quoti-

390 1364 621 1416 dianum
666 1360 813 1429 istud,
857 1374 1081 1429 pensum
1139 1360 1491 1429 psallentium,
1538 1357 1823 1424 aliquando
1865 1371 1993 1409 vero

388 1453 484 1518 of/i
497 1453 635 1505 ciunt
683 1450 999 1503 dominicum
1026 1447 1283 1517 appellat.
1306 1446 1521 1516 \‘igilias
1546 1456 1851 1510 nocturnas,
1884 1457 1992 1500 tum

394 1559 426 1597 ε
458 1558 542 1609 se,
567 1553 675 1596 tum
699 1541 765 1594 ab
786 1540 905 1595 aliis
931 1541 1229 1594 celebratas
1257 1539 1565 1606 frequenter
1585 1549 1991 1605 commemorat,

400 1646 429 1685 a
466 1632 660 1701 quibus
686 1630 849 1683 etiam
890 1627 1201 1681 Matutinum
1225 1643 1318 1681 seu
1347 1627 1567 1693 Laudes,
1607 1640 1661 1679 ut
1682 1625 1793 1695 jam
1825 1628 1992 1695 loqui-

400 1736 547 1787 mur,
574 1720 752 1788 aliquo
778 1721 1033 1788 temporis
1064 1718 1344 1771 intervallo
1378 1718 1655 1771 distinctas
1693 1717 1874 1781 fuisse,
1909 1716 1989 1769 vel

2088 534 2309 586 omnino
2338 543 2515 587 autem
2545 543 2705 603 negat
2751 536 3091 589 Mabillonins
3134 548 3317 589 noster
3344 538 3393 591 in
3426 536 3678 593 Tractatu

2089 624 2344 678 decursu
2382 622 2681 689 Gallieauo,
2735 626 2803 678 ob
2856 626 2904 678 in'
2958 626 3313 694 potissimum,
3368 629 3507 697 quod
3569 631 3680 698 ipse

2090 716 2378 785 Gregorius
2405 718 2561 770 aliam
2594 719 2897 772 versionem
2931 734 2995 773 eo
3035 730 3240 773 Stinter
3283 722 3597 777 laudaverit,
3630 731 3684 774 et

2090 808 2306 877 quidem
2356 809 2407 859 in
2454 808 2702 861 Historia:
2736 808 2906 875 libris,
2940 826 3073 879 quos
3105 800 3317 864 ultimos
3345 813 3683 879 conscripsit,

2089 911 2145 953 et
2178 900 2265 951 ubi
2316 899 2513 966 passim
2561 899 2865 964 complures
2892 901 3218 968 psalmorum
3254 900 3401 954 locos
3433 902 3682 966 adduxit,

2096 989 2185 1057 qui
2218 990 2268 1040 in
2299 987 2478 1041 oiiieio
2506 988 2872 1042 ecclesiastico
2904 989 3232 1055 legebantur.
3282 991 3508 1059 ldipsum
3552 1006 3684 1045 con-

2095 1082 2270 1134 ilrtnat
2300 1080 2540 1149 ejusdem
2584 1079 2823 1147 Gregorii
2857 1082 3098 1148 prmiatio
3130 1083 3182 1135 in
3232 1083 3483 1150 psalmos,
3529 1083 3681 1149 cujus

2093 1173 2443 1240 iragtneututn
2478 1172 2600 1224 huic
2627 1171 2847 1225 editioni
2874 1173 3120 1236 accessit,
3152 1175 3201 1224 iit
3234 1189 3332 1241 qua
3368 1174 3505 1225 tituli
3535 1175 3682 1241 psil-

2096 1277 2322 1324 tnoruin,
2354 1276 2486 1330 quos
2518 1262 2869 1331 experiendos
2892 1262 3114 1331 suscipit
3147 1262 3456 1331 Gregorius,
3486 1282 3677 1318 ()lllltt‘S

2091 1362 2216 1406 sunt
2243 1353 2389 1419 juxta
2421 1353 2764 1421 Septuaginta
2798 1353 3149 1425 lnterpretutn
3184 1354 3492 1408 editionem.
3516 1356 3690 1409 Crete—

2097 1458 2210 1493 rum
2244 1441 2477 1495 oiiiciuin
2508 1442 2745 1495 divinum
2781 1451 2903 1497 tunc
2933 1448 3215 1498 vernacula
3248 1445 3423 1514 lingua
3449 1447 3688 1500 celebra-

2096 1542 2204 1586 tuin
2248 1550 2350 1586 non
2387 1534 2550 1587 fuisse
2585 1550 2647 1587 ex
2689 1535 2821 1589 Vitis
2869 1535 3104 1600 Patrum,
3150 1537 3324 1605 capite
3361 1537 3442 1603 l2,
3469 1540 3682 1607 colligi-

2098 1637 2236 1687 mus,
2271 1623 2357 1676 ubi
2390 1627 2455 1677 de
2512 1624 2831 1690 Brachione,
2873 1628 2961 1694 qui
3001 1642 3121 1682 sese
3171 1628 3234 1680 ad
3287 1630 3691 1685 conversionem

2100 1712 2394 1767 Aimihano
2437 1717 2761 1783 subjeeerat,
2790 1716 2983 1771 dicitur
3006 1718 3258 1772 nesriisse
3304 1714 3439 1787 quod
3468 1733 3691 1784 caneret,

400 1828 469 1869 ex
505 1827 607 1865 uno
632 1810 752 1865 libri
785 1825 797 1863 I
833 1809 900 1863 de
931 1809 1195 1864 Miraculis
1232 1808 1401 1863 sancti
1433 1808 1665 1870 Martini,
1698 1809 1873 1879 capite
1899 1810 1988 1873 53,
2024 1812 2069 1871 Β
2094 1809 2213 1874 quia
2247 1808 2447 1861 litteras
2478 1808 2767 1878 ignorabat,
2800 1808 2850 1861 id
2885 1819 2963 1862 est
2994 1808 3224 1878 linguam
3260 1810 3524 1863 Latinam.

404 1906 525 1959 loco
569 1903 933 1972 intelligimus.
966 1900 1040 1955 lbi
1083 1901 1227 1955 enim
1274 1900 1648 1972 postvigilias
1682 1903 1733 1956 in
1765 1902 1989 1956 ecclesia

402 2008 725 2060 transactas,
749 1996 896 2066 signo
925 1995 991 2047 ad
1032 1994 1305 2046 matutinas
1332 2002 1583 2046 commoto
1606 2008 1663 2046 se
1694 1980 1989 2046 recessisse

404 2086 711 2155 proﬁtetur.
738 2080 935 2139 ibidem
952 2081 1337 2135 matutinorum
1355 2079 1584 2132 cilicium
1606 2099 1773 2147 mane,
1806 2094 1859 2136 et
1893 2082 1991 2135 hoc

404 2181 526 2232 loco
546 2188 600 2233 et
629 2177 803 2246 capite
825 2191 863 2231 tt
884 2175 1001 2230 libri
1028 2174 1266 2239 secundi,
1295 2174 1551 2229 celebrari
1576 2175 1793 2228 solitum
1826 2173 1991 2229 fuisse

404 2269 661 2331 insinuat,
697 2265 749 2321 id
791 2277 871 2320 est
916 2265 1197 2319 albescente
1242 2264 1386 2327 caelo,
1437 2274 1492 2318 ut
1521 2266 1750 2333 loquitur
1792 2264 1840 2317 in
1877 2264 1993 2318 Vita

406 2360 579 2413 sancti
633 2357 769 2412 Galli
822 2354 957 2409 inter
994 2354 1137 2407 Vitas
1183 2353 1423 2418 Patrum,
1473 2352 1649 2419 capite
1696 2359 1749 2419 b‘,
1789 2369 1852 2407 ex
1894 2368 1994 2422 qua

410 2450 542 2503 item
591 2447 709 2501 Vita
766 2445 1047 2510 discimus,
1110 2444 1328 2499 eosdem
1380 2445 1544 2499 ferme
1578 2444 1831 2513 psalmos,
1864 2459 1997 2511 quos

410 2542 568 2596 hodie
596 2541 662 2594 ad
694 2538 903 2593 Laudes
930 2537 1194 2601 canimus,
1222 2536 1333 2605 jam
1367 2548 1491 2589 tunc
1522 2538 1779 2605 temporis
1807 2537 1995 2590 eadem

410 2639 544 2689 hora
566 2634 740 2688 dictos
771 2631 953 2685 fuisse.
984 2630 1115 2686 Cum
1146 2630 1286 2684 enim
1316 2631 1396 2683 vir
1436 2640 1652 2682 sanctus
1683 2630 1838 2682 morti
1871 2644 1995 2698 pro-

417 2729 595 2784 simus
623 2728 747 2796 quid
795 2727 846 2779 in
874 2725 1102 2780 ecclesia
1131 2732 1412 2779 caneretur
1458 2722 1858 2790 interrogasset,
1910 2736 1997 2775 re-

410 2836 667 2891 sponsum
708 2830 793 2873 est
822 2821 893 2883 ei,
936 2818 1161 2872 clericos
1193 2816 1562 2869 beru-dictiones
1594 2815 1857 2883 psallere;
1889 2828 1997 2868 tuin

410 2914 523 2977 ille,
546 2913 749 2979 psalmo
775 2910 1218 2978 quinquagesimo,
1252 2917 1297 2961 et
1339 2907 1684 2960 benedictione
1708 2908 1997 2972 decantata,

412 3014 460 3057 et
484 3002 802 3056 atleluiatico
828 3015 945 3052 cum
968 2997 1206 3065 capitello
1241 3000 1463 3063 expleto,
1494 2995 1859 3049 consummavit
1900 3013 2001 3049 uta-

412 3093 628 3147 tutinos.
677 3091 943 3166 Cancrum
999 3089 1205 3157 vigilias
1255 3098 1545 3142 nocturnas
1599 3087 1920 3156 quandoque
1966 3102 1998 3141 a

2162 1899 2250 1953 ιίΟ.
2289 1900 2555 1965 Quantum
2590 1916 2715 1954 vero
2745 1901 2957 1955 solliciti
3005 1914 3188 1956 essent
3236 1902 3303 1955 ad
3347 1903 3461 1956 lucc
3510 1902 3687 1956 oi‘iicia

2093 1991 2245 2043 statis
2271 1992 2415 2043 horis
2443 1991 2605 2044 etiam
2637 1992 2881 2057 privatim
2913 1993 3288 2057 persolvendo,
3332 1998 3545 2060 quando
3569 2009 3689 2044 cuiu

2101 2079 2313 2133 CiIilCl‘iS
2337 2081 2525 2133 adesse
2556 2096 2660 2132 non
2698 2081 2911 2146 licebat,
2958 2081 3303 2136 ecclesiastici
3336 2083 3571 2136 omnium
3601 2100 3690 2135 ot-

2098 2172 2284 2226 dinum
2313 2169 2432 2233 viri,
2457 2186 2520 2224 ex
2548 2171 2708 2224 variis
2728 2169 2971 2241 Gregorii
3005 2172 3135 2225 locis
3158 2184 3210 2226 et
3229 2174 3490 2241 exemplis
3506 2182 3691 2225 ost-sn-

2096 2265 2303 2316 detnus.
2338 2262 2454 2329 Ipse
2483 2261 2624 2315 enim
2669 2261 2959 2329 Gregorius
3018 2261 3232 2316 l'ansiis
3286 2280 3472 2331 agens,
3525 2281 3689 2332 prope

2097 2354 2265 2407 sancti
2304 2353 2501 2408 Juliani
2530 2355 2812 2407 ecclesiam
2840 2354 3165 2414 morabatur.
3196 2370 3354 2423 quam
3379 2365 3537 2409 nocte
3570 2374 3679 2408 nie-

2096 2446 2185 2500 dia
2220 2445 2606 2513 frequentabat,
2648 2456 2698 2497 ut
2748 2462 2898 2498 suum
2929 2449 3150 2515 expleret
3199 2464 3425 2501 cursant.
3490 2448 3579 2503 Sic
3634 2460 3688 2503 et

2103 2536 2395 2606 Gregorius
2449 2534 2866 2604 Lingonensiinu
2926 2539 3149 2591 antistes
3205 2538 3425 2592 Diiione
3474 2539 3690 2593 domum

2104 2627 2333 2682 habebat
2363 2627 2675 2697 baptisterio
2722 2625 3105 2692 adhxrentetn,
3147 2629 3199 2681 in
3245 2645 3351 2697 quo
3400 2630 3689 2682 multorum

2103 2721 2439 2775 habebantur
2461 2729 2766 2776 sanctorum
2798 2720 3058 2789 reliquie,
3091 2736 3248 2788 quem
3274 2720 3448 2774 locum
3480 2737 3688 2778 sacrum

2101 2808 2326 2879 singulis
2376 2809 2859 2873 noctibusadibat,
2913 2810 3140 2877 indeque
3170 2812 3378 2879 impleto
3422 2828 3575 2865 cursu
3623 2813 3691 2865 ad

2101 2901 2296 2957 lectum
2318 2906 2701 2958 revertebatur.
2733 2903 2988 2957 Merum-ia
3023 2919 3238 2971 prorsus
3267 2918 3317 2959 ct
3349 2904 3505 2959 laude
3531 2906 3691 2975 digna

2102 3007 2184 3049 εει
2213 2996 2505 3049 beatissimi
2530 2996 2784 3050 Germani
2813 2996 3137 3050 Parisiorum
3170 2998 3424 3051 antistitis
3463 2999 3514 3051 in
3546 3000 3691 3067 ejus-

2103 3086 2248 3139 modi
2289 3087 2482 3140 ol'iiciis
2538 3088 2906 3154 persolvendis
2962 3087 3287 3153 sollicitudo,
3321 3090 3408 3157 qui
3465 3089 3517 3142 in
3564 3090 3695 3159 ipsis

413 3185 665 3254 Gregorio
691 3182 850 3237 etiam
874 3182 1152 3234 matutinas
1203 3182 1492 3250 appellatas
1541 3179 1706 3234 inisse
1771 3180 2000 3234 inﬁciari
2031 3179 2076 3242 C
2108 3177 2391 3232 itineribus
2442 3178 2712 3246 equitans,
2773 3178 2819 3231 si
2870 3178 3027 3232 aliter
3078 3196 3180 3233 non
3233 3190 3431 3247 posset,
3488 3197 3693 3235 cursum

428 3277 615 3331 nolim.
667 3274 801 3329 Nam
842 3274 1016 3342 capite
1053 3273 1125 3326 25
1173 3272 1288 3327 libri
1340 3288 1394 3327 Ili
1442 3273 1509 3327 de
1544 3272 1807 3327 Miraculis
1836 3275 2004 3328 sancti

416 3365 651 3431 Martini,
683 3366 889 3435 signum
928 3366 1068 3419 horis
1116 3365 1381 3417 matutinis
1421 3375 1643 3429 motum,
1672 3376 1723 3418 et
1749 3364 1949 3434 rigilias
1974 3379 2004 3419 a

418 3457 615 3525 popith
642 3455 941 3510 celebratas
973 3452 1141 3508 fuisse
1172 3453 1431 3522 perhibet.
1465 3453 1687 3508 Tertiam
1710 3464 1764 3509 et
1790 3456 2004 3509 Sea‘tam

416 3548 469 3603 in
501 3546 727 3602 ecclesia
758 3544 1055 3600 Turonensi
1090 3544 1156 3598 ab
1191 3544 1451 3611 lujnrioso
1493 3545 1746 3612 cpisc0p0
1792 3547 2003 3599 institu-

414 3648 497 3693 tas
522 3636 684 3692 fuisse
707 3634 835 3690 dicit
866 3636 1000 3689 libro
1029 3650 1081 3699 χ,
1111 3636 1286 3703 capite
1326 3635 1515 3688 ultimo
1563 3635 1845 3697 Historiae;
1897 3653 2005 3689 cur-

411 3745 525 3783 sum
544 3732 682 3783 hora:
708 3726 894 3782 Tertia:
930 3725 1192 3795 appellat,
1223 3726 1398 3794 e'apite
1433 3724 1502 3781 96
1538 3726 1659 3779 libri
1706 3728 1775 3782 de
1820 3725 2002 3782 Gloria

413 3819 815 3876 Coniessorum.
848 3818 1202 3885 Vesperarutn
1256 3832 1405 3877 vero.
1452 3832 1584 3885 quas
1606 3811 1858 3872 nonnulli
1889 3822 2003 3887 ejus

412 3910 513 3965 avi
541 3920 785 3963 auctores
810 3908 1181 3961 Lucet-narium
1212 3907 1608 3975 nuncupabant,
1659 3906 1904 3961 meminit
1948 3907 2001 3961 itt

413 4000 551 4054 libro
586 4000 653 4053 de
680 3999 946 4053 Miraculis
975 3999 1144 4051 sancti
1175 3996 1391 4063 Juliani,
1424 4011 1540 4065 cap.
1586 3997 1676 4062 20,
1711 3998 1797 4051 ubi
1843 3998 2005 4053 histo-

416 4092 549 4144 riam
592 4100 979 4144 commemorat
1027 4088 1160 4142 furis
1188 4089 1485 4157 cujusdam,
1519 4088 1607 4157 qui
1638 4098 1758 4157 post
1785 4090 2004 4159 gratiam

413 4186 751 4249 vespertinam
776 4180 1094 4236 discedente
1135 4181 1331 4249 populo
1375 4181 1425 4235 in
1477 4180 1693 4234 basilica
1725 4184 2000 4246 remansit,

416 4283 475 4326 ut
504 4268 753 4326 latitaret.
794 4270 920 4325 Nox
975 4271 1247 4324 adveniens
1288 4270 1398 4341 jam
1456 4274 1702 4323 mundum
1751 4272 2005 4339 operiebat

418 4363 654 4429 tenebris,
703 4378 823 4416 cutn
859 4362 1041 4416 cleriet
1066 4362 1237 4415 sancti
1268 4360 1407 4416 Petri
1440 4359 1734 4429 Burdigala:
1763 4378 2006 4416 accesse-

414 4453 620 4507 runtin
650 4452 957 4516 ecclesiam,
1004 4462 1161 4520 atque
1213 4451 1365 4505 dictis
1413 4453 1729 4519 psalmorum
1768 4452 2004 4522 capitulis

2107 3272 2247 3324 nudo
2276 3269 2462 3337 capite,
2501 3279 2559 3323 ut
2600 3269 2760 3324 habet
2802 3267 3126 3324 Fortunatus
3154 3272 3205 3323 in
3234 3271 3350 3339 ejus
3382 3273 3518 3337 Vita,
3552 3277 3691 3327 rcci-

2108 3362 2251 3418 tabat
2279 3362 2475 3416 etiamsi
2516 3364 2606 3415 nix
2633 3372 2721 3414 aut
2764 3361 2924 3414 imber
2964 3372 3186 3432 urgeret.
3220 3364 3405 3418 Gallus
3435 3380 3561 3418 vero
3591 3370 3693 3418 Ar-

2107 3471 2390 3511 vernorum
2413 3455 2698 3524 episcopus
2728 3454 2898 3509 morti
2920 3456 3196 3524 proximus
3230 3456 3587 3526 interrogans,
3636 3469 3692 3511 ut

2106 3563 2230 3601 mox
2268 3547 2600 3611 dicebamus,
2631 3545 2897 3615 quodnam
2928 3545 3164 3600 ofﬁcium
3197 3547 3248 3601 in
3279 3550 3502 3602 ecclesia
3533 3565 3693 3603 eane-

2105 3647 2281 3703 retur,
2309 3652 2431 3691 cum
2480 3651 2793 3705 responsum
2825 3646 2968 3691 eSset
3010 3635 3379 3691 benedictiones
3422 3652 3452 3691 a
3483 3638 3695 3693 clericis

2104 3733 2332 3796 absolvi,
2388 3732 2529 3786 idem
2581 3732 2694 3800 ipse
2742 3732 2985 3787 recitavit
3040 3733 3304 3798 cilicium;
3344 3744 3397 3788 et
3445 3748 3692 3789 consum-

2106 3836 2250 3879 malo
2276 3825 2572 3878 matutinali
2601 3839 2759 3879 cursu
2802 3826 3083 3880 defunctus
3119 3836 3222 3880 est.
3262 3826 3377 3880 Non
3407 3828 3548 3881 enim
3583 3830 3693 3882 exi-

2105 3915 2395 3970 stimabant
2422 3917 2589 3969 saucti
2624 3916 2699 3969 illi
2733 3915 2830 3969 viri
2882 3916 3081 3970 licitam
3111 3918 3189 3972 eis
3225 3933 3343 3972 esse
3370 3918 3531 3972 divini
3571 3920 3694 3973 olli-

2106 4009 2172 4061 cii
2196 4008 2566 4062 amissionem.
2611 4006 2768 4063 Certe
2793 4024 2914 4063 cum
2962 4009 3266 4075 Poriianus,
3317 4011 3468 4079 cujus
3520 4013 3694 4067 Vitam

2109 4100 2268 4154 habet
2293 4100 2585 4169 Gregorius
2616 4102 2755 4156 inter
2789 4102 2934 4157 Vitas
2989 4105 3222 4166 Patrum,
3284 4109 3459 4174 capite
3514 4108 3568 4175 5,
3622 4112 3694 4164 ab

2104 4185 2363 4260 optimate
2389 4192 2616 4259 quodam
2646 4191 2699 4246 in
2727 4194 2846 4248 aula
2876 4194 3190 4249 Theoderici
3214 4198 3354 4266 regis
3384 4210 3688 4269 urgeretur,

2107 4293 2165 4336 ιιι
2195 4283 2480 4352 pauxillum
2513 4284 2620 4337 viui
2659 4286 2984 4353 degustaret,
3038 4286 3086 4340 id
3120 4289 3296 4341 renuit
3322 4290 3697 4345 sanctissimus

2107 4375 2291 4441 abbas,
2321 4389 2387 4429 eo
2417 4375 2773 4444 potis’simtun,
2798 4378 2936 4445 quod
2962 4379 3186 4432 necdum
3220 4378 3439 4432 Domino
3471 4383 3689 4434 debitam

2109 4468 2419 4535 psalmorum
2446 4467 2843 4521 derantationem
2866 4470 3201 4523 exsiilvisset.
3236 4471 3383 4523 Alias
3415 4486 3549 4525 vero
3576 4476 3688 4525 lau-

413 4554 777 4598 recesseruut.
840 4543 915 4597 De
961 4543 1079 4596 aliis
1143 4544 1288 4597 horis
1341 4543 1483 4597 nulla
1528 4544 1809 4612 peculiaris
1860 4544 1995 4612 apud

2105 4560 2261 4611 datur
2293 4561 2571 4627 presbyter
2594 4559 2830 4626 quidam,
2860 4561 2947 4627 qui
2963 4562 3137 4633 juxta.
3151 4565 3468 4614 sacerdotum
3500 4580 3689 4617 morem

416 4637 559 4688 hunc
597 4646 868 4688 auctorem
898 4636 1131 4689 occurrit
1173 4637 1394 4699 mentio,
1433 4635 1528 4689 sed
1569 4651 1757 4690 omnes
1802 4636 1997 4703 passim

413 4724 646 4792 generali
672 4739 853 4776 cursus
882 4725 1038 4776 diuini
1062 4726 1276 4779 nOtuine
1301 4725 1725 4792 comprehendit.
1757 4727 1997 4780 Alternis

412 4823 593 4867 autem
620 4812 796 4866 choris
844 4813 895 4865 in
945 4814 1169 4867 ecclesia
1212 4813 1375 4868 fuisse
1406 4815 1708 4883 persolutas
1743 4816 1995 4884 perhibet

414 4905 470 4958 in
496 4903 629 4959 libro
654 4903 722 4957 de
751 4902 935 4957 Gloria
963 4902 1365 4970 Goniessorum,
1388 4904 1560 4974 capite
1586 4906 1677 4959 47.
1960 4906 1965 4913 ’

490 5014 575 5069 '59.
620 5014 859 5077 Plenam,
885 5017 956 5069 uti
992 5017 1257 5084 conjicere
1282 5017 1427 5082 licet,
1460 5027 1513 5073 et
1541 5018 1799 5088 integram
1830 5019 1998 5075 habe-

421 5119 595 5161 remus
631 5121 822 5160 cursus
853 5105 1100 5160 Ecclesia:
1126 5106 1409 5162 Gallicanae
1430 5108 1694 5183 nOtitiatn,
1728 5110 1771 5162 si
1799 5109 1863 5163 ad
1898 5126 1999 5163 nos

420 5209 588 5264 usque
615 5198 943 5263 pervenisset
984 5206 1261 5262 tractatus,
1290 5212 1446 5267 quem
1493 5197 1560 5253 de
1589 5213 1655 5253 eo
1682 5212 1997 5269 argumento

417 5289 710 5356 scripserat
734 5300 915 5342 uoster
952 5289 1262 5358 Gregorius.
1312 5290 1512 5343 Auctor
1555 5298 1638 5345 est
1676 5289 1996 5349 Walairidus

420 5376 636 5443 Strabo,
662 5379 727 5431 de
769 5378 947 5434 Rebus
987 5380 1385 5446 ecclesiasticis,
1429 5380 1603 5450 capite
1651 5382 1744 5449 25,
1773 5384 1996 5453 psalmos

420 5470 697 5522 secundum
718 5473 1144 5538 emendationem,
1196 5489 1348 5541 quam
1382 5472 1724 5543 Hieronymus
1750 5485 1893 5546 pater
1934 5478 1996 5530 de

420 5559 563 5614 LXX
605 5564 828 5616 editione
869 5564 1173 5632 composuit,
1211 5580 1242 5616 a
1283 5563 1525 5633 Gregorio
1573 5565 1857 5621 Turonensi
1885 5570 1995 5635 epi-

418 5666 574 5715 πορθ
595 5668 623 5704 e
642 5653 871 5723 partibus
894 5653 1139 5707 Romanis
1168 5666 1475 5725 mutuatum,
1502 5657 1553 5709 in
1576 5656 1866 5711 Galliarum
1898 5658 1998 5711 Ec-

416 5744 599 5800 etesias
638 5746 878 5802 invectos
916 5744 1101 5804 fuisse.
1148 5747 1215 5804 At
1243 5748 1382 5814 quod
1430 5747 1495 5805 ab
1528 5750 1684 5805 unico
1735 5748 1998 5807 Strabone

2105 4664 2258 4705 nocte
2296 4668 2325 4705 a
2356 4667 2455 4705 suo
2507 4665 2673 4704 stratu
2726 4667 3057 4721 consurgens
3105 4656 3400 4709 orationem
3438 4658 3688 4717 iariebat.

2107 4740 2363 4809 Denique,
2388 4759 2489 4792 non
2519 4744 2659 4793 enim
2691 4742 2866 4794 omnia
2902 4745 2951 4796 itt
2986 4748 3121 4798 hanc
3145 4762 3255 4800 rein
3285 4746 3529 4817 Gregorii
3563 4756 3678 4805 loca

2102 4837 2341 4903 proierre
2370 4843 2541 4896 vacat,
2586 4833 2832 4888 Salonius
2871 4845 2925 4888 et
2964 4834 3285 4903 Sagittarius
3320 4843 3578 4909 episc0pi,
3617 4846 3688 4895 ob

2102 4939 2192 4979 Sua
2221 4925 2424 4980 scelera
2458 4926 2665 4989 lautosi,
2691 4930 2924 4994 graviter
2944 4944 2971 4980 a
2996 4927 3253 4995 Gregorio
3284 4936 3688 4998 reprehenlrm-

2104 5027 2191 5070 tur
2223 5017 2292 5069 lib
2322 5030 2356 5070 ο
2393 5032 2445 5077 v,
2477 5018 2651 5084 capite
2688 5018 2778 5081 ‘21,
2824 5018 2964 5085 quod
2998 5020 3136 5073 nulla
3180 5037 3397 5087 prorsus
3422 5026 3559 5091 apud
3593 5043 3688 5079 eos

2102 5110 2169 5164 de
2199 5110 2308 5163 Deo
2337 5108 2537 5163 mentio
2580 5120 2743 5175 esset,
2794 5112 2885 5163 nul
2910 5128 3068 5181 usque
3105 5116 3310 5168 omnino
3358 5133 3538 5171 cursus
3589 5137 3685 5174 meo

2104 5201 2278 5254 marite
2315 5199 2604 5253 haberetur.
2640 5200 2762 5253 ilice
2791 5202 2857 5255 de
2884 5203 3203 5259 clericorum
3246 5206 3683 5276 obligationib’us.
3748 5210 3757 5217 ’

2103 5296 2171 5346 At
2202 5292 2338 5357 laici,
2369 5294 2610 5362 quamvis
2661 5293 2919 5361 ejusmodi
2969 5311 3135 5351 onere
3189 5302 3421 5369 exetnpti
3477 5315 3680 5372 essent,

2105 5382 2294 5439 oi‘iiciis
2325 5394 2499 5440 tamen
2531 5386 2744 5453 divinis,
2787 5395 2841 5440 et
2882 5388 3211 5455 potissimum
3244 5395 3516 5449 nocturnis
3554 5397 3690 5467 vigi-

2107 5478 2189 5531 liis
2242 5477 2482 5543 aderant,
2535 5480 2722 5533 diebus
2777 5479 2964 5533 saltem
3026 5482 3306 5540 dominicis
3352 5496 3407 5542 et
3461 5490 3685 5546 iestivis.

2110 5568 2257 5623 Unde
2288 5570 2340 5623 in
2368 5570 2507 5624 libro
2535 5569 2602 5623 de
2657 5571 2825 5625 sancti
2866 5570 3059 5627 Juliani
3110 5575 3392 5633 virtutibus
3435 5580 3682 5635 Feilainia

2106 5660 2439 5733 objurgatur,
2462 5662 2604 5730 quod
2626 5663 2834 5716 caeteris
2856 5666 3092 5720 excubias
3113 5677 3392 5721 nocturnas
3419 5673 3689 5726 celebran-

2111 5754 2269 5823 tibus,
2304 5753 2413 5824 ipsa
2443 5752 2554 5808 sola
2601 5766 2792 5809 somno
2821 5754 2999 5813 dedita
3048 5758 3189 5816 lecto
3229 5759 3596 5817 decurrit-cret.
3628 5763 3686 5818 in
