4040 6186
483 373 547 428 39
1942 362 2334 421 ΡΠᾹΞΡΛΤΙΟ.
3689 372 3758 428 ιι)

485 483 750 554 ejusmodi
781 493 956 535 autem
1006 479 1282 535 solemniis
1311 478 1554 534 convivia
1605 482 1925 546 parabantur
1956 483 2064 532 ριν·
2099 487 2145 542 Α
2173 479 2401 545 ctiones,
2436 481 2486 534 in
2529 481 2782 537 natalitiis
2825 492 3000 535 autem
3054 491 3364 538 sanctorum
3409 485 3526 540 dua:
3557 487 3755 542 solum.

487 577 636 640 ricis,
664 582 720 628 et
746 573 1067 643 pauperibus
1125 573 1174 623 itt
1231 571 1514 624 mazricula
1556 585 1649 624 seu
1686 571 1927 638 catalogo
1974 570 2067 624 de-

488 665 720 734 scriptis,
748 665 911 718 immo
941 673 994 718 et
1022 664 1306 733 aliquando
1348 664 1474 718 viris
1505 663 1823 729 illustribus,
1850 664 2068 732 potissi-

490 772 633 809 mum
666 754 716 808 itt
751 754 1038 824 majoribus
1093 755 1364 818 Ecclesiis,
1420 754 1474 808 in
1525 755 1717 824 quibus
1767 756 2073 809 celebrabat

485 851 790 916 episcopus,
819 862 937 915 qua:
963 847 1200 900 convivia
1239 847 1291 899 in
1317 847 1468 899 domo
1497 849 1719 900 ecclesia
1744 846 1882 901 facta
1907 848 2072 901 fuisse

489 953 594 992 nan
626 938 788 992 semel
821 937 1107 1006 Gregorius
1148 945 1393 992 testatur.

559 1029 648 1080 Ili.
692 1027 840 1081 Haud
871 1028 1045 1081 minus
1076 1026 1222 1078 utilis
1250 1035 1333 1080 est
1356 1026 1648 1094 Gregorius
1681 1035 1862 1083 noster
1893 1027 1946 1082 iu
1977 1029 2071 1084 tle-

491 1119 868 1187 prehcndendo
899 1118 1123 1187 liturgia:
1147 1118 1432 1174 Gallicanae
1463 1117 1591 1184 ritu,
1629 1133 1787 1185 quam
1822 1120 1874 1174 in
1899 1135 2074 1189 expo-

493 1213 884 1268 uendiscursns
921 1215 1085 1268 divini
1138 1213 1400 1283 partibus.
1461 1215 1800 1283 DeperJitnm
1853 1213 2074 1283 quidem

491 1317 595 1355 non
629 1317 910 1382 possumus
940 1319 1042 1357 noti
1072 1304 1252 1358 dolere
1287 1305 1477 1359 librnnt
1521 1305 1672 1360 illum
1719 1304 1788 1360 de
1820 1306 1998 1359 Missis
2046 1320 2076 1358 a

491 1403 678 1448 sancto
709 1395 1002 1462 Apollinari
1032 1394 1252 1449 Sidonio
1291 1397 1623 1462 compositis,
1679 1398 1763 1449 cui
1811 1393 2080 1464 przefatio-

491 1500 611 1537 nem
665 1486 981 1552 adiunxerat
1009 1495 1188 1540 noster
1217 1486 1527 1556 Gregorius,
1561 1495 1617 1540 ut
1646 1486 1759 1555 ipse
1794 1493 2078 1540 attestatur

492 1576 630 1630 libro
677 1591 710 1628 n
747 1577 1010 1638 Historias,
1040 1580 1216 1645 capite
1235 1576 1326 1642 2'2,
1352 1593 1468 1630 ctnn
1499 1575 1700 1631 exinde
1732 1587 1894 1630 totam
1921 1578 2076 1630 litur-

491 1669 589 1737 gize
620 1679 820 1722 nostra:
842 1671 1034 1723 seriem
1065 1669 1460 1725 didicissemus.
1488 1671 1564 1724 Ex
1595 1670 1695 1725 hoc
1723 1679 1898 1724 autem
1931 1670 2067 1725 Gre-

491 1758 624 1827 gorii
657 1761 773 1813 loco
805 1759 1064 1814 refutatur
1091 1775 1275 1816 eorum
1307 1761 1592 1828 sententia,
1625 1760 1715 1830 qui
1741 1759 2072 1815 Gallicanam

2174 571 2332 624 modo
2357 572 2677 637 referuntur,
2725 575 2864 641 quod
2896 576 3122 639 scilicet,
3175 588 3231 629 ut
3267 578 3482 647 quidem
3537 577 3760 648 conjici-

2173 674 2322 736 mus,
2349 664 2466 720 loco
2497 665 2682 734 prima}
2724 665 2966 720 lectionis
2994 665 3258 734 ejusmodi
3290 676 3590 723 sanctorum
3642 671 3761 724 vita:

2172 775 2234 813 ex
2265 759 2372 812 alio
2401 757 2588 811 codice
2617 755 2940 825 legerentur.
2989 753 3131 808 Idem
3180 754 3349 810 innuit
3398 759 3513 827 ipse
3563 758 3763 827 Grego-

2175 849 2287 904 rius
2315 847 2369 903 in
2397 845 2570 918 capite
2598 844 2665 900 86
2698 845 2818 899 libri
2850 845 2915 899 de
2943 844 3125 898 Gloria
3173 843 3489 916 Martyrum,
3541 849 3627 902 ubi
3671 848 3766 901 Ita.

2175 943 2302 997 bet:
2337 939 2492 994 Lecta
2529 939 2788 1009 passione,
2823 937 2992 991 sancti
3027 935 3332 1007 Polycarpi,
3375 937 3526 1006 enjus
3569 938 3763 993 festum

2175 1031 2545 1100 celebrabatur,
2569 1047 2687 1085 cum
2722 1029 2931 1100 reliquis
2961 1029 3284 1097 lectionibus,
3315 1045 3440 1098 quas
3477 1048 3640 1085 canon
3676 1049 3766 1086 sa-

2173 1122 2448 1176 cerdotalis
2495 1121 2704 1184 invexit,
2737 1126 2932 1189 tempus
2977 1119 3045 1172 ad
3092 1119 3408 1188 sacriﬁcium
3453 1121 3770 1190 o/ferendum

2176 1211 2401 1266 advenit.
2445 1209 2720 1280 Ejusmodi
2751 1221 3057 1265 sanctorum
3083 1213 3215 1267 Acta
3264 1227 3292 1266 a
3326 1213 3516 1267 lectore
3546 1216 3768 1270 recitata

2179 1305 2346 1358 fu‘sse
2385 1311 2613 1357 testatur
2641 1302 2930 1372 Gregorius
2978 1301 3114 1357 libro
3141 1318 3175 1355 tt
3205 1303 3273 1357 de
3301 1303 3575 1360 Miraculis
3603 1306 3773 1361 sancti

2180 1395 2390 1450 Martini
2420 1403 2540 1465 cap.
2574 1394 2662 1459 49,
2696 1407 2804 1463 quo
2837 1395 3052 1448 nomine
3080 1395 3334 1450 clericum
3364 1397 3430 1450 ad
3473 1394 3523 1450 id
3564 1397 3774 1466 specia-

2180 1487 2303 1540 liter
2333 1485 2642 1541 ordinatum
2674 1484 3080 1555 intelligendum
3131 1500 3252 1541 esse
3299 1486 3524 1542 inliciari
3578 1489 3772 1554 nolim,

2177 1591 2478 1645 qumquam
2505 1586 2557 1630 et
2582 1577 2648 1630 ab
2676 1575 2793 1629 aliis
2833 1576 3044 1630 clericis
3089 1577 3384 1646 majoribus
3416 1578 3518 1648 legi
3566 1581 3774 1649 potuis-

2179 1677 2320 1723 sent.
2365 1667 2606 1722 Meminit
2652 1667 2792 1721 idetn
2840 1668 3131 1736 Gregorius
3193 1668 3329 1722 libro
3386 1684 3501 1733 th,
3551 1683 3672 1738 cap.
3719 1671 3774 1734 5,

2182 1751 2766 1827 psalmi-responsorii,
2818 1756 2910 1826 qui
2965 1757 3253 1812 adiacono
3305 1758 3359 1811 itt
3409 1758 3567 1812 Missa
3595 1775 3776 1814 coram

492 1850 758 1921 liturgiam
789 1865 853 1906 ex
881 1851 1218 1906 Mozarabum
1263 1851 1367 1906 ritu
1413 1860 1706 1906 mutuatam
1755 1850 1921 1905 fuisse
1953 1849 2084 1904 scri-
2119 1848 2163 1906 Β
2193 1867 2316 1921 rege
2341 1861 2584 1906 cantatus
2616 1850 2808 1904 fuerat.
2838 1849 2989 1917 Quod
3032 1850 3172 1903 inter
3223 1848 3356 1905 duas
3399 1852 3661 1906 lcetiones
3704 1852 3779 1904 fa-

492 1951 727 2008 psernnt,
768 1941 909 2008 quod
942 1950 1084 2010 patet
1126 1956 1190 1994 ex
1220 1941 1338 1995 aliis
1387 1941 1582 2009 passim
1635 1939 1878 2007 Gregorii
1935 1941 2087 1993 testi-

493 2033 713 2099 moniis,
743 2033 934 2102 quibus
963 2041 1169 2086 certum
1208 2043 1290 2085 εει
1335 2031 1499 2084 multo
1544 2033 1668 2084 ante
1707 2035 1948 2083 sanctum
1994 2031 2089 2083 lsi-

493 2125 680 2179 dorum
715 2125 1082 2193 Hispalensem
1112 2126 1447 2194 episcopum,
1492 2137 1649 2192 quem
1703 2122 1880 2176 ferunt
1913 2123 2089 2176 Moza-

495 2216 664 2269 rabici
705 2205 840 2268 ritus
879 2226 1176 2279 auctorem,
1224 2213 1553 2270 Gallicanam
1580 2214 1844 2283 liturgiam
1873 2213 2088 2266 ordina-

495 2317 600 2361 tam
634 2307 818 2360 fuisse.
849 2305 1091 2361 Sufficiat
1141 2307 1228 2360 bic
1279 2319 1442 2359 unum
1495 2315 1761 2374 promere,
1820 2318 1887 2359 ex
1942 2304 2079 2358 libro

497 2383 704 2453 scilicet
757 2397 824 2451 de
855 2396 990 2450 Vitis
1023 2395 1261 2460 Patrum,
1310 2397 1483 2465 capite
1527 2393 1610 2462 l7,
1659 2395 1745 2450 ubi
1775 2393 2084 2464 Gregorius,

500 2489 725 2557 loquens
753 2485 820 2541 de
847 2487 1165 2541 lectionibus
1188 2499 1306 2554 quae
1336 2486 1472 2539 inter
1498 2484 1774 2540 Missarum
1802 2485 2086 2552 solemnia,

503 2587 773 2649 praesente
805 2577 1188 2632 Theodeberto
1237 2591 1387 2647 rege,
1438 2569 1677 2632 iecitaue
1727 2575 1958 2643 fuerant,
2012 2575 2090 2632 sic

501 2671 661 2727 liabet
691 2687 705 2720 :
747 2667 910 2724 Lectis
933 2665 1253 2735 lectionibus,
1279 2681 1403 2738 quas
1441 2685 1604 2723 canon
1630 2669 1798 2722 sanxit
1824 2669 2085 2737 antiquus.

503 2759 764 2830 Antiquos
791 2763 968 2829 itaque
990 2761 1102 2830 jam
1131 2769 1258 2815 tunc
1279 2768 1396 2816 erat
1420 2760 1508 2816 ille
1536 2761 1669 2816 ritus
1691 2761 1876 2816 Missas
1899 2762 1952 2817 in
1985 2761 2088 2818 Ec-

504 2851 664 2906 clesia
695 2851 968 2906 Gallicana
994 2851 1324 2916 celebrandi,
1372 2861 1657 2921 antequam
1711 2853 1947 2906 lsidorus
2000 2851 2092 2908 lii-

504 2943 803 3013 spaiensem
830 2939 1077 2997 thronum
1104 2942 1328 2997 subiret.
1356 2941 1424 2996 Et
1446 2945 1559 2996 haec
1578 2942 1679 2996 fuit
1706 2952 1961 2996 constans
1992 2957 2090 3011 pa—

505 3046 647 3090 trum
691 3045 993 3090 nostrorum
1026 3034 1259 3099 traditio,
1292 3047 1453 3104 quam
1495 3035 1691 3088 stecnlo
1721 3049 1862 3089 nono
1892 3033 2092 3087 confir-

509 3131 678 3183 movit
708 3125 1011 3189 liilduinus,
1045 3125 1210 3181 abbas
1237 3123 1419 3180 Sancti
1472 3125 1731 3195 Dionysii,
1761 3127 1827 3178 ad
1859 3124 2093 3178 Ludovi-

2188 1951 2330 1997 ctum
2361 1942 2525 1996 fuisse
2554 1956 2657 1995 non
2687 1938 3016 2004 dubitamus,
3055 1957 3121 1995 eo
3173 1951 3317 2010 temp
3345 1958 3414 1997 re
3462 1958 3569 2012 quo
3619 1942 3778 2002 hodie

2189 2034 2442 2103 graduale
2474 2035 2686 2086 concini
2717 2033 2873 2085 solet.
2922 2031 3016 2085 His
3047 2035 3300 2100 peractis,
3330 2031 3586 2088 diaconus
3613 2035 3780 2089 lectu-

2191 2138 2281 2177 rus
2324 2121 2672 2189 Evangelium
2703 2121 3017 2175 sitiemniter
3045 2121 3387 2190 procedebat,
3425 2123 3500 2177 uti
3552 2125 3780 2179 refertur

2195 2211 2329 2264 libro
2354 2227 2448 2264 vnt
2473 2252 2487 2275 ,
2516 2214 2691 2279 capite
2713 2213 2768 2278 4,
2795 2221 2958 2280 atque
2985 2213 3033 2265 ei
3069 2212 3336 2280 Evangelii
3367 2212 3648 2268 lectionem
3673 2233 3768 2269 an-

2191 2302 2474 2367 nnntianti,
2510 2300 2657 2369 plebs
2681 2301 2856 2355 omnis
2884 2301 3107 2370 gloriam
3144 2301 3253 2356 Deo
3279 2304 3517 2357 referens
3547 2320 3773 2373 respon-

2190 2393 2372 2458 debat,
2402 2391 2592 2448 iis‘dem
2642 2393 2869 2448 fortasse
2900 2391 3103 2460 verbis,
3147 2396 3341 2464 quibus
3386 2396 3649 2467 hodieque
3679 2401 3783 2452 nti-

2193 2501 2330 2540 mur.
2359 2484 2488 2540 Nam
2519 2484 2885 2540 Guntramnus
2913 2486 3052 2555 apud
3081 2488 3395 2556 Gregorium
3423 2491 3540 2541 loco
3563 2489 3783 2544 laudato

2193 2586 2396 2640 narrat,
2424 2576 2668 2633 eamdem
2713 2577 2880 2634 fuisse
2911 2579 3090 2648 populi
3122 2580 3522 2647 responsionem
3555 2581 3784 2636 diacono

2191 2671 2557 2740 cv'angelicam
2604 2669 2890 2725 lectionem
2933 2669 3316 2739 pronuntianti,
3345 2685 3407 2724 ac
3443 2670 3644 2725 homini
3693 2674 3784 2740 qui

2192 2756 2462 2833 Sigiberto
2513 2765 2623 2833 regi
2674 2773 2855 2818 natum
2886 2763 2934 2817 ei
2976 2761 3142 2817 fuisse
3199 2760 3362 2816 lilium
3420 2766 3780 2818 nuntiaverat.

2197 2853 2346 2909 Unde
2375 2854 2570 2925 factum
2603 2864 2696 2918 est,
2728 2853 2917 2920 inquit,
2947 2861 3002 2905 ut
3039 2853 3201 2906 omnis
3228 2850 3449 2922 populus
3490 2853 3543 2904 in
3574 2868 3787 2921 utraque

2195 2943 2589 2998 annuntiatione
2614 2944 2952 3014 proclamaret
2982 2954 3173 3013 pariter
3203 2959 3238 3014 ε,
3261 2944 3439 2998 Gloria
3483 2941 3592 3000 Deo
3623 2945 3788 2999 omni-

2196 3035 2404 3106 potenti.

2268 3125 2359 3180 45.
2401 3127 2674 3181 Absolutis
2701 3126 3041 3194 lectionibus,
3077 3127 3333 3182 diaconus
3383 3127 3576 3197 populo
3620 3126 3789 3182 silen-

513 3233 634 3272 cum
687 3217 841 3272 Pium
873 3217 1138 3280 scribens,
1186 3216 1274 3287 qui
1317 3217 1637 3286 peculiarem
1666 3215 1840 3269 Missa:
1866 3216 2098 3268 ordinent
2124 3214 2171 3274 C
2207 3222 2337 3276 tium
2362 3221 2652 3288 indicebat,
2693 3235 2746 3276 ut
2775 3217 2949 3276 Missa:
2977 3239 3136 3275 auscu
3161 3231 3410 3285 tarentur,
3441 3237 3503 3276 ett
3535 3221 3782 3291 Gregorii

510 3324 650 3361 more
680 3306 877 3361 Gallico
921 3309 983 3360 ab
1027 3306 1171 3360 initio
1218 3318 1431 3375 recepta:
1461 3307 1584 3374 ﬁdei
1609 3306 1660 3359 in
1693 3305 1773 3358 his
1803 3295 2090 3359 Galliaru‘tn

511 3398 751 3469 partibus
781 3398 1079 3452 adhibitum
1127 3399 1289 3452 fuisse
1332 3398 1546 3454 asserit.
1580 3397 1758 3463 Qualis
1785 3411 1911 3451 vero
1935 3399 2096 3451 fuerit

510 3491 600 3548 ille
621 3491 777 3554 ordo,
803 3488 1104 3556 intelligere
1135 3485 1259 3540 licet
1287 3494 1351 3541 ett
1385 3486 1618 3555 antiquis
1661 3485 1890 3555 liturgiis
1919 3501 1948 3538 a
1982 3484 2092 3539 νγ.

512 3580 595 3633 Cl.
643 3577 876 3646 Josepbo
905 3576 1176 3629 Tltomaso
1208 3575 1520 3645 presbytero
1549 3577 1798 3646 regulari,
1834 3585 1888 3631 et
1915 3588 2099 3630 nostro

516 3670 820 3725 Mabilionio
860 3666 1042 3730 editis,
1089 3681 1222 3736 quas
1267 3682 1331 3722 ex
1380 3669 1622 3737 plurimis
1654 3666 1895 3738 Gregorii
1929 3669 2099 3723 nostri

516 3762 860 3826 testimoniis,
894 3761 1120 3830 aliisque
1155 3762 1426 3815 veteribus
1457 3765 1837 3827 monumentis,
1883 3771 1938 3816 et
1968 3762 2102 3815 invié

517 3858 614 3908 etis
639 3853 988 3922 argumentis,
1026 3867 1152 3907 vere
1191 3852 1495 3907 Gallicanas
1540 3853 1701 3905 fuisse
1728 3852 2105 3921 deprehende—

516 3955 658 4001 runt.
691 3945 947 4011 Quaenam
1005 3957 1181 3998 autem
1241 3943 1438 3998 fuerint
1499 3944 1726 4013 liturgize
1787 3953 1984 4012 partes,
2016 3954 2108 3999 aut

522 4039 644 4107 quis
671 4053 789 4090 eam
842 4037 1149 4090 celebrandi
1197 4037 1352 4102 ritus,
1387 4051 1450 4090 ex
1495 4036 1734 4106 Gregorii
1774 4037 1986 4105 scriptis
2015 4051 2110 4090 ex-

518 4130 860 4201 pendendunt
889 4138 994 4184 est.

587 4219 676 4272 42.
720 4220 854 4274 Tres
882 4220 1137 4273 lectiOues
1182 4233 1245 4273 ex
1282 4219 1442 4273 variis
1485 4233 1652 4273 sacrae
1699 4217 1992 4289 Scriptura
2045 4220 2112 4275 li-

514 4309 633 4366 bris
657 4312 808 4364 initio
839 4311 1013 4363 Missae
1046 4309 1211 4363 lectas
1271 4308 1433 4363 fuisse
1475 4309 1731 4364 discimus
1775 4311 2108 4380 potissimum

508 4420 585 4457 ex
619 4404 754 4458 libro
801 4418 846 4454 tv
905 4401 1170 4464 Historia,
1217 4403 1392 4469 capite
1447 4403 1533 4465 lli,
1579 4417 1806 4469 quarunt
1857 4401 2002 4471 prior
2045 4416 2113 4456 ex

519 4492 836 4562 Propltetis,
873 4491 1040 4544 altera
1087 4505 1151 4544 ex
1185 4490 1463 4544 canonicis
1509 4491 1783 4560 Epistolis,
1812 4505 1874 4544 ac
1903 4493 2114 4544 demum

2199 3313 2337 3372 ltbro
2363 3329 2466 3382 vn,
2503 3315 2678 3384 capite
2722 3314 2775 3382 8,
2835 3327 3050 3382 tumque
3098 3313 3378 3369 celebrans
3426 3314 3494 3369 de
3541 3314 3792 3383 praisenti

2201 3409 2537 3461 Solemnitate
2563 3417 2800 3461 astantes
2832 3407 2973 3459 brevi
3001 3405 3301 3470 erudiebat,
3333 3414 3494 3473 atque
3536 3406 3637 3459 Itac
3667 3423 3789 3460 ntu-

2206 3499 2409 3551 nitione
2439 3495 2572 3552 facta
2613 3495 2969 3564 subiungebat
3012 3494 3310 3548 orationem
3359 3507 3453 3547 seu
3485 3493 3790 3560 collectam,

2204 3604 2323 3658 qua:
2355 3589 2517 3658 vulgo
2551 3587 2713 3641 Missa
2767 3589 2818 3640 in
2849 3587 3013 3641 veteri
3070 3583 3484 3639 sacramentario
3541 3584 3794 3640 Bobiensi

2205 3680 2525 3748 appellatur.
2573 3681 2738 3749 Hujus
2784 3694 2944 3748 porro
2982 3679 3264 3732 occasione
3309 3677 3507 3731 silentii
3554 3689 3796 3746 accepta,

2208 3768 2258 3824 u.
2287 3771 2340 3824 ib
2363 3770 2484 3825 dem
2512 3770 2796 3838 Gregorius
2823 3780 3022 3832 narrat,
3048 3769 3411 3822 Gunzratnnus
3435 3782 3526 3821 rex
3552 3778 3792 3824 aSIantes

2209 3863 2488 3931 aliquando
2510 3873 2838 3917 eontestatns
2861 3873 2962 3925 est,
2997 3878 3062 3914 ne
3083 3876 3112 3913 a
3142 3876 3431 3930 quoquam,
3457 3870 3511 3913 ut
3543 3861 3796 3915 ftatrtbns

2210 3956 2321 4007 sais
2369 3958 2686 4024 contigerat,
2736 3954 3158 4017 interficeretur;
3191 3963 3239 4006 et
3272 3953 3451 4005 statim
3493 3952 3671 4006 omnis
3703 3969 3797 4021 po-

2216 4045 2367 4113 pulus
2393 4061 2488 4114 pro
2510 4047 2650 4116 regis
2678 4043 3046 4099 incolumitate
3091 4043 3158 4096 ad
3189 4043 3471 4096 Dominum
3517 4044 3799 4098 orationem

2217 4137 2372 4203 fudit.

2286 4229 2377 4283 Η.
2419 4229 2546 4283 l’ost
2573 4227 2833 4283 lectiones
2861 4245 2973 4280 cum
3019 4229 3258 4296 sacriﬁcii
3305 4226 3576 4293 olferendi,
3631 4226 3801 4295 inquit

2218 4321 2510 4390 Gregorius
2544 4321 2723 4374 librOI
2767 4320 2834 4374 de
2879 4319 3060 4374 Gloria
3114 4321 3429 4390 Martyrum,
3487 4319 3661 4388 capite
3710 4320 3798 4382 86,

2221 4427 2415 4482 tempus
2444 4416 2748 4479 advenisset,
2798 4413 3044 4465 diaconus
3091 4413 3273 4465 turrim
3326 4413 3380 4464 in
3423 4428 3524 4482 qua
3576 4414 3804 4481 corporis

2224 4508 2471 4561 dominici
2505 4509 2794 4576 mysterium
2827 4506 3197 4572 continebatur,
3225 4505 3419 4572 attulit,
3442 4520 3506 4560 ex
3535 4505 3800 4566 sacrario,

511 4584 678 4636 tertia
708 4599 770 4635 ex
807 4582 1094 4650 Evangelio
1125 4583 1233 4649 peti
1282 4580 1550 4635 solebant.
1604 4581 1944 4650 l’topbetiam
1976 4581 2089 4648 ipse

2225 4602 2296 4654 uti
2329 4600 2456 4654 mihi
2486 4598 2714 4653 videtur.
2749 4599 2960 4652 Ublat:o
2993 4602 3143 4665 panis
3191 4605 3246 4650 et
3275 4597 3384 4650 vini
3433 4595 3594 4649 tiebat
3640 4609 3669 4646 a
3713 4611 3806 4662 po-

519 4683 634 4726 met
665 4673 932 4724 Palladius
977 4674 1260 4740 episcopus
1308 4672 1588 4727 celebrans
1637 4671 1864 4740 legebat,
1911 4680 2031 4724 cuin
2087 4689 2113 4724 a

513 4763 858 4815 Guntratnno
913 4775 1060 4828 rege,
1114 4762 1204 4829 qui
1263 4775 1500 4828 pra-scus
1545 4763 1750 4828 aderat,
1808 4763 1997 4815 vetitus
2039 4773 2119 4814 cst

537 4851 754 4904 Missam
814 4850 1039 4903 ulterius
1091 4849 1364 4918 prosequi.
1415 4850 1700 4918 Martyrum
1760 4852 2034 4920 passiones
2065 4860 2119 4904 et

524 4943 914 4998 Confessorutn
940 4951 1078 4994 Vitas
1103 4943 1422 5010 quandoque
1452 4943 1589 4995 inter
1621 4943 1897 4996 Missarum
1923 4945 2116 4996 Solem—

515 5039 619 5094 alia
651 5039 818 5092 lectas
864 5035 1028 5089 fuisse
1095 5049 1201 5088 non
1256 5037 1420 5090 semel
1489 5036 1658 5089 innuit
1706 5035 2014 5105 Gregorius,
2067 5046 2119 5090 at

519 5145 794 5200 .nusquatn
831 5131 963 5182 satis
993 5129 1195 5182 diserte
1224 5128 1477 5196 exprimit
1505 5142 1612 5196 quo
1645 5140 1882 5195 tempore
1908 5131 2003 5181 ista
2038 5131 2117 5182 le-

533 5223 642 5274 ctio
669 5221 838 5274 fleret.
873 5221 1017 5274 Hanc
1043 5229 1216 5272 tamen
1272 5222 1454 5287 primae
1504 5220 1745 5273 lectionis
1787 5220 1902 5273 loco
1930 5220 2120 5275 factam

526 5312 704 5386 lfuisse
729 5312 1028 5378 colligimus
1056 5327 1119 5365 ex
1145 5309 1458 5365 lectiunario
1486 5309 1758 5365 Gallicano
1781 5311 2127 5376 Luxoviensi,

535 5403 678 5474 quod
710 5417 739 5455 a
771 5402 1073 5457 Mabillonio
1100 5404 1298 5458 editum
1330 5412 1432 5465 est,
1460 5403 1546 5458 ubi
1574 5403 1624 5455 in
1657 5401 1791 5458 festo
1816 5414 2124 5458 sanctorum

539 5497 682 5550 Petri
708 5506 764 5551 et
795 5497 940 5550 Pauli
969 5538 982 5560 ,
1030 5499 1222 5552 omissa
1255 5498 1532 5567 prophetia
1555 5541 1569 5563 ,
1615 5498 1976 5565 apostolorum
2007 5515 2126 5568 pas-

537 5591 620 5643 sio
645 5589 863 5658 legenda
881 5591 1212 5658 prepouitur.
1234 5591 1286 5644 Id
1301 5599 1484 5660 aperte
1514 5599 1656 5660 patet
1681 5606 1746 5644 ex
1764 5603 2126 5646 sacramenta-

543 5685 624 5738 rio
655 5684 922 5749 Bobiensi,
952 5684 1020 5738 ab
1067 5683 1257 5738 eodem
1313 5685 1636 5750 Mabillonio,
1697 5695 1840 5739 tomo
1896 5684 1914 5738 ι
1961 5684 2127 5738 Musei

545 5774 710 5830 ltalici
740 5774 906 5844 edito,
931 5776 1019 5830 ubi
1043 5776 1094 5829 in
1127 5775 1300 5832 Missis
1327 5775 1395 5831 de
1419 5786 1657 5847 tempore
1690 5787 1796 5832 tres
1820 5775 2018 5844 ubique
2049 5776 2125 5830 le-

2225 4695 2384 4763 pulo;
2417 4709 2627 4745 munera
2650 4706 2776 4745 vero
2807 4701 2924 4758 post
2965 4689 3286 4758 oblationem
3332 4703 3492 4757 super
3515 4689 3684 4741 altare
3715 4687 3806 4738 de-

2223 4787 2416 4853 posita,
2451 4785 2588 4852 palla
2620 4798 2714 4836 seu
2741 4785 2899 4849 pallio
2930 4781 3265 4849 tegebantur,
3297 4781 3438 4848 quod
3471 4781 3542 4833 ita
3569 4779 3806 4846 amplum

2221 4894 2339 4932 esse
2362 4878 2609 4941 debebat,
2638 4886 2696 4929 ut
2722 4876 2967 4927 atat-ium
2995 4874 3149 4927 simul
3195 4881 3248 4926 et
3285 4873 3584 4925 oblationes
3614 4879 3802 4922 contu-

2223 4985 2350 5039 gere
2382 4980 2584 5038 posset.
2619 4967 2849 5020 Pallium
2873 4967 3087 5017 sericum
3138 4966 3374 5034 appellat
3400 4961 3690 5033 Gregorius
3747 4961 3806 5012 li-

2227 5063 2323 5117 bro
2348 5078 2439 5126 vn,
2472 5061 2646 5129 capite
2676 5059 2776 5123 22;
2829 5055 3220 5125 eoopet‘toriutn
3273 5070 3401 5109 vero
3451 5051 3807 5108 Sarmaticum

2232 5157 2281 5208 in
2314 5154 2431 5207 Vita
2461 5153 2629 5206 sancti
2684 5153 2869 5205 Nicatii
2927 5149 3295 5217 Lugdunensis
3343 5148 3408 5200 ad
3460 5145 3511 5199 id
3565 5146 3808 5199 oblatum

2234 5247 2392 5300 fuisse
2415 5243 2612 5298 dicitur
2643 5260 2657 5296 :
2701 5246 2791 5297 sed
2826 5241 2951 5295 illutl
3001 5242 3163 5307 recipi
3194 5239 3359 5294 vetuit
3407 5247 3629 5292 sanctus
3670 5239 3811 5291 auti-

2236 5351 2366 5404 stes,
2401 5339 2541 5406 quod
2575 5354 2678 5392 non
2704 5345 2848 5392 esset
2880 5334 3151 5388 sufﬁciens
3189 5333 3252 5385 ad
3294 5332 3708 5401 cooperiendum
3737 5334 3812 5383 al-

2242 5444 2352 5486 tare
2383 5431 2539 5484 simul
2571 5446 2689 5485 etnn
2741 5429 3048 5482 muneribus
3087 5426 3285 5490 sacris;
3315 5436 3370 5480 et
3420 5429 3487 5478 ita
3525 5441 3725 5491 rarum,
3761 5435 3813 5476 ut

2232 5539 2296 5577 eo
2323 5538 2427 5576 non
2453 5524 2583 5575 satis
2615 5530 2879 5590 tegeretur
2905 5521 3133 5586 corporis
3184 5528 3230 5571 et
3274 5519 3542 5587 sanguinis
3570 5517 3812 5566 dominici

2233 5615 2548 5686 mysterium.
2585 5613 2857 5665 Diversum
2883 5621 3056 5662 autem
3090 5613 3157 5662 ab
3187 5611 3266 5663 bis
3300 5609 3514 5677 pallium
3547 5617 3683 5670 erat,
3709 5619 3813 5673 quo

2233 5717 2383 5763 extra
2433 5707 2711 5759 Missarum
2759 5702 3015 5758 solemnia
3071 5703 3238 5756 altare
3288 5708 3598 5765 Coepertunt
3648 5698 3813 5752 fuisse

2234 5799 2489 5855 discimus
2517 5814 2581 5852 ex
2615 5798 2753 5852 libro
2796 5812 2849 5861 κ,
2887 5796 3060 5863 capite
3107 5795 3189 5858 l5,
3225 5793 3311 5846 ubi
3335 5791 3539 5846 Justina
3573 5794 3713 5856 palla
3741 5793 3799 5842 al-
