4070 6186
161 324 218 380 «il

1713 301 2126 368 PBEFATIO.

3600 308 3672 374 42

159 445 304 504 tat-is
349 449 541 516 operta
584 442 961 508 memoratur,
1011 452 1078 496 eo
1123 441 1380 510 tempore
1429 450 1544 510 quo
1615 433 2227 494 hominesAmeminit
2252 433 2314 490 in
2357 431 2504 492 Vitis
2535 432 2793 505 Patrum,
2818 433 3001 509 capite
3041 435 3128 506 16,
3160 435 3263 495 ubi
3288 437 3462 496 etiam
3494 439 3671 498 refert

159 534 501 602 furibundi,
529 533 864 591 Pictavense
894 529 1141 602 ingressi
1168 526 1607 596 monasterium,
1635 525 1883 583 abbatis-

158 640 286 681 sam
327 638 528 695 rapere
556 621 938 678 conabantur.
969 619 1142 675 Porro
1168 615 1430 687 Gregorii
1461 615 1674 683 locum,
1706 629 1879 686 quem

159 730 304 772 mox
336 712 730 780 laudavimus,
759 711 932 782 paulo
961 708 1129 765 aliter
1155 706 1434 764 exhibent
1461 706 1621 769 editi,
1653 705 1752 763 ubi
1780 720 1881 777 pro

158 803 492 870 mysterium
541 813 666 867 vox,
710 798 1076 851 ministerium
1140 793 1407 863 habetur,
1474 793 1641 868 quasi
1697 792 1759 849 in
1814 809 1882 850 ea

159 897 329 945 turre
364 901 495 959 quze
520 901 554 942 a
587 884 828 942 diacono
864 882 1056 939 afferri
1101 880 1339 950 solebat,
1372 879 1518 938 nihil
1546 880 1705 938 aliud
1735 880 1880 938 fuis-

159 984 266 1045 set,
299 991 486 1049 quam
532 990 668 1031 vasa
704 981 759 1030 et
804 973 915 1030 alia
959 972 1030 1030 ad
1069 971 1469 1028 celebrandam
1507 971 1739 1028 Missam
1778 986 1880 1028 ne-

159 1067 436 1123 cessaria.
488 1063 597 1122 Sed
637 1071 890 1120 nostram
917 1061 1222 1118 lectionem
1266 1060 1429 1118 alteri
1464 1060 1880 1132 praeferendam

158 1172 287 1212 esse
323 1153 553 1223 suadet,
587 1159 794 1226 praeter
816 1157 1157 1224 argumenta
1179 1166 1311 1223 quae
1341 1149 1401 1207 in
1430 1151 1584 1207 notis
1611 1151 1682 1207 ad
1723 1150 1882 1208 hunc

162 1243 365 1300 locum
395 1239 766 1312 protulimus,
794 1241 1061 1298 omnium
1085 1237 1327 1296 omnino
1354 1237 1880 1311 manuscriptorum

163 1333 438 1391 codicum
477 1331 806 1389 auctoritas.
848 1331 913 1387 Et
947 1331 1185 1404 quidem
1232 1327 1527 1402 aptissima
1565 1335 1650 1386 est
1690 1329 1762 1385 ad
1804 1329 1878 1385 il-

163 1421 546 1479 lustrandum
592 1419 822 1477 concilii
869 1418 1041 1491 primi
1085 1416 1426 1474 Arausicani
1470 1431 1750 1474 canonem
1786 1414 1876 1486 2'2,

163 1505 282 1585 qui‘
315 1512 462 1568 adeo
515 1509 778 1566 virorum
824 1506 1188 1564 eruditorum
1231 1504 1462 1579 ingenia
1509 1505 1686 1562 torsit.
1733 1504 1880 1561 Cum

1964 532 2210 580 sanctum
2256 541 2452 579 munus
2512 527 2668 593 signo
2721 528 2895 582 crucis
2944 531 3282 598 superposito
3333 529 3668 586 benedictum

1963 613 2160 684 fuisse,
2191 612 2364 686 idque
2405 614 2576 682 juncta
2623 632 2820 670 morem
2850 617 3193 673 catholicum.
3225 613 3447 685 Quibus
3474 628 3668 676 extre-

1966 701 2075 759 mis
2107 703 2294 759 verbis
2325 702 2519 760 innuit
2550 702 2863 760 Ecclesiam
2887 704 3226 761 catholicam
3253 720 3354 777 per
3375 712 3557 764 totum
3579 722 3672 766 or-

1963 789 2404 848 hem-terrarum
2443 791 2733 856 ditiusam,
2771 792 2917 848 hanc
2947 791 3110 865 signo
3159 794 3346 852 crucis
3378 795 3529 853 edito
3576 796 3671 854 be-

1963 877 2348 935 nedictionem
2376 878 2434 935 in
2464 879 2841 936 Eucharistiae
2866 881 3289 940 consecratione
3310 883 3667 943 adhibuisse.

1967 968 2128 1026 Unde
2163 970 2293 1027 licet
2321 970 2381 1026 in
2421 969 2551 1026 aliis
2582 969 2788 1027 ritibus
2809 970 3080 1028 Ecclesiae
3102 973 3418 1044 peculiares
3439 991 3472 1032 a
3495 991 3554 1032 se
3584 976 3671 1033 in-

1964 1059 2148 1116 vicem
2181 1075 2607 1132 nonnunquam
2637 1059 3046 1134 discreparent,
3089 1063 3152 1120 in
3187 1064 3309 1136 ipsa
3345 1072 3536 1123 tamen
3566 1082 3664 1124 ac-

1965 1147 2119 1206 tione
2144 1149 2607 1218 consecrationis,
2653 1149 2802 1207 sicut
2849 1150 2910 1207 in
2941 1151 3132 1209 verbis
3183 1150 3394 1211 Christi
3434 1153 3668 1214 Domini

1963 1237 2292 1308 recitandis,
2326 1237 2407 1294 sic
2450 1244 2505 1295 et
2552 1237 2615 1294 in
2652 1237 3071 1297 benedictionis
3103 1241 3272 1298 modo
3305 1249 3424 1299 erat
3449 1243 3671 1317 ubique

1962 1325 2348 1383 uniformitas.
2383 1327 2563 1382 Verba
2611 1343 2770 1382 sacra
2823 1325 3017 1385 laudat
3045 1327 3109 1386 in
3142 1328 3288 1388 libro
3316 1343 3334 1387 Ι
3365 1330 3434 1389 de
3475 1332 3672 1392 Gloria

1962 1413 2306 1488 Martyrum,
2336 1417 2518 1489 capite
2547 1414 2637 1486 87,
2665 1415 2865 1488 ibique
2895 1417 3160 1475 meminit
3189 1423 3457 1487 confracti
3489 1440 3672 1496 corpo-

1961 1507 2042 1558 ris
2068 1507 2340 1560 Dominici
2368 1511 2499 1561 ante
2523 1505 2996 1563 communionem
3021 1529 3033 1574 ;
3068 1506 3430 1568 Dominicam
3456 1512 3670 1569 oratio-

165 1603 331 1658 enim
379 1601 461 1657 ibi
497 1597 851 1672 praecipitur,
912 1615 1032 1652 cum
1075 1613 1242 1668 capsa
1271 1602 1323 1650 et
1364 1597 1584 1650 calicem
1610 1612 1721 1650 esse
1748 1597 1881 1666 o/Te-
1965 1606 2101 1649 nem
2137 1593 2206 1649 ad
2239 1595 2441 1648 Missas
2491 1595 2836 1649 decantatam
2889 1593 3066 1652 fuisse
3119 1595 3402 1655 habemus
3430 1599 3492 1656 in
3527 1599 3673 1660 Vitis

166 1695 426 1756 rendam,
460 1698 510 1746 et
542 1692 882 1745 admixtione
923 1689 1286 1744 Eucharistiw
1323 1686 1761 1749 consecrandum,
1790 1684 1884 1741 ni-
1905 1751 1948 1758 _
1971 1681 2224 1750 Patrum,
2255 1682 2437 1754 capite
2471 1683 2554 1751 16,
2588 1699 2763 1758 quam
2791 1684 2864 1740 ab
2887 1685 3185 1756 omnibus,
3213 1688 3385 1745 etiam
3417 1689 3672 1748 mulieri-

169 1783 256 1840 lnl
282 1751 456 1838 aliud
495 1781 729 1838 voluere
757 1779 972 1848 Patres,
1028 1792 1203 1850 quam
1254 1782 1318 1832 ut
1347 1784 1471 1848 post
1495 1774 1742 1831 oblatam
1770 1751 2102 1842 DeoBbus,
2143 1751 2343 1830 itideni
2383 1751 2728 1829 decanto-tam
2778 1775 2956 1831 fuisse
3004 1751 3287 1836 habemus
3331 1777 3392 1835 in
3437 1778 3582 1837 Vitis
3619 1786 3674 1837 et

171 1885 431 1942 capsam,
467 1868 524 1924 in
555 1883 669 1940 qua
698 1867 884 1940 panis,
913 1872 967 1922 et
999 1864 1234 1922 calicem
1276 1863 1337 1920 in
1383 1879 1502 1936 quo
1527 1863 1731 1920 vinum
1750 1877 1887 1918 con-
1972 1863 2266 1921 Miraculis
2286 1864 2465 1920 sancti
2492 1863 2745 1930 Martini,
2771 1880 2893 1938 cap.
2925 1865 3029 1935 30;
3058 1882 3169 1940 qua
3195 1867 3257 1925 in
3291 1884 3352 1926 re
3382 1869 3675 1929 Gallicana

174 1959 496 2026 tinebatur,
521 1957 585 2014 in
620 1956 857 2014 calicem
905 1954 1250 2012 immittatur
1295 1951 1575 2024 particula
1606 1950 1890 2009 Euchari-

179 2050 309 2106 stize
353 2063 428 2103 ex
481 2046 728 2104 sacrario
778 2045 839 2102 in
885 2044 1028 2102 turri
1073 2041 1282 2108 allatae,
1321 2048 1384 2098 ut
1417 2040 1656 2112 exponit
1700 2047 1892 2097 noster

178 2137 562 2197 Mabillonius
587 2137 650 2193 iu
681 2131 1105 2194 Commentario
1141 2132 1212 2189 ad
1249 2130 1520 2190 Ordinem
1563 2144 1890 2200 romanum,

178 2245 383 2304 parag.
419 2226 509 2284 20.

250 2319 351 2376 45.
379 2315 547 2373 Facta
582 2315 777 2387 itaque
826 2311 992 2386 panis
1011 2315 1066 2368 et
1108 2307 1231 2366 vini
1256 2309 1564 2378 oblatione,
1598 2308 1702 2382 qui
1732 2313 1896 2366 erant

180 2409 254 2466 ab
283 2403 563 2462 Ecclesiae
601 2400 1012 2460 communione
1055 2399 1335 2470 segregati
1375 2397 1567 2471 egredi
1609 2397 1895 2469 cogeban-

183 2509 303 2558 tur.
341 2497 490 2554 Cum
519 2510 724 2566 nempe
752 2490 1183 2549 Theodebertus
1215 2504 1315 2545 rex
1350 2488 1504 2560 apud
1541 2485 1811 2544 Treviros
1836 2485 1899 2542 in

183 2586 496 2648 ecclesiam
542 2583 889 2651 accessisset,
946 2580 1005 2636 iu
1062 2578 1209 2636 Vitis
1265 2577 1522 2647 Patrum,
1583 2574 1766 2648 capite
1821 2575 1898 2644 l7,

185 2677 477 2742 Nicetius,
510 2673 670 2731 urbis
713 2671 878 2728 illius
924 2669 1246 2741 episcopus,
1290 2667 1392 2739 qui
1439 2681 1596 2723 sacra
1637 2664 1900 2734 faciebat,

185 2772 321 2839 post
369 2763 539 2820 lectas
577 2775 764 2817 sacras
816 2757 1110 2825 lectiones,
1161 2755 1464 2828 oblataque
1513 2768 1752 2812 munera
1815 2767 1907 2810 su-

187 2869 294 2927 per
360 2851 538 2909 altare
583 2847 703 2918 Dei,
775 2861 967 2919 regem
1039 2842 1446 2917 interpellavit,
1498 2842 1788 2915 professus
1847 2855 1907 2897 se

191 2941 510 2998 iliis-sarum
550 2935 829 2994 solemnia
879 2950 994 2991 non
1043 2938 1606 3000 consummaturum,
1650 2929 1764 2986 nisi
1801 2943 1909 2985 ex-

1976 1952 2247 2020 Ecclesia,
2278 1958 2342 2009 ut
2368 1952 2694 2010 observavit
2726 1953 3116 2022 Mabillonius,
3149 1972 3280 2014 cum
3315 1956 3513 2016 Graeca
3533 1975 3673 2018 con-

1977 2042 2236 2109 veniens,
2283 2059 2316 2098 a
2361 2042 2620 2099 Romano
2687 2043 2802 2099 ritu
2860 2043 3232 2117 discrepabat.
3289 2048 3539 2119 Etenim,
3589 2054 3675 2111 uti

1977 2131 2260 2188 discimus
2306 2147 2378 2188 ex
2426 2130 2666 2203 epistola
2718 2132 2787 2188 67
2835 2131 3096 2206 Gregorii
3140 2135 3354 2208 Magni,
3403 2137 3550 2199 libro
3592 2153 3678 2200 VII

1977 2219 2183 2278 Indict.
2221 2221 2304 2290 ll,
2333 2235 2466 2293 quae
2495 2227 2578 2277 est
2605 2219 2677 2277 ad
2703 2219 2987 2279 Joannem
3009 2223 3341 2296 episcopum
3369 2226 3679 2300 Syracusa-

1978 2325 2145 2376 num,
2177 2308 2480 2366 Dominica
2516 2309 2697 2368 oratio
2726 2311 2876 2384 apud
2916 2310 3145 2372 Graecos
3174 2314 3246 2373 ab
3278 2317 3437 2375 omni
3469 2320 3683 2392 populo

1979 2398 2041 2456 in
2073 2397 2319 2455 Ecclesia
2354 2413 2489 2456 vero
2518 2397 2778 2457 Romana
2806 2416 2840 2457 a
2871 2400 2990 2459 solo
3025 2403 3313 2462 sacerdote
3363 2405 3683 2467 dicebatur.

2052 2487 2140 2544 47.
2211 2486 2510 2544 Confracto
2565 2494 2756 2545 autem
2812 2489 3099 2548 Dominici
3173 2494 3426 2567 corporis
3495 2512 3685 2554 sacra-

1985 2581 2198 2644 mento,
2238 2583 2302 2632 ut
2331 2575 2588 2647 loquitur
2617 2576 2928 2648 Gregorius
2956 2586 3150 2638 noster
3181 2582 3328 2641 libro
3352 2596 3372 2641 t
3397 2584 3467 2642 de
3494 2585 3690 2645 Gloria

1988 2664 2331 2737 Martyrum,
2362 2665 2545 2738 capite
2571 2665 2660 2735 87,
2693 2667 2954 2726 sacerdos
2981 2669 3101 2741 ipse
3140 2669 3560 2732 Eucharistiam
3590 2692 3690 2734 su-

1988 2754 2198 2823 mebat,
2232 2760 2287 2811 et
2311 2755 2442 2813 aliis
2477 2755 2855 2814 distribuebat
2881 2758 2950 2814 ad
2979 2759 3290 2818 edendum.
3323 2761 3449 2831 Quo
3475 2763 3536 2822 in
3568 2763 3692 2822 loco

1989 2844 2233 2924 innuere
2284 2845 2597 2915 videretur,
2629 2854 2683 2903 et
2737 2848 3087 2906 sacerdotem
3141 2850 3332 2923 ipsum
3385 2858 3440 2911 et
3492 2869 3697 2913 omnes

1989 2943 2239 2993 astantes
2271 2953 2344 2993 ex
2372 2937 2571 2994 eadem
2606 2937 2788 2994 hostia
2817 2939 3292 3008 communicasse,
3331 2942 3445 3000 nisi
3475 2953 3695 3004 certum

191 3029 631 3098 communicati,
661 3043 805 3100 quos
833 3026 892 3082 in
920 3041 1025 3082 suo
1055 3024 1327 3083 comitatu
1350 3021 1617 3091 habebat,
1641 3019 1807 3093 prius
1835 3016 1908 3074 ab
1991 3031 2138 3082 esset
2168 3025 2426 3097 singulos
2469 3026 2687 3096 fideles,
2719 3033 2822 3084 aut
2851 3035 3001 3084 certe
3030 3030 3512 3103 quamplurimas,
3545 3034 3698 3093 obla-

194 3120 436 3178 ecelesia
489 3118 840 3176 recederent.
886 3115 1173 3173 caminus
1222 3120 1412 3170 tamen
1456 3110 1759 3183 episcopus
1797 3108 1903 3164 ΑΓ·
1927 3105 1970 3166 C
1997 3116 2209 3174 tionem
2250 3131 2415 3173 suam
2445 3115 2516 3171 ad
2543 3116 2722 3173 altare
2748 3117 2971 3174 deferre
3012 3117 3189 3176 fuisse
3221 3121 3434 3189 solitos,
3474 3139 3548 3181 ex
3584 3139 3700 3196 qua

194 3221 514 3265 ternorum
559 3205 709 3262 libro
741 3214 784 3260 Χ
834 3202 1126 3269 Historia
1167 3216 1289 3273 cap:
1331 3199 1384 3267 δν
1416 3197 1645 3256 Ευιδιίο
1677 3209 1913 3253 θΧοοιΠ·
1996 3213 2190 3281 postea
2219 3205 2740 3264 communicabant.
2771 3207 3166 3266 Censebantur
3193 3210 3473 3268 solemnia
3504 3210 3705 3271 Missa-

198 3296 495 3354 municato
535 3297 790 3366 permisit
819 3310 939 3348 cum
970 3294 1175 3347 exteris
1211 3293 1454 3361 spectare
1497 3289 1794 3343 Missurum
1826 3299 1914 3338 so—
1997 3311 2128 3353 ι-υω
2159 3300 2575 3364 consummata,
2630 3294 2970 3367 priusquam
3002 3298 3334 3355 communio
3364 3299 3565 3358 saltem
3593 3301 3702 3359 lay-

203 3389 419 3442 lemma.
455 3386 530 3441 At
558 3383 665 3452 illi,
698 3398 842 3456 quos
872 3380 1130 3439 Nicetius
1163 3377 1378 3450 expelli
1421 3374 1665 3442 volebat,
1700 3374 1757 3430 iu
1792 3370 1910 3430 suis

2053 3401 2080 3442 s
2134 3383 2596 3453 distribueretur,
2655 3389 2716 3440 ut
2777 3398 2849 3440 ex
2891 3383 3193 3442 nonnullis
3252 3384 3513 3459 Gregorii
3564 3388 3705 3448 locis

201 3476 547 3534 criminibus
579 3481 948 3532 contumaces
971 3477 1135 3528 erant
1168 3487 1182 3539 ;
1214 3467 1484 3526 Eulalius
1508 3481 1643 3523 vero
1675 3463 1917 3538 pedibus

203 3563 452 3638 episcopi
480 3562 795 3620 obvolutus
826 3557 1243 3632 protestabatur
1267 3572 1327 3613 se
1365 3554 1696 3612 inauditum
1721 3559 1776 3609 et
1801 3551 1918 3608 im—

205 3653 480 3709 meritum
507 3667 541 3707 a
569 3648 985 3706 communione
1034 3659 1382 3718 suspensum
1427 3641 1606 3700 fuisse
1633 3656 1644 3694 :
1683 3639 1837 3697 unde
1865 3643 1920 3695 et

204 3752 394 3815 postea
439 3738 917 3799 communionem
957 3733 1189 3808 recepit,
1241 3739 1528 3791 reservata
1568 3728 1671 3786 Dei
1700 3726 1918 3801 judicio

205 3833 466 3890 criminis
515 3830 724 3890 occulti
778 3828 1100 3902 punitione,
1150 3824 1198 3882 si
1229 3839 1380 3893 vere,
1435 3830 1498 3880 ut
1539 3836 1739 3879 rumor
1777 3824 1913 3888 erat,

209 3921 399 3992 ipsum
434 3917 784 3974 admisisset.
813 3914 1019 3972 Narrat
1045 3911 1357 3985 Gregorius
1389 3909 1537 3967 libro
1566 3923 1605 3966 ll
1637 3909 1708 3966 de
1747 3907 1917 3964 Mira-

209 4009 353 4068 culis
380 4007 566 4066 sancti
597 4005 852 4076 Martini,
877 4004 1158 4078 populum
1193 4015 1446 4071 omnem,
1485 3999 1607 4056 viso
1639 3997 1920 4055 miraculo

212 4100 365 4174 quod
402 4116 436 4155 a
475 4103 671 4156 sancto
698 4096 953 4153 antistite
1001 4100 1291 4168 patratum
1337 4092 1541 4161 fuerat,
1575 4087 1831 4162 erupisse
1858 4086 1920 4144 in

213 4204 401 4257 voces,
459 4192 815 4258 cecinisseque
855 4188 1111 4255 hymnum
1166 4184 1354 4242 Gloria
1408 4186 1466 4238 in
1520 4183 1746 4236 excelsis
1790 4183 1918 4248 Deo,

211 4279 310 4335 sed
343 4293 477 4334 cum
501 4279 613 4351 jam
648 4286 788 4335 tunc
815 4294 1039 4332 munera
1066 4293 1224 4331 sacra
1255 4289 1430 4346 super
1467 4270 1644 4329 altare
1674 4271 1921 4342 deposita

213 4375 427 4434 essent,
463 4365 606 4422 nihil
652 4366 790 4422 inde
837 4365 1075 4422 fortasse
1119 4361 1312 4433 colligi
1349 4366 1551 4434 potest,
1598 4358 1715 4415 nisi
1762 4357 1922 4414 hunc

2002 3471 2164 3530 facile
2195 3472 2507 3543 colligitur.
2541 3471 2702 3528 Certe
2730 3471 3130 3531 Guntramnus
3156 3489 3279 3545 rex,
3312 3474 3460 3534 libro
3489 3488 3553 3535 IX
3579 3477 3711 3536 His-

2000 3562 2184 3630 terim,
2250 3563 2432 3635 capite
2505 3561 2557 3628 3,
2612 3564 2854 3635 peractis
2914 3565 3261 3633 solemnibus,
3319 3567 3392 3620 ad
3446 3568 3709 3624 altarium

2002 3653 2439 3707 communicandi
2478 3655 2663 3721 gratia
2712 3650 2966 3708 accessit.
3006 3651 3076 3708 Et
3107 3667 3179 3709 ne
3206 3653 3340 3726 quis
3390 3670 3591 3714 vocem
3619 3673 3708 3713 so-

2005 3743 2260 3796 lemnium
2289 3741 2359 3798 ad
2386 3740 2568 3798 alium
2600 3755 2832 3798 sensum
2863 3738 3204 3814 detorquere
3241 3740 3400 3807 velit,
3449 3742 3573 3802 loca
3598 3745 3713 3803 alia

2001 3842 2134 3900 quae
2163 3827 2322 3885 omni
2351 3827 2726 3900 ambiguitate
2765 3833 2959 3885 carent
2987 3828 3354 3900 proferimus.
3407 3829 3598 3889 Unum
3627 3838 3712 3890 est

2001 3933 2078 3974 ex
2117 3916 2260 3976 libro
2289 3930 2329 3974 II
2358 3917 2428 3974 de
2451 3917 2746 3975 Miraculis
2775 3916 2958 3974 sancti
2990 3915 3240 3988 Martini,
3273 3919 3456 3992 capite
3486 3920 3576 3990 47,
3607 3921 3710 3979 ubi

2002 4005 2218 4078 legitur
2252 4025 2264 4063 :
2307 4007 2544 4078 Cumque
2572 4008 2803 4078 expletis
2848 4008 3038 4061 Missis
3067 4008 3307 4078 populus
3338 4012 3582 4080 coepisset
3615 4027 3709 4066 sa-

2005 4103 2345 4154 crosanctum
2371 4113 2565 4168 corpus
2592 4097 2964 4168 Redemptoris
2991 4100 3252 4167 accipere,
3285 4101 3390 4154 etc.
3424 4098 3513 4155 Ad
3562 4099 3708 4171 haec,

2004 4188 2219 4246 mulier
2251 4187 2444 4256 vidua,
2479 4186 2661 4260 capite
2691 4187 2758 4244 65
2786 4185 2922 4244 libri
2950 4185 3022 4244 de
3048 4185 3243 4244 Gloria
3289 4188 3702 4260 confessorum,

2004 4278 2238 4348 expletis
2266 4276 2656 4344 celebratisque
2683 4277 2891 4344 Missis,
2924 4275 3160 4332 accessit
3212 4277 3282 4332 ad
3334 4279 3590 4348 poculum
3614 4295 3708 4333 sa-

2007 4367 2200 4421 lutare.
2236 4362 2598 4421 Accedebant
2631 4369 2821 4419 autem
2850 4376 3052 4419 omnes
3086 4362 3156 4420 ad
3186 4362 3364 4421 altare
3387 4364 3459 4421 ad
3490 4380 3709 4422 sacram

212 4456 523 4529 hymnum,
545 4454 619 4511 ob
638 4451 939 4510 insolitum
974 4453 1128 4510 hunc
1157 4451 1433 4517 favorem,
1457 4464 1490 4505 a
1515 4447 1729 4520 populo
1758 4454 1910 4503 extra

2052 4454 2478 4512 immunionem
2511 4451 2919 4525 recipiendam.
2967 4449 3119 4519 Quin
3151 4458 3205 4507 et
3233 4467 3307 4508 ex
3336 4452 3509 4509 unico
3534 4451 3711 4511 calice

211 4560 436 4602 morem
482 4551 822 4601 consuetum
859 4547 999 4598 tunc
1023 4545 1314 4596 cantatum
1339 4537 1536 4595 fuisse.
1568 4534 1713 4592 Nam
1743 4534 1923 4591 simili

211 4636 422 4709 gaudio
480 4636 746 4708 perfusus
795 4631 1184 4706 Eberegisilus
1236 4627 1596 4688 Coloniensis
1639 4625 1918 4700 pontifex,

213 4731 453 4785 invento
503 4727 686 4784 sancti
723 4725 946 4783 Mallosi
997 4739 1248 4796 corpore,
1300 4725 1545 4776 emittens
1588 4735 1765 4774 vocem
1802 4733 1922 4772 ma-

215 4837 392 4888 gnam,
440 4819 632 4874 Gloria.
660 4820 717 4872 in
742 4817 969 4871 excelsis
1013 4819 1118 4870 Deo
1161 4830 1336 4869 secum
1360 4827 1564 4867 omnem
1589 4811 1790 4865 clerum
1813 4825 1920 4878 pa-

213 4914 345 4964 riter
380 4910 624 4980 psallere
659 4910 829 4976 fecit;
873 4914 936 4962 ut
983 4905 1104 4977 ipse
1149 4902 1456 4976 Gregorius
1498 4898 1694 4959 scribit
1725 4899 1871 4957 libro
1904 4909 1924 4955 Ι

213 5000 282 5057 de
307 4999 504 5056 Gloria
533 4996 875 5069 Martyrum,
907 4996 1090 5069 capite
1123 4994 1213 5053 63.

282 5088 382 5145 46.
413 5084 899 5144 Contestationem
941 5091 1218 5142 memorat
1247 5081 1556 5156 Gregorius
1589 5079 1732 5137 libro
1778 5091 1817 5137 lI
1855 5078 1925 5135 de

217 5174 522 5232 Miraculis
546 5174 730 5230 sancti
757 5171 1010 5241 Martini,
1048 5173 1230 5244 capite
1266 5171 1348 5237 14,
1380 5170 1441 5226 in
1470 5185 1584 5240 qua
1617 5166 1765 5224 beati
1786 5181 1924 5223 con-

217 5264 452 5320 fessoris
489 5261 770 5319 virtutum
802 5259 1088 5318 enarratio
1138 5258 1558 5327 continebatur,
1593 5256 1926 5329 respondet-

216 5369 331 5422 que
356 5352 662 5408 hodierna:
695 5360 904 5408 nostra:
936 5346 1281 5423 prmiationi.
1313 5348 1465 5405 Hinc
1487 5363 1611 5405 eam
1643 5363 1676 5403 a
1698 5363 1777 5413 se,
1805 5345 1928 5418 epi-

217 5460 388 5517 seopo
451 5443 675 5500 scilicet
719 5441 1060 5512 celebrante,
1114 5449 1396 5498 cantatum
1451 5440 1629 5496 fuisse
1668 5445 1927 5506 testatur,

2006 4560 2208 4602 omnes
2239 4541 2444 4600 Christi
2473 4541 2760 4613 sanguine
2803 4540 3165 4611 potabantur,
3203 4554 3334 4612 quae
3363 4546 3486 4598 erat
3513 4542 3710 4600 catho-

2006 4634 2146 4691 licos
2195 4631 2346 4690 inter
2397 4639 2452 4688 et
2503 4629 2734 4687 arianos
2759 4628 3104 4697 differentia,
3137 4635 3202 4688 ut
3243 4629 3365 4703 ipse
3397 4629 3710 4705 Gregorius

2007 4721 2269 4780 observat
2294 4721 2442 4777 libro
2487 4731 2549 4776 ιιι
2601 4717 2890 4785 Historim,
2923 4717 3108 4789 capite
3157 4717 3244 4776 3t.
3290 4717 3519 4778 Etenim
3558 4722 3710 4794 apud

2004 4813 2234 4870 arianos
2255 4807 2607 4867 consuetudo
2629 4805 2832 4874 fuit,ut
2849 4805 2924 4860 ad
2942 4807 3203 4861 altarium
3223 4809 3492 4864 venientes
3511 4810 3577 4865 de
3599 4815 3711 4870 alio

2007 4903 2172 4958 calice
2219 4915 2370 4967 reges
2420 4898 2825 4965 communicent,
2872 4900 2922 4949 et
2974 4895 3040 4949 de
3085 4897 3196 4949 alio
3233 4899 3469 4967 populus
3508 4903 3707 4958 minor.

2006 4990 2093 5046 Ex
2122 5004 2237 5061 quo
2265 4988 2434 5045 etiam
2469 4987 2589 5044 loco
2623 4991 2791 5056 patet,
2820 4982 3292 5041 communionem
3321 4984 3429 5042 sub
3460 4992 3708 5060 utraque

2007 5078 2193 5152 specie
2216 5077 2601 5135 communiter
2627 5074 2899 5132 omnibus
2930 5072 3104 5130 fuisse
3131 5083 3468 5146 porrectam,
3509 5091 3715 5148 quam-

2007 5167 2096 5224 vis
2126 5165 2396 5224 nonnulli
2425 5165 2594 5223 unica
2611 5163 2860 5220 contenti
2887 5168 3096 5219 essent.
3114 5162 3254 5219 Nam
3278 5177 3407 5218 cum
3433 5161 3716 5225 Cautinus

2010 5257 2328 5332 episcopus,
2366 5255 2510 5312 libro
2539 5267 2601 5315 Χ,
2637 5253 2818 5325 capite
2855 5249 2907 5320 8,
2949 5249 3177 5308 Eulalio
3222 5248 3506 5308 dixisset:
3553 5256 3716 5310 Sume

2013 5351 2114 5406 tibi
2143 5349 2502 5404 Eucharistize
2538 5343 2893 5415 particulam,
2936 5344 3098 5409 atque
3127 5342 3340 5411 impone
3363 5345 3446 5396 o-ri
3474 5348 3584 5411 tuo,
3616 5344 3716 5404 ille

2013 5443 2231 5509 accepta
2286 5434 2637 5490 Eucharistia
2689 5430 3086 5484 communicaris
3141 5427 3416 5486 abscessit.
3458 5429 3563 5487 Ubi
3600 5435 3717 5487 Eu-

217 5516 320 5606 quo
354 5536 614 5606 expedito
643 5537 819 5590 omnis
846 5535 1100 5605 populus.
1121 5538 1340 5589 sanctus
1371 5534 1428 5586 in
1461 5531 1674 5586 laudem
1713 5531 1933 5585 Domini
2016 5529 2290 5586 charistiae
2315 5521 2731 5580 nomineunica
2753 5516 2970 5591 species
2994 5523 3187 5589 aperte
3213 5516 3566 5592 designatur,
3583 5537 3716 5594 quae

211 5605 605 5698 melamavit,
641 5626 728 5686 uti
754 5625 1045 5700 hodieque
1071 5625 1196 5683 ﬁeri
1229 5623 1390 5682 solet.
1425 5622 1699 5696 Ejusdem
1723 5619 1934 5694 hymni
2016 5618 2076 5678 in
2105 5617 2299 5691 plures
2325 5609 2630 5688 particulas
2662 5614 2760 5668 aut
2788 5605 3200 5666 oblatasdivisa
3220 5608 3721 5668 communicandis

585 5741 841 5802 PATROL.
872 5739 1077 5799 LXXI.

3337 5725 3371 5782 2
