4070 6186
328 320 398 379 43

1871 318 2289 382 ΡΗΛΕῈΑΤΙΟ.

3757 350 3823 410 44

327 444 749 538 porrigebatur,
782 462 927 538 non
950 445 1185 519 quidem
1235 446 1298 504 in
1341 461 1461 519 ore,
1496 446 1584 538 uti
1608 445 1782 505 hodie
1818 446 1904 517 fit,
1936 446 2097 538 sedA
2113 463 2351 538 sacrum.
2385 453 2755 511 Ministerium
2787 470 2923 515 vero
2950 461 3331 529 quotidianum
3356 465 3604 538 appellat
3636 483 3700 527 ea
3730 487 3825 530 so-

329 536 569 609 singuli,
600 536 772 595 etiam
801 534 953 606 la'i'ci,
985 550 1111 592 eam
1140 551 1315 593 manu
1353 536 1579 609 propria
1620 540 1912 609 sumptam
1951 534 2030 593 si-

320 624 503 684 bimet
534 626 675 699 ipsis
703 626 789 685 ori
818 624 1209 697 imponebant.
1227 625 1497 685 Mulieres
1516 633 1703 685 tamen
1728 642 1847 684 non
1876 626 2031 683 nuda

322 731 523 785 manu,
554 715 641 773 uti
671 730 746 771 ex
778 714 908 772 aliis
936 717 1331 774 monumentis
1357 716 1651 785 discimus,
1676 718 2030 791 accipiebant

322 803 770 875 Eucharistiam,
803 802 902 862 sed
932 820 1004 861 ex
1034 819 1099 861 ea
1124 805 1185 861 in
1216 806 1362 876 velo,
1397 807 1545 879 quod
1576 809 1751 879 vulgo
1773 808 2028 867 orarium

318 892 703 967 appellabant,
753 909 787 951 a
839 894 1231 954 sacerdotibus
1268 902 1509 969 recepta,
1540 904 1732 969 postea
1762 912 2026 954 commu-

319 981 609 1041 nicabant.
646 982 708 1042 Si
736 983 837 1058 qui
878 1000 1015 1044 vero
1061 1001 1137 1043 ex
1180 984 1504 1043 astantibus
1545 993 1754 1057 essent,
1783 1002 1892 1044 non
1920 1001 2024 1044 ex-

318 1075 733 1134 communicati
791 1077 1048 1151 quidem,
1098 1076 1195 1136 sed
1246 1075 1347 1149 qui
1398 1083 1610 1146 tamen,
1660 1084 1725 1134 ut
1769 1077 2025 1150 loquitur

317 1165 691 1237 Hincmarus,
734 1168 1167 1226 communicare
1206 1182 1324 1225 non
1366 1167 1615 1225 fuissent
1660 1167 1862 1240 parati,
1908 1166 2025 1225 illis

315 1255 565 1329 eulogia
613 1257 1122 1327 distribuebantur,
1154 1260 1214 1317 id
1263 1264 1347 1317 est
1384 1258 1602 1333 aliquid
1653 1259 1724 1316 de
1774 1259 2024 1332 panibus

314 1346 541 1418 oblatis,
577 1348 680 1422 qui
728 1349 1039 1407 consecrati
1094 1363 1211 1406 non
1267 1349 1515 1418 fuerant,
1550 1354 1614 1406 ut
1642 1348 1795 1406 idem
1824 1355 2022 1406 auctor

314 1438 685 1512 prosequitur
705 1438 766 1496 in
803 1438 1080 1512 Capitulis
1108 1437 1249 1496 anni
1279 1438 1403 1511 852,
1435 1443 1490 1496 et
1517 1437 1576 1495 id
1604 1437 1667 1496 in
1699 1441 2021 1495 communio-

312 1529 400 1583 nis
441 1532 733 1586 tesseram.
765 1527 929 1586 Unde
969 1544 1101 1586 cum
1150 1528 1453 1587 Meroveus
1497 1528 1807 1603 Chilperici
1836 1529 2015 1600 ﬁlius,

312 1619 663 1677 monasterio
711 1619 891 1678 sancti
923 1618 1150 1677 Carileﬁ
1182 1619 1430 1692 fugiens,
1457 1619 1527 1677 ad
1557 1619 1855 1679 basilicam
1882 1636 2017 1679 san-

312 1709 387 1766 cti
426 1709 663 1768 Martini
698 1711 1047 1782 accessisset,
1076 1711 1180 1769 ubi
1220 1718 1359 1770 tunc
1396 1710 1705 1785 Gregorius
1743 1728 1902 1771 sacra
1939 1713 2019 1770 fa-

2111 534 2412 597 lummodo
2467 557 2602 599 vasa
2627 586 2641 615 ,
2680 560 2814 617 quae
2861 545 3052 605 Μίεεω
3094 534 3453 612 celebranda;
3503 561 3823 619 necessaria

2110 624 2370 685 absolute
2407 638 2591 703 erant,
2628 632 2685 689 id
2726 642 2829 703 est,
2861 641 3179 707 patenulam
3201 660 3436 713 parvam
3465 662 3584 700 cum
3627 651 3814 715 calice,

2110 730 2244 787 qua;
2277 716 2568 778 Maximus
2613 723 2914 797 presbyter
2959 726 3018 783 in
3067 727 3270 787 itinere
3308 734 3657 792 constitutus
3690 752 3822 795 cum

2111 806 2306 863 codice
2326 807 2774 882 Evangeliorum
2808 818 2865 870 in
2892 819 3027 872 collo
3058 834 3319 889 suspensa
3341 822 3649 882 deferebat.
3677 825 3821 886 Nam
3886 884 3887 887 η

2109 894 2252 988 alias
2279 896 2431 954 calix
2474 899 2533 956 in
2581 899 2770 959 Missis
2821 903 3182 964 solemnibus
3229 910 3622 983 amplissimus
3671 922 3815 988 erat,

2108 984 2258 1043 sicut
2283 994 2340 1043 et
2368 995 2592 1061 patena,
2623 1008 2756 1049 cum
2783 1008 2855 1050 ex
2885 994 3056 1052 unico
3087 996 3285 1067 calice,
3318 1005 3381 1055 ut
3411 1015 3547 1058 mox
3579 984 3808 1061 diceba¥

2106 1088 2257 1144 mus,
2296 1092 2495 1134 omnes
2517 1081 3006 1139 communicarent
3036 1102 3049 1152 ;
3079 1092 3133 1141 et
3164 1094 3368 1157 patena
3396 1104 3461 1145 ea
3491 1106 3613 1148 esse
3640 1092 3810 1150 debe-

2107 1171 2191 1220 ret
2214 1179 2345 1237 quaa
2371 1167 2682 1225 astantium
2711 1168 3028 1228 oblationes
3054 1186 3255 1231 omnes
3278 1183 3469 1247 posset
3486 1178 3811 1248 continere;

2105 1253 2203 1311 sed
2243 1256 2572 1327 patenulam
2630 1257 2799 1315 istam
2854 1275 2987 1317 cum
3045 1261 3220 1320 calice
3275 1280 3472 1323 secum
3524 1266 3811 1327 deferebat

2102 1341 2415 1416 Maximus,
2450 1353 2514 1405 ut
2559 1346 2774 1405 scilicet
2811 1348 3066 1420 quotidie
3104 1359 3294 1424 posset
3328 1369 3486 1411 sacra
3520 1371 3805 1430 peragere.

2106 1432 2366 1508 Singulis
2393 1438 2549 1495 enim
2577 1438 2781 1497 diebus
2809 1438 2982 1498 Missa
3010 1448 3227 1514 poterat
3258 1443 3549 1502 celebrari.
3586 1446 3656 1502 Et
3682 1446 3807 1518 qui-

2101 1522 2234 1581 dem
2265 1524 2476 1583 mulier
2501 1527 2678 1585 vidua
2697 1544 2799 1601 per
2818 1544 3040 1588 annum
3070 1531 3360 1605 integrum
3392 1535 3635 1604 quotidie
3666 1539 3808 1591 Mis-

2098 1630 2286 1670 sarum
2331 1618 2592 1672 solemnia
2635 1619 2928 1675 celebrasse
2968 1619 3198 1691 dicitur,
3250 1621 3431 1694 capit‘e
3463 1622 3530 1680 65
3571 1622 3707 1680 libri
3738 1623 3809 1680 de

2099 1705 2292 1765 Gloria
2333 1707 2758 1778 Gonfessorum,
2801 1710 2875 1768 ob
2901 1710 2961 1768 id
3010 1711 3225 1770 scilicet
3274 1713 3485 1781 solum,
3516 1713 3673 1787 quod
3704 1728 3808 1771 ne-

309 1795 512 1869 ciebat,
541 1804 666 1870 post
714 1802 936 1865 Missas,
988 1800 1152 1873 petiit
1203 1798 1459 1871 eulogias
1511 1799 1622 1857 sibi
1667 1816 1700 1857 a
1740 1796 2343 1875 GregorioBcessaria
2392 1796 2460 1854 ad
2504 1798 2865 1857 offerendum
2918 1800 3267 1859 sacrificium
3320 1802 3715 1873 ministraret,
3752 1808 3809 1860 et

305 1884 452 1944 dari.
485 1884 649 1954 Quod
696 1903 830 1947 cum
883 1888 981 1946 ille
1027 1888 1213 1946 facere
1258 1888 1562 1960 renuisset,
1598 1888 1899 1947 Meroveus
1952 1904 2015 1948 se

303 1976 664 2033 immeritum
728 1993 763 2034 a
846 1982 1212 2033 communione
1266 1995 1585 2049 suspensum
1639 1984 2011 2052 conquestus,

306 2066 490 2123 multa
534 2066 791 2125 minatus
830 2072 917 2124 est
957 2067 1019 2124 in
1070 2066 1276 2124 urbem
1302 2068 1697 2126 Turonensem
1749 2068 1901 2125 mala
1953 2084 2013 2127 se

302 2157 615 2229 facturum,
650 2157 763 2215 nisi
791 2158 1040 2231 episcopi
1062 2161 1482 2214 communionem
1511 2164 1844 2217 mereretur.
1881 2158 2011 2216 Istis

302 2260 470 2333 porro
508 2245 753 2318 eulogiis
794 2246 1068 2303 successit
1111 2246 1298 2319 panis,
1339 2253 1403 2303 ut
1450 2252 1676 2318 vocant,
1724 2247 2011 2304 benedicti

300 2332 652 2404 distributio,
696 2350 829 2409 quae
885 2335 1190 2408 hodieque,
1231 2335 1597 2408 potissimum
1644 2336 1707 2393 in
1757 2335 2010 2395 ecclesiis

298 2423 745 2497 parochialibus,
772 2424 1090 2483 Dominicis
1124 2424 1328 2483 diebus
1351 2426 1473 2483 fieri
1494 2426 1656 2484 solet.
1681 2427 1868 2499 Atque
1887 2428 2010 2484 hmc

300 2519 436 2571 sunt
463 2529 601 2587 qua:
631 2512 702 2571 de
730 2513 1040 2573 Missarum
1072 2514 1456 2572 celebratione
1481 2531 1555 2572 ex
1586 2515 1762 2573 variis
1792 2516 2007 2591 Grego-

295 2602 369 2661 rii
410 2601 549 2661 locis
593 2602 860 2675 colligere
905 2602 1088 2673 licuit,
1128 2619 1201 2661 ex
1238 2602 1451 2676 quibus
1484 2602 1875 2673 Mabillonius,
1904 2604 2006 2661 ad-

287 2693 509 2766 junctis
556 2710 631 2752 ex
685 2693 934 2753 aliorum
982 2700 1281 2753 auctorum
1333 2692 1729 2766 compluribus
1756 2693 2005 2752 testimo-

296 2782 432 2854 niis,
465 2783 819 2842 Gallicanam
853 2782 1151 2856 liturgiam
1176 2783 1501 2857 plurimum
1526 2784 1857 2843 illustravit.
1894 2784 2007 2843 Nos

2095 1885 2267 1942 etiam
2306 1886 2415 1958 ipsi
2466 1886 2785 1957 interesset,
2838 1894 2902 1947 ut
2952 1904 3026 1946 ex
3061 1889 3261 1963 capitis
3310 1897 3587 1948 contextu
3642 1890 3809 1949 facile

2096 1970 2404 2041 colligitur.
2433 1972 2608 2031 Binas
2636 1990 2771 2032 vero
2800 1975 3002 2034 Missas
3030 1978 3278 2051 singulis
3312 1978 3628 2036 Dominicis
3656 1979 3804 2037 cele-

2094 2058 2293 2115 brabat
2325 2058 2573 2120 Severus
2600 2064 2918 2137 presbyter,
2946 2082 3019 2122 ex
3048 2067 3228 2140 capite
3256 2067 3325 2125 50
3355 2068 3613 2140 ejusdem
3644 2066 3801 2140 libri,

2095 2148 2158 2205 in
2178 2147 2405 2208 duabus
2424 2152 2641 2211 scilicet
2672 2154 2848 2215 villis.
2878 2171 3013 2230 quae
3031 2173 3063 2213 a
3086 2173 3146 2215 se
3166 2157 3418 2215 invicem
3436 2159 3641 2231 viginti
3666 2158 3801 2216 mil-

2096 2240 2242 2297 lium
2283 2244 2465 2314 spatio
2511 2244 2727 2304 dissitas
2771 2254 2953 2307 erant.
3004 2248 3267 2320 Denique
3311 2249 3380 2307 ad
3430 2249 3666 2307 Missam
3707 2266 3801 2308 so-

2091 2329 2344 2389 lemnem
2371 2332 2511 2391 hora
2538 2335 2722 2402 tertia,
2751 2352 2928 2408 quam
2968 2337 3136 2394 hodie
3164 2353 3377 2396 nonam
3407 2338 3677 2408 dicimus,
3705 2354 3801 2411 po-

2090 2419 2293 2490 pulum
2321 2424 2659 2481 convenisse
2686 2434 2954 2483 narratur
2974 2426 3035 2483 in
3067 2426 3213 2484 Vitis
3240 2427 3497 2497 Patrum,
3531 2428 3713 2499 capite
3740 2426 3794 2485 8.

2161 2509 2249 2566 49.
2289 2509 2585 2571 Ministros
2613 2513 2829 2587 altaris,
2855 2531 2988 2573 cum
3045 2532 3203 2574 sacra
3258 2516 3477 2584 fierent,
3536 2518 3677 2572 albis
3704 2517 3799 2573 in-

2088 2601 2257 2661 dutos
2294 2604 2470 2662 fuisse
2502 2605 2781 2663 discimus
2826 2622 2900 2663 ex
2940 2622 3160 2664 canone
3201 2605 3266 2663 1‘2
3296 2607 3526 2665 concilii
3576 2607 3797 2666 Narbo-

2087 2694 2304 2763 nensis,
2333 2695 2483 2769 quod
2513 2712 2665 2753 anno
2692 2695 2794 2753 589
2822 2696 3086 2754 habitum
3112 2702 3214 2754 est.
3240 2696 3397 2754 Idem
3428 2697 3623 2755 innuit
3654 2696 3796 2756 Gre-

2086 2781 2284 2853 gorius
2311 2782 2369 2839 in
2402 2782 2549 2839 libro
2579 2782 2649 2840 de
2677 2782 2873 2841 Gloria
2900 2784 3327 2850 Confessorum,
3362 2786 3543 2859 capite
3574 2784 3664 2854 20,
3694 2786 3795 2845 ubi

294 2889 455 2945 vero,
485 2880 551 2931 ut
579 2872 807 2931 facilius
834 2874 1046 2947 cuique
1076 2879 1263 2946 pateat
1288 2874 1557 2948 quisnam
1580 2874 1909 2934 fuerittunc
1930 2876 2004 2933 il-
2087 2868 2284 2927 laudat
2322 2872 2664 2927 sacerdotum
2719 2890 2783 2927 ac
2815 2875 3103 2929 levitan
3154 2878 3211 2929 in
3242 2876 3384 2929 albis
3431 2875 3669 2929 vestibus
3690 2891 3797 2929 non

291 2961 412 3023 lius
442 2965 606 3033 ritus,
655 2963 946 3036 specimen
979 2963 1191 3035 Missae,
1229 2970 1512 3038 quantum
1562 2964 1648 3023 fas
1692 2965 1820 3036 erit,
1852 2966 2004 3023 inte-
2084 2962 2371 3015 minimum
2429 2962 2666 3025 chorum,
2695 2961 2795 3034 qui
2849 2961 3083 3019 oratorii
3110 2962 3201 3019 sui
3231 2962 3577 3021 dedicationi
3612 2963 3796 3019 inter-

291 3070 412 3128 graa
461 3070 535 3112 ex
588 3053 841 3127 liturgiis
891 3059 948 3113 et
1008 3056 1139 3113 aliis
1212 3056 1607 3115 monumentis
1675 3058 1748 3116 ab
1802 3059 2003 3117 eodem
2084 3044 2213 3103 fuit.
2247 3046 2315 3103 In
2342 3047 2525 3119 capite
2553 3047 2619 3105 44
2648 3047 2939 3117 Historiae,
2971 3048 3125 3122 quod
3155 3049 3215 3105 in
3242 3048 3372 3106 aliis
3396 3049 3565 3108 editis
3594 3058 3679 3109 est
3703 3052 3793 3123 38,

291 3142 629 3230 Mabillonio
684 3142 854 3201 editis
914 3145 1274 3217 proferemus
1327 3145 1391 3203 in
1443 3145 1759 3220 appendice
1821 3140 2523 3230 hujuscal‘chidiaconus
2558 3142 2786 3197 indutus
2816 3143 2945 3197 alba
2973 3140 3327 3215 episcopum,
3355 3148 3416 3198 ut
3444 3161 3557 3199 mos
3587 3150 3683 3209 est,
3717 3143 3791 3202 ad

286 3229 626 3290 voluminis.
2037 3229 2262 3288 "altare
2294 3230 2569 3288 invitasse
2620 3239 2992 3302 memoratur,
3038 3240 3101 3290 ut
3136 3233 3343 3290 natalis
3381 3232 3665 3291 Dominici
3699 3250 3791 3293 so-

357 3320 447 3379 48.
479 3320 704 3391 Quanta
728 3328 925 3381 autem
956 3339 1091 3381 cum
1126 3323 1452 3381 reverentia
1477 3323 1547 3381 ad
1570 3324 1770 3383 divina
1796 3329 2000 3399 myste-
2081 3317 2435 3377 lemnitatem
2472 3320 2805 3379 celebraret.
2836 3323 3154 3377 Albentium
3178 3337 3409 3395 quoque
3440 3323 3791 3380 diaconorum

288 3413 375 3470 ria
403 3419 504 3471 aut
533 3414 895 3486 celebranda,
921 3420 1020 3472 aut
1048 3414 1379 3487 recipienda
1408 3415 1762 3485 accederent,
1797 3414 1998 3473 multis

288 3501 351 3560 in
378 3502 521 3560 locis
549 3502 737 3576 prodit
766 3502 1098 3577 Gregorius.
1135 3503 1341 3561 Narrat
1386 3504 1450 3562 in
1495 3504 1643 3564 libro
1684 3505 1753 3562 de
1802 3504 1997 3564 Gloria

286 3588 633 3664 Martyrum,
691 3590 873 3664 capite
925 3592 1014 3662 87,
1066 3591 1391 3665 Epachium
1449 3594 1851 3668 presbyterum
1905 3592 1995 3652 di-

286 3681 513 3740 vinitus
537 3681 717 3740 fuisse
741 3683 1012 3755 punitum
1052 3684 1197 3753 quod
1231 3690 1423 3739 temere
1449 3702 1567 3755 quae
1591 3692 1707 3742 erat
1733 3687 1997 3756 indignus

286 3789 446 3843 agere
468 3776 924 3845 praesumpsisset.
970 3773 1257 3832 Eumdem
1287 3775 1497 3846 arguit,
1553 3777 1704 3848 quod
1738 3777 1842 3834 etsi
1874 3784 1998 3849 post

282 3863 422 3937 galli
468 3869 704 3921 cantum
754 3862 1009 3934 bibisset,
1051 3880 1207 3921 sacra
1256 3870 1448 3922 tamen
1498 3866 1770 3940 mysteria
1818 3883 1994 3925 ausus

279 3952 485 4011 fuisset
530 3952 856 4010 celebrare:
892 3955 1065 4024 Quod,
1100 3953 1315 4028 inquit,
1340 3956 1567 4025 jejunus
1609 3960 1841 4028 quisque
1887 3976 1994 4014 non

282 4043 400 4096 sine
426 4046 570 4096 metu
588 4046 766 4113 potest
797 4046 1025 4097 terrente
1056 4044 1381 4097 conscientia
1406 4046 1702 4115 explicare,
1735 4050 1790 4101 et
1812 4045 1996 4118 capite

282 4129 652 4205 praecedenti,
685 4129 929 4199 deﬂenda
958 4144 1069 4183 esse
1116 4134 1167 4183 et
1204 4132 1521 4201 plangenda
1549 4134 1749 4187 scelera
1776 4138 1991 4203 monet,

281 4238 417 4282 cum
449 4221 520 4279 ad
559 4219 736 4278 altare
764 4218 1158 4276 accedendum
1215 4226 1318 4289 est,
1356 4237 1426 4278 ne
1466 4238 1660 4294 corpus
1692 4228 1741 4279 et
1765 4226 1994 4293 sangui-

281 4329 403 4369 nem
441 4313 661 4367 Domini
684 4316 808 4365 actu
830 4311 1035 4381 polluti
1058 4313 1245 4380 potius
1275 4311 1348 4364 ad
1391 4311 1665 4379 judicium
1694 4330 1991 4380 sumamus,

2080 3409 2247 3467 turba
2273 3408 2465 3468 aderat
2496 3411 2647 3468 beati
2677 3410 2883 3469 Nicetii
2915 3410 3323 3480 Lugdunensis
3352 3411 3603 3485 episcopi
3630 3429 3793 3472 exse-

2078 3499 2252 3571 quiis,
2287 3514 2361 3556 ex
2410 3498 2558 3557 libro
2608 3500 2678 3557 de
2716 3499 2910 3558 Gloria
2971 3499 3399 3569 Confessorum,
3456 3501 3642 3573 capite
3698 3502 3787 3560 61.

2081 3590 2470 3650 Sacerdotales
2500 3599 2685 3649 vestes
2710 3591 2839 3649 aliis
2866 3590 2929 3648 in
2961 3591 3096 3649 locis
3125 3598 3557 3649 commemorat.
3594 3592 3785 3652 Habe-

2078 3699 2208 3741 mus
2237 3698 2374 3741 vero
2400 3683 2458 3740 in
2486 3682 2634 3741 libro
2664 3683 2733 3740 de
2767 3682 2912 3740 Vitis
2945 3683 3200 3753 Patrum,
3227 3683 3412 3757 capite
3438 3683 3490 3754 8,
3525 3684 3789 3755 candida,

2077 3782 2263 3834 vestes
2318 3774 2534 3832 scilicet
2588 3774 2829 3847 amplas,
2887 3774 2973 3831 uti
3023 3773 3104 3831 ibi
3162 3773 3592 3843 describuntur,
3646 3790 3791 3847 quas

2079 3862 2237 3921 festis
2270 3861 2634 3935 paschalibus
2685 3861 3046 3919 sacerdotum
3085 3862 3352 3919 humeris
3400 3861 3622 3935 imponi
3665 3876 3792 3920 mos

2077 3960 2213 4012 erat.
2244 3951 2505 4024 Idipsum
2541 3958 2624 4010 est
2660 3952 3097 4018 vestimentum,
3135 3951 3196 4009 ni
3239 3950 3424 4020 fallor,
3456 3950 3610 4024 quod
3652 3965 3791 4007 san-

2077 4049 2202 4101 ctus
2234 4041 2539 4114 Remigius
2576 4043 2953 4114 amphibalum
2989 4042 3174 4096 album
3197 4042 3513 4111 paschalem
3543 4038 3790 4111 appellat
3842 4120 3845 4121 ν

2076 4130 2140 4188 in
2190 4147 2296 4189 suo
2350 4137 2705 4201 testamento,
2732 4146 2907 4203 quem
2965 4130 3229 4203 episc0po
3288 4128 3395 4185 sibi
3454 4143 3789 4186 successuro

2078 4218 2332 4293 reliquit.
2359 4219 2715 4277 Vestimenta
2744 4226 2938 4277 autem
2958 4218 3028 4275 ad
3056 4234 3214 4276 sacra
3241 4217 3501 4275 iacienda
3524 4217 3584 4274 in
3608 4232 3788 4274 sacra-

2080 4314 2165 4372 rio
2210 4313 2673 4380 assumebantur,
2705 4312 2807 4370 ubi
2840 4312 3082 4385 peractis
3125 4309 3425 4369 solemniis
3453 4308 3661 4381 deponi
3691 4324 3786 4365 so-

282 4417 446 4472 quam
467 4402 759 4455 utveniam
779 4414 1188 4468 consequamur.
1214 4396 1536 4471 Nequidem
1557 4399 1741 4456 videri
1766 4402 1851 4457 fas
1876 4409 1997 4459 erat
2078 4404 2289 4462 lebant.
2339 4404 2571 4462 Etenim
2599 4420 2733 4463 cum
2773 4420 2925 4476 mgre
2973 4404 3142 4460 ferret
3175 4404 3596 4468 Guntramnus,
3631 4398 3790 4473 quod

279 4505 441 4548 sacra
466 4504 710 4547 munera
733 4487 897 4544 altari
929 4487 1216 4559 imposita,
1256 4503 1434 4560 quare
1473 4488 1727 4547 Nicetius
1757 4490 2050 4563 Lugdu—D
2078 4491 2365 4551 Palladius
2409 4491 2731 4551 Santonum
2760 4491 3078 4565 episcopus,
3112 4489 3214 4563 qui
3258 4486 3638 4546 Gundovaldo
3680 4486 3787 4543 ad-

286 4580 482 4640 nensis
511 4579 746 4637 antistes
774 4577 837 4634 in
865 4578 995 4635 visu
1033 4577 1263 4634 cuidam
1297 4577 1627 4651 presbytero
1656 4581 1988 4653 apparuisse
2075 4581 2337 4650 hazserat,
2385 4597 2575 4639 coram
2604 4597 2671 4639 eo
2701 4596 2858 4638 sacra
2902 4578 3128 4644 faceret,
3164 4576 3262 4634 ille
3292 4574 3395 4649 qui
3419 4576 3541 4649 jam
3586 4575 3786 4633 lectio-

285 4667 576 4728 diciturin
610 4665 757 4723 Vitis
796 4665 1054 4729 Patrum,
1084 4666 1268 4739 capite
1319 4665 1373 4737 8,
1427 4674 1491 4724 ut
1536 4668 1884 4741 prohiberet,
1916 4686 1991 4728 ne

284 4758 725 4834 coopertorium,
760 4758 913 4831 quod
940 4773 1137 4815 rarum
1168 4763 1335 4827 esset,
1370 4774 1475 4816 nec
1531 4775 1597 4817 eo
1650 4758 1817 4831 plane
1846 4766 1991 4831 teges

284 4857 486 4911 rentur
542 4866 700 4908 sacra
754 4849 1047 4920 mysteria,
1077 4864 1250 4920 super
1273 4848 1451 4905 altare
1484 4861 1812 4923 poneretur.
1843 4849 1992 4908 Vasa

282 4944 404 5017 ipsa
436 4957 569 5017 quae
607 4941 679 4997 ad
718 4955 944 4997 sacrum
984 4938 1376 4997 ministerium
1418 4940 1865 5011 adhibebantur,
1898 4958 1992 4999 sa-

282 5038 435 5090 crata
466 5030 679 5104 passim
710 5035 1010 5100 nuncupat
1038 5027 1367 5100 Gregorius,
1402 5043 1652 5101 quorum
1706 5029 1861 5087 varia
1893 5046 1991 5103 ge-

282 5137 421 5180 nera
457 5138 558 5196 pro
591 5122 720 5179 data
758 5119 1055 5177 occasione
1096 5127 1524 5186 commemorat,
1572 5120 1798 5187 calices,
1836 5128 1991 5194 pate-

282 5232 407 5284 nas,
448 5220 655 5285 turres,
693 5228 910 5282 cruces,
945 5218 1049 5269 etc.
1112 5212 1191 5269 Ea
1245 5228 1381 5269 vero
1434 5213 1504 5269 ad
1538 5214 1799 5268 humanos
1862 5231 1992 5269 usus

281 5311 475 5378 aptare
510 5302 803 5377 piaculum
829 5302 1046 5376 grande
1066 5301 1454 5374 computabat,
1482 5302 1989 5373 praevaricatorum

278 5391 662 5449 temeritatem
713 5406 746 5448 a
795 5389 910 5449 Deo
939 5389 1203 5464 punitam
1256 5388 1435 5447 fuisse
1474 5387 1649 5446 variis
1696 5390 1989 5449 miraculis

280 5482 678 5554 comprobans.
706 5480 815 5539 Illa
842 5488 1039 5539 autem
1072 5478 1270 5538 omnia
1303 5495 1438 5536 vasa
1464 5494 1582 5536 non
1613 5479 1801 5537 solum
1842 5481 1985 5539 Gre-

275 5569 495 5640 gorius,
531 5567 630 5627 sed
684 5572 740 5625 et
795 5565 989 5626 caeteri
1016 5566 1142 5639 ejus
1173 5563 1287 5625 aevi
1315 5571 1575 5623 auctores
1607 5565 1782 5623 unico
1812 5581 1982 5626 voca-

2072 4685 2173 4726 nes
2204 4669 2535 4740 incmperat,
2562 4669 2621 4726 in
2654 4668 2967 4725 sacrarium
3006 4665 3254 4724 recessit.

2145 4761 2232 4817 50.
2294 4759 2533 4817 Munera
2581 4758 2781 4815 lideles
2831 4756 3163 4824 offerebant,
3201 4763 3263 4814 ut
3310 4773 3413 4830 pro
3471 4757 3555 4815 eis
3593 4755 3790 4813 Missa:

2074 4849 2541 4919 celebrarentur;
2593 4850 2744 4923 quod
2787 4847 2982 4906 innuit
3015 4846 3326 4921 Gregorius
3369 4849 3429 4904 in
3467 4847 3613 4904 libro
3649 4860 3669 4905 I
3714 4845 3792 4903 de

2075 4941 2265 5001 Gloria
2296 4941 2633 5014 Martyrum,
2662 4940 2843 5013 capite
2875 4940 2963 5008 75,
2996 4938 3094 4996 ubi
3124 4942 3428 5007 frigoritici
3478 4937 3790 4994 sanitatem

2077 5047 2441 5103 recuperasse
2479 5035 2891 5098 memorantur,
2926 5027 3025 5102 qui
3068 5026 3269 5083 Missas
3302 5027 3365 5084 in
3394 5028 3611 5084 honore
3648 5042 3788 5083 san-

2075 5119 2149 5177 cti
2185 5117 2541 5189 Sigismundi
2571 5117 2883 5187 celebrare,
2914 5124 2967 5173 et
2998 5114 3348 5173 oblationem
3379 5132 3483 5188 pro
3522 5116 3651 5189 ejus
3690 5132 3787 5173 re-

2074 5206 2208 5278 quie
2241 5205 2355 5264 Deo
2410 5207 2612 5264 offerre
2649 5212 3011 5263 curaverrnt.
3048 5203 3193 5260 Rem
3245 5202 3459 5260 clarius
3507 5202 3789 5275 exprimit

2074 5296 2221 5355 libro
2256 5310 2271 5354 ι
2302 5298 2371 5353 de
2407 5296 2699 5354 Miraculis
2722 5295 2903 5352 sancti
2931 5292 3183 5363 Martini,
3216 5291 3397 5365 capite
3434 5293 3517 5359 12,
3552 5292 3652 5349 ubi
3691 5291 3788 5349 Ul-

2075 5387 2358 5459 trogottha
2380 5386 2576 5459 regina
2596 5386 2664 5443 ad
2691 5382 2871 5442 sancti
2902 5380 3135 5440 Martini
3153 5381 3452 5439 ecclesiam
3477 5379 3786 5439 advenisse

2068 5477 2316 5549 dicitur,
2378 5484 2433 5533 et
2482 5478 2671 5532 multis
2731 5475 3046 5529 muneribus
3097 5473 3297 5529 oblatis
3354 5468 3679 5542 expetiisse,
3715 5474 3784 5527 ut

2065 5566 2238 5625 Missa
2287 5566 2350 5624 in
2380 5565 2563 5623 sancti
2592 5562 2936 5623 confessoris
2983 5564 3200 5622 honore
3249 5566 3611 5618 revocaretur.
3676 5558 3776 5616 Vi-

274 5658 415 5720 bulo
442 5662 805 5717 ministerium
828 5656 1213 5732 appellabant,
1236 5655 1589 5730 quandoque
1615 5659 1980 5715 ministerium
2062 5672 2207 5716 num
2254 5655 2526 5715 offerebat
2560 5652 2817 5729 quotidie
2863 5653 2934 5713 ad
2993 5652 3343 5713 sacriﬁcium
3385 5648 3777 5726 peragendum
