  <div class='ocr_page' id='page_1' title='image "/cluster/home/n/w/nwhite01/storage/ocr_20150623/71/hvd.32044054758750/028.png"; bbox 0 0 4070 6186; ppageno 0'>
   <div class='ocr_carea' id='block_1_1' title="bbox 322 332 1996 401">
    <p class='ocr_par' dir='ltr' id='par_1_1' title="bbox 322 334 1996 396">
     <span class='ocr_line' id='line_1_1' title="bbox 322 334 1996 396; baseline -0.001 -1"><span class='ocrx_word' id='word_1_1' title='bbox 322 339 375 396; x_wconf 77' lang='grc'>45</span> <span class='ocrx_word' id='word_1_2' title='bbox 1808 334 1996 396; x_wconf 61' lang='lat' dir='ltr'>PFUE]</span> 
     </span>
    </p>
   </div>
   <div class='ocr_carea' id='block_1_2' title="bbox 2152 332 3759 401">
    <p class='ocr_par' dir='ltr' id='par_1_2' title="bbox 2152 332 3759 401">
     <span class='ocr_line' id='line_1_2' title="bbox 2152 332 3759 401; baseline 0.006 -10"><span class='ocrx_word' id='word_1_3' title='bbox 2152 332 2222 393; x_wconf 79' lang='grc' dir='ltr'>ΪΟ.</span> <span class='ocrx_word' id='word_1_4' title='bbox 3690 343 3759 401; x_wconf 75' lang='grc'>46</span> 
     </span>
    </p>
   </div>
   <div class='ocr_carea' id='block_1_3' title="bbox 322 456 3759 537">
    <p class='ocr_par' dir='ltr' id='par_1_3' title="bbox 322 456 3759 537">
     <span class='ocr_line' id='line_1_3' title="bbox 322 456 3759 537; baseline 0.002 -19"><span class='ocrx_word' id='word_1_5' title='bbox 322 475 399 535; x_wconf 87' lang='lat' dir='ltr'>pro</span> <span class='ocrx_word' id='word_1_6' title='bbox 423 457 527 515; x_wconf 83' lang='lat' dir='ltr'>viro</span> <span class='ocrx_word' id='word_1_7' title='bbox 551 472 651 515; x_wconf 89' lang='lat' dir='ltr'>suo</span> <span class='ocrx_word' id='word_1_8' title='bbox 674 456 946 517; x_wconf 84' lang='lat' dir='ltr'>defuncto</span> <span class='ocrx_word' id='word_1_9' title='bbox 973 458 1185 517; x_wconf 87' lang='lat' dir='ltr'>mulier</span> <span class='ocrx_word' id='word_1_10' title='bbox 1210 459 1382 518; x_wconf 89' lang='lat' dir='ltr'>vidua</span> <span class='ocrx_word' id='word_1_11' title='bbox 1419 460 1481 518; x_wconf 91' lang='lat' dir='ltr'>in</span> <span class='ocrx_word' id='word_1_12' title='bbox 1507 459 1656 519; x_wconf 91' lang='lat' dir='ltr'>libro</span> <span class='ocrx_word' id='word_1_13' title='bbox 1681 461 1750 519; x_wconf 91' lang='lat' dir='ltr'>de</span> <span class='ocrx_word' id='word_1_14' title='bbox 1776 460 1969 520; x_wconf 81' lang='lat' dir='ltr'>Gloria</span> <span class='ocrx_word' id='word_1_15' title='bbox 1990 462 2322 530; x_wconf 83' lang='lat' dir='ltr'>Aconcavo,</span> <span class='ocrx_word' id='word_1_16' title='bbox 2363 464 2463 519; x_wconf 90' lang='lat' dir='ltr'>aut</span> <span class='ocrx_word' id='word_1_17' title='bbox 2510 459 2573 519; x_wconf 88' lang='lat' dir='ltr'>in</span> <span class='ocrx_word' id='word_1_18' title='bbox 2619 460 2876 536; x_wconf 82' lang='lat' dir='ltr'>ampulla</span> <span class='ocrx_word' id='word_1_19' title='bbox 2916 461 3039 519; x_wconf 90' lang='lat' dir='ltr'><strong>sive</strong></span> <span class='ocrx_word' id='word_1_20' title='bbox 3076 461 3311 535; x_wconf 86' lang='lat' dir='ltr'>capsula</span> <span class='ocrx_word' id='word_1_21' title='bbox 3347 464 3654 537; x_wconf 61' lang='lat' dir='ltr'>conclusas,</span> <span class='ocrx_word' id='word_1_22' title='bbox 3696 467 3759 525; x_wconf 90' lang='lat' dir='ltr'>in</span> 
     </span>
    </p>
   </div>
   <div class='ocr_carea' id='block_1_4' title="bbox 321 547 3761 624">
    <p class='ocr_par' dir='ltr' id='par_1_4' title="bbox 321 547 3761 624">
     <span class='ocr_line' id='line_1_4' title="bbox 321 547 3761 624; baseline 0.001 -16"><span class='ocrx_word' id='word_1_23' title='bbox 321 547 698 613; x_wconf 84' lang='lat' dir='ltr'>Confessorum,</span> <span class='ocrx_word' id='word_1_24' title='bbox 737 547 921 619; x_wconf 90' lang='lat' dir='ltr'>capite</span> <span class='ocrx_word' id='word_1_25' title='bbox 960 548 1049 616; x_wconf 86' lang='lat'>65,</span> <span class='ocrx_word' id='word_1_26' title='bbox 1110 548 1240 607; x_wconf 87' lang='lat' dir='ltr'>licet</span> <span class='ocrx_word' id='word_1_27' title='bbox 1277 550 1398 622; x_wconf 88' lang='lat' dir='ltr'>ipsa</span> <span class='ocrx_word' id='word_1_28' title='bbox 1449 550 1518 607; x_wconf 89' lang='lat' dir='ltr'>ad</span> <span class='ocrx_word' id='word_1_29' title='bbox 1572 555 1971 607; x_wconf 81' lang='lat' dir='ltr'>communican-</span> <span class='ocrx_word' id='word_1_30' title='bbox 2055 548 2177 620; x_wconf 89' lang='lat' dir='ltr'>ipsa</span> <span class='ocrx_word' id='word_1_31' title='bbox 2221 547 2417 605; x_wconf 88' lang='lat' dir='ltr'>altaris</span> <span class='ocrx_word' id='word_1_32' title='bbox 2453 553 2739 606; x_wconf 83' lang='lat' dir='ltr'>structura</span> <span class='ocrx_word' id='word_1_33' title='bbox 2777 549 3229 622; x_wconf 88' lang='lat' dir='ltr'>deponebantur,</span> <span class='ocrx_word' id='word_1_34' title='bbox 3263 550 3463 624; x_wconf 81' lang='lat' dir='ltr'>quales</span> <span class='ocrx_word' id='word_1_35' title='bbox 3505 568 3565 609; x_wconf 90' lang='lat' dir='ltr'>se</span> <span class='ocrx_word' id='word_1_36' title='bbox 3594 553 3761 611; x_wconf 86' lang='lat' dir='ltr'>inve-</span> 
     </span>
    </p>
   </div>
   <div class='ocr_carea' id='block_1_5' title="bbox 320 635 3762 714">
    <p class='ocr_par' dir='ltr' id='par_1_5' title="bbox 320 635 3762 714">
     <span class='ocr_line' id='line_1_5' title="bbox 320 635 3762 714; baseline 0.003 -21"><span class='ocrx_word' id='word_1_37' title='bbox 320 638 419 693; x_wconf 81' lang='lat' dir='ltr'>dum</span> <span class='ocrx_word' id='word_1_38' title='bbox 441 635 608 692; x_wconf 78' lang='lat' dir='ltr'>rarius</span> <span class='ocrx_word' id='word_1_39' title='bbox 644 635 952 693; x_wconf 75' lang='lat' dir='ltr'>accederet.</span> <span class='ocrx_word' id='word_1_40' title='bbox 992 636 1102 694; x_wconf 88' lang='lat' dir='ltr'>Sed</span> <span class='ocrx_word' id='word_1_41' title='bbox 1151 644 1203 694; x_wconf 91' lang='lat' dir='ltr'>et</span> <span class='ocrx_word' id='word_1_42' title='bbox 1250 637 1505 695; x_wconf 79' lang='lat' dir='ltr'>diversas</span> <span class='ocrx_word' id='word_1_43' title='bbox 1536 654 1728 697; x_wconf 90' lang='lat' dir='ltr'>rerum</span> <span class='ocrx_word' id='word_1_44' title='bbox 1758 639 1973 711; x_wconf 82' lang='lat' dir='ltr'>species</span> <span class='ocrx_word' id='word_1_45' title='bbox 2055 639 2209 696; x_wconf 86' lang='lat' dir='ltr'>nisse</span> <span class='ocrx_word' id='word_1_46' title='bbox 2243 645 2476 697; x_wconf 80' lang='lat' dir='ltr'>testatur</span> <span class='ocrx_word' id='word_1_47' title='bbox 2503 639 2812 714; x_wconf 81' lang='lat' dir='ltr'>Gregorius</span> <span class='ocrx_word' id='word_1_48' title='bbox 2842 639 2900 697; x_wconf 92' lang='lat' dir='ltr'>in</span> <span class='ocrx_word' id='word_1_49' title='bbox 2933 640 3047 699; x_wconf 84' lang='lat' dir='ltr'>line</span> <span class='ocrx_word' id='word_1_50' title='bbox 3078 640 3211 698; x_wconf 85' lang='lat' dir='ltr'>libri</span> <span class='ocrx_word' id='word_1_51' title='bbox 3242 640 3471 701; x_wconf 87' lang='lat' dir='ltr'>decimi.</span> <span class='ocrx_word' id='word_1_52' title='bbox 3503 648 3762 701; x_wconf 86' lang='lat' dir='ltr'>Loculum</span> 
     </span>
    </p>
   </div>
   <div class='ocr_carea' id='block_1_6' title="bbox 317 724 3763 807">
    <p class='ocr_par' dir='ltr' id='par_1_6' title="bbox 317 724 3763 807">
     <span class='ocr_line' id='line_1_6' title="bbox 317 724 3763 807; baseline 0.002 -22"><span class='ocrx_word' id='word_1_53' title='bbox 317 725 592 785; x_wconf 85' lang='lat' dir='ltr'>aﬁdelibus</span> <span class='ocrx_word' id='word_1_54' title='bbox 639 724 859 782; x_wconf 89' lang='lat' dir='ltr'>oblatas</span> <span class='ocrx_word' id='word_1_55' title='bbox 888 726 1143 783; x_wconf 89' lang='lat' dir='ltr'>ecclesiis</span> <span class='ocrx_word' id='word_1_56' title='bbox 1203 727 1377 784; x_wconf 80' lang='lat' dir='ltr'>fuisse</span> <span class='ocrx_word' id='word_1_57' title='bbox 1420 743 1491 784; x_wconf 86' lang='lat' dir='ltr'>ex</span> <span class='ocrx_word' id='word_1_58' title='bbox 1541 729 1723 802; x_wconf 87' lang='lat' dir='ltr'>capite</span> <span class='ocrx_word' id='word_1_59' title='bbox 1754 730 1787 787; x_wconf 75' lang='lat'>‘2</span> <span class='ocrx_word' id='word_1_60' title='bbox 1816 730 1973 803; x_wconf 91' lang='lat' dir='ltr'>ejus-</span> <span class='ocrx_word' id='word_1_61' title='bbox 2054 726 2300 798; x_wconf 85' lang='lat' dir='ltr'>appellat</span> <span class='ocrx_word' id='word_1_62' title='bbox 2342 726 2488 783; x_wconf 90' lang='lat' dir='ltr'>libro</span> <span class='ocrx_word' id='word_1_63' title='bbox 2526 740 2544 784; x_wconf 83' lang='grc' dir='ltr'>Ι</span> <span class='ocrx_word' id='word_1_64' title='bbox 2586 727 2655 784; x_wconf 90' lang='lat' dir='ltr'>de</span> <span class='ocrx_word' id='word_1_65' title='bbox 2686 726 2879 786; x_wconf 87' lang='lat' dir='ltr'>Gloria</span> <span class='ocrx_word' id='word_1_66' title='bbox 2909 727 3247 801; x_wconf 81' lang='lat' dir='ltr'>Martyrum,</span> <span class='ocrx_word' id='word_1_67' title='bbox 3279 730 3459 802; x_wconf 86' lang='lat' dir='ltr'>capite</span> <span class='ocrx_word' id='word_1_68' title='bbox 3500 731 3587 804; x_wconf 72' lang='lat' dir='ltr'>3i,</span> <span class='ocrx_word' id='word_1_69' title='bbox 3630 750 3763 807; x_wconf 89' lang='lat' dir='ltr'>par-</span> 
     </span>
    </p>
   </div>
   <div class='ocr_carea' id='block_1_7' title="bbox 319 813 3815 895">
    <p class='ocr_par' dir='ltr' id='par_1_7' title="bbox 319 813 3815 895">
     <span class='ocr_line' id='line_1_7' title="bbox 319 813 3815 895; baseline 0.002 -21"><span class='ocrx_word' id='word_1_70' title='bbox 319 817 418 874; x_wconf 85' lang='lat' dir='ltr'>dem</span> <span class='ocrx_word' id='word_1_71' title='bbox 451 814 566 871; x_wconf 88' lang='lat' dir='ltr'>libri</span> <span class='ocrx_word' id='word_1_72' title='bbox 610 822 829 872; x_wconf 87' lang='lat' dir='ltr'>certum</span> <span class='ocrx_word' id='word_1_73' title='bbox 863 821 967 885; x_wconf 88' lang='lat' dir='ltr'>est,</span> <span class='ocrx_word' id='word_1_74' title='bbox 1002 824 1055 873; x_wconf 90' lang='lat' dir='ltr'>et</span> <span class='ocrx_word' id='word_1_75' title='bbox 1093 816 1327 889; x_wconf 83' lang='lat' dir='ltr'>quidem</span> <span class='ocrx_word' id='word_1_76' title='bbox 1358 833 1530 891; x_wconf 84' lang='lat' dir='ltr'>super</span> <span class='ocrx_word' id='word_1_77' title='bbox 1574 818 1770 890; x_wconf 85' lang='lat' dir='ltr'>altare,</span> <span class='ocrx_word' id='word_1_78' title='bbox 1818 820 1972 893; x_wconf 89' lang='lat' dir='ltr'>quod</span> <span class='ocrx_word' id='word_1_79' title='bbox 2057 820 2171 871; x_wconf 89' lang='lat' dir='ltr'>tem</span> <span class='ocrx_word' id='word_1_80' title='bbox 2206 813 2364 870; x_wconf 89' lang='lat' dir='ltr'>illam</span> <span class='ocrx_word' id='word_1_81' title='bbox 2395 814 2611 882; x_wconf 88' lang='lat' dir='ltr'>altaris,</span> <span class='ocrx_word' id='word_1_82' title='bbox 2646 814 2705 872; x_wconf 94' lang='lat' dir='ltr'>in</span> <span class='ocrx_word' id='word_1_83' title='bbox 2738 831 2853 887; x_wconf 90' lang='lat' dir='ltr'>qua</span> <span class='ocrx_word' id='word_1_84' title='bbox 2886 814 3128 873; x_wconf 63' lang='lat' dir='ltr'>inclusas</span> <span class='ocrx_word' id='word_1_85' title='bbox 3158 816 3440 889; x_wconf 86' lang='lat' dir='ltr'>ejusmodi</span> <span class='ocrx_word' id='word_1_86' title='bbox 3470 820 3757 895; x_wconf 61' lang='lat' dir='ltr'>reliquiae.</span> <span class='ocrx_word' id='word_1_87' title='bbox 3808 890 3815 893; x_wconf 27' lang='grc' dir='ltr'><strong>η</strong></span> 
     </span>
    </p>
   </div>
   <div class='ocr_carea' id='block_1_8' title="bbox 318 903 3765 980">
    <p class='ocr_par' dir='ltr' id='par_1_8' title="bbox 318 903 3765 980">
     <span class='ocr_line' id='line_1_8' title="bbox 318 903 3765 980; baseline 0.002 -19"><span class='ocrx_word' id='word_1_88' title='bbox 318 912 435 980; x_wconf 81' lang='lat' dir='ltr'>patet</span> <span class='ocrx_word' id='word_1_89' title='bbox 458 921 522 962; x_wconf 77' lang='lat' dir='ltr'>ex</span> <span class='ocrx_word' id='word_1_90' title='bbox 560 905 825 977; x_wconf 88' lang='lat' dir='ltr'>pluribus</span> <span class='ocrx_word' id='word_1_91' title='bbox 853 904 985 962; x_wconf 89' lang='lat' dir='ltr'>aliis</span> <span class='ocrx_word' id='word_1_92' title='bbox 1016 904 1171 963; x_wconf 91' lang='lat' dir='ltr'>locis.</span> <span class='ocrx_word' id='word_1_93' title='bbox 1210 907 1294 965; x_wconf 87' lang='lat' dir='ltr'>Ob</span> <span class='ocrx_word' id='word_1_94' title='bbox 1324 907 1683 967; x_wconf 85' lang='lat' dir='ltr'>decimarum</span> <span class='ocrx_word' id='word_1_95' title='bbox 1717 925 1851 967; x_wconf 92' lang='lat' dir='ltr'>vero</span> <span class='ocrx_word' id='word_1_96' title='bbox 1882 925 1974 967; x_wconf 89' lang='lat' dir='ltr'>so-</span> <span class='ocrx_word' id='word_1_97' title='bbox 2058 903 2173 961; x_wconf 86' lang='lat' dir='ltr'>Nos</span> <span class='ocrx_word' id='word_1_98' title='bbox 2194 903 2363 960; x_wconf 83' lang='lat' dir='ltr'>hodie</span> <span class='ocrx_word' id='word_1_99' title='bbox 2386 905 2705 974; x_wconf 77' lang='lat' dir='ltr'>Sepulcrum</span> <span class='ocrx_word' id='word_1_100' title='bbox 2728 919 3154 976; x_wconf 83' lang='lat' dir='ltr'>nuncupainus,</span> <span class='ocrx_word' id='word_1_101' title='bbox 3178 906 3332 977; x_wconf 90' lang='lat' dir='ltr'>quod</span> <span class='ocrx_word' id='word_1_102' title='bbox 3352 918 3765 980; x_wconf 68' lang='lat' dir='ltr'>repraesentare</span> 
     </span>
    </p>
   </div>
   <div class='ocr_carea' id='block_1_9' title="bbox 319 990 3763 1071">
    <p class='ocr_par' dir='ltr' id='par_1_9' title="bbox 319 990 3763 1071">
     <span class='ocr_line' id='line_1_9' title="bbox 319 990 3763 1071; baseline 0 -19"><span class='ocrx_word' id='word_1_103' title='bbox 319 995 571 1053; x_wconf 89' lang='lat' dir='ltr'>lutionesa</span> <span class='ocrx_word' id='word_1_104' title='bbox 593 995 818 1067; x_wconf 83' lang='lat' dir='ltr'>pOpulis</span> <span class='ocrx_word' id='word_1_105' title='bbox 842 998 1125 1068; x_wconf 82' lang='lat' dir='ltr'>neglectas</span> <span class='ocrx_word' id='word_1_106' title='bbox 1148 995 1398 1067; x_wconf 80' lang='lat' dir='ltr'>regionis</span> <span class='ocrx_word' id='word_1_107' title='bbox 1427 998 1752 1057; x_wconf 80' lang='lat' dir='ltr'>exscidium</span> <span class='ocrx_word' id='word_1_108' title='bbox 1784 999 1972 1056; x_wconf 86' lang='lat' dir='ltr'>mina-</span> <span class='ocrx_word' id='word_1_109' title='bbox 2060 992 2323 1050; x_wconf 90' lang='lat' dir='ltr'>videatur</span> <span class='ocrx_word' id='word_1_110' title='bbox 2370 998 2699 1049; x_wconf 89' lang='lat' dir='ltr'>sanctorum</span> <span class='ocrx_word' id='word_1_111' title='bbox 2740 990 3020 1064; x_wconf 88' lang='lat' dir='ltr'>sepulcra,</span> <span class='ocrx_word' id='word_1_112' title='bbox 3052 1008 3223 1064; x_wconf 86' lang='lat' dir='ltr'>super</span> <span class='ocrx_word' id='word_1_113' title='bbox 3268 1008 3400 1065; x_wconf 64' lang='lat' dir='ltr'>quas</span> <span class='ocrx_word' id='word_1_114' title='bbox 3438 996 3763 1071; x_wconf 88' lang='lat' dir='ltr'>antiquitus</span> 
     </span>
    </p>
   </div>
   <div class='ocr_carea' id='block_1_10' title="bbox 318 1081 3763 1161">
    <p class='ocr_par' dir='ltr' id='par_1_10' title="bbox 318 1081 3763 1161">
     <span class='ocr_line' id='line_1_10' title="bbox 318 1081 3763 1161; baseline 0.002 -21"><span class='ocrx_word' id='word_1_115' title='bbox 318 1090 389 1141; x_wconf 87' lang='lat' dir='ltr'>tus</span> <span class='ocrx_word' id='word_1_116' title='bbox 404 1090 473 1141; x_wconf 89' lang='lat' dir='ltr'>est</span> <span class='ocrx_word' id='word_1_117' title='bbox 496 1084 690 1141; x_wconf 89' lang='lat' dir='ltr'>beatus</span> <span class='ocrx_word' id='word_1_118' title='bbox 710 1084 1036 1158; x_wconf 88' lang='lat' dir='ltr'>Hospicius,</span> <span class='ocrx_word' id='word_1_119' title='bbox 1066 1085 1125 1143; x_wconf 92' lang='lat' dir='ltr'>in</span> <span class='ocrx_word' id='word_1_120' title='bbox 1145 1086 1293 1145; x_wconf 90' lang='lat' dir='ltr'>libro</span> <span class='ocrx_word' id='word_1_121' title='bbox 1320 1099 1377 1145; x_wconf 92' lang='lat' dir='ltr'><strong>VI</strong></span> <span class='ocrx_word' id='word_1_122' title='bbox 1402 1087 1693 1158; x_wconf 65' lang='lat' dir='ltr'>Historiae,</span> <span class='ocrx_word' id='word_1_123' title='bbox 1725 1089 1907 1161; x_wconf 84' lang='lat' dir='ltr'>capite</span> <span class='ocrx_word' id='word_1_124' title='bbox 1921 1088 1973 1148; x_wconf 86' lang='lat'>6.</span> <span class='ocrx_word' id='word_1_125' title='bbox 2059 1082 2259 1140; x_wconf 88' lang='lat' dir='ltr'>altaria</span> <span class='ocrx_word' id='word_1_126' title='bbox 2289 1083 2432 1155; x_wconf 81' lang='lat' dir='ltr'>erigi</span> <span class='ocrx_word' id='word_1_127' title='bbox 2464 1081 2742 1140; x_wconf 88' lang='lat' dir='ltr'>solebant.</span> <span class='ocrx_word' id='word_1_128' title='bbox 2778 1082 2894 1139; x_wconf 90' lang='lat' dir='ltr'>Nec</span> <span class='ocrx_word' id='word_1_129' title='bbox 2922 1082 3078 1140; x_wconf 91' lang='lat' dir='ltr'>enim</span> <span class='ocrx_word' id='word_1_130' title='bbox 3108 1082 3249 1140; x_wconf 90' lang='lat' dir='ltr'>olim</span> <span class='ocrx_word' id='word_1_131' title='bbox 3283 1084 3485 1142; x_wconf 88' lang='lat' dir='ltr'>licebat</span> <span class='ocrx_word' id='word_1_132' title='bbox 3522 1088 3633 1144; x_wconf 87' lang='lat' dir='ltr'>nisi</span> <span class='ocrx_word' id='word_1_133' title='bbox 3664 1104 3763 1147; x_wconf 92' lang='lat' dir='ltr'>su-</span> 
     </span>
    </p>
   </div>
   <div class='ocr_carea' id='block_1_11' title="bbox 316 1171 3761 1253">
    <p class='ocr_par' dir='ltr' id='par_1_11' title="bbox 316 1171 3761 1253">
     <span class='ocr_line' id='line_1_11' title="bbox 316 1171 3761 1253; baseline 0.005 -34"><span class='ocrx_word' id='word_1_134' title='bbox 316 1171 661 1231; x_wconf 73' lang='lat' dir='ltr'>Memombilis</span> <span class='ocrx_word' id='word_1_135' title='bbox 687 1181 879 1231; x_wconf 65' lang='lat' dir='ltr'>autem</span> <span class='ocrx_word' id='word_1_136' title='bbox 910 1181 992 1232; x_wconf 70' lang='lat' dir='ltr'>est</span> <span class='ocrx_word' id='word_1_137' title='bbox 1022 1175 1398 1235; x_wconf 75' lang='lat' dir='ltr'>Lemovicum</span> <span class='ocrx_word' id='word_1_138' title='bbox 1423 1179 1672 1251; x_wconf 65' lang='lat' dir='ltr'>devotio,</span> <span class='ocrx_word' id='word_1_139' title='bbox 1717 1179 1818 1253; x_wconf 80' lang='lat' dir='ltr'>qui</span> <span class='ocrx_word' id='word_1_140' title='bbox 1858 1196 1975 1238; x_wconf 79' lang='lat' dir='ltr'>non</span> <span class='ocrx_word' id='word_1_141' title='bbox 2058 1190 2160 1248; x_wconf 89' lang='lat' dir='ltr'>per</span> <span class='ocrx_word' id='word_1_142' title='bbox 2206 1178 2540 1231; x_wconf 88' lang='lat' dir='ltr'>sanctorum</span> <span class='ocrx_word' id='word_1_143' title='bbox 2584 1178 2905 1247; x_wconf 82' lang='lat' dir='ltr'>martyrum</span> <span class='ocrx_word' id='word_1_144' title='bbox 2954 1172 3229 1247; x_wconf 88' lang='lat' dir='ltr'>reliquias</span> <span class='ocrx_word' id='word_1_145' title='bbox 3269 1174 3470 1233; x_wconf 89' lang='lat' dir='ltr'>altaria</span> <span class='ocrx_word' id='word_1_146' title='bbox 3519 1177 3761 1250; x_wconf 77' lang='lat' dir='ltr'>erigere.</span> 
     </span>
    </p>
   </div>
   <div class='ocr_carea' id='block_1_12' title="bbox 317 1261 3765 1342">
    <p class='ocr_par' dir='ltr' id='par_1_12' title="bbox 317 1261 3765 1342">
     <span class='ocr_line' id='line_1_12' title="bbox 317 1261 3765 1342; baseline 0.003 -22"><span class='ocrx_word' id='word_1_147' title='bbox 317 1263 469 1321; x_wconf 89' lang='lat' dir='ltr'>solum</span> <span class='ocrx_word' id='word_1_148' title='bbox 496 1261 673 1319; x_wconf 85' lang='lat' dir='ltr'>semel</span> <span class='ocrx_word' id='word_1_149' title='bbox 702 1270 801 1321; x_wconf 90' lang='lat' dir='ltr'>aut</span> <span class='ocrx_word' id='word_1_150' title='bbox 829 1263 1064 1333; x_wconf 87' lang='lat' dir='ltr'>iterum,</span> <span class='ocrx_word' id='word_1_151' title='bbox 1091 1272 1192 1324; x_wconf 90' lang='lat' dir='ltr'>aut</span> <span class='ocrx_word' id='word_1_152' title='bbox 1219 1267 1448 1340; x_wconf 91' lang='lat' dir='ltr'>quando</span> <span class='ocrx_word' id='word_1_153' title='bbox 1475 1267 1696 1339; x_wconf 84' lang='lat' dir='ltr'>liberet,</span> <span class='ocrx_word' id='word_1_154' title='bbox 1733 1286 1975 1329; x_wconf 89' lang='lat' dir='ltr'>munera</span> <span class='ocrx_word' id='word_1_155' title='bbox 2058 1266 2221 1325; x_wconf 92' lang='lat' dir='ltr'>Unde</span> <span class='ocrx_word' id='word_1_156' title='bbox 2246 1267 2303 1324; x_wconf 91' lang='lat' dir='ltr'>in</span> <span class='ocrx_word' id='word_1_157' title='bbox 2329 1266 2646 1339; x_wconf 88' lang='lat' dir='ltr'>majoribus</span> <span class='ocrx_word' id='word_1_158' title='bbox 2671 1266 2927 1325; x_wconf 89' lang='lat' dir='ltr'>ecclesiis</span> <span class='ocrx_word' id='word_1_159' title='bbox 2948 1268 3126 1326; x_wconf 89' lang='lat' dir='ltr'>altare</span> <span class='ocrx_word' id='word_1_160' title='bbox 3146 1268 3336 1341; x_wconf 87' lang='lat' dir='ltr'>majus</span> <span class='ocrx_word' id='word_1_161' title='bbox 3358 1277 3422 1326; x_wconf 90' lang='lat' dir='ltr'>ut</span> <span class='ocrx_word' id='word_1_162' title='bbox 3443 1269 3765 1342; x_wconf 91' lang='lat' dir='ltr'>plurimum</span> 
     </span>
    </p>
   </div>
   <div class='ocr_carea' id='block_1_13' title="bbox 315 1352 3764 1433">
    <p class='ocr_par' dir='ltr' id='par_1_13' title="bbox 315 1352 3764 1433">
     <span class='ocr_line' id='line_1_13' title="bbox 315 1352 3764 1433; baseline 0.003 -24"><span class='ocrx_word' id='word_1_163' title='bbox 315 1352 528 1410; x_wconf 67' lang='lat' dir='ltr'>ecclesiae</span> <span class='ocrx_word' id='word_1_164' title='bbox 557 1354 741 1411; x_wconf 89' lang='lat' dir='ltr'>sancti</span> <span class='ocrx_word' id='word_1_165' title='bbox 770 1353 1009 1413; x_wconf 89' lang='lat' dir='ltr'>Juniani</span> <span class='ocrx_word' id='word_1_166' title='bbox 1062 1356 1269 1414; x_wconf 85' lang='lat' dir='ltr'>oﬂ‘erre</span> <span class='ocrx_word' id='word_1_167' title='bbox 1292 1368 1732 1431; x_wconf 82' lang='lat' dir='ltr'>consueverant,</span> <span class='ocrx_word' id='word_1_168' title='bbox 1767 1376 1973 1419; x_wconf 90' lang='lat' dir='ltr'>verum</span> <span class='ocrx_word' id='word_1_169' title='bbox 2058 1355 2120 1412; x_wconf 87' lang='lat' dir='ltr'>in</span> <span class='ocrx_word' id='word_1_170' title='bbox 2153 1355 2276 1414; x_wconf 85' lang='lat' dir='ltr'>loco</span> <span class='ocrx_word' id='word_1_171' title='bbox 2310 1357 2461 1414; x_wconf 82' lang='lat' dir='ltr'>edito</span> <span class='ocrx_word' id='word_1_172' title='bbox 2490 1362 2770 1414; x_wconf 82' lang='lat' dir='ltr'>structum</span> <span class='ocrx_word' id='word_1_173' title='bbox 2801 1363 2939 1426; x_wconf 82' lang='lat' dir='ltr'>erat,</span> <span class='ocrx_word' id='word_1_174' title='bbox 2988 1356 3100 1415; x_wconf 86' lang='lat' dir='ltr'>sub</span> <span class='ocrx_word' id='word_1_175' title='bbox 3145 1374 3205 1416; x_wconf 89' lang='lat' dir='ltr'>se</span> <span class='ocrx_word' id='word_1_176' title='bbox 3254 1358 3472 1416; x_wconf 85' lang='lat' dir='ltr'>habens</span> <span class='ocrx_word' id='word_1_177' title='bbox 3505 1367 3764 1433; x_wconf 80' lang='lat' dir='ltr'>cryptam</span> 
     </span>
    </p>
   </div>
   <div class='ocr_carea' id='block_1_14' title="bbox 314 1444 3764 1525">
    <p class='ocr_par' dir='ltr' id='par_1_14' title="bbox 314 1444 3764 1525">
     <span class='ocr_line' id='line_1_14' title="bbox 314 1444 3764 1525; baseline 0.004 -25"><span class='ocrx_word' id='word_1_178' title='bbox 314 1444 451 1501; x_wconf 86' lang='lat' dir='ltr'>etiam</span> <span class='ocrx_word' id='word_1_179' title='bbox 472 1445 591 1518; x_wconf 83' lang='lat' dir='ltr'>ejus</span> <span class='ocrx_word' id='word_1_180' title='bbox 614 1445 792 1504; x_wconf 85' lang='lat' dir='ltr'>veluti</span> <span class='ocrx_word' id='word_1_181' title='bbox 816 1449 1101 1503; x_wconf 72' lang='lat' dir='ltr'>tributarii</span> <span class='ocrx_word' id='word_1_182' title='bbox 1125 1450 1366 1520; x_wconf 85' lang='lat' dir='ltr'>facti,ad</span> <span class='ocrx_word' id='word_1_183' title='bbox 1383 1454 1589 1507; x_wconf 75' lang='lat' dir='ltr'>tributa</span> <span class='ocrx_word' id='word_1_184' title='bbox 1606 1451 1852 1525; x_wconf 86' lang='lat' dir='ltr'>singulis</span> <span class='ocrx_word' id='word_1_185' title='bbox 1867 1469 1974 1511; x_wconf 88' lang='lat' dir='ltr'>an-</span> <span class='ocrx_word' id='word_1_186' title='bbox 2058 1452 2385 1504; x_wconf 84' lang='lat' dir='ltr'>sanctorum</span> <span class='ocrx_word' id='word_1_187' title='bbox 2415 1446 2677 1521; x_wconf 85' lang='lat' dir='ltr'>reliquiis</span> <span class='ocrx_word' id='word_1_188' title='bbox 2708 1447 3089 1505; x_wconf 81' lang='lat' dir='ltr'>instructam:</span> <span class='ocrx_word' id='word_1_189' title='bbox 3124 1462 3257 1521; x_wconf 63' lang='lat' dir='ltr'>qua</span> <span class='ocrx_word' id='word_1_190' title='bbox 3288 1454 3343 1506; x_wconf 87' lang='lat' dir='ltr'>et</span> <span class='ocrx_word' id='word_1_191' title='bbox 3384 1464 3558 1507; x_wconf 88' lang='lat' dir='ltr'>suum</span> <span class='ocrx_word' id='word_1_192' title='bbox 3585 1451 3764 1510; x_wconf 84' lang='lat' dir='ltr'>altare</span> 
     </span>
    </p>
   </div>
   <div class='ocr_carea' id='block_1_15' title="bbox 314 1534 3764 1615">
    <p class='ocr_par' dir='ltr' id='par_1_15' title="bbox 314 1534 3764 1615">
     <span class='ocr_line' id='line_1_15' title="bbox 314 1534 3764 1615; baseline 0.004 -25"><span class='ocrx_word' id='word_1_193' title='bbox 314 1536 535 1592; x_wconf 84' lang='lat' dir='ltr'>uisstatis</span> <span class='ocrx_word' id='word_1_194' title='bbox 560 1534 768 1593; x_wconf 87' lang='lat' dir='ltr'>diebus</span> <span class='ocrx_word' id='word_1_195' title='bbox 783 1537 834 1594; x_wconf 86' lang='lat' dir='ltr'>ei</span> <span class='ocrx_word' id='word_1_196' title='bbox 847 1537 1224 1610; x_wconf 88' lang='lat' dir='ltr'>persolvenda</span> <span class='ocrx_word' id='word_1_197' title='bbox 1244 1556 1366 1598; x_wconf 90' lang='lat' dir='ltr'>sese</span> <span class='ocrx_word' id='word_1_198' title='bbox 1395 1540 1973 1615; x_wconf 88' lang='lat' dir='ltr'>ipsosobligaverant.</span> <span class='ocrx_word' id='word_1_199' title='bbox 2060 1535 2326 1593; x_wconf 77' lang='lat' dir='ltr'>habebat.</span> <span class='ocrx_word' id='word_1_200' title='bbox 2365 1535 2590 1609; x_wconf 68' lang='lat' dir='ltr'>CFYpliB</span> <span class='ocrx_word' id='word_1_201' title='bbox 2618 1551 2754 1594; x_wconf 77' lang='lat' dir='ltr'>Vero</span> <span class='ocrx_word' id='word_1_202' title='bbox 2780 1536 2899 1594; x_wconf 55' lang='lat' dir='ltr'>illa</span> <span class='ocrx_word' id='word_1_203' title='bbox 2929 1552 3061 1610; x_wconf 70' lang='lat'>([1133</span> <span class='ocrx_word' id='word_1_204' title='bbox 3095 1553 3269 1612; x_wconf 79' lang='lat' dir='ltr'>supra</span> <span class='ocrx_word' id='word_1_205' title='bbox 3297 1545 3627 1598; x_wconf 79' lang='lat' dir='ltr'>sanctorum</span> <span class='ocrx_word' id='word_1_206' title='bbox 3672 1546 3764 1600; x_wconf 85' lang='lat' dir='ltr'>tu-</span> 
     </span>
    </p>
   </div>
   <div class='ocr_carea' id='block_1_16' title="bbox 367 1625 3766 1707">
    <p class='ocr_par' dir='ltr' id='par_1_16' title="bbox 367 1625 3766 1707">
     <span class='ocr_line' id='line_1_16' title="bbox 367 1625 3766 1707; baseline 0.003 -29"><span class='ocrx_word' id='word_1_207' title='bbox 367 1628 439 1685; x_wconf 81' lang='lat'>51.</span> <span class='ocrx_word' id='word_1_208' title='bbox 468 1627 845 1686; x_wconf 83' lang='lat' dir='ltr'>Ecclesiarum</span> <span class='ocrx_word' id='word_1_209' title='bbox 867 1645 969 1688; x_wconf 86' lang='lat' dir='ltr'>seu</span> <span class='ocrx_word' id='word_1_210' title='bbox 992 1630 1363 1691; x_wconf 68' lang='lat' dir='ltr'>basilicarum</span> <span class='ocrx_word' id='word_1_211' title='bbox 1393 1633 1638 1691; x_wconf 70' lang='lat' dir='ltr'>formam</span> <span class='ocrx_word' id='word_1_212' title='bbox 1667 1640 1722 1691; x_wconf 78' lang='lat' dir='ltr'>et</span> <span class='ocrx_word' id='word_1_213' title='bbox 1751 1634 1977 1707; x_wconf 65' lang='lat' dir='ltr'>magni.</span> <span class='ocrx_word' id='word_1_214' title='bbox 2060 1625 2247 1683; x_wconf 88' lang='lat' dir='ltr'>mulos</span> <span class='ocrx_word' id='word_1_215' title='bbox 2278 1633 2620 1683; x_wconf 67' lang='lat' dir='ltr'>constructae</span> <span class='ocrx_word' id='word_1_216' title='bbox 2661 1632 2841 1696; x_wconf 88' lang='lat' dir='ltr'>erant,</span> <span class='ocrx_word' id='word_1_217' title='bbox 2876 1625 3179 1683; x_wconf 89' lang='lat' dir='ltr'>nonnullis</span> <span class='ocrx_word' id='word_1_218' title='bbox 3210 1626 3271 1684; x_wconf 92' lang='lat' dir='ltr'>in</span> <span class='ocrx_word' id='word_1_219' title='bbox 3301 1626 3442 1686; x_wconf 91' lang='lat' dir='ltr'>locis</span> <span class='ocrx_word' id='word_1_220' title='bbox 3473 1632 3766 1698; x_wconf 76' lang='lat' dir='ltr'>confessio-</span> 
     </span>
    </p>
   </div>
   <div class='ocr_carea' id='block_1_17' title="bbox 314 1714 3766 1796">
    <p class='ocr_par' dir='ltr' id='par_1_17' title="bbox 314 1714 3766 1796">
     <span class='ocr_line' id='line_1_17' title="bbox 314 1714 3766 1796; baseline 0.003 -24"><span class='ocrx_word' id='word_1_221' title='bbox 314 1716 557 1773; x_wconf 88' lang='lat' dir='ltr'>licentiam</span> <span class='ocrx_word' id='word_1_222' title='bbox 594 1731 710 1774; x_wconf 91' lang='lat' dir='ltr'>non</span> <span class='ocrx_word' id='word_1_223' title='bbox 744 1717 805 1775; x_wconf 91' lang='lat' dir='ltr'>in</span> <span class='ocrx_word' id='word_1_224' title='bbox 837 1734 955 1776; x_wconf 90' lang='lat' dir='ltr'>uno</span> <span class='ocrx_word' id='word_1_225' title='bbox 988 1720 1111 1778; x_wconf 90' lang='lat' dir='ltr'>loco</span> <span class='ocrx_word' id='word_1_226' title='bbox 1137 1720 1407 1779; x_wconf 87' lang='lat' dir='ltr'>describit</span> <span class='ocrx_word' id='word_1_227' title='bbox 1446 1722 1776 1796; x_wconf 82' lang='lat' dir='ltr'>Gregorius.</span> <span class='ocrx_word' id='word_1_228' title='bbox 1814 1722 1977 1781; x_wconf 90' lang='lat' dir='ltr'>Unde</span> <span class='ocrx_word' id='word_1_229' title='bbox 2058 1732 2152 1772; x_wconf 77' lang='lat' dir='ltr'>nes</span> <span class='ocrx_word' id='word_1_230' title='bbox 2184 1724 2538 1789; x_wconf 52' lang='lat' dir='ltr'>nuncupata?</span> <span class='ocrx_word' id='word_1_231' title='bbox 2569 1718 2825 1781; x_wconf 73' lang='lat' dir='ltr'>fuerunt.</span> <span class='ocrx_word' id='word_1_232' title='bbox 2860 1714 3138 1773; x_wconf 60' lang='lat' dir='ltr'>Romana?</span> <span class='ocrx_word' id='word_1_233' title='bbox 3172 1714 3443 1774; x_wconf 65' lang='lat' dir='ltr'>ECCleSi&#39;cB</span> <span class='ocrx_word' id='word_1_234' title='bbox 3476 1718 3766 1790; x_wconf 77' lang='lat' dir='ltr'>exemplO.</span> 
     </span>
    </p>
   </div>
   <div class='ocr_carea' id='block_1_18' title="bbox 314 1806 3772 1888">
    <p class='ocr_par' dir='ltr' id='par_1_18' title="bbox 314 1806 3772 1888">
     <span class='ocr_line' id='line_1_18' title="bbox 314 1806 3772 1888; baseline 0.005 -25"><span class='ocrx_word' id='word_1_235' title='bbox 314 1806 593 1879; x_wconf 76' lang='lat' dir='ltr'>intelligere</span> <span class='ocrx_word' id='word_1_236' title='bbox 624 1807 756 1865; x_wconf 89' lang='lat' dir='ltr'>licet</span> <span class='ocrx_word' id='word_1_237' title='bbox 785 1818 999 1882; x_wconf 89' lang='lat' dir='ltr'>quanta</span> <span class='ocrx_word' id='word_1_238' title='bbox 1030 1810 1204 1869; x_wconf 87' lang='lat' dir='ltr'>fuerit</span> <span class='ocrx_word' id='word_1_239' title='bbox 1233 1819 1462 1885; x_wconf 90' lang='lat' dir='ltr'>patrum</span> <span class='ocrx_word' id='word_1_240' title='bbox 1496 1821 1823 1873; x_wconf 88' lang='lat' dir='ltr'>nostrorum</span> <span class='ocrx_word' id='word_1_241' title='bbox 1852 1816 1975 1888; x_wconf 90' lang='lat' dir='ltr'>pie-</span> <span class='ocrx_word' id='word_1_242' title='bbox 1996 1807 2289 1887; x_wconf 76' lang='lat' dir='ltr'>BEtenim</span> <span class='ocrx_word' id='word_1_243' title='bbox 2322 1811 2585 1877; x_wconf 71' lang='grc' dir='ltr'>οοηΐθεείο</span> <span class='ocrx_word' id='word_1_244' title='bbox 2621 1811 2799 1865; x_wconf 59' lang='lat' dir='ltr'>Sancti</span> <span class='ocrx_word' id='word_1_245' title='bbox 2826 1810 2975 1864; x_wconf 67' lang='grc' dir='ltr'>Ρθινί</span> <span class='ocrx_word' id='word_1_246' title='bbox 3004 1807 3349 1881; x_wconf 60' lang='lat'>300159111111</span> <span class='ocrx_word' id='word_1_247' title='bbox 3381 1806 3677 1867; x_wconf 61' lang='lat' dir='ltr'>dicebam?</span> <span class='ocrx_word' id='word_1_248' title='bbox 3705 1825 3772 1867; x_wconf 71' lang='lat' dir='ltr'>ea</span> 
     </span>
    </p>
   </div>
   <div class='ocr_carea' id='block_1_19' title="bbox 314 1895 3770 1975">
    <p class='ocr_par' dir='ltr' id='par_1_19' title="bbox 314 1895 3770 1975">
     <span class='ocr_line' id='line_1_19' title="bbox 314 1895 3770 1975; baseline 0.002 -23"><span class='ocrx_word' id='word_1_249' title='bbox 314 1902 392 1963; x_wconf 86' lang='lat' dir='ltr'>tas,</span> <span class='ocrx_word' id='word_1_250' title='bbox 436 1895 527 1968; x_wconf 87' lang='lat' dir='ltr'>qui</span> <span class='ocrx_word' id='word_1_251' title='bbox 566 1911 675 1954; x_wconf 89' lang='lat' dir='ltr'>nec</span> <span class='ocrx_word' id='word_1_252' title='bbox 726 1897 1053 1971; x_wconf 90' lang='lat' dir='ltr'>sumptibus</span> <span class='ocrx_word' id='word_1_253' title='bbox 1100 1909 1479 1973; x_wconf 89' lang='lat' dir='ltr'>pepercerunt</span> <span class='ocrx_word' id='word_1_254' title='bbox 1510 1919 1613 1961; x_wconf 91' lang='lat' dir='ltr'>nec</span> <span class='ocrx_word' id='word_1_255' title='bbox 1661 1903 1974 1975; x_wconf 86' lang='lat' dir='ltr'>laboribus,</span> <span class='ocrx_word' id='word_1_256' title='bbox 2062 1898 2324 1957; x_wconf 87' lang='lat' dir='ltr'>Vaticani</span> <span class='ocrx_word' id='word_1_257' title='bbox 2352 1915 2503 1973; x_wconf 89' lang='lat' dir='ltr'>pars,</span> <span class='ocrx_word' id='word_1_258' title='bbox 2536 1901 2597 1958; x_wconf 90' lang='lat' dir='ltr'>in</span> <span class='ocrx_word' id='word_1_259' title='bbox 2623 1916 2741 1973; x_wconf 89' lang='lat' dir='ltr'>qua</span> <span class='ocrx_word' id='word_1_260' title='bbox 2767 1899 3065 1958; x_wconf 87' lang='lat' dir='ltr'>beatorum</span> <span class='ocrx_word' id='word_1_261' title='bbox 3094 1899 3503 1973; x_wconf 85' lang='lat' dir='ltr'>Apostolorum</span> <span class='ocrx_word' id='word_1_262' title='bbox 3533 1916 3770 1973; x_wconf 89' lang='lat' dir='ltr'>corpora</span> 
     </span>
    </p>
   </div>
   <div class='ocr_carea' id='block_1_20' title="bbox 312 1985 3772 2060">
    <p class='ocr_par' dir='ltr' id='par_1_20' title="bbox 312 1985 3772 2060">
     <span class='ocr_line' id='line_1_20' title="bbox 312 1985 3772 2060; baseline 0.003 -20"><span class='ocrx_word' id='word_1_263' title='bbox 312 1998 418 2041; x_wconf 88' lang='lat' dir='ltr'>cum</span> <span class='ocrx_word' id='word_1_264' title='bbox 444 1985 506 2040; x_wconf 91' lang='lat' dir='ltr'>de</span> <span class='ocrx_word' id='word_1_265' title='bbox 528 1985 848 2043; x_wconf 86' lang='lat' dir='ltr'>condendis</span> <span class='ocrx_word' id='word_1_266' title='bbox 878 1995 933 2045; x_wconf 88' lang='lat' dir='ltr'>et</span> <span class='ocrx_word' id='word_1_267' title='bbox 961 1988 1310 2049; x_wconf 84' lang='lat' dir='ltr'>adornandis</span> <span class='ocrx_word' id='word_1_268' title='bbox 1339 1991 1610 2050; x_wconf 82' lang='lat' dir='ltr'>domibus</span> <span class='ocrx_word' id='word_1_269' title='bbox 1640 1992 1755 2050; x_wconf 83' lang='lat' dir='ltr'>Deo</span> <span class='ocrx_word' id='word_1_270' title='bbox 1787 2009 1977 2051; x_wconf 74' lang='lat' dir='ltr'>sacra-</span> <span class='ocrx_word' id='word_1_271' title='bbox 2061 1988 2449 2060; x_wconf 89' lang='lat' dir='ltr'>requiescunt.</span> <span class='ocrx_word' id='word_1_272' title='bbox 2488 1987 2581 2047; x_wconf 89' lang='lat' dir='ltr'>Sic</span> <span class='ocrx_word' id='word_1_273' title='bbox 2618 1995 2673 2045; x_wconf 88' lang='lat' dir='ltr'>et</span> <span class='ocrx_word' id='word_1_274' title='bbox 2702 1991 2895 2043; x_wconf 75' lang='lat' dir='ltr'>limina</span> <span class='ocrx_word' id='word_1_275' title='bbox 2930 1989 3111 2045; x_wconf 87' lang='lat' dir='ltr'>sancti</span> <span class='ocrx_word' id='word_1_276' title='bbox 3143 1989 3392 2058; x_wconf 81' lang='lat' dir='ltr'>Martini,</span> <span class='ocrx_word' id='word_1_277' title='bbox 3443 1996 3543 2048; x_wconf 89' lang='lat' dir='ltr'>aut</span> <span class='ocrx_word' id='word_1_278' title='bbox 3589 1991 3772 2049; x_wconf 89' lang='lat' dir='ltr'>sancti</span> 
     </span>
    </p>
   </div>
   <div class='ocr_carea' id='block_1_21' title="bbox 314 2072 3769 2155">
    <p class='ocr_par' dir='ltr' id='par_1_21' title="bbox 314 2072 3769 2155">
     <span class='ocr_line' id='line_1_21' title="bbox 314 2072 3769 2155; baseline 0.008 -40"><span class='ocrx_word' id='word_1_279' title='bbox 314 2073 366 2130; x_wconf 62' lang='lat' dir='ltr'>[is</span> <span class='ocrx_word' id='word_1_280' title='bbox 396 2081 572 2132; x_wconf 72' lang='lat' dir='ltr'>actum</span> <span class='ocrx_word' id='word_1_281' title='bbox 623 2082 724 2132; x_wconf 55' lang='grc' dir='ltr'>θεῖ.</span> <span class='ocrx_word' id='word_1_282' title='bbox 781 2076 949 2150; x_wconf 71' lang='lat' dir='ltr'>Legis</span> <span class='ocrx_word' id='word_1_283' title='bbox 1180 2093 1220 2137; x_wconf 74' lang='grc' dir='ltr'>Π</span> <span class='ocrx_word' id='word_1_284' title='bbox 1268 2080 1541 2139; x_wconf 54' lang='lat' dir='ltr'>Historia;</span> <span class='ocrx_word' id='word_1_285' title='bbox 1588 2082 1770 2155; x_wconf 69' lang='lat' dir='ltr'>capita</span> <span class='ocrx_word' id='word_1_286' title='bbox 1926 2090 1981 2142; x_wconf 72' lang='lat' dir='ltr'>et</span> <span class='ocrx_word' id='word_1_287' title='bbox 2301 2073 2737 2146; x_wconf 65' lang='lat' dir='ltr'>appellabantur</span> <span class='ocrx_word' id='word_1_288' title='bbox 2767 2076 3101 2133; x_wconf 87' lang='lat' dir='ltr'>eorumdem</span> <span class='ocrx_word' id='word_1_289' title='bbox 3131 2084 3459 2136; x_wconf 87' lang='lat' dir='ltr'>sanctorum</span> <span class='ocrx_word' id='word_1_290' title='bbox 3492 2079 3769 2155; x_wconf 72' lang='lat' dir='ltr'>basilicze,</span> 
     </span>
    </p>
   </div>
   <div class='ocr_carea' id='block_1_22' title="bbox 314 2155 1996 2240">
    <p class='ocr_par' dir='ltr' id='par_1_22' title="bbox 314 2155 1981 2240">
     <span class='ocr_line' id='line_1_22' title="bbox 314 2155 1981 2240; baseline 0.007 -20"><span class='ocrx_word' id='word_1_291' title='bbox 314 2162 379 2235; x_wconf 87' lang='lat'>16,</span> <span class='ocrx_word' id='word_1_292' title='bbox 403 2164 454 2221; x_wconf 92' lang='lat' dir='ltr'>in</span> <span class='ocrx_word' id='word_1_293' title='bbox 482 2182 732 2239; x_wconf 89' lang='lat' dir='ltr'>quorum</span> <span class='ocrx_word' id='word_1_294' title='bbox 763 2168 939 2240; x_wconf 90' lang='lat' dir='ltr'>priori</span> <span class='ocrx_word' id='word_1_295' title='bbox 971 2155 1328 2228; x_wconf 87' lang='lat' dir='ltr'>Turonensis</span> <span class='ocrx_word' id='word_1_296' title='bbox 1355 2172 1535 2229; x_wconf 88' lang='lat' dir='ltr'>sancti</span> <span class='ocrx_word' id='word_1_297' title='bbox 1566 2172 1797 2231; x_wconf 87' lang='lat' dir='ltr'>Martini</span> <span class='ocrx_word' id='word_1_298' title='bbox 1825 2173 1981 2232; x_wconf 89' lang='lat' dir='ltr'>basi-</span> 
     </span>
    </p>
   </div>
   <div class='ocr_carea' id='block_1_23' title="bbox 2152 2155 3775 2240">
    <p class='ocr_par' dir='ltr' id='par_1_23' title="bbox 2152 2162 3775 2234">
     <span class='ocr_line' id='line_1_23' title="bbox 2152 2162 3775 2234; baseline 0.007 -16"><span class='ocrx_word' id='word_1_299' title='bbox 2152 2162 2215 2219; x_wconf 72' lang='lat' dir='ltr'>ad</span> <span class='ocrx_word' id='word_1_300' title='bbox 2254 2177 2368 2233; x_wconf 89' lang='lat' dir='ltr'>eas,</span> <span class='ocrx_word' id='word_1_301' title='bbox 2412 2163 2496 2219; x_wconf 93' lang='lat' dir='ltr'>uti</span> <span class='ocrx_word' id='word_1_302' title='bbox 2528 2170 2581 2220; x_wconf 90' lang='lat' dir='ltr'>et</span> <span class='ocrx_word' id='word_1_303' title='bbox 2612 2166 2806 2218; x_wconf 77' lang='lat' dir='ltr'>limina</span> <span class='ocrx_word' id='word_1_304' title='bbox 2842 2164 3225 2234; x_wconf 84' lang='lat' dir='ltr'>Apostolorum</span> <span class='ocrx_word' id='word_1_305' title='bbox 3257 2166 3456 2224; x_wconf 71' lang='lat' dir='ltr'>Romae</span> <span class='ocrx_word' id='word_1_306' title='bbox 3485 2171 3775 2229; x_wconf 86' lang='lat' dir='ltr'>exsisten-</span> 
     </span>
    </p>
   </div>
   <div class='ocr_carea' id='block_1_24' title="bbox 309 2250 3776 2333">
    <p class='ocr_par' dir='ltr' id='par_1_24' title="bbox 309 2250 3776 2333">
     <span class='ocr_line' id='line_1_24' title="bbox 309 2250 3776 2333; baseline 0.007 -23"><span class='ocrx_word' id='word_1_307' title='bbox 309 2252 411 2323; x_wconf 86' lang='lat' dir='ltr'>lica,</span> <span class='ocrx_word' id='word_1_308' title='bbox 440 2254 494 2311; x_wconf 93' lang='lat' dir='ltr'>in</span> <span class='ocrx_word' id='word_1_309' title='bbox 518 2257 702 2313; x_wconf 89' lang='lat' dir='ltr'>altero</span> <span class='ocrx_word' id='word_1_310' title='bbox 734 2261 911 2313; x_wconf 77' lang='lat' dir='ltr'>senior</span> <span class='ocrx_word' id='word_1_311' title='bbox 935 2259 1171 2317; x_wconf 88' lang='lat' dir='ltr'>ecclesia</span> <span class='ocrx_word' id='word_1_312' title='bbox 1200 2261 1586 2319; x_wconf 86' lang='lat' dir='ltr'>Arvernensis</span> <span class='ocrx_word' id='word_1_313' title='bbox 1612 2261 1978 2323; x_wconf 88' lang='lat' dir='ltr'>describitur.</span> <span class='ocrx_word' id='word_1_314' title='bbox 2064 2250 2140 2308; x_wconf 68' lang='grc' dir='ltr'>ῖίὶι</span> <span class='ocrx_word' id='word_1_315' title='bbox 2183 2252 2470 2324; x_wconf 60' lang='lat' dir='ltr'>Peregrini</span> <span class='ocrx_word' id='word_1_316' title='bbox 2501 2251 2753 2310; x_wconf 65' lang='lat' dir='ltr'>invisere</span> <span class='ocrx_word' id='word_1_317' title='bbox 2788 2255 3055 2311; x_wconf 62' lang='grc' dir='ltr'>δοίθνθηῖ·</span> <span class='ocrx_word' id='word_1_318' title='bbox 3100 2254 3375 2329; x_wconf 70' lang='lat' dir='ltr'>Legimus</span> <span class='ocrx_word' id='word_1_319' title='bbox 3417 2258 3588 2317; x_wconf 69' lang='grc' dir='ltr'>θῐίᾶω</span> <span class='ocrx_word' id='word_1_320' title='bbox 3621 2261 3776 2333; x_wconf 69' lang='grc' dir='ltr'>εἷ)υά</span> 
     </span>
    </p>
   </div>
   <div class='ocr_carea' id='block_1_25' title="bbox 309 2341 3772 2428">
    <p class='ocr_par' dir='ltr' id='par_1_25' title="bbox 309 2341 3772 2428">
     <span class='ocr_line' id='line_1_25' title="bbox 309 2341 3772 2428; baseline 0.003 -32"><span class='ocrx_word' id='word_1_321' title='bbox 309 2343 575 2417; x_wconf 73' lang='lat' dir='ltr'>Marmora,</span> <span class='ocrx_word' id='word_1_322' title='bbox 633 2348 904 2420; x_wconf 69' lang='lat' dir='ltr'>picturas,</span> <span class='ocrx_word' id='word_1_323' title='bbox 950 2364 1142 2417; x_wconf 70' lang='lat' dir='ltr'>aurea,</span> <span class='ocrx_word' id='word_1_324' title='bbox 1196 2358 1581 2425; x_wconf 73' lang='lat' dir='ltr'>argenteaque</span> <span class='ocrx_word' id='word_1_325' title='bbox 1622 2361 1980 2428; x_wconf 63' lang='lat' dir='ltr'>ornamenta,</span> <span class='ocrx_word' id='word_1_326' title='bbox 2067 2341 2406 2414; x_wconf 85' lang='lat' dir='ltr'>Gregorium</span> <span class='ocrx_word' id='word_1_327' title='bbox 2440 2347 2768 2399; x_wconf 85' lang='lat' dir='ltr'>sanctorum</span> <span class='ocrx_word' id='word_1_328' title='bbox 2800 2342 3074 2415; x_wconf 86' lang='lat' dir='ltr'>reliquias</span> <span class='ocrx_word' id='word_1_329' title='bbox 3109 2343 3169 2401; x_wconf 91' lang='lat' dir='ltr'>in</span> <span class='ocrx_word' id='word_1_330' title='bbox 3208 2343 3554 2418; x_wconf 86' lang='lat' dir='ltr'>baptisteriis</span> <span class='ocrx_word' id='word_1_331' title='bbox 3586 2365 3772 2407; x_wconf 89' lang='lat' dir='ltr'>asser-</span> 
     </span>
    </p>
   </div>
   <div class='ocr_carea' id='block_1_26' title="bbox 310 2431 3778 2514">
    <p class='ocr_par' dir='ltr' id='par_1_26' title="bbox 310 2431 3778 2514">
     <span class='ocr_line' id='line_1_26' title="bbox 310 2431 3778 2514; baseline 0.001 -20"><span class='ocrx_word' id='word_1_332' title='bbox 310 2435 429 2505; x_wconf 74' lang='lat' dir='ltr'>vela,</span> <span class='ocrx_word' id='word_1_333' title='bbox 454 2437 704 2508; x_wconf 88' lang='lat' dir='ltr'>palliola,</span> <span class='ocrx_word' id='word_1_334' title='bbox 734 2444 877 2496; x_wconf 89' lang='lat' dir='ltr'>tecta</span> <span class='ocrx_word' id='word_1_335' title='bbox 922 2438 1045 2511; x_wconf 90' lang='lat' dir='ltr'>ipsa</span> <span class='ocrx_word' id='word_1_336' title='bbox 1076 2455 1149 2496; x_wconf 85' lang='lat' dir='ltr'>ex</span> <span class='ocrx_word' id='word_1_337' title='bbox 1187 2456 1301 2498; x_wconf 64' lang='lat' dir='ltr'>aere</span> <span class='ocrx_word' id='word_1_338' title='bbox 1341 2442 1618 2514; x_wconf 88' lang='lat' dir='ltr'>confecta,</span> <span class='ocrx_word' id='word_1_339' title='bbox 1651 2444 1721 2500; x_wconf 89' lang='lat' dir='ltr'>ad</span> <span class='ocrx_word' id='word_1_340' title='bbox 1765 2460 1982 2502; x_wconf 76' lang='lat' dir='ltr'>ornan-</span> <span class='ocrx_word' id='word_1_341' title='bbox 2066 2436 2226 2491; x_wconf 85' lang='lat' dir='ltr'>vatas</span> <span class='ocrx_word' id='word_1_342' title='bbox 2255 2432 2477 2490; x_wconf 86' lang='lat' dir='ltr'>fuisse:</span> <span class='ocrx_word' id='word_1_343' title='bbox 2519 2439 2575 2488; x_wconf 89' lang='lat' dir='ltr'>at</span> <span class='ocrx_word' id='word_1_344' title='bbox 2612 2431 2714 2489; x_wconf 90' lang='lat' dir='ltr'>illa</span> <span class='ocrx_word' id='word_1_345' title='bbox 2752 2431 3083 2506; x_wconf 84' lang='lat' dir='ltr'>baptisteria</span> <span class='ocrx_word' id='word_1_346' title='bbox 3122 2433 3351 2492; x_wconf 87' lang='lat' dir='ltr'>diversa</span> <span class='ocrx_word' id='word_1_347' title='bbox 3396 2435 3468 2494; x_wconf 91' lang='lat' dir='ltr'>ab</span> <span class='ocrx_word' id='word_1_348' title='bbox 3512 2439 3778 2497; x_wconf 86' lang='lat' dir='ltr'>oratoriis</span> 
     </span>
    </p>
   </div>
   <div class='ocr_carea' id='block_1_27' title="bbox 309 2522 3778 2603">
    <p class='ocr_par' dir='ltr' id='par_1_27' title="bbox 309 2522 3778 2603">
     <span class='ocr_line' id='line_1_27' title="bbox 309 2522 3778 2603; baseline 0.003 -21"><span class='ocrx_word' id='word_1_349' title='bbox 309 2524 391 2581; x_wconf 86' lang='lat' dir='ltr'>das</span> <span class='ocrx_word' id='word_1_350' title='bbox 431 2526 693 2584; x_wconf 84' lang='lat' dir='ltr'>ecclesias</span> <span class='ocrx_word' id='word_1_351' title='bbox 751 2526 1007 2584; x_wconf 89' lang='lat' dir='ltr'>adhibita</span> <span class='ocrx_word' id='word_1_352' title='bbox 1050 2527 1230 2587; x_wconf 84' lang='lat' dir='ltr'>fuisse</span> <span class='ocrx_word' id='word_1_353' title='bbox 1280 2530 1495 2603; x_wconf 84' lang='lat' dir='ltr'>passim</span> <span class='ocrx_word' id='word_1_354' title='bbox 1545 2539 1978 2591; x_wconf 88' lang='lat' dir='ltr'>commemorat.</span> <span class='ocrx_word' id='word_1_355' title='bbox 2070 2524 2289 2583; x_wconf 72' lang='lat' dir='ltr'>censeri</span> <span class='ocrx_word' id='word_1_356' title='bbox 2320 2539 2435 2581; x_wconf 72' lang='lat' dir='ltr'>n00</span> <span class='ocrx_word' id='word_1_357' title='bbox 2467 2522 2696 2589; x_wconf 66' lang='lat' dir='ltr'>dEbeDt.</span> <span class='ocrx_word' id='word_1_358' title='bbox 2729 2522 2881 2596; x_wconf 74' lang='lat' dir='ltr'>QUOd</span> <span class='ocrx_word' id='word_1_359' title='bbox 2914 2523 2993 2580; x_wconf 82' lang='lat' dir='ltr'>ibi</span> <span class='ocrx_word' id='word_1_360' title='bbox 3024 2539 3139 2581; x_wconf 72' lang='lat' dir='ltr'>n00</span> <span class='ocrx_word' id='word_1_361' title='bbox 3180 2524 3369 2583; x_wconf 78' lang='lat' dir='ltr'>SOlum</span> <span class='ocrx_word' id='word_1_362' title='bbox 3404 2526 3778 2588; x_wconf 78' lang='lat' dir='ltr'>administra-</span> 
     </span>
    </p>
   </div>
   <div class='ocr_carea' id='block_1_28' title="bbox 310 2610 3779 2693">
    <p class='ocr_par' dir='ltr' id='par_1_28' title="bbox 310 2610 3779 2693">
     <span class='ocr_line' id='line_1_28' title="bbox 310 2610 3779 2693; baseline 0.006 -24"><span class='ocrx_word' id='word_1_363' title='bbox 310 2610 435 2670; x_wconf 84' lang='lat' dir='ltr'>Duas</span> <span class='ocrx_word' id='word_1_364' title='bbox 458 2614 716 2673; x_wconf 60' lang='lat' dir='ltr'>ecclesiae</span> <span class='ocrx_word' id='word_1_365' title='bbox 745 2616 1065 2690; x_wconf 68' lang='lat' dir='ltr'>prazcipuas</span> <span class='ocrx_word' id='word_1_366' title='bbox 1096 2622 1283 2689; x_wconf 91' lang='lat' dir='ltr'>partes</span> <span class='ocrx_word' id='word_1_367' title='bbox 1337 2619 1515 2678; x_wconf 90' lang='lat' dir='ltr'>fuisse</span> <span class='ocrx_word' id='word_1_368' title='bbox 1544 2638 1617 2678; x_wconf 83' lang='lat' dir='ltr'>ex</span> <span class='ocrx_word' id='word_1_369' title='bbox 1650 2623 1849 2680; x_wconf 92' lang='lat' dir='ltr'>eodem</span> <span class='ocrx_word' id='word_1_370' title='bbox 1897 2623 1987 2681; x_wconf 91' lang='lat' dir='ltr'>di-</span> <span class='ocrx_word' id='word_1_371' title='bbox 2071 2621 2229 2674; x_wconf 88' lang='lat' dir='ltr'>retur</span> <span class='ocrx_word' id='word_1_372' title='bbox 2286 2613 2556 2686; x_wconf 81' lang='lat' dir='ltr'>baptismi</span> <span class='ocrx_word' id='word_1_373' title='bbox 2608 2621 3057 2685; x_wconf 57' lang='lat' dir='ltr'>sacramentum,</span> <span class='ocrx_word' id='word_1_374' title='bbox 3091 2614 3191 2671; x_wconf 72' lang='lat' dir='ltr'>59d</span> <span class='ocrx_word' id='word_1_375' title='bbox 3235 2623 3290 2673; x_wconf 74' lang='grc' dir='ltr'>θῐ</span> <span class='ocrx_word' id='word_1_376' title='bbox 3336 2632 3496 2675; x_wconf 68' lang='lat' dir='ltr'>sacra</span> <span class='ocrx_word' id='word_1_377' title='bbox 3547 2624 3779 2693; x_wconf 74' lang='lat' dir='ltr'>quoque</span> 
     </span>
    </p>
   </div>
   <div class='ocr_carea' id='block_1_29' title="bbox 308 2703 3782 2786">
    <p class='ocr_par' dir='ltr' id='par_1_29' title="bbox 308 2703 3782 2786">
     <span class='ocr_line' id='line_1_29' title="bbox 308 2703 3782 2786; baseline 0.003 -24"><span class='ocrx_word' id='word_1_378' title='bbox 308 2703 509 2775; x_wconf 85' lang='lat' dir='ltr'>scimus,</span> <span class='ocrx_word' id='word_1_379' title='bbox 542 2721 783 2778; x_wconf 85' lang='lat' dir='ltr'>capsum</span> <span class='ocrx_word' id='word_1_380' title='bbox 814 2706 1048 2777; x_wconf 86' lang='lat' dir='ltr'>(navim</span> <span class='ocrx_word' id='word_1_381' title='bbox 1089 2706 1579 2780; x_wconf 87' lang='lat' dir='ltr'>interpretamur)</span> <span class='ocrx_word' id='word_1_382' title='bbox 1606 2717 1660 2768; x_wconf 88' lang='lat' dir='ltr'>et</span> <span class='ocrx_word' id='word_1_383' title='bbox 1691 2713 1985 2786; x_wconf 81' lang='lat' dir='ltr'>presbyte-</span> <span class='ocrx_word' id='word_1_384' title='bbox 2069 2705 2362 2778; x_wconf 86' lang='lat' dir='ltr'>mysteria,</span> <span class='ocrx_word' id='word_1_385' title='bbox 2408 2711 2462 2762; x_wconf 93' lang='lat' dir='ltr'>et</span> <span class='ocrx_word' id='word_1_386' title='bbox 2507 2720 2715 2763; x_wconf 88' lang='lat' dir='ltr'>cursus</span> <span class='ocrx_word' id='word_1_387' title='bbox 2748 2705 2932 2763; x_wconf 89' lang='lat' dir='ltr'>divini</span> <span class='ocrx_word' id='word_1_388' title='bbox 2981 2706 3426 2768; x_wconf 88' lang='lat' dir='ltr'>celebrarentur.</span> <span class='ocrx_word' id='word_1_389' title='bbox 3482 2710 3782 2786; x_wconf 82' lang='lat' dir='ltr'>Reliquias</span> 
     </span>
    </p>
   </div>
   <div class='ocr_carea' id='block_1_30' title="bbox 311 2788 3782 2870">
    <p class='ocr_par' dir='ltr' id='par_1_30' title="bbox 311 2788 3782 2870">
     <span class='ocr_line' id='line_1_30' title="bbox 311 2788 3782 2870; baseline 0.003 -23"><span class='ocrx_word' id='word_1_390' title='bbox 311 2788 458 2861; x_wconf 86' lang='lat' dir='ltr'>rium,</span> <span class='ocrx_word' id='word_1_391' title='bbox 488 2792 563 2850; x_wconf 87' lang='lat' dir='ltr'>sic</span> <span class='ocrx_word' id='word_1_392' title='bbox 615 2793 856 2863; x_wconf 90' lang='lat' dir='ltr'>dictum,</span> <span class='ocrx_word' id='word_1_393' title='bbox 901 2794 1057 2869; x_wconf 92' lang='lat' dir='ltr'>quod</span> <span class='ocrx_word' id='word_1_394' title='bbox 1100 2793 1181 2851; x_wconf 89' lang='lat' dir='ltr'>ibi</span> <span class='ocrx_word' id='word_1_395' title='bbox 1215 2796 1533 2870; x_wconf 73' lang='lat' dir='ltr'>presbyteri</span> <span class='ocrx_word' id='word_1_396' title='bbox 1563 2807 1711 2856; x_wconf 87' lang='lat' dir='ltr'>stare</span> <span class='ocrx_word' id='word_1_397' title='bbox 1741 2816 1988 2859; x_wconf 79' lang='lat' dir='ltr'>consue-</span> <span class='ocrx_word' id='word_1_398' title='bbox 2071 2798 2250 2856; x_wconf 90' lang='lat' dir='ltr'>sancti</span> <span class='ocrx_word' id='word_1_399' title='bbox 2285 2796 2469 2869; x_wconf 88' lang='lat' dir='ltr'>Sergii</span> <span class='ocrx_word' id='word_1_400' title='bbox 2498 2795 2769 2869; x_wconf 73' lang='lat' dir='ltr'>martyris</span> <span class='ocrx_word' id='word_1_401' title='bbox 2802 2799 2860 2851; x_wconf 78' lang='lat' dir='ltr'>in</span> <span class='ocrx_word' id='word_1_402' title='bbox 2896 2798 3121 2852; x_wconf 77' lang='lat' dir='ltr'>sublimi</span> <span class='ocrx_word' id='word_1_403' title='bbox 3144 2803 3377 2869; x_wconf 76' lang='lat' dir='ltr'>parietis</span> <span class='ocrx_word' id='word_1_404' title='bbox 3417 2808 3604 2858; x_wconf 81' lang='lat' dir='ltr'>contra</span> <span class='ocrx_word' id='word_1_405' title='bbox 3634 2806 3782 2859; x_wconf 87' lang='lat' dir='ltr'>alta-</span> 
     </span>
    </p>
   </div>
   <div class='ocr_carea' id='block_1_31' title="bbox 310 2880 3784 2965">
    <p class='ocr_par' dir='ltr' id='par_1_31' title="bbox 310 2880 3784 2965">
     <span class='ocr_line' id='line_1_31' title="bbox 310 2880 3784 2965; baseline 0.003 -27"><span class='ocrx_word' id='word_1_406' title='bbox 310 2880 486 2939; x_wconf 76' lang='lat' dir='ltr'>verint.</span> <span class='ocrx_word' id='word_1_407' title='bbox 522 2883 938 2958; x_wconf 86' lang='lat' dir='ltr'>Nuncupatum</span> <span class='ocrx_word' id='word_1_408' title='bbox 976 2891 1061 2943; x_wconf 89' lang='lat' dir='ltr'>est</span> <span class='ocrx_word' id='word_1_409' title='bbox 1108 2885 1280 2943; x_wconf 88' lang='lat' dir='ltr'>etiam</span> <span class='ocrx_word' id='word_1_410' title='bbox 1330 2904 1443 2945; x_wconf 87' lang='lat' dir='ltr'>non</span> <span class='ocrx_word' id='word_1_411' title='bbox 1486 2891 1663 2947; x_wconf 85' lang='lat' dir='ltr'>semel</span> <span class='ocrx_word' id='word_1_412' title='bbox 1703 2894 1985 2957; x_wconf 78' lang='lat' dir='ltr'>altarium,</span> <span class='ocrx_word' id='word_1_413' title='bbox 2070 2891 2215 2943; x_wconf 71' lang='lat' dir='ltr'>rium</span> <span class='ocrx_word' id='word_1_414' title='bbox 2240 2890 2297 2942; x_wconf 75' lang='lat' dir='ltr'>in</span> <span class='ocrx_word' id='word_1_415' title='bbox 2319 2888 2545 2958; x_wconf 83' lang='lat' dir='ltr'>capsula</span> <span class='ocrx_word' id='word_1_416' title='bbox 2568 2887 2873 2942; x_wconf 75' lang='lat' dir='ltr'>reconditas</span> <span class='ocrx_word' id='word_1_417' title='bbox 2899 2888 3162 2945; x_wconf 83' lang='lat' dir='ltr'>servabat</span> <span class='ocrx_word' id='word_1_418' title='bbox 3195 2888 3512 2950; x_wconf 84' lang='lat' dir='ltr'>Eufronius</span> <span class='ocrx_word' id='word_1_419' title='bbox 3544 2893 3784 2965; x_wconf 84' lang='lat' dir='ltr'>quidam</span> 
     </span>
    </p>
   </div>
   <div class='ocr_carea' id='block_1_32' title="bbox 311 2971 3785 3054">
    <p class='ocr_par' dir='ltr' id='par_1_32' title="bbox 311 2971 3785 3054">
     <span class='ocr_line' id='line_1_32' title="bbox 311 2971 3785 3054; baseline 0.004 -26"><span class='ocrx_word' id='word_1_420' title='bbox 311 2971 439 3043; x_wconf 88' lang='lat' dir='ltr'>quod</span> <span class='ocrx_word' id='word_1_421' title='bbox 488 2974 567 3031; x_wconf 91' lang='lat' dir='ltr'>ibi</span> <span class='ocrx_word' id='word_1_422' title='bbox 601 2975 783 3033; x_wconf 86' lang='lat' dir='ltr'>altare</span> <span class='ocrx_word' id='word_1_423' title='bbox 828 2976 1015 3049; x_wconf 89' lang='lat' dir='ltr'>majus</span> <span class='ocrx_word' id='word_1_424' title='bbox 1055 2977 1373 3037; x_wconf 84' lang='lat' dir='ltr'>exsisteret.</span> <span class='ocrx_word' id='word_1_425' title='bbox 1403 2981 1754 3054; x_wconf 88' lang='lat' dir='ltr'>Analogium</span> <span class='ocrx_word' id='word_1_426' title='bbox 1794 2982 1856 3039; x_wconf 92' lang='lat' dir='ltr'>in</span> <span class='ocrx_word' id='word_1_427' title='bbox 1896 2998 1990 3040; x_wconf 88' lang='lat' dir='ltr'>ec-</span> <span class='ocrx_word' id='word_1_428' title='bbox 2076 2977 2259 3052; x_wconf 89' lang='lat' dir='ltr'>Syrus</span> <span class='ocrx_word' id='word_1_429' title='bbox 2286 2977 2347 3034; x_wconf 89' lang='lat' dir='ltr'>in</span> <span class='ocrx_word' id='word_1_430' title='bbox 2378 2977 2547 3034; x_wconf 90' lang='lat' dir='ltr'>domo</span> <span class='ocrx_word' id='word_1_431' title='bbox 2575 2992 2699 3046; x_wconf 88' lang='lat' dir='ltr'>sua,</span> <span class='ocrx_word' id='word_1_432' title='bbox 2730 2992 2905 3050; x_wconf 87' lang='lat' dir='ltr'>quam</span> <span class='ocrx_word' id='word_1_433' title='bbox 2935 2977 3089 3050; x_wconf 88' lang='lat' dir='ltr'>apud</span> <span class='ocrx_word' id='word_1_434' title='bbox 3121 2978 3492 3051; x_wconf 81' lang='lat' dir='ltr'>Burdigalam</span> <span class='ocrx_word' id='word_1_435' title='bbox 3519 2983 3578 3039; x_wconf 92' lang='lat' dir='ltr'>in</span> <span class='ocrx_word' id='word_1_436' title='bbox 3610 2984 3785 3041; x_wconf 89' lang='lat' dir='ltr'>eccle-</span> 
     </span>
    </p>
   </div>
   <div class='ocr_carea' id='block_1_33' title="bbox 308 3060 3787 3144">
    <p class='ocr_par' dir='ltr' id='par_1_33' title="bbox 308 3060 3787 3144">
     <span class='ocr_line' id='line_1_33' title="bbox 308 3060 3787 3144; baseline 0.005 -27"><span class='ocrx_word' id='word_1_437' title='bbox 308 3060 449 3119; x_wconf 84' lang='lat' dir='ltr'>clesia</span> <span class='ocrx_word' id='word_1_438' title='bbox 473 3064 659 3121; x_wconf 81' lang='lat' dir='ltr'>sancti</span> <span class='ocrx_word' id='word_1_439' title='bbox 686 3063 1009 3122; x_wconf 89' lang='lat' dir='ltr'>Venerandi</span> <span class='ocrx_word' id='word_1_440' title='bbox 1030 3065 1184 3137; x_wconf 90' lang='lat' dir='ltr'>apud</span> <span class='ocrx_word' id='word_1_441' title='bbox 1203 3068 1497 3126; x_wconf 87' lang='lat' dir='ltr'>Arvernos</span> <span class='ocrx_word' id='word_1_442' title='bbox 1521 3070 1811 3127; x_wconf 85' lang='lat' dir='ltr'>exstitisse</span> <span class='ocrx_word' id='word_1_443' title='bbox 1837 3076 1992 3127; x_wconf 85' lang='lat' dir='ltr'>testa—</span> <span class='ocrx_word' id='word_1_444' title='bbox 2074 3069 2215 3127; x_wconf 87' lang='lat' dir='ltr'>siam</span> <span class='ocrx_word' id='word_1_445' title='bbox 2239 3067 2586 3125; x_wconf 84' lang='lat' dir='ltr'>convertisse</span> <span class='ocrx_word' id='word_1_446' title='bbox 2609 3076 2960 3126; x_wconf 85' lang='lat' dir='ltr'>memoratur</span> <span class='ocrx_word' id='word_1_447' title='bbox 2990 3070 3139 3143; x_wconf 89' lang='lat' dir='ltr'>apud</span> <span class='ocrx_word' id='word_1_448' title='bbox 3174 3070 3512 3144; x_wconf 81' lang='lat' dir='ltr'>Gregorium</span> <span class='ocrx_word' id='word_1_449' title='bbox 3539 3074 3685 3132; x_wconf 88' lang='lat' dir='ltr'>libro</span> <span class='ocrx_word' id='word_1_450' title='bbox 3703 3087 3787 3134; x_wconf 85' lang='lat' dir='ltr'>VII</span> 
     </span>
    </p>
   </div>
   <div class='ocr_carea' id='block_1_34' title="bbox 312 3152 3785 3255">
    <p class='ocr_par' dir='ltr' id='par_1_34' title="bbox 312 3152 3785 3255">
     <span class='ocr_line' id='line_1_34' title="bbox 312 3152 3785 3255; baseline 0.005 -49"><span class='ocrx_word' id='word_1_451' title='bbox 312 3156 385 3255; x_wconf 57' lang='lat' dir='ltr'>tui:</span> <span class='ocrx_word' id='word_1_452' title='bbox 408 3152 462 3209; x_wconf 92' lang='lat' dir='ltr'>in</span> <span class='ocrx_word' id='word_1_453' title='bbox 489 3154 644 3255; x_wconf 72' lang='lat' dir='ltr'>libro</span> <span class='ocrx_word' id='word_1_454' title='bbox 674 3154 985 3250; x_wconf 37' lang='lat' dir='ltr'>de&#39;Gloria</span> <span class='ocrx_word' id='word_1_455' title='bbox 1022 3156 1447 3227; x_wconf 79' lang='lat' dir='ltr'>Confessorum,</span> <span class='ocrx_word' id='word_1_456' title='bbox 1479 3160 1659 3232; x_wconf 90' lang='lat' dir='ltr'>capite</span> <span class='ocrx_word' id='word_1_457' title='bbox 1701 3161 1787 3231; x_wconf 88' lang='lat'>37,</span> <span class='ocrx_word' id='word_1_458' title='bbox 1838 3160 1991 3235; x_wconf 92' lang='lat' dir='ltr'>quod</span> <span class='ocrx_word' id='word_1_459' title='bbox 2015 3157 2363 3255; x_wconf 66' lang='lat' dir='ltr'>Cilistoriaa,</span> <span class='ocrx_word' id='word_1_460' title='bbox 2393 3158 2574 3229; x_wconf 88' lang='lat' dir='ltr'>capite</span> <span class='ocrx_word' id='word_1_461' title='bbox 2606 3157 2694 3214; x_wconf 80' lang='lat'>31.</span> <span class='ocrx_word' id='word_1_462' title='bbox 2731 3157 2841 3215; x_wconf 87' lang='lat' dir='ltr'>Sed</span> <span class='ocrx_word' id='word_1_463' title='bbox 2875 3159 3021 3255; x_wconf 62' lang='lat' dir='ltr'>etin</span> <span class='ocrx_word' id='word_1_464' title='bbox 3071 3158 3202 3255; x_wconf 80' lang='lat' dir='ltr'>aliis</span> <span class='ocrx_word' id='word_1_465' title='bbox 3245 3161 3459 3255; x_wconf 85' lang='lat' dir='ltr'>passim</span> <span class='ocrx_word' id='word_1_466' title='bbox 3510 3162 3648 3221; x_wconf 90' lang='lat' dir='ltr'>locis</span> <span class='ocrx_word' id='word_1_467' title='bbox 3689 3180 3785 3222; x_wconf 92' lang='lat' dir='ltr'>oc-</span> 
     </span>
    </p>
   </div>
   <div class='ocr_carea' id='block_1_35' title="bbox 313 3237 3789 3323">
    <p class='ocr_par' dir='ltr' id='par_1_35' title="bbox 313 3237 3789 3323">
     <span class='ocr_line' id='line_1_35' title="bbox 313 3237 3789 3323; baseline 0.005 -29"><span class='ocrx_word' id='word_1_468' title='bbox 313 3237 588 3299; x_wconf 85' lang='lat' dir='ltr'>tribunalis</span> <span class='ocrx_word' id='word_1_469' title='bbox 619 3241 860 3299; x_wconf 88' lang='lat' dir='ltr'>nomine</span> <span class='ocrx_word' id='word_1_470' title='bbox 883 3243 1027 3300; x_wconf 89' lang='lat' dir='ltr'>alias</span> <span class='ocrx_word' id='word_1_471' title='bbox 1047 3244 1351 3317; x_wconf 87' lang='lat' dir='ltr'>designare</span> <span class='ocrx_word' id='word_1_472' title='bbox 1381 3246 1627 3305; x_wconf 90' lang='lat' dir='ltr'>videtur.</span> <span class='ocrx_word' id='word_1_473' title='bbox 1662 3247 1748 3305; x_wconf 89' lang='lat' dir='ltr'>Ibi</span> <span class='ocrx_word' id='word_1_474' title='bbox 1780 3248 1994 3321; x_wconf 87' lang='lat' dir='ltr'>episco-</span> <span class='ocrx_word' id='word_1_475' title='bbox 2017 3237 2315 3304; x_wconf 58' lang='lat' dir='ltr'>&quot;currunt</span> <span class='ocrx_word' id='word_1_476' title='bbox 2355 3254 2685 3302; x_wconf 87' lang='lat' dir='ltr'>sanctorum</span> <span class='ocrx_word' id='word_1_477' title='bbox 2733 3245 2944 3303; x_wconf 91' lang='lat' dir='ltr'>tumuli</span> <span class='ocrx_word' id='word_1_478' title='bbox 2976 3246 3033 3302; x_wconf 92' lang='lat' dir='ltr'>in</span> <span class='ocrx_word' id='word_1_479' title='bbox 3065 3246 3437 3306; x_wconf 88' lang='lat' dir='ltr'>ecclesiarum</span> <span class='ocrx_word' id='word_1_480' title='bbox 3470 3252 3789 3323; x_wconf 85' lang='lat' dir='ltr'>parietibus</span> 
     </span>
    </p>
   </div>
   <div class='ocr_carea' id='block_1_36' title="bbox 311 3330 3788 3414">
    <p class='ocr_par' dir='ltr' id='par_1_36' title="bbox 311 3330 3788 3414">
     <span class='ocr_line' id='line_1_36' title="bbox 311 3330 3788 3414; baseline 0.004 -29"><span class='ocrx_word' id='word_1_481' title='bbox 311 3343 399 3399; x_wconf 85' lang='lat' dir='ltr'>pus</span> <span class='ocrx_word' id='word_1_482' title='bbox 442 3330 914 3401; x_wconf 89' lang='lat' dir='ltr'>concionabatur,</span> <span class='ocrx_word' id='word_1_483' title='bbox 974 3348 1089 3406; x_wconf 92' lang='lat' dir='ltr'>quo</span> <span class='ocrx_word' id='word_1_484' title='bbox 1137 3334 1309 3392; x_wconf 90' lang='lat' dir='ltr'>etiam</span> <span class='ocrx_word' id='word_1_485' title='bbox 1356 3335 1417 3392; x_wconf 93' lang='lat' dir='ltr'>in</span> <span class='ocrx_word' id='word_1_486' title='bbox 1471 3337 1589 3394; x_wconf 92' lang='lat' dir='ltr'>loco</span> <span class='ocrx_word' id='word_1_487' title='bbox 1636 3337 1907 3410; x_wconf 69' lang='lat' dir='ltr'>Epistolas</span> <span class='ocrx_word' id='word_1_488' title='bbox 1939 3344 1995 3395; x_wconf 90' lang='lat' dir='ltr'>et</span> <span class='ocrx_word' id='word_1_489' title='bbox 2078 3335 2311 3405; x_wconf 89' lang='lat' dir='ltr'>inclusi,</span> <span class='ocrx_word' id='word_1_490' title='bbox 2342 3351 2443 3394; x_wconf 91' lang='lat' dir='ltr'>seu</span> <span class='ocrx_word' id='word_1_491' title='bbox 2478 3334 2669 3408; x_wconf 84' lang='lat' dir='ltr'>potius</span> <span class='ocrx_word' id='word_1_492' title='bbox 2698 3334 2759 3391; x_wconf 89' lang='lat' dir='ltr'>in</span> <span class='ocrx_word' id='word_1_493' title='bbox 2789 3334 3057 3404; x_wconf 88' lang='lat' dir='ltr'>arcubus,</span> <span class='ocrx_word' id='word_1_494' title='bbox 3092 3337 3192 3410; x_wconf 92' lang='lat' dir='ltr'>qui</span> <span class='ocrx_word' id='word_1_495' title='bbox 3236 3338 3387 3395; x_wconf 89' lang='lat' dir='ltr'>intra</span> <span class='ocrx_word' id='word_1_496' title='bbox 3418 3338 3569 3412; x_wconf 88' lang='lat' dir='ltr'>ipsos</span> <span class='ocrx_word' id='word_1_497' title='bbox 3602 3341 3788 3414; x_wconf 87' lang='lat' dir='ltr'>parie-</span> 
     </span>
    </p>
   </div>
   <div class='ocr_carea' id='block_1_37' title="bbox 312 3415 1990 3498">
    <p class='ocr_par' dir='ltr' id='par_1_37' title="bbox 312 3415 1990 3498">
     <span class='ocr_line' id='line_1_37' title="bbox 312 3415 1990 3498; baseline 0.007 -25"><span class='ocrx_word' id='word_1_498' title='bbox 312 3415 577 3492; x_wconf 80' lang='lat' dir='ltr'>Evangelii</span> <span class='ocrx_word' id='word_1_499' title='bbox 608 3422 946 3493; x_wconf 77' lang='lat' dir='ltr'>legebantur</span> <span class='ocrx_word' id='word_1_500' title='bbox 966 3423 1025 3480; x_wconf 93' lang='lat' dir='ltr'>in</span> <span class='ocrx_word' id='word_1_501' title='bbox 1039 3425 1419 3482; x_wconf 90' lang='lat' dir='ltr'>conventibus</span> <span class='ocrx_word' id='word_1_502' title='bbox 1437 3426 1686 3498; x_wconf 89' lang='lat' dir='ltr'>publicis</span> <span class='ocrx_word' id='word_1_503' title='bbox 1715 3428 1990 3486; x_wconf 85' lang='lat' dir='ltr'>tidelium.</span> 
     </span>
    </p>
   </div>
   <div class='ocr_carea' id='block_1_38' title="bbox 312 3509 1995 3589">
    <p class='ocr_par' dir='ltr' id='par_1_38' title="bbox 312 3509 1995 3589">
     <span class='ocr_line' id='line_1_38' title="bbox 312 3509 1995 3589; baseline 0.009 -26"><span class='ocrx_word' id='word_1_504' title='bbox 312 3509 544 3581; x_wconf 83' lang='lat' dir='ltr'>Analogii</span> <span class='ocrx_word' id='word_1_505' title='bbox 590 3512 804 3570; x_wconf 81' lang='lat' dir='ltr'>veteris</span> <span class='ocrx_word' id='word_1_506' title='bbox 851 3521 1169 3571; x_wconf 89' lang='lat' dir='ltr'>accuratam</span> <span class='ocrx_word' id='word_1_507' title='bbox 1210 3515 1651 3589; x_wconf 88' lang='lat' dir='ltr'>descriptionem</span> <span class='ocrx_word' id='word_1_508' title='bbox 1693 3534 1767 3576; x_wconf 84' lang='lat' dir='ltr'>ex</span> <span class='ocrx_word' id='word_1_509' title='bbox 1813 3520 1995 3578; x_wconf 87' lang='lat' dir='ltr'>sancti</span> 
     </span>
    </p>
   </div>
   <div class='ocr_carea' id='block_1_39' title="bbox 314 3596 1998 3677">
    <p class='ocr_par' dir='ltr' id='par_1_39' title="bbox 314 3596 1998 3677">
     <span class='ocr_line' id='line_1_39' title="bbox 314 3596 1998 3677; baseline 0.008 -25"><span class='ocrx_word' id='word_1_510' title='bbox 314 3596 593 3657; x_wconf 83' lang='lat' dir='ltr'>Clementis</span> <span class='ocrx_word' id='word_1_511' title='bbox 627 3600 867 3659; x_wconf 81' lang='lat' dir='ltr'>ecclesia</span> <span class='ocrx_word' id='word_1_512' title='bbox 897 3603 1095 3661; x_wconf 64' lang='lat' dir='ltr'>Romae</span> <span class='ocrx_word' id='word_1_513' title='bbox 1126 3604 1302 3662; x_wconf 89' lang='lat' dir='ltr'>habes</span> <span class='ocrx_word' id='word_1_514' title='bbox 1325 3607 1476 3677; x_wconf 90' lang='lat' dir='ltr'>apud</span> <span class='ocrx_word' id='word_1_515' title='bbox 1504 3606 1905 3666; x_wconf 84' lang='lat' dir='ltr'>Mabillonium</span> <span class='ocrx_word' id='word_1_516' title='bbox 1937 3610 1998 3667; x_wconf 91' lang='lat' dir='ltr'>in</span> 
     </span>
    </p>
   </div>
   <div class='ocr_carea' id='block_1_40' title="bbox 312 3686 1999 3770">
    <p class='ocr_par' dir='ltr' id='par_1_40' title="bbox 312 3686 1999 3770">
     <span class='ocr_line' id='line_1_40' title="bbox 312 3686 1999 3770; baseline 0.008 -26"><span class='ocrx_word' id='word_1_517' title='bbox 312 3686 714 3748; x_wconf 80' lang='lat' dir='ltr'>Commentario</span> <span class='ocrx_word' id='word_1_518' title='bbox 727 3694 943 3765; x_wconf 61' lang='lat' dir='ltr'>praevio</span> <span class='ocrx_word' id='word_1_519' title='bbox 963 3697 1033 3751; x_wconf 90' lang='lat' dir='ltr'>ad</span> <span class='ocrx_word' id='word_1_520' title='bbox 1054 3695 1317 3754; x_wconf 90' lang='lat' dir='ltr'>ordinem</span> <span class='ocrx_word' id='word_1_521' title='bbox 1339 3697 1688 3770; x_wconf 82' lang='lat' dir='ltr'>Romanum,</span> <span class='ocrx_word' id='word_1_522' title='bbox 1714 3699 1999 3757; x_wconf 90' lang='lat' dir='ltr'>ubietiam</span> 
     </span>
    </p>
   </div>
   <div class='ocr_carea' id='block_1_41' title="bbox 312 3776 1997 3862">
    <p class='ocr_par' dir='ltr' id='par_1_41' title="bbox 312 3776 1997 3862">
     <span class='ocr_line' id='line_1_41' title="bbox 312 3776 1997 3862; baseline 0.009 -29"><span class='ocrx_word' id='word_1_523' title='bbox 312 3776 421 3850; x_wconf 86' lang='lat' dir='ltr'>ejus</span> <span class='ocrx_word' id='word_1_524' title='bbox 449 3778 924 3854; x_wconf 89' lang='lat' dir='ltr'>iconographiam</span> <span class='ocrx_word' id='word_1_525' title='bbox 956 3793 1343 3860; x_wconf 64' lang='lat' dir='ltr'>repraesentat.</span> <span class='ocrx_word' id='word_1_526' title='bbox 1388 3788 1568 3845; x_wconf 87' lang='lat' dir='ltr'>Erant</span> <span class='ocrx_word' id='word_1_527' title='bbox 1597 3798 1874 3862; x_wconf 55' lang='lat' dir='ltr'>praeterea</span> <span class='ocrx_word' id='word_1_528' title='bbox 1905 3806 1997 3848; x_wconf 85' lang='lat' dir='ltr'>ec-</span> 
     </span>
    </p>
   </div>
   <div class='ocr_carea' id='block_1_42' title="bbox 310 3866 1999 3954">
    <p class='ocr_par' dir='ltr' id='par_1_42' title="bbox 310 3866 1999 3954">
     <span class='ocr_line' id='line_1_42' title="bbox 310 3866 1999 3954; baseline 0.008 -29"><span class='ocrx_word' id='word_1_529' title='bbox 310 3866 593 3930; x_wconf 89' lang='lat' dir='ltr'>clesiarum</span> <span class='ocrx_word' id='word_1_530' title='bbox 628 3874 905 3946; x_wconf 88' lang='lat' dir='ltr'>porticus,</span> <span class='ocrx_word' id='word_1_531' title='bbox 934 3884 1169 3951; x_wconf 65' lang='lat' dir='ltr'>cryptae,</span> <span class='ocrx_word' id='word_1_532' title='bbox 1201 3895 1266 3936; x_wconf 91' lang='lat' dir='ltr'>ac</span> <span class='ocrx_word' id='word_1_533' title='bbox 1297 3895 1722 3954; x_wconf 89' lang='lat' dir='ltr'>nonnunquam</span> <span class='ocrx_word' id='word_1_534' title='bbox 1751 3881 1999 3939; x_wconf 88' lang='lat' dir='ltr'>oratoria</span> 
     </span>
    </p>
   </div>
   <div class='ocr_carea' id='block_1_43' title="bbox 312 3957 2001 4043">
    <p class='ocr_par' dir='ltr' id='par_1_43' title="bbox 312 3957 2001 4043">
     <span class='ocr_line' id='line_1_43' title="bbox 312 3957 2001 4043; baseline 0.01 -29"><span class='ocrx_word' id='word_1_535' title='bbox 312 3957 433 4029; x_wconf 85' lang='lat' dir='ltr'>ipsis</span> <span class='ocrx_word' id='word_1_536' title='bbox 459 3962 751 4037; x_wconf 88' lang='lat' dir='ltr'>adjuncta,</span> <span class='ocrx_word' id='word_1_537' title='bbox 785 3982 918 4041; x_wconf 67' lang='lat' dir='ltr'>quae</span> <span class='ocrx_word' id='word_1_538' title='bbox 955 3974 1009 4025; x_wconf 90' lang='lat' dir='ltr'>et</span> <span class='ocrx_word' id='word_1_539' title='bbox 1038 3984 1142 4026; x_wconf 91' lang='lat' dir='ltr'>sua</span> <span class='ocrx_word' id='word_1_540' title='bbox 1166 3970 1459 4029; x_wconf 88' lang='lat' dir='ltr'>habebant</span> <span class='ocrx_word' id='word_1_541' title='bbox 1489 3972 1711 4031; x_wconf 88' lang='lat' dir='ltr'>altaria.</span> <span class='ocrx_word' id='word_1_542' title='bbox 1753 3972 1905 4043; x_wconf 87' lang='lat' dir='ltr'>Quin</span> <span class='ocrx_word' id='word_1_543' title='bbox 1945 3979 2001 4032; x_wconf 90' lang='lat' dir='ltr'>et</span> 
     </span>
    </p>
   </div>
   <div class='ocr_carea' id='block_1_44' title="bbox 309 4048 1997 4138">
    <p class='ocr_par' dir='ltr' id='par_1_44' title="bbox 309 4048 1997 4138">
     <span class='ocr_line' id='line_1_44' title="bbox 309 4048 1997 4138; baseline 0.011 -32"><span class='ocrx_word' id='word_1_544' title='bbox 309 4048 459 4120; x_wconf 88' lang='lat' dir='ltr'>plura</span> <span class='ocrx_word' id='word_1_545' title='bbox 496 4054 554 4112; x_wconf 94' lang='lat' dir='ltr'>in</span> <span class='ocrx_word' id='word_1_546' title='bbox 585 4055 765 4114; x_wconf 89' lang='lat' dir='ltr'>unica</span> <span class='ocrx_word' id='word_1_547' title='bbox 802 4056 1038 4118; x_wconf 89' lang='lat' dir='ltr'>basilica</span> <span class='ocrx_word' id='word_1_548' title='bbox 1067 4061 1315 4120; x_wconf 88' lang='lat' dir='ltr'>oratoria</span> <span class='ocrx_word' id='word_1_549' title='bbox 1352 4077 1777 4138; x_wconf 90' lang='lat' dir='ltr'>nonnunquam</span> <span class='ocrx_word' id='word_1_550' title='bbox 1816 4065 1997 4124; x_wconf 90' lang='lat' dir='ltr'>fuisse</span> 
     </span>
    </p>
   </div>
   <div class='ocr_carea' id='block_1_45' title="bbox 2080 3421 3788 3497">
    <p class='ocr_par' dir='ltr' id='par_1_45' title="bbox 2080 3421 3788 3497">
     <span class='ocr_line' id='line_1_45' title="bbox 2080 3421 3788 3497; baseline 0.005 -17"><span class='ocrx_word' id='word_1_551' title='bbox 2080 3430 2163 3480; x_wconf 91' lang='lat' dir='ltr'>tes</span> <span class='ocrx_word' id='word_1_552' title='bbox 2208 3421 2521 3480; x_wconf 88' lang='lat' dir='ltr'>constructi</span> <span class='ocrx_word' id='word_1_553' title='bbox 2567 3428 2748 3479; x_wconf 89' lang='lat' dir='ltr'>erant.</span> <span class='ocrx_word' id='word_1_554' title='bbox 2782 3422 3094 3497; x_wconf 87' lang='lat' dir='ltr'>Nunquam</span> <span class='ocrx_word' id='word_1_555' title='bbox 3131 3440 3262 3483; x_wconf 90' lang='lat' dir='ltr'>vero</span> <span class='ocrx_word' id='word_1_556' title='bbox 3294 3434 3621 3486; x_wconf 89' lang='lat' dir='ltr'>sanctorum</span> <span class='ocrx_word' id='word_1_557' title='bbox 3650 3430 3788 3488; x_wconf 90' lang='lat' dir='ltr'>reli-</span> 
     </span>
    </p>
   </div>
   <div class='ocr_carea' id='block_1_46' title="bbox 2081 3510 3787 3590">
    <p class='ocr_par' dir='ltr' id='par_1_46' title="bbox 2081 3510 3787 3590">
     <span class='ocr_line' id='line_1_46' title="bbox 2081 3510 3787 3590; baseline 0.004 -20"><span class='ocrx_word' id='word_1_558' title='bbox 2081 3512 2246 3585; x_wconf 90' lang='lat' dir='ltr'>quias</span> <span class='ocrx_word' id='word_1_559' title='bbox 2276 3528 2451 3585; x_wconf 87' lang='lat' dir='ltr'>super</span> <span class='ocrx_word' id='word_1_560' title='bbox 2469 3510 2665 3578; x_wconf 89' lang='lat' dir='ltr'>altare,</span> <span class='ocrx_word' id='word_1_561' title='bbox 2695 3510 2804 3568; x_wconf 90' lang='lat' dir='ltr'>nisi</span> <span class='ocrx_word' id='word_1_562' title='bbox 2835 3513 3071 3570; x_wconf 87' lang='lat' dir='ltr'>fortasse</span> <span class='ocrx_word' id='word_1_563' title='bbox 3099 3513 3436 3573; x_wconf 85' lang='lat' dir='ltr'>brevissimo</span> <span class='ocrx_word' id='word_1_564' title='bbox 3460 3516 3787 3590; x_wconf 89' lang='lat' dir='ltr'>intervallo,</span> 
     </span>
    </p>
   </div>
   <div class='ocr_carea' id='block_1_47' title="bbox 2081 3600 3793 3676">
    <p class='ocr_par' dir='ltr' id='par_1_47' title="bbox 2081 3600 3793 3676">
     <span class='ocr_line' id='line_1_47' title="bbox 2081 3600 3793 3676; baseline 0.003 -17"><span class='ocrx_word' id='word_1_565' title='bbox 2081 3603 2365 3676; x_wconf 87' lang='lat' dir='ltr'>deponere</span> <span class='ocrx_word' id='word_1_566' title='bbox 2390 3602 2475 3658; x_wconf 89' lang='lat' dir='ltr'>fas</span> <span class='ocrx_word' id='word_1_567' title='bbox 2502 3601 2633 3669; x_wconf 74' lang='lat' dir='ltr'>fuit,</span> <span class='ocrx_word' id='word_1_568' title='bbox 2654 3600 2807 3674; x_wconf 90' lang='lat' dir='ltr'>quod</span> <span class='ocrx_word' id='word_1_569' title='bbox 2834 3617 2947 3659; x_wconf 92' lang='lat' dir='ltr'>non</span> <span class='ocrx_word' id='word_1_570' title='bbox 2960 3601 3069 3658; x_wconf 81' lang='lat' dir='ltr'>nis1</span> <span class='ocrx_word' id='word_1_571' title='bbox 3096 3601 3156 3659; x_wconf 91' lang='lat' dir='ltr'>in</span> <span class='ocrx_word' id='word_1_572' title='bbox 3182 3618 3383 3661; x_wconf 88' lang='lat' dir='ltr'>earum</span> <span class='ocrx_word' id='word_1_573' title='bbox 3410 3606 3793 3664; x_wconf 84' lang='lat' dir='ltr'>translationi-</span> 
     </span>
    </p>
   </div>
   <div class='ocr_carea' id='block_1_48' title="bbox 2083 3691 3787 3768">
    <p class='ocr_par' dir='ltr' id='par_1_48' title="bbox 2083 3691 3787 3768">
     <span class='ocr_line' id='line_1_48' title="bbox 2083 3691 3787 3768; baseline 0.001 -13"><span class='ocrx_word' id='word_1_574' title='bbox 2083 3696 2209 3766; x_wconf 88' lang='lat' dir='ltr'>bus,</span> <span class='ocrx_word' id='word_1_575' title='bbox 2239 3700 2337 3753; x_wconf 91' lang='lat' dir='ltr'>aut</span> <span class='ocrx_word' id='word_1_576' title='bbox 2360 3691 2876 3766; x_wconf 87' lang='lat' dir='ltr'>supplicationibus</span> <span class='ocrx_word' id='word_1_577' title='bbox 2900 3692 3167 3765; x_wconf 89' lang='lat' dir='ltr'>publicis,</span> <span class='ocrx_word' id='word_1_578' title='bbox 3194 3694 3297 3752; x_wconf 85' lang='lat' dir='ltr'>vix</span> <span class='ocrx_word' id='word_1_579' title='bbox 3335 3696 3787 3768; x_wconf 88' lang='lat' dir='ltr'>permittebatur.</span> 
     </span>
    </p>
   </div>
   <div class='ocr_carea' id='block_1_49' title="bbox 2152 3783 3791 3861">
    <p class='ocr_par' dir='ltr' id='par_1_49' title="bbox 2152 3783 3791 3861">
     <span class='ocr_line' id='line_1_49' title="bbox 2152 3783 3791 3861; baseline 0.002 -18"><span class='ocrx_word' id='word_1_580' title='bbox 2152 3785 2239 3845; x_wconf 88' lang='grc'>53.</span> <span class='ocrx_word' id='word_1_581' title='bbox 2274 3785 2615 3844; x_wconf 85' lang='lat' dir='ltr'>Sanctorum</span> <span class='ocrx_word' id='word_1_582' title='bbox 2644 3783 2861 3841; x_wconf 89' lang='lat' dir='ltr'>tumuli</span> <span class='ocrx_word' id='word_1_583' title='bbox 2890 3784 3077 3855; x_wconf 91' lang='lat' dir='ltr'>palliis</span> <span class='ocrx_word' id='word_1_584' title='bbox 3105 3784 3314 3856; x_wconf 90' lang='lat' dir='ltr'>operiri</span> <span class='ocrx_word' id='word_1_585' title='bbox 3351 3794 3791 3861; x_wconf 89' lang='lat' dir='ltr'>consueverant,</span> 
     </span>
    </p>
   </div>
   <div class='ocr_carea' id='block_1_50' title="bbox 2082 3874 3791 3952">
    <p class='ocr_par' dir='ltr' id='par_1_50' title="bbox 2082 3874 3791 3952">
     <span class='ocr_line' id='line_1_50' title="bbox 2082 3874 3791 3952; baseline 0.001 -17"><span class='ocrx_word' id='word_1_586' title='bbox 2082 3882 2137 3935; x_wconf 91' lang='lat' dir='ltr'>et</span> <span class='ocrx_word' id='word_1_587' title='bbox 2158 3874 2427 3934; x_wconf 89' lang='lat' dir='ltr'>cancellis</span> <span class='ocrx_word' id='word_1_588' title='bbox 2446 3874 2687 3944; x_wconf 90' lang='lat' dir='ltr'>includi,</span> <span class='ocrx_word' id='word_1_589' title='bbox 2702 3874 2748 3932; x_wconf 94' lang='lat' dir='ltr'>si</span> <span class='ocrx_word' id='word_1_590' title='bbox 2773 3890 3017 3947; x_wconf 86' lang='lat' dir='ltr'>magnus</span> <span class='ocrx_word' id='word_1_591' title='bbox 3035 3882 3182 3933; x_wconf 89' lang='lat' dir='ltr'>esset</span> <span class='ocrx_word' id='word_1_592' title='bbox 3202 3875 3271 3933; x_wconf 91' lang='lat' dir='ltr'>ad</span> <span class='ocrx_word' id='word_1_593' title='bbox 3296 3875 3424 3935; x_wconf 91' lang='lat' dir='ltr'>illos</span> <span class='ocrx_word' id='word_1_594' title='bbox 3446 3878 3791 3952; x_wconf 90' lang='lat' dir='ltr'>populorum</span> 
     </span>
    </p>
   </div>
   <div class='ocr_carea' id='block_1_51' title="bbox 2082 3964 3792 4038">
    <p class='ocr_par' dir='ltr' id='par_1_51' title="bbox 2082 3964 3792 4038">
     <span class='ocr_line' id='line_1_51' title="bbox 2082 3964 3792 4038; baseline 0.002 -14"><span class='ocrx_word' id='word_1_595' title='bbox 2082 3982 2395 4025; x_wconf 90' lang='lat' dir='ltr'>concursus</span> <span class='ocrx_word' id='word_1_596' title='bbox 2427 3984 2443 4037; x_wconf 85' lang='lat'>;</span> <span class='ocrx_word' id='word_1_597' title='bbox 2494 3965 2711 4023; x_wconf 90' lang='lat' dir='ltr'>ciboria</span> <span class='ocrx_word' id='word_1_598' title='bbox 2752 3964 2927 4022; x_wconf 88' lang='lat' dir='ltr'>etiam</span> <span class='ocrx_word' id='word_1_599' title='bbox 2958 3981 3130 4038; x_wconf 91' lang='lat' dir='ltr'>super</span> <span class='ocrx_word' id='word_1_600' title='bbox 3158 3965 3312 4038; x_wconf 90' lang='lat' dir='ltr'>ipsos</span> <span class='ocrx_word' id='word_1_601' title='bbox 3342 3969 3792 4030; x_wconf 80' lang='lat' dir='ltr'>exstruebantur</span> 
     </span>
    </p>
   </div>
   <div class='ocr_carea' id='block_1_52' title="bbox 2082 4055 3795 4132">
    <p class='ocr_par' dir='ltr' id='par_1_52' title="bbox 2082 4055 3795 4132">
     <span class='ocr_line' id='line_1_52' title="bbox 2082 4055 3795 4132; baseline 0.001 -14"><span class='ocrx_word' id='word_1_602' title='bbox 2082 4065 2138 4117; x_wconf 87' lang='lat' dir='ltr'>et</span> <span class='ocrx_word' id='word_1_603' title='bbox 2166 4059 2363 4125; x_wconf 70' lang='lat' dir='ltr'>fredae,</span> <span class='ocrx_word' id='word_1_604' title='bbox 2394 4056 2453 4114; x_wconf 90' lang='lat' dir='ltr'>id</span> <span class='ocrx_word' id='word_1_605' title='bbox 2482 4061 2565 4114; x_wconf 88' lang='lat' dir='ltr'>est</span> <span class='ocrx_word' id='word_1_606' title='bbox 2599 4055 2958 4126; x_wconf 89' lang='lat' dir='ltr'>umbracula,</span> <span class='ocrx_word' id='word_1_607' title='bbox 2993 4057 3208 4130; x_wconf 91' lang='lat' dir='ltr'>quibus</span> <span class='ocrx_word' id='word_1_608' title='bbox 3238 4057 3301 4115; x_wconf 92' lang='lat' dir='ltr'>in</span> <span class='ocrx_word' id='word_1_609' title='bbox 3332 4059 3647 4132; x_wconf 88' lang='lat' dir='ltr'>pyramidis</span> <span class='ocrx_word' id='word_1_610' title='bbox 3677 4076 3795 4119; x_wconf 89' lang='lat' dir='ltr'>mo-</span> 
     </span>
    </p>
   </div>
   <div class='ocr_carea' id='block_1_53' title="bbox 312 4144 3791 4229">
    <p class='ocr_par' dir='ltr' id='par_1_53' title="bbox 312 4144 3791 4229">
     <span class='ocr_line' id='line_1_53' title="bbox 312 4144 3791 4229; baseline 0.005 -36"><span class='ocrx_word' id='word_1_611' title='bbox 312 4152 374 4194; x_wconf 82' lang='lat' dir='ltr'>ex</span> <span class='ocrx_word' id='word_1_612' title='bbox 401 4144 594 4202; x_wconf 87' lang='lat' dir='ltr'>multis</span> <span class='ocrx_word' id='word_1_613' title='bbox 638 4145 899 4219; x_wconf 87' lang='lat' dir='ltr'>Gregorii</span> <span class='ocrx_word' id='word_1_614' title='bbox 940 4149 1078 4207; x_wconf 89' lang='lat' dir='ltr'>locis</span> <span class='ocrx_word' id='word_1_615' title='bbox 1116 4150 1284 4208; x_wconf 88' lang='lat' dir='ltr'>facile</span> <span class='ocrx_word' id='word_1_616' title='bbox 1322 4152 1660 4225; x_wconf 89' lang='lat' dir='ltr'>probaretur</span> <span class='ocrx_word' id='word_1_617' title='bbox 1688 4179 1700 4213; x_wconf 85' lang='lat'><strong>:</strong></span> <span class='ocrx_word' id='word_1_618' title='bbox 1734 4156 1858 4229; x_wconf 87' lang='lat' dir='ltr'>lege</span> <span class='ocrx_word' id='word_1_619' title='bbox 1888 4156 1997 4213; x_wconf 85' lang='lat' dir='ltr'>Hi-</span> <span class='ocrx_word' id='word_1_620' title='bbox 2085 4149 2228 4207; x_wconf 93' lang='lat' dir='ltr'>dum</span> <span class='ocrx_word' id='word_1_621' title='bbox 2257 4147 2655 4206; x_wconf 89' lang='lat' dir='ltr'>desinentibus</span> <span class='ocrx_word' id='word_1_622' title='bbox 2687 4162 3110 4219; x_wconf 89' lang='lat' dir='ltr'>nonnunquam</span> <span class='ocrx_word' id='word_1_623' title='bbox 3140 4164 3288 4206; x_wconf 87' lang='lat' dir='ltr'>crux</span> <span class='ocrx_word' id='word_1_624' title='bbox 3321 4149 3381 4206; x_wconf 87' lang='lat' dir='ltr'>in</span> <span class='ocrx_word' id='word_1_625' title='bbox 3414 4150 3639 4225; x_wconf 82' lang='lat' dir='ltr'>fastigio</span> <span class='ocrx_word' id='word_1_626' title='bbox 3678 4153 3791 4210; x_wconf 81' lang='lat' dir='ltr'>im-</span> 
     </span>
    </p>
   </div>
   <div class='ocr_carea' id='block_1_54' title="bbox 312 4228 3788 4316">
    <p class='ocr_par' dir='ltr' id='par_1_54' title="bbox 312 4228 3788 4316">
     <span class='ocr_line' id='line_1_54' title="bbox 312 4228 3788 4316; baseline 0.004 -32"><span class='ocrx_word' id='word_1_627' title='bbox 312 4228 519 4289; x_wconf 85' lang='lat' dir='ltr'>storiam</span> <span class='ocrx_word' id='word_1_628' title='bbox 544 4233 696 4291; x_wconf 90' lang='lat' dir='ltr'>libro</span> <span class='ocrx_word' id='word_1_629' title='bbox 711 4246 768 4303; x_wconf 83' lang='lat' dir='ltr'>v,</span> <span class='ocrx_word' id='word_1_630' title='bbox 785 4237 967 4308; x_wconf 89' lang='lat' dir='ltr'>capite</span> <span class='ocrx_word' id='word_1_631' title='bbox 988 4237 1075 4310; x_wconf 85' lang='lat'>50,</span> <span class='ocrx_word' id='word_1_632' title='bbox 1090 4244 1193 4297; x_wconf 89' lang='lat' dir='ltr'>etc.</span> <span class='ocrx_word' id='word_1_633' title='bbox 1212 4240 1493 4299; x_wconf 88' lang='lat' dir='ltr'>Ecclesias</span> <span class='ocrx_word' id='word_1_634' title='bbox 1509 4228 1996 4316; x_wconf 83' lang='lat' dir='ltr'>verocomplures,</span> <span class='ocrx_word' id='word_1_635' title='bbox 2085 4238 2267 4313; x_wconf 91' lang='lat' dir='ltr'>posita</span> <span class='ocrx_word' id='word_1_636' title='bbox 2295 4244 2435 4309; x_wconf 90' lang='lat' dir='ltr'>erat,</span> <span class='ocrx_word' id='word_1_637' title='bbox 2470 4243 2533 4295; x_wconf 91' lang='lat' dir='ltr'>ut</span> <span class='ocrx_word' id='word_1_638' title='bbox 2561 4236 2631 4294; x_wconf 90' lang='lat' dir='ltr'>de</span> <span class='ocrx_word' id='word_1_639' title='bbox 2661 4235 2888 4294; x_wconf 91' lang='lat' dir='ltr'>tumulo</span> <span class='ocrx_word' id='word_1_640' title='bbox 2921 4237 3101 4293; x_wconf 90' lang='lat' dir='ltr'>sancti</span> <span class='ocrx_word' id='word_1_641' title='bbox 3131 4236 3352 4295; x_wconf 89' lang='lat' dir='ltr'>Juliani</span> <span class='ocrx_word' id='word_1_642' title='bbox 3386 4240 3657 4313; x_wconf 89' lang='lat' dir='ltr'>martyris</span> <span class='ocrx_word' id='word_1_643' title='bbox 3685 4240 3788 4298; x_wconf 87' lang='lat' dir='ltr'>ob-</span> 
     </span>
    </p>
   </div>
   <div class='ocr_carea' id='block_1_55' title="bbox 312 4323 3789 4400">
    <p class='ocr_par' dir='ltr' id='par_1_55' title="bbox 312 4323 3789 4400">
     <span class='ocr_line' id='line_1_55' title="bbox 312 4323 3789 4400; baseline 0.004 -24"><span class='ocrx_word' id='word_1_644' title='bbox 312 4323 534 4379; x_wconf 77' lang='lat' dir='ltr'>oratoria</span> <span class='ocrx_word' id='word_1_645' title='bbox 603 4331 662 4381; x_wconf 87' lang='lat' dir='ltr'>et</span> <span class='ocrx_word' id='word_1_646' title='bbox 706 4326 911 4385; x_wconf 91' lang='lat' dir='ltr'>altaria</span> <span class='ocrx_word' id='word_1_647' title='bbox 959 4346 993 4386; x_wconf 91' lang='lat' dir='ltr'>a</span> <span class='ocrx_word' id='word_1_648' title='bbox 1044 4346 1104 4387; x_wconf 89' lang='lat' dir='ltr'>se</span> <span class='ocrx_word' id='word_1_649' title='bbox 1187 4337 1512 4391; x_wconf 87' lang='lat' dir='ltr'>consecrata</span> <span class='ocrx_word' id='word_1_650' title='bbox 1572 4335 1747 4393; x_wconf 90' lang='lat' dir='ltr'>fuisse</span> <span class='ocrx_word' id='word_1_651' title='bbox 1802 4335 2002 4393; x_wconf 83' lang='lat' dir='ltr'>scribit</span> <span class='ocrx_word' id='word_1_652' title='bbox 2086 4334 2275 4387; x_wconf 89' lang='lat' dir='ltr'>servat</span> <span class='ocrx_word' id='word_1_653' title='bbox 2297 4326 2624 4399; x_wconf 87' lang='lat' dir='ltr'>Gregorius,</span> <span class='ocrx_word' id='word_1_654' title='bbox 2657 4326 2837 4399; x_wconf 87' lang='lat' dir='ltr'>capite</span> <span class='ocrx_word' id='word_1_655' title='bbox 2867 4324 2935 4382; x_wconf 74' lang='lat'>20</span> <span class='ocrx_word' id='word_1_656' title='bbox 2966 4326 3091 4400; x_wconf 91' lang='lat' dir='ltr'>ejus</span> <span class='ocrx_word' id='word_1_657' title='bbox 3120 4326 3555 4387; x_wconf 89' lang='lat' dir='ltr'>Miraculorum.</span> <span class='ocrx_word' id='word_1_658' title='bbox 3589 4330 3789 4389; x_wconf 78' lang='lat' dir='ltr'>Crucis</span> 
     </span>
    </p>
   </div>
   <div class='ocr_carea' id='block_1_56' title="bbox 310 4405 3789 4488">
    <p class='ocr_par' dir='ltr' id='par_1_56' title="bbox 310 4405 3789 4488">
     <span class='ocr_line' id='line_1_56' title="bbox 310 4405 3789 4488; baseline 0.002 -18"><span class='ocrx_word' id='word_1_659' title='bbox 310 4405 426 4469; x_wconf 77' lang='lat' dir='ltr'>libri</span> <span class='ocrx_word' id='word_1_660' title='bbox 456 4424 495 4471; x_wconf 73' lang='grc' dir='ltr'>Χ</span> <span class='ocrx_word' id='word_1_661' title='bbox 525 4416 715 4487; x_wconf 90' lang='lat' dir='ltr'>capite</span> <span class='ocrx_word' id='word_1_662' title='bbox 740 4417 967 4488; x_wconf 85' lang='lat' dir='ltr'>ultimo,</span> <span class='ocrx_word' id='word_1_663' title='bbox 1001 4420 1099 4477; x_wconf 88' lang='lat' dir='ltr'>sed</span> <span class='ocrx_word' id='word_1_664' title='bbox 1138 4420 1515 4481; x_wconf 79' lang='lat' dir='ltr'>dedicationis</span> <span class='ocrx_word' id='word_1_665' title='bbox 1545 4425 1803 4482; x_wconf 57' lang='lat' dir='ltr'>ecclesiae</span> <span class='ocrx_word' id='word_1_666' title='bbox 1830 4441 2002 4483; x_wconf 62' lang='lat' dir='ltr'>aere-</span> <span class='ocrx_word' id='word_1_667' title='bbox 2084 4418 2206 4476; x_wconf 92' lang='lat' dir='ltr'>loco</span> <span class='ocrx_word' id='word_1_668' title='bbox 2234 4415 2533 4475; x_wconf 87' lang='lat' dir='ltr'>nonnullis</span> <span class='ocrx_word' id='word_1_669' title='bbox 2566 4415 2751 4473; x_wconf 88' lang='lat' dir='ltr'>inerat</span> <span class='ocrx_word' id='word_1_670' title='bbox 2782 4412 3066 4484; x_wconf 90' lang='lat' dir='ltr'>columba,</span> <span class='ocrx_word' id='word_1_671' title='bbox 3100 4415 3288 4488; x_wconf 87' lang='lat' dir='ltr'>qualis</span> <span class='ocrx_word' id='word_1_672' title='bbox 3327 4416 3615 4475; x_wconf 85' lang='lat' dir='ltr'>exstitisse</span> <span class='ocrx_word' id='word_1_673' title='bbox 3646 4418 3789 4477; x_wconf 89' lang='lat' dir='ltr'>dici-</span> 
     </span>
    </p>
   </div>
   <div class='ocr_carea' id='block_1_57' title="bbox 312 4499 3791 4580">
    <p class='ocr_par' dir='ltr' id='par_1_57' title="bbox 312 4499 3791 4580">
     <span class='ocr_line' id='line_1_57' title="bbox 312 4499 3791 4580; baseline 0.004 -26"><span class='ocrx_word' id='word_1_674' title='bbox 312 4499 513 4559; x_wconf 87' lang='lat' dir='ltr'>monias</span> <span class='ocrx_word' id='word_1_675' title='bbox 544 4502 888 4575; x_wconf 83' lang='lat' dir='ltr'>singulatim</span> <span class='ocrx_word' id='word_1_676' title='bbox 917 4509 1155 4580; x_wconf 89' lang='lat' dir='ltr'>exponit</span> <span class='ocrx_word' id='word_1_677' title='bbox 1184 4509 1244 4567; x_wconf 90' lang='lat' dir='ltr'>in</span> <span class='ocrx_word' id='word_1_678' title='bbox 1272 4510 1419 4569; x_wconf 90' lang='lat' dir='ltr'>libro</span> <span class='ocrx_word' id='word_1_679' title='bbox 1447 4512 1515 4569; x_wconf 92' lang='lat' dir='ltr'>de</span> <span class='ocrx_word' id='word_1_680' title='bbox 1546 4512 1739 4571; x_wconf 89' lang='lat' dir='ltr'>Gloria</span> <span class='ocrx_word' id='word_1_681' title='bbox 1765 4514 2180 4579; x_wconf 80' lang='lat' dir='ltr'>Confes-Dtur</span> <span class='ocrx_word' id='word_1_682' title='bbox 2242 4523 2416 4580; x_wconf 90' lang='lat' dir='ltr'>supra</span> <span class='ocrx_word' id='word_1_683' title='bbox 2482 4504 2633 4562; x_wconf 91' lang='lat' dir='ltr'>beati</span> <span class='ocrx_word' id='word_1_684' title='bbox 2709 4503 2968 4577; x_wconf 89' lang='lat' dir='ltr'>Dionysii</span> <span class='ocrx_word' id='word_1_685' title='bbox 3046 4503 3376 4575; x_wconf 87' lang='lat' dir='ltr'>sepulcrum</span> <span class='ocrx_word' id='word_1_686' title='bbox 3450 4504 3512 4563; x_wconf 90' lang='lat' dir='ltr'>in</span> <span class='ocrx_word' id='word_1_687' title='bbox 3568 4505 3715 4566; x_wconf 91' lang='lat' dir='ltr'>libro</span> <span class='ocrx_word' id='word_1_688' title='bbox 3772 4522 3791 4568; x_wconf 87' lang='grc' dir='ltr'>Ι</span> 
     </span>
    </p>
   </div>
   <div class='ocr_carea' id='block_1_58' title="bbox 308 4596 2004 4667">
    <p class='ocr_par' dir='ltr' id='par_1_58' title="bbox 308 4596 2004 4667">
     <span class='ocr_line' id='line_1_58' title="bbox 308 4596 2004 4667; baseline 0.009 -21"><span class='ocrx_word' id='word_1_689' title='bbox 308 4602 508 4665; x_wconf 83' lang='lat' dir='ltr'>serum,</span> <span class='ocrx_word' id='word_1_690' title='bbox 560 4596 749 4667; x_wconf 88' lang='lat' dir='ltr'>capite</span> <span class='ocrx_word' id='word_1_691' title='bbox 785 4596 887 4667; x_wconf 77' lang='lat'>&quot;20,</span> <span class='ocrx_word' id='word_1_692' title='bbox 942 4598 1043 4656; x_wconf 91' lang='lat' dir='ltr'>ubi</span> <span class='ocrx_word' id='word_1_693' title='bbox 1073 4600 1305 4658; x_wconf 89' lang='lat' dir='ltr'>oratorii</span> <span class='ocrx_word' id='word_1_694' title='bbox 1336 4602 1427 4659; x_wconf 92' lang='lat' dir='ltr'>sui</span> <span class='ocrx_word' id='word_1_695' title='bbox 1456 4602 1872 4662; x_wconf 89' lang='lat' dir='ltr'>dedicationem</span> <span class='ocrx_word' id='word_1_696' title='bbox 1911 4604 2004 4662; x_wconf 90' lang='lat' dir='ltr'>de-</span> 
     </span>
    </p>
   </div>
   <div class='ocr_carea' id='block_1_59' title="bbox 310 4681 2003 4766">
    <p class='ocr_par' dir='ltr' id='par_1_59' title="bbox 310 4681 2003 4766">
     <span class='ocr_line' id='line_1_59' title="bbox 310 4681 2003 4766; baseline 0.01 -31"><span class='ocrx_word' id='word_1_697' title='bbox 310 4681 505 4741; x_wconf 88' lang='lat' dir='ltr'>scribit.</span> <span class='ocrx_word' id='word_1_698' title='bbox 539 4686 765 4744; x_wconf 79' lang='lat' dir='ltr'>Altaria</span> <span class='ocrx_word' id='word_1_699' title='bbox 793 4694 988 4747; x_wconf 88' lang='lat' dir='ltr'>autem</span> <span class='ocrx_word' id='word_1_700' title='bbox 1039 4705 1371 4749; x_wconf 89' lang='lat' dir='ltr'>consecrare</span> <span class='ocrx_word' id='word_1_701' title='bbox 1414 4692 1632 4766; x_wconf 90' lang='lat' dir='ltr'>absque</span> <span class='ocrx_word' id='word_1_702' title='bbox 1675 4702 2003 4752; x_wconf 89' lang='lat' dir='ltr'>sanctorum</span> 
     </span>
    </p>
   </div>
   <div class='ocr_carea' id='block_1_60' title="bbox 309 4770 2004 4858">
    <p class='ocr_par' dir='ltr' id='par_1_60' title="bbox 309 4770 2004 4858">
     <span class='ocr_line' id='line_1_60' title="bbox 309 4770 2004 4858; baseline 0.008 -30"><span class='ocrx_word' id='word_1_703' title='bbox 309 4770 560 4845; x_wconf 88' lang='lat' dir='ltr'>reliquiis</span> <span class='ocrx_word' id='word_1_704' title='bbox 589 4778 754 4833; x_wconf 86' lang='lat' dir='ltr'>nefas</span> <span class='ocrx_word' id='word_1_705' title='bbox 792 4784 930 4853; x_wconf 85' lang='lat' dir='ltr'>erat.</span> <span class='ocrx_word' id='word_1_706' title='bbox 968 4779 1127 4838; x_wconf 88' lang='lat' dir='ltr'>Unde</span> <span class='ocrx_word' id='word_1_707' title='bbox 1158 4780 1447 4840; x_wconf 87' lang='lat' dir='ltr'>Palladius</span> <span class='ocrx_word' id='word_1_708' title='bbox 1478 4781 1853 4841; x_wconf 86' lang='lat' dir='ltr'>Santonensis</span> <span class='ocrx_word' id='word_1_709' title='bbox 1881 4785 2004 4858; x_wconf 91' lang='lat' dir='ltr'>epi-</span> 
     </span>
    </p>
   </div>
   <div class='ocr_carea' id='block_1_61' title="bbox 310 4867 2005 4945">
    <p class='ocr_par' dir='ltr' id='par_1_61' title="bbox 310 4867 2005 4945">
     <span class='ocr_line' id='line_1_61' title="bbox 310 4867 2005 4945; baseline 0.009 -29"><span class='ocrx_word' id='word_1_710' title='bbox 310 4875 500 4933; x_wconf 86' lang='lat' dir='ltr'>scopus</span> <span class='ocrx_word' id='word_1_711' title='bbox 546 4880 583 4921; x_wconf 87' lang='lat' dir='ltr'>a</span> <span class='ocrx_word' id='word_1_712' title='bbox 637 4873 834 4925; x_wconf 89' lang='lat' dir='ltr'>sancto</span> <span class='ocrx_word' id='word_1_713' title='bbox 881 4867 1155 4938; x_wconf 86' lang='lat' dir='ltr'>Gregorio</span> <span class='ocrx_word' id='word_1_714' title='bbox 1205 4886 1350 4942; x_wconf 89' lang='lat' dir='ltr'>papa</span> <span class='ocrx_word' id='word_1_715' title='bbox 1394 4872 1679 4941; x_wconf 87' lang='lat' dir='ltr'>ejusmodi</span> <span class='ocrx_word' id='word_1_716' title='bbox 1732 4873 2005 4945; x_wconf 89' lang='lat' dir='ltr'>reliquias</span> 
     </span>
    </p>
   </div>
   <div class='ocr_carea' id='block_1_62' title="bbox 308 4952 1999 5034">
    <p class='ocr_par' dir='ltr' id='par_1_62' title="bbox 308 4952 1999 5034">
     <span class='ocr_line' id='line_1_62' title="bbox 308 4952 1999 5034; baseline 0.008 -26"><span class='ocrx_word' id='word_1_717' title='bbox 308 4952 574 5025; x_wconf 86' lang='lat' dir='ltr'>poposcit,</span> <span class='ocrx_word' id='word_1_718' title='bbox 616 4972 761 5027; x_wconf 89' lang='lat' dir='ltr'>quas</span> <span class='ocrx_word' id='word_1_719' title='bbox 790 4958 849 5015; x_wconf 94' lang='lat' dir='ltr'>in</span> <span class='ocrx_word' id='word_1_720' title='bbox 882 4958 1159 5017; x_wconf 87' lang='lat' dir='ltr'>altaribus</span> <span class='ocrx_word' id='word_1_721' title='bbox 1194 4975 1224 5016; x_wconf 91' lang='lat' dir='ltr'>a</span> <span class='ocrx_word' id='word_1_722' title='bbox 1254 4976 1313 5017; x_wconf 89' lang='lat' dir='ltr'>se</span> <span class='ocrx_word' id='word_1_723' title='bbox 1342 4963 1653 5020; x_wconf 85' lang='lat' dir='ltr'>exstructis</span> <span class='ocrx_word' id='word_1_724' title='bbox 1682 4968 1999 5034; x_wconf 88' lang='lat' dir='ltr'>reponeret.</span> 
     </span>
    </p>
   </div>
   <div class='ocr_carea' id='block_1_63' title="bbox 379 5043 2000 5127">
    <p class='ocr_par' dir='ltr' id='par_1_63' title="bbox 379 5043 2000 5127">
     <span class='ocr_line' id='line_1_63' title="bbox 379 5043 2000 5127; baseline 0.007 -28"><span class='ocrx_word' id='word_1_725' title='bbox 379 5043 464 5106; x_wconf 74' lang='grc'>52.</span> <span class='ocrx_word' id='word_1_726' title='bbox 508 5044 812 5119; x_wconf 82' lang='lat' dir='ltr'>Reliquias</span> <span class='ocrx_word' id='word_1_727' title='bbox 833 5056 1162 5109; x_wconf 89' lang='lat' dir='ltr'>sanctorum</span> <span class='ocrx_word' id='word_1_728' title='bbox 1184 5052 1431 5124; x_wconf 90' lang='lat' dir='ltr'>appellat</span> <span class='ocrx_word' id='word_1_729' title='bbox 1452 5052 1781 5127; x_wconf 88' lang='lat' dir='ltr'>Gregorius,</span> <span class='ocrx_word' id='word_1_730' title='bbox 1806 5054 2000 5111; x_wconf 90' lang='lat' dir='ltr'>velum</span> 
     </span>
    </p>
   </div>
   <div class='ocr_carea' id='block_1_64' title="bbox 304 5139 2006 5216">
    <p class='ocr_par' dir='ltr' id='par_1_64' title="bbox 304 5139 2006 5216">
     <span class='ocr_line' id='line_1_64' title="bbox 304 5139 2006 5216; baseline 0.003 -19"><span class='ocrx_word' id='word_1_731' title='bbox 304 5139 545 5213; x_wconf 85' lang='lat' dir='ltr'>sepulcri</span> <span class='ocrx_word' id='word_1_732' title='bbox 571 5139 824 5212; x_wconf 87' lang='lat' dir='ltr'>alicujus</span> <span class='ocrx_word' id='word_1_733' title='bbox 852 5140 1051 5209; x_wconf 88' lang='lat' dir='ltr'>sancti,</span> <span class='ocrx_word' id='word_1_734' title='bbox 1092 5147 1191 5199; x_wconf 90' lang='lat' dir='ltr'>aut</span> <span class='ocrx_word' id='word_1_735' title='bbox 1224 5140 1460 5215; x_wconf 90' lang='lat' dir='ltr'>pallium</span> <span class='ocrx_word' id='word_1_736' title='bbox 1495 5143 1751 5216; x_wconf 90' lang='lat' dir='ltr'>ejusdem</span> <span class='ocrx_word' id='word_1_737' title='bbox 1779 5144 2006 5203; x_wconf 88' lang='lat' dir='ltr'>tumulo</span> 
     </span>
    </p>
   </div>
   <div class='ocr_carea' id='block_1_65' title="bbox 302 5230 2008 5305">
    <p class='ocr_par' dir='ltr' id='par_1_65' title="bbox 302 5230 2008 5305">
     <span class='ocr_line' id='line_1_65' title="bbox 302 5230 2008 5305; baseline 0.004 -18"><span class='ocrx_word' id='word_1_738' title='bbox 302 5230 662 5305; x_wconf 87' lang='lat' dir='ltr'>impositum,</span> <span class='ocrx_word' id='word_1_739' title='bbox 686 5247 894 5301; x_wconf 88' lang='lat' dir='ltr'>ceram,</span> <span class='ocrx_word' id='word_1_740' title='bbox 920 5232 1232 5289; x_wconf 89' lang='lat' dir='ltr'>autoleum</span> <span class='ocrx_word' id='word_1_741' title='bbox 1261 5250 1334 5290; x_wconf 79' lang='lat' dir='ltr'>ex</span> <span class='ocrx_word' id='word_1_742' title='bbox 1357 5232 1718 5305; x_wconf 86' lang='lat' dir='ltr'>lampadibus</span> <span class='ocrx_word' id='word_1_743' title='bbox 1748 5242 1803 5292; x_wconf 91' lang='lat' dir='ltr'>et</span> <span class='ocrx_word' id='word_1_744' title='bbox 1829 5235 2008 5293; x_wconf 89' lang='lat' dir='ltr'>cereis</span> 
     </span>
    </p>
   </div>
   <div class='ocr_carea' id='block_1_66' title="bbox 303 5322 2009 5397">
    <p class='ocr_par' dir='ltr' id='par_1_66' title="bbox 303 5322 2009 5397">
     <span class='ocr_line' id='line_1_66' title="bbox 303 5322 2009 5397; baseline 0.001 -19"><span class='ocrx_word' id='word_1_745' title='bbox 303 5322 395 5394; x_wconf 90' lang='lat' dir='ltr'>qui</span> <span class='ocrx_word' id='word_1_746' title='bbox 423 5322 509 5379; x_wconf 90' lang='lat' dir='ltr'>ibi</span> <span class='ocrx_word' id='word_1_747' title='bbox 540 5322 745 5379; x_wconf 90' lang='lat' dir='ltr'>ardere</span> <span class='ocrx_word' id='word_1_748' title='bbox 777 5322 1069 5393; x_wconf 82' lang='lat' dir='ltr'>solebant;</span> <span class='ocrx_word' id='word_1_749' title='bbox 1104 5323 1240 5381; x_wconf 89' lang='lat' dir='ltr'>item</span> <span class='ocrx_word' id='word_1_750' title='bbox 1272 5324 1572 5397; x_wconf 86' lang='lat' dir='ltr'>pulverem</span> <span class='ocrx_word' id='word_1_751' title='bbox 1600 5322 1813 5382; x_wconf 78' lang='lat' dir='ltr'>exinde</span> <span class='ocrx_word' id='word_1_752' title='bbox 1842 5324 2009 5381; x_wconf 90' lang='lat' dir='ltr'>colle-</span> 
     </span>
    </p>
   </div>
   <div class='ocr_carea' id='block_1_67' title="bbox 299 5410 2007 5487">
    <p class='ocr_par' dir='ltr' id='par_1_67' title="bbox 299 5410 2007 5487">
     <span class='ocr_line' id='line_1_67' title="bbox 299 5410 2007 5487; baseline 0.004 -23"><span class='ocrx_word' id='word_1_753' title='bbox 299 5417 472 5479; x_wconf 88' lang='lat' dir='ltr'>ctum,</span> <span class='ocrx_word' id='word_1_754' title='bbox 505 5410 785 5469; x_wconf 86' lang='lat' dir='ltr'>herbulas</span> <span class='ocrx_word' id='word_1_755' title='bbox 812 5418 915 5468; x_wconf 88' lang='lat' dir='ltr'>aut</span> <span class='ocrx_word' id='word_1_756' title='bbox 953 5410 1120 5469; x_wconf 86' lang='lat' dir='ltr'>ﬂores</span> <span class='ocrx_word' id='word_1_757' title='bbox 1150 5411 1231 5469; x_wconf 92' lang='lat' dir='ltr'>ibi</span> <span class='ocrx_word' id='word_1_758' title='bbox 1255 5411 1561 5484; x_wconf 79' lang='lat' dir='ltr'>appositos,</span> <span class='ocrx_word' id='word_1_759' title='bbox 1595 5414 1825 5487; x_wconf 85' lang='lat' dir='ltr'>aliaque</span> <span class='ocrx_word' id='word_1_760' title='bbox 1849 5430 2007 5487; x_wconf 82' lang='lat' dir='ltr'>ejus-</span> 
     </span>
    </p>
   </div>
   <div class='ocr_carea' id='block_1_68' title="bbox 300 5500 2006 5575">
    <p class='ocr_par' dir='ltr' id='par_1_68' title="bbox 300 5500 2006 5575">
     <span class='ocr_line' id='line_1_68' title="bbox 300 5500 2006 5575; baseline 0.002 -19"><span class='ocrx_word' id='word_1_761' title='bbox 300 5500 470 5558; x_wconf 90' lang='lat' dir='ltr'>modi.</span> <span class='ocrx_word' id='word_1_762' title='bbox 503 5500 857 5559; x_wconf 89' lang='lat' dir='ltr'>Sanctorum</span> <span class='ocrx_word' id='word_1_763' title='bbox 881 5504 1071 5558; x_wconf 88' lang='lat' dir='ltr'>tamen</span> <span class='ocrx_word' id='word_1_764' title='bbox 1092 5500 1599 5575; x_wconf 85' lang='lat' dir='ltr'>aliquot,maxime</span> <span class='ocrx_word' id='word_1_765' title='bbox 1616 5502 2006 5575; x_wconf 86' lang='lat' dir='ltr'>orientalium,</span> 
     </span>
    </p>
   </div>
   <div class='ocr_carea' id='block_1_69' title="bbox 296 5590 2010 5663">
    <p class='ocr_par' dir='ltr' id='par_1_69' title="bbox 296 5590 2010 5663">
     <span class='ocr_line' id='line_1_69' title="bbox 296 5590 2010 5663; baseline 0.002 -16"><span class='ocrx_word' id='word_1_766' title='bbox 296 5604 421 5648; x_wconf 87' lang='lat' dir='ltr'>ossa</span> <span class='ocrx_word' id='word_1_767' title='bbox 486 5590 880 5659; x_wconf 86' lang='lat' dir='ltr'>habebantur,</span> <span class='ocrx_word' id='word_1_768' title='bbox 929 5605 1064 5663; x_wconf 61' lang='lat' dir='ltr'>quae</span> <span class='ocrx_word' id='word_1_769' title='bbox 1112 5590 1285 5649; x_wconf 90' lang='lat' dir='ltr'>etiam</span> <span class='ocrx_word' id='word_1_770' title='bbox 1339 5592 1717 5661; x_wconf 75' lang='lat' dir='ltr'>Reliquia-rum</span> <span class='ocrx_word' id='word_1_771' title='bbox 1771 5590 2010 5651; x_wconf 89' lang='lat' dir='ltr'>nomine</span> 
     </span>
    </p>
   </div>
   <div class='ocr_carea' id='block_1_70' title="bbox 297 5679 2008 5759">
    <p class='ocr_par' dir='ltr' id='par_1_70' title="bbox 297 5679 2008 5759">
     <span class='ocr_line' id='line_1_70' title="bbox 297 5679 2008 5759; baseline 0.002 -21"><span class='ocrx_word' id='word_1_772' title='bbox 297 5679 452 5741; x_wconf 90' lang='lat' dir='ltr'>idem</span> <span class='ocrx_word' id='word_1_773' title='bbox 500 5689 709 5742; x_wconf 89' lang='lat' dir='ltr'>auctor</span> <span class='ocrx_word' id='word_1_774' title='bbox 738 5683 1017 5757; x_wconf 85' lang='lat' dir='ltr'>designat.</span> <span class='ocrx_word' id='word_1_775' title='bbox 1070 5682 1375 5757; x_wconf 88' lang='lat' dir='ltr'>Ejusmodi</span> <span class='ocrx_word' id='word_1_776' title='bbox 1406 5684 1670 5758; x_wconf 80' lang='lat' dir='ltr'>reliquiae</span> <span class='ocrx_word' id='word_1_777' title='bbox 1714 5683 1776 5743; x_wconf 88' lang='lat' dir='ltr'>in</span> <span class='ocrx_word' id='word_1_778' title='bbox 1818 5683 2008 5759; x_wconf 88' lang='lat' dir='ltr'>lapide</span> 
     </span>
    </p>
   </div>
   <div class='ocr_carea' id='block_1_71' title="bbox 2085 4593 3787 4666">
    <p class='ocr_par' dir='ltr' id='par_1_71' title="bbox 2085 4593 3787 4666">
     <span class='ocr_line' id='line_1_71' title="bbox 2085 4593 3787 4666; baseline 0.001 -11"><span class='ocrx_word' id='word_1_779' title='bbox 2085 4598 2156 4655; x_wconf 91' lang='lat' dir='ltr'>de</span> <span class='ocrx_word' id='word_1_780' title='bbox 2207 4596 2401 4655; x_wconf 89' lang='lat' dir='ltr'>Gloria</span> <span class='ocrx_word' id='word_1_781' title='bbox 2450 4601 2790 4666; x_wconf 86' lang='lat' dir='ltr'>martyrum,</span> <span class='ocrx_word' id='word_1_782' title='bbox 2823 4593 3005 4666; x_wconf 88' lang='lat' dir='ltr'>capite</span> <span class='ocrx_word' id='word_1_783' title='bbox 3035 4593 3122 4650; x_wconf 75' lang='grc'>72.</span> <span class='ocrx_word' id='word_1_784' title='bbox 3159 4596 3418 4651; x_wconf 86' lang='lat' dir='ltr'>Coronam</span> <span class='ocrx_word' id='word_1_785' title='bbox 3466 4603 3660 4656; x_wconf 89' lang='lat' dir='ltr'>autem</span> <span class='ocrx_word' id='word_1_786' title='bbox 3700 4614 3787 4657; x_wconf 87' lang='lat' dir='ltr'>se-</span> 
     </span>
    </p>
   </div>
   <div class='ocr_carea' id='block_1_72' title="bbox 2086 4683 3790 4762">
    <p class='ocr_par' dir='ltr' id='par_1_72' title="bbox 2086 4683 3790 4762">
     <span class='ocr_line' id='line_1_72' title="bbox 2086 4683 3790 4762; baseline 0 -17"><span class='ocrx_word' id='word_1_787' title='bbox 2086 4686 2272 4762; x_wconf 91' lang='lat' dir='ltr'>pulcri</span> <span class='ocrx_word' id='word_1_788' title='bbox 2310 4686 2459 4743; x_wconf 87' lang='lat' dir='ltr'>beati</span> <span class='ocrx_word' id='word_1_789' title='bbox 2499 4683 2753 4752; x_wconf 84' lang='lat' dir='ltr'>Martini,</span> <span class='ocrx_word' id='word_1_790' title='bbox 2792 4698 2925 4755; x_wconf 67' lang='lat' dir='ltr'>quie</span> <span class='ocrx_word' id='word_1_791' title='bbox 2958 4684 3086 4757; x_wconf 90' lang='lat' dir='ltr'>ejus</span> <span class='ocrx_word' id='word_1_792' title='bbox 3124 4684 3396 4743; x_wconf 92' lang='lat' dir='ltr'>meritum</span> <span class='ocrx_word' id='word_1_793' title='bbox 3447 4685 3790 4760; x_wconf 88' lang='lat' dir='ltr'>declarabat,</span> 
     </span>
    </p>
   </div>
   <div class='ocr_carea' id='block_1_73' title="bbox 2086 4771 3793 4846">
    <p class='ocr_par' dir='ltr' id='par_1_73' title="bbox 2086 4771 3793 4846">
     <span class='ocr_line' id='line_1_73' title="bbox 2086 4771 3793 4846; baseline 0.001 -14"><span class='ocrx_word' id='word_1_794' title='bbox 2086 4790 2119 4831; x_wconf 91' lang='lat' dir='ltr'>a</span> <span class='ocrx_word' id='word_1_795' title='bbox 2150 4774 2353 4832; x_wconf 82' lang='lat' dir='ltr'>Chuno</span> <span class='ocrx_word' id='word_1_796' title='bbox 2383 4774 2634 4846; x_wconf 88' lang='lat' dir='ltr'>quodam</span> <span class='ocrx_word' id='word_1_797' title='bbox 2673 4778 2890 4843; x_wconf 86' lang='lat' dir='ltr'>raptam</span> <span class='ocrx_word' id='word_1_798' title='bbox 2926 4771 3104 4829; x_wconf 88' lang='lat' dir='ltr'>fuisse</span> <span class='ocrx_word' id='word_1_799' title='bbox 3135 4782 3416 4831; x_wconf 85' lang='lat' dir='ltr'>memorat</span> <span class='ocrx_word' id='word_1_800' title='bbox 3462 4775 3611 4833; x_wconf 91' lang='lat' dir='ltr'>libro</span> <span class='ocrx_word' id='word_1_801' title='bbox 3658 4788 3677 4833; x_wconf 85' lang='grc' dir='ltr'><strong>Ι</strong></span> <span class='ocrx_word' id='word_1_802' title='bbox 3721 4775 3793 4833; x_wconf 89' lang='lat' dir='ltr'>de</span> 
     </span>
    </p>
   </div>
   <div class='ocr_carea' id='block_1_74' title="bbox 2088 4862 3794 4939">
    <p class='ocr_par' dir='ltr' id='par_1_74' title="bbox 2088 4862 3794 4939">
     <span class='ocr_line' id='line_1_74' title="bbox 2088 4862 3794 4939; baseline -0.001 -14"><span class='ocrx_word' id='word_1_803' title='bbox 2088 4866 2381 4926; x_wconf 85' lang='lat' dir='ltr'>Miraculis</span> <span class='ocrx_word' id='word_1_804' title='bbox 2412 4865 2669 4939; x_wconf 86' lang='lat' dir='ltr'>ejusdem</span> <span class='ocrx_word' id='word_1_805' title='bbox 2698 4864 2900 4934; x_wconf 88' lang='lat' dir='ltr'>sancti,</span> <span class='ocrx_word' id='word_1_806' title='bbox 2925 4863 3106 4936; x_wconf 90' lang='lat' dir='ltr'>capite</span> <span class='ocrx_word' id='word_1_807' title='bbox 3129 4863 3179 4921; x_wconf 78' lang='lat'>2.</span> <span class='ocrx_word' id='word_1_808' title='bbox 3208 4862 3349 4922; x_wconf 64' lang='lat' dir='ltr'>Haec</span> <span class='ocrx_word' id='word_1_809' title='bbox 3373 4881 3538 4938; x_wconf 90' lang='lat' dir='ltr'>porro</span> <span class='ocrx_word' id='word_1_810' title='bbox 3564 4866 3794 4925; x_wconf 88' lang='lat' dir='ltr'>videtur</span> 
     </span>
    </p>
   </div>
   <div class='ocr_carea' id='block_1_75' title="bbox 2088 4952 3791 5028">
    <p class='ocr_par' dir='ltr' id='par_1_75' title="bbox 2088 4952 3791 5028">
     <span class='ocr_line' id='line_1_75' title="bbox 2088 4952 3791 5028; baseline -0.002 -13"><span class='ocrx_word' id='word_1_811' title='bbox 2088 4959 2265 5017; x_wconf 81' lang='lat' dir='ltr'>fuisse</span> <span class='ocrx_word' id='word_1_812' title='bbox 2298 4954 2612 5014; x_wconf 87' lang='lat' dir='ltr'>sanctitatis</span> <span class='ocrx_word' id='word_1_813' title='bbox 2650 4960 2802 5023; x_wconf 89' lang='lat' dir='ltr'>nota,</span> <span class='ocrx_word' id='word_1_814' title='bbox 2836 4953 2883 5010; x_wconf 90' lang='lat' dir='ltr'>si</span> <span class='ocrx_word' id='word_1_815' title='bbox 2931 4952 3025 5010; x_wconf 88' lang='lat' dir='ltr'>cui</span> <span class='ocrx_word' id='word_1_816' title='bbox 3073 4953 3297 5011; x_wconf 89' lang='lat' dir='ltr'>tumulo</span> <span class='ocrx_word' id='word_1_817' title='bbox 3332 4954 3571 5027; x_wconf 90' lang='lat' dir='ltr'>pallium</span> <span class='ocrx_word' id='word_1_818' title='bbox 3606 4955 3791 5028; x_wconf 86' lang='lat' dir='ltr'>impo-</span> 
     </span>
    </p>
   </div>
   <div class='ocr_carea' id='block_1_76' title="bbox 2088 5043 3791 5117">
    <p class='ocr_par' dir='ltr' id='par_1_76' title="bbox 2088 5043 3791 5117">
     <span class='ocr_line' id='line_1_76' title="bbox 2088 5043 3791 5117; baseline -0.001 -10"><span class='ocrx_word' id='word_1_819' title='bbox 2088 5056 2339 5107; x_wconf 88' lang='lat' dir='ltr'>neretur.</span> <span class='ocrx_word' id='word_1_820' title='bbox 2375 5045 2524 5103; x_wconf 87' lang='lat' dir='ltr'>Hinc</span> <span class='ocrx_word' id='word_1_821' title='bbox 2555 5043 2865 5117; x_wconf 87' lang='lat' dir='ltr'>Gregorius</span> <span class='ocrx_word' id='word_1_822' title='bbox 2905 5045 3185 5113; x_wconf 90' lang='lat' dir='ltr'>observat,</span> <span class='ocrx_word' id='word_1_823' title='bbox 3220 5044 3497 5101; x_wconf 90' lang='lat' dir='ltr'>honorem</span> <span class='ocrx_word' id='word_1_824' title='bbox 3529 5046 3791 5106; x_wconf 85' lang='lat' dir='ltr'>debitum</span> 
     </span>
    </p>
   </div>
   <div class='ocr_carea' id='block_1_77' title="bbox 2089 5135 3787 5213">
    <p class='ocr_par' dir='ltr' id='par_1_77' title="bbox 2089 5135 3787 5213">
     <span class='ocr_line' id='line_1_77' title="bbox 2089 5135 3787 5213; baseline -0.001 -13"><span class='ocrx_word' id='word_1_825' title='bbox 2089 5146 2283 5200; x_wconf 89' lang='lat' dir='ltr'>sancto</span> <span class='ocrx_word' id='word_1_826' title='bbox 2336 5138 2565 5196; x_wconf 90' lang='lat' dir='ltr'>cuidam</span> <span class='ocrx_word' id='word_1_827' title='bbox 2620 5136 2953 5210; x_wconf 86' lang='lat' dir='ltr'>presbytero</span> <span class='ocrx_word' id='word_1_828' title='bbox 3012 5135 3339 5207; x_wconf 89' lang='lat' dir='ltr'>impensum</span> <span class='ocrx_word' id='word_1_829' title='bbox 3396 5151 3512 5194; x_wconf 88' lang='lat' dir='ltr'>non</span> <span class='ocrx_word' id='word_1_830' title='bbox 3572 5139 3787 5213; x_wconf 85' lang='lat' dir='ltr'>fuisse,</span> 
     </span>
    </p>
   </div>
   <div class='ocr_carea' id='block_1_78' title="bbox 2090 5222 3789 5303">
    <p class='ocr_par' dir='ltr' id='par_1_78' title="bbox 2090 5222 3789 5303">
     <span class='ocr_line' id='line_1_78' title="bbox 2090 5222 3789 5303; baseline -0.001 -17"><span class='ocrx_word' id='word_1_831' title='bbox 2090 5229 2242 5303; x_wconf 88' lang='lat' dir='ltr'>quod</span> <span class='ocrx_word' id='word_1_832' title='bbox 2276 5225 2539 5285; x_wconf 91' lang='lat' dir='ltr'>tumulus</span> <span class='ocrx_word' id='word_1_833' title='bbox 2584 5227 2711 5294; x_wconf 74' lang='lat' dir='ltr'>eius</span> <span class='ocrx_word' id='word_1_834' title='bbox 2753 5224 2919 5281; x_wconf 89' lang='lat' dir='ltr'>alteri</span> <span class='ocrx_word' id='word_1_835' title='bbox 2949 5222 3187 5293; x_wconf 82' lang='lat' dir='ltr'>junctus</span> <span class='ocrx_word' id='word_1_836' title='bbox 3224 5238 3329 5279; x_wconf 91' lang='lat' dir='ltr'>nec</span> <span class='ocrx_word' id='word_1_837' title='bbox 3365 5225 3558 5282; x_wconf 88' lang='lat' dir='ltr'>ornari</span> <span class='ocrx_word' id='word_1_838' title='bbox 3598 5228 3789 5299; x_wconf 88' lang='lat' dir='ltr'>pallio,</span> 
     </span>
    </p>
   </div>
   <div class='ocr_carea' id='block_1_79' title="bbox 2090 5313 3791 5389">
    <p class='ocr_par' dir='ltr' id='par_1_79' title="bbox 2090 5313 3791 5389">
     <span class='ocr_line' id='line_1_79' title="bbox 2090 5313 3791 5389; baseline 0 -12"><span class='ocrx_word' id='word_1_839' title='bbox 2090 5336 2196 5377; x_wconf 90' lang='lat' dir='ltr'>nec</span> <span class='ocrx_word' id='word_1_840' title='bbox 2228 5318 2405 5377; x_wconf 86' lang='lat' dir='ltr'>cereis</span> <span class='ocrx_word' id='word_1_841' title='bbox 2435 5315 2710 5374; x_wconf 88' lang='lat' dir='ltr'>illustrari</span> <span class='ocrx_word' id='word_1_842' title='bbox 2742 5320 2966 5387; x_wconf 83' lang='lat' dir='ltr'>propter</span> <span class='ocrx_word' id='word_1_843' title='bbox 2994 5313 3102 5370; x_wconf 85' lang='lat' dir='ltr'>loci</span> <span class='ocrx_word' id='word_1_844' title='bbox 3135 5314 3461 5385; x_wconf 88' lang='lat' dir='ltr'>angustiam</span> <span class='ocrx_word' id='word_1_845' title='bbox 3494 5319 3791 5389; x_wconf 86' lang='lat' dir='ltr'>potuisset.</span> 
     </span>
    </p>
   </div>
   <div class='ocr_carea' id='block_1_80' title="bbox 2090 5402 3796 5483">
    <p class='ocr_par' dir='ltr' id='par_1_80' title="bbox 2090 5402 3796 5483">
     <span class='ocr_line' id='line_1_80' title="bbox 2090 5402 3796 5483; baseline -0.001 -16"><span class='ocrx_word' id='word_1_846' title='bbox 2090 5412 2279 5483; x_wconf 87' lang='lat' dir='ltr'>Atque</span> <span class='ocrx_word' id='word_1_847' title='bbox 2317 5409 2409 5465; x_wconf 89' lang='lat' dir='ltr'>hic</span> <span class='ocrx_word' id='word_1_848' title='bbox 2447 5414 2582 5465; x_wconf 91' lang='lat' dir='ltr'>tunc</span> <span class='ocrx_word' id='word_1_849' title='bbox 2620 5412 2740 5463; x_wconf 89' lang='lat' dir='ltr'>erat</span> <span class='ocrx_word' id='word_1_850' title='bbox 2778 5402 3053 5461; x_wconf 87' lang='lat' dir='ltr'>solemnis</span> <span class='ocrx_word' id='word_1_851' title='bbox 3091 5404 3485 5471; x_wconf 81' lang='lat' dir='ltr'>ranonizandi,</span> <span class='ocrx_word' id='word_1_852' title='bbox 3523 5416 3586 5465; x_wconf 91' lang='lat' dir='ltr'>ut</span> <span class='ocrx_word' id='word_1_853' title='bbox 3625 5409 3796 5467; x_wconf 89' lang='lat' dir='ltr'>hodie</span> 
     </span>
    </p>
   </div>
   <div class='ocr_carea' id='block_1_81' title="bbox 2089 5492 3797 5574">
    <p class='ocr_par' dir='ltr' id='par_1_81' title="bbox 2089 5492 3797 5574">
     <span class='ocr_line' id='line_1_81' title="bbox 2089 5492 3797 5574; baseline -0.001 -16"><span class='ocrx_word' id='word_1_854' title='bbox 2089 5499 2402 5574; x_wconf 88' lang='lat' dir='ltr'>loquimur,</span> <span class='ocrx_word' id='word_1_855' title='bbox 2433 5498 2681 5570; x_wconf 89' lang='lat' dir='ltr'>alicujus</span> <span class='ocrx_word' id='word_1_856' title='bbox 2709 5492 2883 5552; x_wconf 88' lang='lat' dir='ltr'>sancti</span> <span class='ocrx_word' id='word_1_857' title='bbox 2926 5492 3090 5563; x_wconf 85' lang='lat' dir='ltr'>ritus,</span> <span class='ocrx_word' id='word_1_858' title='bbox 3124 5493 3173 5553; x_wconf 88' lang='lat' dir='ltr'>si</span> <span class='ocrx_word' id='word_1_859' title='bbox 3202 5494 3327 5569; x_wconf 86' lang='lat' dir='ltr'>ejus</span> <span class='ocrx_word' id='word_1_860' title='bbox 3353 5511 3561 5570; x_wconf 89' lang='lat' dir='ltr'>corpus</span> <span class='ocrx_word' id='word_1_861' title='bbox 3589 5512 3620 5553; x_wconf 92' lang='lat' dir='ltr'>e</span> <span class='ocrx_word' id='word_1_862' title='bbox 3651 5505 3797 5556; x_wconf 87' lang='lat' dir='ltr'>terra</span> 
     </span>
    </p>
   </div>
   <div class='ocr_carea' id='block_1_82' title="bbox 2089 5582 3797 5665">
    <p class='ocr_par' dir='ltr' id='par_1_82' title="bbox 2089 5582 3797 5665">
     <span class='ocr_line' id='line_1_82' title="bbox 2089 5582 3797 5665; baseline -0.004 -15"><span class='ocrx_word' id='word_1_863' title='bbox 2089 5590 2161 5650; x_wconf 89' lang='lat' dir='ltr'>ab</span> <span class='ocrx_word' id='word_1_864' title='bbox 2190 5590 2470 5665; x_wconf 89' lang='lat' dir='ltr'>Episcopo</span> <span class='ocrx_word' id='word_1_865' title='bbox 2501 5588 2809 5653; x_wconf 88' lang='lat' dir='ltr'>levaretur,</span> <span class='ocrx_word' id='word_1_866' title='bbox 2855 5582 3023 5641; x_wconf 88' lang='lat' dir='ltr'>altari</span> <span class='ocrx_word' id='word_1_867' title='bbox 3067 5586 3533 5658; x_wconf 89' lang='lat' dir='ltr'>supponendum.</span> <span class='ocrx_word' id='word_1_868' title='bbox 3568 5586 3797 5645; x_wconf 62' lang='lat' dir='ltr'>Catena)</span> 
     </span>
    </p>
   </div>
   <div class='ocr_carea' id='block_1_83' title="bbox 2090 5674 3804 5755">
    <p class='ocr_par' dir='ltr' id='par_1_83' title="bbox 2090 5674 3804 5755">
     <span class='ocr_line' id='line_1_83' title="bbox 2090 5674 3804 5755; baseline -0.005 -13"><span class='ocrx_word' id='word_1_869' title='bbox 2090 5688 2306 5755; x_wconf 91' lang='lat' dir='ltr'>autem,</span> <span class='ocrx_word' id='word_1_870' title='bbox 2333 5678 2652 5753; x_wconf 86' lang='lat' dir='ltr'>compedes,</span> <span class='ocrx_word' id='word_1_871' title='bbox 2682 5674 2912 5748; x_wconf 88' lang='lat' dir='ltr'>aliaque</span> <span class='ocrx_word' id='word_1_872' title='bbox 2957 5674 3245 5747; x_wconf 87' lang='lat' dir='ltr'>ejusmodi</span> <span class='ocrx_word' id='word_1_873' title='bbox 3287 5676 3653 5734; x_wconf 88' lang='lat' dir='ltr'>anathemata</span> <span class='ocrx_word' id='word_1_874' title='bbox 3677 5690 3804 5734; x_wconf 85' lang='lat' dir='ltr'>san-</span> 
     </span>
    </p>
   </div>
  </div>
