4070 6186
103 309 258 366 ·47

1731 303 2143 364 PBJEFATIO.

3615 307 3684 365 48

189 437 413 490 ctorum
458 428 737 504 sepulcris
781 429 823 487 ii
874 427 1291 503 appendebant,
1323 429 1425 502 qui
1462 444 1662 488 eorum
1708 429 2396 503 inter-Anonnunquam
2420 433 2670 496 ornatas,
2695 427 2986 500 lampades
3013 428 3076 485 in
3104 427 3358 486 ecclesiis
3381 442 3683 502 appensas,

185 519 544 578 cessionibus
583 535 643 577 se
689 520 957 577 liberatos
995 534 1062 575 ac
1093 518 1412 577 incolumes
1449 521 1697 579 evasisse
1740 519 1896 576 arbi-

1981 518 2341 587 candelabra,
2375 516 2592 575 vexilla
2623 532 2724 574 seu
2756 515 2940 587 signa,
2973 532 3103 590 quae
3153 518 3214 575 in
3247 515 3684 591 supplicationi-

187 611 506 680 trabantur,
525 627 601 668 ex
623 611 770 668 Vitis
797 611 1048 678 Patrum,
1069 626 1190 683 cap.
1214 611 1266 669 8.
1291 610 1420 668 Huc
1440 610 1611 668 etiam
1637 609 1897 668 solebant
1979 607 2088 666 bus
2134 623 2236 666 seu
2287 605 2749 680 processionibus
2802 605 3012 665 deferri
3065 607 3343 676 solebant,
3387 613 3487 665 aut
3534 613 3686 664 certe

183 701 494 758 convenire
515 699 736 772 illi,qui
755 698 1030 771 gravibus
1049 699 1118 756 de
1138 699 1583 755 causisaccusati
1602 699 1895 770 iuramen-

185 797 239 848 to
262 806 321 847 se
349 791 501 864 ipsos
519 806 761 862 purgare
781 790 1138 847 tenebantur.
1161 788 1301 858 Quae
1317 789 1554 862 quidem
1576 805 1894 847 sacramen-

183 886 238 936 ta
262 880 608 952 quandoque
629 878 688 936 in
717 879 1084 936 ecclesiarum
1109 879 1441 952 porticibus,
1466 895 1890 954 nonnunquam

179 966 240 1024 in
288 968 409 1040 ipso
455 968 721 1034 sacrario,
753 974 854 1025 aut
884 967 1134 1040 denique
1173 973 1316 1026 tacto
1361 969 1482 1041 ipso
1516 969 1761 1037 tumulo,
1790 976 1890 1027 aut

178 1055 364 1124 altari,
400 1056 530 1114 data
559 1056 740 1114 fuisse
770 1057 1038 1130 legimus.
1071 1058 1144 1114 At
1175 1058 1476 1116 insolitum
1505 1059 1744 1118 omnino
1776 1057 1887 1116 fuit

177 1144 326 1202 illud
372 1146 791 1218 juramentum,
845 1146 1001 1221 quod
1043 1161 1076 1203 a
1127 1153 1322 1204 nostro
1373 1146 1645 1221 Gregorio
1694 1149 1887 1222 exegit

178 1236 558 1310 Chilpericus,
607 1247 669 1298 ut
726 1239 943 1298 scilicet
981 1239 1150 1297 dictis
1200 1239 1391 1299 Missis
1426 1240 1498 1298 ad
1537 1240 1740 1299 altaria
1780 1243 1888 1300 tria

175 1345 342 1388 suam
381 1331 772 1389 innocentiam
819 1338 1175 1390 sacramento
1221 1332 1581 1406 approbaret.
1615 1332 1768 1391 Illud
1799 1340 1884 1392 ta-

174 1436 308 1477 men
337 1421 602 1492 praestitit
627 1427 857 1480 sanctus
885 1421 1141 1489 antistes,
1185 1422 1314 1480 licet
1355 1423 1526 1480 fuerit
1565 1424 1883 1483 canonibus

172 1509 550 1582 contrarium,
581 1526 654 1569 ne
678 1511 832 1584 apud
862 1528 1056 1586 regem
1086 1512 1239 1570 laesae
1270 1513 1583 1587 majestatis
1612 1530 1747 1573 reus
1774 1514 1880 1573 ha-

171 1597 421 1656 beretur.

239 1687 328 1744 54.
377 1685 482 1744 Jus
532 1686 679 1760 asyli
723 1687 981 1747 ecclesiis
1023 1695 1079 1748 et
1128 1690 1268 1747 locis
1318 1690 1496 1749 sacris
1542 1705 1877 1749 concessum

1978 713 2108 754 cum
2145 697 2333 756 clerus
2363 704 2418 755 et
2445 697 2693 771 populus
2722 697 2842 769 regi
2891 705 2990 755 aut
3036 696 3318 770 episcopis
3369 696 3429 753 in
3477 697 3683 755 urbem

1974 786 2419 844 advenientibus
2469 786 2625 843 obvii
2671 785 3060 858 procederent.
3119 785 3259 843 Haec
3303 801 3437 843 vero
3484 786 3684 844 omnia

1975 883 2171 932 sancta
2201 883 2257 932 et
2304 875 2419 932 Deo
2449 874 2636 931 dicata
2667 875 2966 947 reputabat
3000 874 3093 948 pia
3140 874 3403 932 fidelium
3453 875 3678 947 religio,

1972 969 2036 1020 ut
2065 962 2279 1036 absque
2328 961 2626 1035 sacrilegio
2678 961 2750 1019 ad
2797 964 3068 1036 profanos
3097 978 3240 1021 usus
3268 963 3531 1022 adhiberi
3561 979 3678 1020 non

1969 1067 2134 1125 posse
2158 1059 2475 1123 censerent,
2504 1067 2751 1124 quorum
2783 1053 2999 1125 saepius
3026 1051 3116 1110 vel
3147 1052 3269 1111 solo
3297 1059 3449 1110 tactu
3479 1052 3676 1110 mede-

1971 1142 2087 1200 lam
2114 1143 2222 1200 sibi
2255 1144 2450 1201 atferri
2477 1160 2641 1218 posse
2687 1143 3117 1202 existimabant.
3151 1144 3340 1202 Immo
3370 1145 3522 1203 inter
3551 1145 3680 1202 haec

1970 1231 2377 1304 computabant
2396 1232 2486 1289 vel
2504 1232 2799 1306 signorum
2817 1249 2918 1291 seu
2939 1248 3349 1306 campanarum
3369 1233 3560 1303 funes,
3575 1238 3676 1291 aut

1968 1322 2158 1380 claves
2187 1322 2353 1396 queis
2383 1323 2637 1381 ecclesize
2664 1323 2808 1381 ostia
2845 1324 3271 1395 reserabantur,
3314 1329 3381 1382 ut
3409 1325 3674 1382 omittam

1967 1409 2158 1467 claves
2185 1408 2316 1466 illas
2345 1406 2526 1465 Roma
2552 1407 2772 1480 allatas,
2816 1426 2960 1484 quas
2997 1411 3211 1469 alicubi
3261 1413 3676 1468 commemorat

1966 1499 2298 1573 Gregorius.
2343 1499 2545 1557 Claves
2586 1514 2722 1558 vero
2761 1499 3129 1558 basilicarum
3175 1499 3520 1574 quandoque
3556 1499 3672 1557 ani-

1964 1589 2216 1648 malibus
2245 1589 2680 1662 imprimebant,
2714 1596 2777 1648 ut
2823 1606 2919 1648 eos
2948 1597 3049 1649 aut
3076 1607 3110 1649 a
3139 1590 3235 1650 lue
3263 1607 3438 1665 quam
3469 1590 3672 1649 incur-

1964 1685 2157 1736 rerant
2187 1678 2515 1748 liberarent,
2545 1686 2644 1737 aut
2672 1686 2823 1737 certe
2865 1679 3272 1738 imminentem
3326 1683 3668 1739 averterent.

168 1775 453 1847 exemplis
480 1783 533 1833 et
573 1776 798 1849 scriptis
822 1779 1064 1836 asseruit
1093 1778 1423 1853 Gregorius.
1457 1779 1540 1838 Ita
1570 1796 1706 1839 vero
1735 1780 1775 1854 ii

2062 1767 2122 1823 .6.
2169 1765 2280 1824 Sed
2335 1773 2390 1824 et
2444 1773 2664 1825 veteres
2716 1782 2977 1840 quasque
3029 1767 3342 1827 Gallicanae
3395 1767 3669 1826 Ecclesia)

165 1862 340 1919 etiam
371 1863 601 1934 regibus
630 1864 984 1924 inviolabilis
1023 1867 1324 1925 videbatur
1360 1868 1460 1925 illa
1503 1868 1770 1927 ecclesiar

2062 1855 2403 1914 .suetudines
2446 1856 2639 1929 quivis
2667 1872 2742 1915 ex
2782 1856 3041 1929 Gregorii
3087 1859 3267 1915 nostri
3310 1855 3554 1915 lectione
3597 1857 3669 1914 fa-

165 1950 531 2022 immunitas,
563 1959 627 2009 ut
657 1953 967 2026 mequidem
996 1954 1148 2011 lassa:
1176 1955 1488 2026 maiestatis
1518 1971 1643 2013 reos
1671 1973 1704 2014 a
1734 1955 1875 2014 locis
1958 1945 2067 2003 (ΖΗΘ
2104 1946 2515 2018 deprehendet-
2547 1945 2715 2003 Tales
2744 1952 2882 2004 sum
2912 1952 3241 2004 εόηεῒοτυω
3295 1947 3467 2004 etiam
3517 1946 3666 2004 COD"

163 2040 340 2098 sacris
367 2047 650 2099 extractos
689 2044 878 2100 necari
920 2058 1083 2115 posse
1118 2051 1434 2102 censerent.
1471 2044 1873 2117 Deprehensus
1955 2035 2238 2093 feSSOI‘Uﬂl
2291 2035 2648 2105 ἷθείίνίίδῑθει
2690 2050 2821 2108 (ΙυξΒ
2869 2043 3008 2094 tunc
3050 2035 3322 2109 temporis
3373 2035 3434 2092 in
3478 2035 3667 2094 Gallia

163 2129 350 2187 fuerat
397 2129 459 2187 in
498 2129 736 2188 ecclesia
767 2132 950 2189 sancti
987 2131 1242 2188 Marcelli
1285 2148 1460 2206 prope
1508 2133 1766 2191 Cabillon

2058 2123 2434 2193 abrabantur;
2487 2122 2805 2181 Dominicze
2840 2124 2955 2181 diei
2986 2123 3310 2181 observatio
3366 2123 3445 2180 ita
3495 2139 3665 2183 accu-

161 2217 402 2274 sicarius
429 2217 687 2290 quidam,
719 2219 820 2290 qui
851 2220 1279 2277 Guntramnum
1313 2236 1505 2292 regem
1529 2219 1587 2277 iu
1621 2221 1742 2292 ipsa
1771 2238 1864 2280 ec-
1950 2219 2070 2272 Fate
2119 2223 2360 2283 servata.
2393 2222 2458 2274 Ut
2503 2232 2537 2274 ἃ
2585 2216 2787 2290 Primis
2819 2215 3092 2288 νθερθτίεν
3125 2215 3183 2273 id
3220 2221 3304 2274 θεῖ
3348 2231 3381 2271 3
3431 2216 3666 2274 SﬂbbatO

159 2305 329 2363 clesia
349 2307 605 2364 oecndere
626 2314 746 2366 erat
767 2316 1018 2381 paratus,
1040 2317 1101 2366 ut
1127 2317 1396 2367 narratur
1417 2310 1563 2369 libro
1586 2323 1648 2368 lx
1671 2311 1864 2370 Histo-
1947 2306 2293 2380 praecedenti
2341 2313 2466 2379 post
2513 2307 2836 2378 meridiem,
2870 2306 3257 2364 inchoaretur.
3292 2304 3477 2376 Quam
3528 2323 3662 2366 cum

157 2395 278 2464 ria},
311 2396 492 2469 capite
530 2398 579 2455 3.
613 2397 754 2455 Inde
794 2407 984 2455 tamen
1015 2398 1287 2456 eductum
1315 2400 1491 2472 jussit
1519 2416 1622 2456 rex
1657 2401 1862 2460 vivum
1949 2396 2257 2454 violassent
2286 2397 2574 2466 nonnulli,
2599 2397 2880 2455 divinitus
2909 2397 3094 2470 puniti
3123 2397 3375 2454 fuerunt.
3406 2396 3662 2466 Quadra-

158 2485 391 2556 dimitti,
423 2491 555 2556 quia
580 2491 736 2556 nefas
758 2491 1000 2558 putavit,
1024 2493 1076 2544 si
1104 2491 1152 2543 is
1183 2482 1280 2558 qui
1302 2491 1371 2543 ab
1397 2492 1619 2545 ecclesia
1643 2493 1865 2546 eductus
1945 2485 2221 2557 gesimam
2252 2494 2507 2545 sanctam
2560 2503 2677 2545 non
2707 2486 2884 2544 semel
2903 2486 3096 2545 laudat
3118 2486 3268 2544 idem
3301 2493 3513 2545 auctor.
3549 2486 3662 2545 Sed

152 2577 358 2643 fuerat,
393 2580 770 2643 truncaretur;
829 2575 1006 2633 simili
1061 2576 1423 2649 indulgentia
1465 2579 1866 2637 CllildElJel‘lllS
1948 2572 2345 2630 memorabilia
2375 2581 2510 2631 sunt
2557 2574 2716 2632 illius
2747 2574 2920 2632 verba
2964 2573 3025 2630 in
3072 2573 3219 2631 Vitis
3250 2574 3506 2644 Patrum,
3562 2591 3659 2633 ca-

154 2665 590 2723 Austrasiorum
613 2681 716 2723 rex
737 2666 1059 2737 nonnullis,
1082 2668 1184 2740 qui
1205 2668 1619 2742 coniurationis
1639 2671 1697 2728 in
1721 2672 1865 2745 seip-
1947 2660 2062 2733 Dite
2097 2661 2179 2729 15.
2215 2661 2314 2719 Ubi
2345 2663 2727 2731 Quadraginta
2756 2665 2873 2718 dies
2903 2670 3331 2731 Οοῐῒιωθῐηοΐδῐι
3366 2680 3500 2734 quos
3534 2667 3660 2718 αηίθ

155 2768 284 2810 sum
341 2754 504 2811 initte
556 2756 805 2813 accusati
861 2756 1110 2826 fuerant,
1153 2771 1213 2813 se
1284 2759 1643 2829 parciturum
1716 2774 1859 2830 esse,
1940 2753 2231 2821 Pa-SChalia
2258 2755 2404 2820 Γθεΐα
2434 2756 2491 2807 in
2515 2769 2726 2808 summa
2755 2754 3245 2808 ἀυσίαδείίηθηιία
3271 2755 3499 2808 Patrum
3526 2770 3658 2808 δαη-

151 2842 326 2899 etiam
355 2843 489 2911 reis,
525 2844 814 2916 pollicitus
858 2852 962 2914 est,
1003 2846 1156 2918 quod
1193 2847 1264 2904 ad
1304 2847 1605 2905 ecclesiam
1655 2849 1860 2907 confli-
1942 2841 2030 2892 mit
2059 2843 2375 2894 auctoritas.
2418 2840 2700 2897 Describit
2731 2839 3117 2912 Rogationum
3157 2855 3261 2898 seu
3293 2841 3655 2899 Litaniarum

149 2930 385 3002 gissent.
446 2931 918 3002 Promissionem,
970 2933 1161 3007 inquit
1213 2934 1512 3006 piissimus
1555 2952 1659 2994 rex
1706 2953 1756 3009 ai

2046 2943 2128 2997 IS,
2197 2943 2446 3001 quarum
2512 2927 2811 2986 nonnullae
2882 2929 3042 2986 statis
3106 2928 3310 2987 diebus
3377 2929 3503 2987 fieri
3561 2944 3653 2986 so-

148 3021 492 3096 Gregorium
525 3023 670 3082 libro
706 3037 790 3091 IX,
820 3024 1004 3098 capite
1033 3026 1119 3092 38,
1155 3027 1345 3081 habete
1377 3027 1443 3081 de
1474 3030 1612 3098 vita,
1645 3030 1864 3083 etiamsi
1944 3019 2166 3089 lebant;
2195 3020 2326 3078 alim
2357 3037 2492 3079 vero
2521 3038 2651 3080 cum
2686 3021 2882 3095 aliqua
2918 3021 3214 3096 ingrueret
3243 3021 3472 3095 publica
3502 3020 3657 3078 cala-

148 3115 448 3184 culpabiles
490 3117 869 3171 inveniamini.
914 3116 1215 3171 Christiani
1255 3119 1398 3171 enim
1440 3132 1669 3185 sumus;
1701 3121 1922 3207 nefasc
1943 3109 2134 3168 mil-38.
2168 3107 2391 3178 QUibus
2435 3109 2610 3169 ctiam
2647 3109 3004 3182 temporibus
3038 3125 3234 3182 ρπθοθε
3262 3109 3530 3182 βυδιίοδὲ,
3564 3110 3653 3168 νί-

149 3207 228 3256 est
277 3205 418 3256 enim
475 3204 562 3257 vel
615 3206 930 3259 criminosas
980 3205 1051 3258 ab
1102 3207 1324 3260 ecclesia
1378 3207 1594 3261 eductos
1634 3210 1854 3278 punire.

145 3284 375 3344 Exinde
407 3287 653 3345 celebria
692 3288 853 3346 fuere
881 3287 954 3346 ad
984 3297 1313 3347 sanctorum
1352 3289 1619 3347 basilicas
1656 3293 1860 3349 confu-

145 3377 258 3448 gia,
290 3392 402 3451 qua
433 3377 800 3436 immunitate
830 3395 946 3437 non
981 3380 1151 3438 modo
1181 3380 1324 3453 ipsm
1354 3379 1610 3439 basilicae
1641 3384 1860 3454 gaude-

143 3464 301 3534 bant,
330 3466 425 3524 sed
457 3467 640 3524 multa
669 3467 909 3540 insuper
937 3467 1178 3526 aedificia
1205 3474 1259 3526 et
1280 3465 1403 3526 loca
1429 3467 1545 3525 illis
1567 3469 1858 3542 adjuncta,

142 3554 206 3610 in
242 3555 457 3626 quibus
495 3561 613 3612 tuto
654 3554 766 3611 reis
805 3554 1001 3612 vivere
1031 3571 1373 3613 concessum
1411 3564 1549 3615 erat.
1585 3558 1857 3631 Ejusmo-

143 3644 201 3701 di
233 3645 574 3702 celebriores
602 3645 764 3703 fuere
792 3644 1048 3703 ecclesia)
1078 3647 1257 3704 sancti
1288 3645 1500 3704 Hilarii
1531 3647 1856 3706 Pictavien-

143 3731 243 3804 sis,
295 3731 478 3788 sancti
524 3731 757 3788 Martini
808 3731 961 3804 apud
1015 3731 1299 3804 Turonos,
1353 3733 1533 3791 sancti
1581 3732 1855 3792 Germani

143 3817 549 3885 Antissiodori,
574 3821 755 3878 sancti
783 3819 1035 3892 Remigii
1065 3820 1325 3888 Bhemis,
1357 3828 1413 3879 et
1436 3821 1569 3879 aliae
1601 3822 1859 3895 complu-

140 3925 257 3978 res,
289 3924 422 3982 quae
447 3909 661 3982 passim
692 3909 846 3982 apud
879 3908 1218 3983 Gregorium
1250 3910 1380 3968 data
1409 3914 1700 3970 occasione
1731 3927 1855 3969 me-

142 4005 463 4057 morantur.

210 4091 299 4147 55.
356 4091 746 4149 Ecclesiarum
781 4099 1119 4150 ornamenta
1159 4108 1276 4150 non
1320 4093 1379 4151 in
1423 4108 1541 4152 uno
1579 4093 1702 4152 loco
1753 4109 1849 4152 re-

139 4186 330 4238 censet
378 4179 706 4251 Gregorius,
762 4181 890 4238 vela
939 4181 1155 4239 scilicet
1211 4182 1528 4255 parietibus
1579 4190 1635 4241 et
1689 4183 1901 4242 ostiis.

136 4285 407 4342 appensa,
454 4277 556 4325 aut
599 4285 730 4342 quae
781 4269 1099 4327 sacrarium
1151 4271 1224 4327 ab
1276 4270 1408 4328 aliis
1458 4270 1715 4329 ecclesia:
1765 4272 1850 4329 lo-

137 4361 219 4414 eis
245 4358 612 4431 sejungerent
643 4376 655 4425 ;
689 4357 940 4429 picturas
975 4375 1106 4431 qute
1137 4375 1250 4416 non
1281 4360 1478 4416 minus
1508 4360 1724 4427 ﬁdeles,
1758 4375 1853 4433 po-

1943 3197 2098 3272 gilize
2126 3198 2414 3263 solemnes
2442 3215 2509 3256 ac
2541 3199 2763 3273 jejunia
2789 3198 3214 3256 indicebantur.
3249 3199 3410 3256 Certe
3439 3199 3654 3273 pallam

1943 3302 1975 3344 e
2005 3287 2183 3344 sancti
2217 3287 2470 3361 Remigii
2505 3289 2734 3346 tumulo
2775 3295 3064 3362 sumptam
3116 3305 3215 3361 per
3254 3290 3527 3349 universa
3557 3307 3650 3350 re-

1942 3376 2132 3450 gionis
2161 3393 2282 3436 sum
2313 3377 2434 3435 loca
2452 3377 2784 3436 detulerunt
2803 3379 3177 3451 Rhemenses,
3203 3396 3307 3439 nec
3335 3381 3648 3440 incassum.

1943 3467 2091 3524 Nam
2131 3482 2203 3525 ne
2233 3483 2387 3525 unus
2418 3468 2656 3542 quidem
2687 3470 2840 3528 intra
2869 3486 3068 3529 eorum
3100 3472 3263 3540 ﬁnes,
3309 3479 3486 3544 peste,
3519 3488 3651 3548 quae

1941 3561 2176 3613 caeteras
2217 3556 2482 3628 regiones
2527 3557 2879 3630 devastabat,
2929 3559 3227 3633 impetitus
3261 3561 3388 3619 fuit.
3427 3560 3652 3634 Suppli-

1940 3645 2192 3703 cationes
2217 3645 2391 3704 etiam
2421 3663 2522 3706 seu
2551 3648 2945 3720 processiones
2971 3665 3045 3708 ex
3076 3665 3195 3708 una
3241 3650 3301 3708 in
3341 3651 3516 3709 aliam
3555 3666 3649 3710 ec-

1937 3732 2170 3790 clesiam
2200 3733 2261 3790 in
2289 3732 2647 3792 solemnibus
2677 3742 3004 3793 sanctorum
3039 3737 3449 3796 festivitatibus
3475 3737 3650 3796 factas

1937 3823 2116 3882 fuisse
2171 3841 2246 3882 ex
2297 3824 2499 3883 eodem
2562 3831 2795 3884 auctore
2859 3826 3157 3886 discimus.
3223 3828 3477 3901 Exponit
3528 3842 3647 3884 non

1937 3911 2115 3969 semel
2147 3913 2209 3970 in
2240 3913 2511 3972 Historize
2561 3913 2726 3971 libris
2777 3914 3064 3972 solemnes
3111 3915 3508 3988 episcoporum
3547 3917 3649 3972 aut

1935 4018 2141 4076 regum
2169 4004 2543 4077 receptiones,
2574 4019 2707 4079 quae
2732 4004 3195 4078 praecedentibus
3223 4005 3511 4074 crucibus,
3545 4021 3644 4061 ve-

1936 4091 2120 4164 xillis,
2171 4108 2238 4150 ac
2290 4093 2488 4161 cereis,
2526 4093 2599 4151 ab
2655 4093 2890 4152 urbium
2945 4093 3098 4151 clero
3149 4099 3204 4151 et
3253 4095 3464 4167 p0pulo
3515 4092 3643 4151 ﬁeri

1938 4180 2216 4251 solebant,
2248 4188 2527 4239 memorat
2556 4190 2612 4239 et
2639 4182 2901 4254 publicas
2926 4182 2999 4239 iis
3022 4183 3421 4240 occasionibus
3452 4197 3640 4254 popu-

1938 4270 2126 4328 lorum
2157 4271 2616 4341 acclamationes,
2648 4272 2816 4346 queis
2866 4272 3070 4343 fausta,
3109 4272 3286 4330 variis
3315 4272 3488 4330 etiam
3522 4272 3638 4328 lin-

1936 4363 2091 4434 guis,
2118 4362 2187 4418 ad
2215 4364 2488 4436 majorem
2517 4361 2939 4419 solemnitatem
2965 4361 3410 4419 advenientibus
3439 4377 3637 4436 appre-

140 4446 428 4503 tissimum
465 4446 688 4516 idiotas,
724 4447 1040 4517 erudirent,
1069 4464 1253 4527 quam
1278 4456 1549 4506 ornarent
1592 4448 1798 4522 templa
1832 4451 2230 4520 ;Dcabantur.
2263 4451 2424 4508 Alias
2467 4456 2878 4508 commemorat
2925 4450 3196 4509 funebres
3228 4451 3634 4510 defunctorum

136 4552 391 4594 cameras
422 4554 522 4594 seu
554 4538 846 4610 laquearia
867 4554 1009 4597 auro
1030 4546 1384 4612 argentoque
1407 4538 1591 4607 linita,
1623 4545 1677 4596 et
1701 4546 1844 4596 tecta

137 4641 206 4681 ex
232 4640 346 4681 zere
366 4631 465 4681 aut
485 4631 691 4681 stanno
716 4626 842 4682 fusa
866 4643 879 4691 ;
911 4626 1085 4698 pallia
1105 4625 1278 4682 etiam
1301 4625 1603 4695 ditissima,
1628 4626 1843 4700 quibus

136 4713 358 4779 altaria,
393 4719 447 4770 et
474 4718 801 4769 sanctorum
834 4715 1049 4772 tumuli
1085 4715 1196 4785 tegi
1227 4720 1280 4771 et
1307 4716 1499 4772 ornari
1531 4731 1843 4774 consueve-

135 4810 282 4859 rant.
338 4801 684 4860 Ornainenta
730 4809 924 4859 autem
977 4803 1031 4858 in
1087 4804 1393 4877 prmcipuis
1433 4805 1843 4863 festivitatibus

135 4892 342 4950 ditiora
388 4893 739 4966 quotiilianis
780 4901 834 4950 et
879 4892 1270 4966 splendidiora
1322 4903 1500 4954 erant.
1559 4897 1842 4955 Describit

135 4984 446 5055 Gregorius
476 4984 533 5040 in
563 4983 856 5041 Miraculis
887 4983 1067 5040 sancti
1096 4984 1338 5056 Juliani,
1365 4986 1547 5059 capite
1577 4987 1666 5056 '20,
1695 4988 1840 5059 ejus-

133 5070 263 5127 dem
305 5072 487 5127 sancti
535 5070 804 5144 Martyris
850 5071 1148 5130 basilicam
1194 5075 1254 5132 in
1301 5075 1486 5148 ipsius
1533 5076 1841 5134 festivitate

134 5164 465 5216 ornamentis
504 5165 780 5217 immensis
817 5163 1178 5232 eﬂ‘ulgentem.
1227 5164 1440 5223 Omitto
1481 5183 1614 5224 vasa
1658 5182 1836 5237 sacra,

134 5249 358 5318 calices,
386 5256 640 5322 patenas,
684 5250 1132 5323 Evangeliorum
1173 5252 1368 5322 libros,
1399 5253 1627 5329 aliaque
1661 5271 1838 5314 sacras

138 5339 450 5412 Scriptura
488 5342 863 5413 exemplaria,
897 5342 1425 5414 Sacramentorum,
1463 5347 1546 5403 uti
1584 5347 1833 5416 aiebant,

133 5431 376 5498 codices,
409 5429 468 5486 id
501 5436 584 5487 est
626 5429 803 5488 libros
831 5430 1110 5500 Missales,
1151 5431 1430 5502 liituales,
1462 5434 1838 5492 Paenitentia-

131 5517 230 5585 les,
265 5521 320 5574 et
357 5516 522 5586 alios,
555 5517 654 5589 qui
689 5516 749 5573 in
781 5533 892 5576 usu
921 5518 1257 5593 quotidiano
1291 5519 1596 5577 necessarii
1629 5528 1834 5593 erant;

129 5606 195 5661 ad
243 5606 365 5662 haec
402 5620 600 5664 cruces
636 5607 883 5678 gemmis
926 5608 1099 5666 etiam
1140 5615 1193 5665 et
1241 5607 1527 5682 lapidibus
1573 5609 1836 5680 pretiosis

1926 4542 2255 4616 exsequias,
2304 4542 2365 4599 in
2411 4543 2599 4616 iisque
2645 4541 2892 4599 vestium
2947 4541 3312 4605 mutationes,
3361 4541 3634 4614 lugubria

1925 4631 2286 4699 indumenta,
2337 4636 2390 4687 et
2426 4630 2541 4688 alia
2587 4629 2942 4702 huiusmodi.
2976 4628 3498 4703 Comprovinciales
3520 4623 3636 4703 epi-

1927 4735 2124 4792 scopos
2171 4720 2241 4777 ad
2287 4719 2539 4792 episcopi
2608 4719 2865 4776 defuncti
2913 4720 3220 4792 exsequias
3261 4718 3634 4777 celebrandas

1925 4822 2224 4864 occurrere
2274 4805 2645 4863 consuevisse
2691 4805 2973 4862 discimus
3031 4822 3105 4863 ex
3157 4805 3339 4879 capite
3395 4804 3428 4862 6
3483 4806 3634 4863 inter

1933 4897 2086 4956 Vitas
2124 4897 2380 4963 Patrum,
2414 4896 2515 4954 ubi
2570 4895 2841 4953 describit
2889 4894 3201 4968 Gregorius
3250 4895 3431 4954 sancti
3483 4895 3633 4955 Galli

1924 5001 2190 5060 pompam
2219 4984 2540 5041 funebrem.
2574 4982 2768 5055 Capite
2825 4983 3085 5055 sequenti
3141 4983 3294 5041 idem
3348 4982 3515 5040 habet
3563 4983 3634 5040 de

1925 5072 2198 5145 Gregorio
2259 5071 2628 5142 Lingonensi,
2687 5072 2996 5143 legendum
3045 5087 3277 5145 quoque
3329 5087 3395 5128 ea
3449 5070 3519 5128 de
3574 5085 3634 5129 re

1921 5171 2089 5234 caput
2127 5160 2224 5219 106
2256 5160 2387 5216 libri
2420 5160 2490 5218 de
2531 5161 2726 5219 Gloria
2764 5161 3186 5226 Confessorum,
3221 5158 3320 5217 ubi
3351 5159 3420 5216 de
3451 5159 3635 5217 beatae

1922 5249 2296 5323 Radegundis
2318 5249 2629 5322 sepulturae
2658 5247 3020 5305 caeremoniis
3069 5247 3237 5319 plura
3289 5247 3479 5305 liabet.
3540 5249 3630 5306 Ex

1921 5357 2036 5414 quo
2067 5340 2206 5397 item
2255 5339 2437 5410 capite
2465 5337 2765 5405 discimus,
2797 5335 3120 5392 caemeteria
3146 5335 3218 5392 ad
3270 5337 3630 5410 sepeliendos

1923 5430 2118 5488 fideles
2147 5429 2449 5498 destinata,
2490 5427 2612 5499 jam
2655 5434 2789 5483 tunc
2819 5423 3175 5496 sacerdotali,
3211 5425 3267 5482 id
3298 5434 3383 5484 est
3430 5426 3626 5499 ponti-

1921 5519 2072 5577 ficali
2120 5517 2520 5576 benedictione
2555 5514 2830 5573 sacranda
2860 5514 3058 5586 fuisse,
3091 5515 3154 5574 in
3185 5516 3400 5591 quibus
3445 5517 3628 5576 altare

1919 5610 2061 5684 erigi
2104 5608 2322 5668 solebat
2362 5608 2433 5666 ad
2483 5606 2802 5665 offerendas
2857 5621 2960 5680 pro
3007 5612 3367 5666 mortuorum
3425 5606 3626 5681 requie
