4070 6186
366 274 433 333 49

1896 265 2310 328 PIUEFATIO.

3783 213 3956 320 50-

365 395 676 475 piaculares
725 395 960 461 hostias,
1022 401 1088 455 ut
1140 394 1272 454 aliis
1360 395 1500 454 locis
1575 394 1789 468 saepius
1845 392 2389 466 factumAquenter
2433 393 2647 453 retulit.
2695 391 3034 451 Chrismatis
3071 389 3534 450 benedictionem
3572 393 3647 451 ab
3690 395 3844 468 epis-

363 489 530 551 fuisse
556 486 720 546 docet
747 485 902 544 idem
951 485 1280 560 Gregorius.
1315 485 1559 558 Corpora
1590 499 1728 543 vero
1757 481 2062 542 defuncto-

365 594 489 638 rum
537 575 726 635 ablata
775 577 1054 650 primum,
1107 582 1231 636 tum
1273 576 1477 634 induta
1509 573 1955 648 sepeliebantur,
2005 579 2060 631 et

364 669 591 746 quidem
642 667 797 725 haud
848 683 975 725 raro
1021 667 1082 724 in
1141 665 1440 724 ecclesiis:
1499 665 1652 739 quod
1704 665 1875 722 etiam
1929 664 2060 722 aliis

362 765 564 834 praeter
585 757 880 830 episcopos
909 763 964 814 et
1002 756 1289 829 principes
1325 755 1417 811 his
1446 753 1800 826 temporibus
1834 754 1892 812 in
1923 753 2058 812 Gal-

363 847 452 906 liis
483 845 931 918 permittebatur.
968 843 1617 902 Excommunicatorum
1653 859 1787 900 vero
1833 849 1889 899 et
1923 842 2058 900 inli-

363 936 575 995 delium
608 935 883 991 cadavera
929 949 1046 990 non
1077 933 1265 992 solum
1314 934 1385 990 ab
1435 932 1710 996 ecclesiis,
1749 931 1846 988 sed
1885 932 2058 988 etiam

360 1040 390 1081 a
441 1022 849 1080 communibus
918 1021 1182 1078 ﬁdelium
1255 1021 1596 1079 etemeteriis
1669 1021 2055 1078 arcebantur:

359 1113 495 1186 quin
556 1118 609 1169 et
658 1111 946 1169 Palladius
985 1127 1193 1182 comes,
1228 1111 1329 1184 qui
1379 1127 1438 1168 se
1492 1110 1615 1184 ipse
1667 1111 2055 1178 interemerat,

351 1203 514 1272 juxta
548 1203 982 1258 Christianorum
1010 1201 1280 1256 cadavera
1305 1199 1524 1274 positus
1559 1214 1675 1256 non
1707 1199 1832 1256 fuit.
1883 1201 2060 1269 Aquae

359 1290 643 1344 benedicta
674 1304 848 1347 usum
891 1289 964 1346 ad
1012 1288 1238 1346 morbos
1291 1288 1623 1358 abigendos,
1666 1286 1959 1344 miraculis
2004 1292 2058 1343 et

355 1385 679 1436 sanctorum
706 1378 965 1436 virorum
993 1377 1277 1450 exemplis
1305 1376 1629 1448 legitimum
1657 1375 1831 1433 fuisse
1854 1392 1964 1432 non
1995 1375 2054 1432 in

357 1481 468 1525 uno
496 1466 622 1525 loco
654 1467 852 1539 probat
877 1467 1210 1538 Gregorius,
1244 1467 1344 1538 qui
1376 1471 1431 1522 et
1461 1465 1672 1538 passim
1703 1466 1773 1522 de
1800 1466 1931 1523 aliis
1963 1481 2052 1521 re-

353 1554 459 1613 bus
509 1555 847 1614 saccrdotali
904 1555 1301 1612 benedictione
1353 1555 1597 1612 munitis
1646 1555 1921 1628 loquitur.
1974 1555 2054 1611 De

351 1646 652 1704 benedicto
696 1661 843 1718 pane
881 1662 985 1704 seu
1015 1645 1278 1718 eulogiis,
1306 1661 1442 1719 quae
1491 1644 1599 1702 sub
1632 1645 1810 1702 ﬁnem
1864 1644 2054 1703 Missae

2143 479 2298 554 copis
2349 481 2557 540 factam
2601 497 2716 540 non
2771 480 2949 539 semel
2996 479 3212 553 laudat,
3269 480 3417 540 sicut
3470 486 3527 540 et
3563 481 3848 540 chrisma-

2142 571 2377 639 tionem,
2424 587 2556 643 qua:
2586 571 2656 628 ad
2689 571 3046 644 recipiendos
3087 571 3150 628 iu
3199 570 3512 630 Ecclesiam
3542 572 3848 630 redeuntes

2142 660 2440 718 hmreticos
2467 660 2867 720 adhibebatur.
2915 659 3133 718 Laudat
3157 661 3328 718 etiam
3358 660 3510 726 illos,
3543 665 3640 731 qui
3672 665 3848 718 crucis

2141 753 2342 805 vexillo
2369 754 2674 819 consignati
2706 750 2876 808 tidem
2905 766 3071 808 suam
3114 749 3386 822 operibus
3421 749 3843 823 approbabant;

2143 847 2195 895 et
2224 838 2619 897 Clilodoveum
2647 856 2837 912 regem
2864 857 2896 897 a
2925 840 3188 912 Remigio
3215 839 3570 896 Francorum
3589 841 3844 913 apostolo

2142 942 2255 983 non
2308 927 2657 1000 baptizatum
2715 930 2904 999 modo,
2952 929 3052 986 sed
3091 935 3146 985 et
3185 946 3336 984 sacro
3383 931 3671 985 chrismate
3725 948 3844 985 cum

2141 1021 2422 1087 signaculo
2475 1024 2649 1075 crucis
2703 1023 2906 1076 Christi
2958 1021 3134 1078 fuisse
3175 1021 3474 1076 delibutum
3522 1026 3841 1079 attestatur.

2142 1106 2298 1164 Inter
2327 1108 2669 1181 episcopalia
2702 1109 2900 1166 munia
2935 1125 3067 1183 quia
3108 1109 3372 1166 Promoto
3403 1109 3661 1170 Dunensi
3695 1110 3845 1167 male

2141 1197 2402 1256 ordinato
2450 1200 2712 1272 episcopo
2742 1201 3096 1259 interdicunt
3142 1201 3334 1258 Patres
3369 1201 3608 1259 Concilii
3639 1214 3700 1259 IV
3732 1201 3838 1260 Pa-

2141 1287 2417 1357 risiensis,
2446 1299 2774 1348 recensetur
2799 1295 3101 1361 infantium
3126 1294 3480 1362 conﬁrma-tio.
3510 1290 3672 1349 Idem
3699 1291 3841 1350 Gre-

2140 1380 2335 1449 gorius
2387 1381 2854 1441 Exorcismorum
2908 1382 2968 1440 in
3015 1383 3306 1440 daemones
3352 1381 3472 1438 vim
3514 1397 3630 1439 non
3665 1381 3843 1439 semel

2136 1469 2373 1540 exponit
2403 1515 2414 1527 .
2449 1469 2820 1542 Tonsuratos,
2850 1471 3108 1539 lectores,
3137 1471 3419 1532 ostiarios.
3449 1470 3841 1540 ceroferarios,

2137 1555 2519 1615 subdiaconos
2549 1557 2807 1630 aliosque
2848 1559 3174 1631 superiores
3221 1557 3565 1616 clericorum
3605 1557 3839 1630 gradus,

2136 1659 2271 1701 cum
2329 1661 2450 1702 sese
2499 1646 2666 1703 offert
2714 1647 2953 1716 occasio,
3027 1651 3474 1704 commemorat:
3535 1645 3840 1704 interstitia

350 1735 862 1805 distribuebantur,
889 1735 1012 1807 jam
1051 1734 1328 1793 diximus.
1373 1737 1635 1804 Eulogias
1680 1751 1911 1810 quoque
1950 1740 2350 1814 seuBautem,
2399 1749 2530 1809 qum
2570 1733 2641 1791 ad
2673 1750 2770 1793 eos
2816 1735 2923 1792 rite
2973 1735 3368 1810 suscipiendos
3413 1736 3628 1794 servari
3667 1735 3840 1793 debe-

354 1825 744 1880 benedictiones
790 1830 1087 1896 nuncupat
1117 1822 1450 1898 Gregorius,
1482 1824 1758 1898 quaelibet
1801 1841 2052 1884 munus-

350 1913 474 1972 cula
505 1931 539 1970 a
564 1913 951 1972 sacerdotibus
980 1914 1038 1971 in
1072 1913 1343 1972 amicitiae
1393 1914 1626 1986 signum
1658 1915 1788 1972 data
1837 1916 1926 1973 vel
1956 1932 2052 1974 ac-

348 2010 524 2076 cepta,
556 2003 711 2076 quod
739 2009 928 2061 essent
964 2009 1175 2062 tessera
1222 2003 1489 2077 quaedam
1520 2004 1968 2074 communionis,
1997 2011 2054 2064 et

348 2092 414 2149 ab
441 2092 588 2165 ipsis
617 2092 868 2149 solerent
896 2091 1175 2149 benedici.
1210 2091 1382 2150 Nefas
1411 2099 1604 2149 autem
1626 2099 1745 2150 erat
1773 2100 2053 2166 praesente

348 2181 639 2240 sacerdote
689 2181 1012 2256 quidquam
1067 2181 1181 2239 cibi
1235 2189 1334 2239 aut
1390 2187 1560 2254 potus
1619 2196 1873 2252 sumere,
1938 2182 2054 2240 nisi

346 2270 504 2342 prius
534 2269 608 2327 ab
639 2269 762 2343 ipso
789 2269 1158 2328 benedictum
1192 2269 1414 2342 fuisset,
1463 2285 1638 2343 quem
1688 2269 1868 2327 ritum
1899 2270 2052 2329 Deus

345 2362 555 2435 saepius
603 2359 904 2421 miraculis
933 2360 1290 2434 comprobari
1321 2360 1528 2428 voluit,
1559 2367 1622 2419 ut
1652 2375 1725 2416 ex
1779 2361 2052 2434 Gregorio

345 2458 556 2522 nostro,
611 2451 860 2524 aliisque
913 2449 1168 2522 antiquis
1219 2449 1552 2508 auctoribus
1609 2449 1908 2508 discimus.
1970 2451 2052 2509 De

342 2540 530 2597 crucis
571 2540 722 2613 signi
772 2540 1022 2598 efﬁcacia
1073 2546 1129 2598 et
1172 2539 1485 2598 virtutibus
1517 2544 1597 2597 tot
1639 2545 1773 2598 sunt
1804 2540 2053 2598 testimo-

344 2627 434 2683 nia
461 2634 608 2700 quot
640 2628 757 2686 fere
783 2629 1032 2702 paginae.

407 2717 499 2776 57.
540 2715 719 2775 Multa
745 2718 883 2776 item
910 2720 1078 2777 habet
1103 2717 1414 2792 Gregorius
1443 2717 1512 2775 de
1546 2715 2048 2776 Sacramentorum

340 2804 856 2866 administratione.
889 2807 1013 2878 Quo
1045 2808 1157 2866 ritu
1197 2807 1575 2865 Eucharisliae
1625 2812 2048 2864 sacramentum

340 2896 786 2956 distribueretur
832 2898 954 2971 jam
1001 2915 1173 2972 supra
1232 2898 1512 2956 diximus.
1565 2897 1762 2971 Ipsum
1803 2913 1937 2954 vero
1987 2897 2046 2955 in

341 2987 482 3044 turri
541 2993 678 3044 tunc
728 2988 998 3060 temporis
1045 2997 1400 3046 asservatum
1440 2988 1617 3045 fuisse
1663 2987 1726 3044 in
1780 2987 2046 3057 sacrario,

2138 1827 2283 1892 rent,
2318 1838 2492 1895 supra
2520 1838 2594 1880 ex
2626 1821 2857 1882 Catonis
2887 1823 3204 1896 presbyteri
3229 1824 3420 1881 verbis
3439 1824 3838 1896 exposuimus.

2135 1911 2552 1984 Episcoporum
2612 1927 2750 1970 vero
2802 1911 3195 1970 ordinationes
3272 1911 3584 1969 Dominicis
3636 1911 3841 1968 diebus

2135 2001 2314 2058 fuisse
2342 2001 2652 2058 celebratas
2699 2017 2817 2059 non
2864 2000 3037 2058 semel
3075 2001 3292 2058 innuit.
3322 2000 3690 2071 Egrotorum
3729 2016 3842 2058 un-

2135 2089 2351 2146 ctiones
2380 2091 2592 2163 passim
2619 2090 2831 2148 laudat.
2865 2090 3026 2147 Certe
3049 2090 3146 2147 lib.
3173 2090 3394 2162 Icapite
3422 2088 3512 2156 41,
3546 2090 3843 2147 Artemius

2136 2176 2360 2249 legatus
2391 2179 2682 2235 Arvernos
2710 2179 3015 2247 transiens,
3049 2193 3180 2236 cum
3209 2178 3268 2235 in
3297 2178 3840 2248 febrimincidisset,

2135 2283 2166 2324 a
2205 2267 2520 2341 Nepotiano
2551 2268 2816 2341 episcopo
2847 2269 3130 2336 visitatus,
3162 2273 3216 2325 et
3254 2271 3365 2324 oleo
3395 2274 3580 2324 sancto
3624 2284 3843 2342 perun-

2135 2363 2260 2416 ctus
2302 2357 2606 2414 sanitatem
2653 2357 2884 2431 recepit.
2918 2357 3288 2416 Matrimonia
3319 2374 3454 2416 vero
3498 2374 3631 2418 cum
3667 2359 3842 2417 bene-

2135 2445 2383 2504 dictione
2428 2445 2760 2504 sacerdotali
2805 2452 3091 2504 contracta
3129 2447 3307 2505 fuisse
3355 2453 3509 2519 patet
3554 2463 3627 2505 ex
3684 2446 3843 2505 Chil-

2134 2534 2310 2606 perici
2336 2535 2484 2605 regis
2501 2535 2779 2595 adversus
2801 2535 3213 2594 Praetextatum
3233 2537 3565 2610 episcopum
3582 2537 3837 2608 querela,

2132 2622 2283 2680 libro
2310 2635 2350 2680 v
2378 2623 2669 2692 Historiae,
2714 2626 2897 2698 capite
2942 2624 3026 2696 19,
3077 2625 3179 2683 ubi
3232 2641 3334 2682 rex
3402 2625 3486 2684 illi
3529 2626 3840 2699 exprobrat

2132 2713 2499 2770 manifestam
2536 2729 2826 2771 canonum
2876 2713 3268 2782 violationem,
3313 2714 3467 2786 quod
3501 2714 3837 2772 Meroveum

2133 2816 2266 2859 cum
2312 2802 2503 2874 patrui
2557 2802 2718 2860 illius
2776 2801 2968 2860 relicta
3004 2801 3376 2859 matrimonio
3415 2803 3832 2877 conjunxisset.

2133 2889 2419 2948 Caeterum
2469 2891 2778 2963 Gregorius
2820 2890 2948 2950 aliis
2979 2892 3040 2949 in
3072 2890 3209 2949 locis
3240 2908 3354 2950 non
3388 2892 3565 2950 semel
3605 2894 3839 2965 nuptias

2132 2981 2506 3050 incestuosas,
2539 2982 2928 3055 mulieresque
2962 2981 3420 3055 superinductas,
3454 2983 3626 3040 etiam
3653 2983 3714 3040 in
3747 2983 3838 3042 vi-

340 3075 494 3134 unde
527 3075 599 3132 ad
631 3075 804 3134 altare
833 3077 1025 3134 aﬂ‘erri
1065 3082 1441 3135 consueverat
1475 3077 1591 3149 jam
1629 3076 1896 3149 superius
1942 3075 2108 3167 ob-C
2135 3071 2213 3128 ris
2247 3071 2602 3144 principibus
2631 3071 2938 3144 episcopali
2985 3071 3246 3130 libertate
3291 3072 3545 3129 damnat.

339 3165 702 3223 servavimus
739 3181 815 3223 ex
857 3165 1038 3239 capite
1083 3165 1152 3224 86
1193 3166 1325 3224 libri
1381 3166 1451 3223 de
1481 3164 1676 3224 Gloria
1728 3163 2046 3238 Martyrum

339 3263 548 3313 nostra:
599 3255 890 3314 editionis.
934 3255 1086 3314 Huic
1124 3255 1228 3326 rei,
1269 3263 1476 3329 praeter
1514 3254 1814 3313 Fortunati
1854 3254 2046 3313 locum

337 3343 401 3401 de
432 3344 583 3403 turri
632 3361 666 3402 a
712 3344 899 3403 Felice
939 3346 1204 3420 episcopo
1249 3345 1539 3412 fabricata,
1571 3345 1922 3418 suffragatur
1955 3347 2044 3400 be-

337 3436 569 3490 nedictio
605 3439 797 3504 turris,
844 3449 1018 3508 quam
1056 3434 1117 3492 in
1157 3433 1472 3507 appendice
1514 3433 1690 3506 hujus
1728 3434 2045 3492 voluminis

339 3521 512 3581 habes
540 3539 616 3580 ex
648 3523 827 3580 veteri
860 3521 1314 3581 Sacramentario
1353 3522 1715 3595 descriptam.
1765 3522 2042 3582 Chlotarii

341 3612 509 3683 regis,
558 3626 694 3669 cum
751 3611 821 3669 ad
877 3611 1059 3670 sancti
1113 3610 1347 3669 Martini
1411 3611 1741 3684 sepulcrum
1785 3611 2040 3683 accessit,

337 3701 734 3774 paenitentiam
785 3699 1056 3758 describit
1091 3700 1404 3774 Gregorius
1428 3700 1486 3758 in
1539 3699 1811 3759 Historiae
1853 3699 2038 3758 libris.

338 3789 579 3860 Quidam
611 3805 748 3848 vero
773 3789 834 3847 in
861 3789 976 3846 vita
1000 3790 1178 3847 sancti
1205 3789 1410 3848 Nicetii
1437 3790 1868 3862 Lugdunensis,
1908 3805 2041 3848 cum

337 3877 504 3936 morti
561 3885 710 3934 esset
761 3875 1086 3950 proximus,
1146 3876 1547 3950 pmnitentiam
1607 3894 1641 3935 a
1708 3878 2042 3952 presbytero

337 3967 476 4025 fusis
529 3964 803 4038 lacrymis
850 3964 1188 4037 eﬂlagitasse
1241 3963 1474 4022 dicitur.
1531 3965 1601 4023 Et
1659 3965 1800 4024 alibi
1860 3967 2044 4024 homi-

338 4073 464 4115 nem
495 4063 774 4114 memorat
820 4053 1152 4127 Gregorius,
1189 4053 1291 4128 qui
1325 4061 1505 4112 morte
1544 4055 1876 4128 puniendus
1921 4074 2038 4128 pce-

334 4149 618 4204 nitentiam
646 4164 681 4201 a
709 4147 986 4202 sacerdote
1008 4147 1191 4217 petiit,
1224 4147 1364 4201 clam
1403 4145 1662 4219 quidem,
1711 4145 1863 4218 quod
1897 4144 2042 4202 forte

329 4235 439 4309 jam
468 4243 607 4292 tunc
633 4235 903 4309 temporis
935 4250 1058 4292 reos
1085 4240 1346 4293 extremo
1378 4233 1662 4308 supplicio
1708 4233 2040 4292 afﬁciendos

327 4342 357 4383 a
383 4325 726 4402 pmnitentia
753 4326 906 4399 leges
931 4325 1133 4384 civiles
1172 4333 1452 4384 arcerent.
1505 4323 1619 4382 Nec
1649 4326 1859 4384 desunt
1884 4327 2037 4399 apud

2203 3161 2291 3217 58.
2350 3161 2740 3218 Censurarum
2795 3161 3314 3220 ecclesiasticarum
3382 3160 3647 3234 exempla
3717 3175 3837 3219 non

2130 3250 2338 3308 desunt
2365 3250 2427 3308 in
2458 3249 2718 3322 Gregorii
2757 3250 2941 3307 libris.
2989 3250 3242 3324 Aliquod
3273 3250 3714 3322 irregularitatis
3761 3250 3835 3307 ob

2129 3341 2381 3399 lenitatis
2444 3340 2730 3399 defectum
2800 3342 3168 3400 incurrendaa
3237 3342 3548 3414 vestigium
3607 3341 3827 3398 invenit

2129 3433 2548 3492 Thomassinus
2593 3433 2656 3490 iu
2699 3432 2960 3504 Gregorii
3013 3433 3178 3502 facto,
3228 3433 3500 3491 Historiae
3543 3433 3692 3490 libro
3745 3445 3803 3489 V'

2125 3524 2309 3596 capite
2359 3523 2444 3592 tO,
2500 3522 2695 3595 relato,
2741 3524 2842 3582 ubi
2881 3524 2980 3582 ille
3031 3524 3324 3599 scripsisse
3352 3541 3412 3582 se
3448 3530 3730 3582 memorat
3765 3523 3778 3547 "

2125 3612 2367 3686 gratiam
2401 3611 2619 3681 furum,
2653 3612 2753 3686 qui
2783 3613 2964 3671 sancti
2999 3611 3228 3671 Martini
3255 3612 3551 3670 basilicam
3586 3613 3737 3671 intre

2126 3707 2275 3770 rant,
2305 3716 2494 3774 regem
2524 3715 2897 3759 commoneas
2925 3717 3021 3760 eos
3050 3703 3208 3760 fures
3235 3718 3266 3759 a
3296 3701 3541 3768 clericis,
3576 3701 3646 3761 ad
3686 3718 3718 3777 (ζ

2125 3804 2299 3847 causa
2345 3788 2470 3846 haec
2520 3790 2858 3862 pertinebat,
2906 3805 3021 3847 non
3067 3789 3246 3848 fuisse
3293 3796 3604 3847 accusatos.
3665 3789 3832 3859 Quod

2125 3892 2185 3934 se
2229 3877 2430 3934 fecisse
2467 3878 2549 3936 ait
2588 3880 2716 3952 pius
2749 3880 2987 3937 antistes
3023 3878 3295 3950 veritum,
3341 3895 3414 3936 ne
3458 3879 3723 3937 homines
3763 3879 3831 3937 il-

2125 3965 2241 4024 lius
2279 3981 2451 4024 causa
2492 3974 2874 4035 morerentur,
2933 3967 3033 4040 qui
3081 3967 3284 4025 vivens
3335 3966 3394 4024 in
3445 3983 3680 4040 corpore
3725 3983 3828 4039 pro

2123 4055 2481 4130 perditorum
2521 4057 2636 4115 vita
2668 4058 2881 4131 saepius
2913 4058 3248 4132 deprecatus
3276 4061 3478 4117 fuerat.
3511 4058 3826 4133 Opprobrio

2125 4160 2334 4218 magno
2379 4161 2437 4202 se
2467 4146 2586 4203 fore
2616 4147 2938 4206 obnoxium
2979 4147 3334 4206 existimavit
3368 4149 3666 4223 presbyter
3693 4149 3828 4223 qui-

2121 4237 2254 4294 dam
2293 4237 2354 4295 in
2397 4239 2577 4310 capite
2607 4241 2672 4296 73
2710 4240 2840 4296 libri
2869 4252 2888 4297 I
2917 4239 2987 4296 de
3029 4239 3224 4298 Gloria
3252 4240 3571 4314 Martyrum
3605 4256 3826 4298 memo-

2121 4335 2297 4395 ratus,
2355 4327 2402 4385 si
2463 4344 2562 4401 per
2613 4347 2768 4384 suam
2818 4332 3214 4385 accusationem
3268 4329 3363 4387 fur
3420 4329 3588 4388 morti
3652 4329 3826 4387 fuerit

329 4425 590 4476 nostrum
642 4422 935 4476 auctorem
989 4416 1486 4489 indulgentiarum
1542 4416 1826 4490 exempla.
1891 4416 2397 4498 NamDaddictus.
2434 4415 2605 4476 Hunc
2639 4419 2793 4475 enim
2833 4419 2976 4491 rapti
3018 4417 3151 4492 equi
3188 4424 3555 4476 accusaverat
3596 4416 3696 4475 ille
3733 4434 3822 4475 sa-

323 4506 516 4566 Victor
535 4507 858 4582 episcopus,
885 4507 984 4580 qui
1013 4524 1045 4564 a
1073 4507 1484 4564 communione
1511 4507 1696 4564 fuerat
1718 4524 2031 4582 suspensus

322 4597 391 4654 ob
423 4612 550 4655 reos
595 4605 810 4655 temere
844 4595 1263 4666 reconciliatos,
1293 4602 1427 4654 ante
1457 4596 1850 4668 priestitutum
1885 4604 2031 4655 tem-

320 4703 444 4761 pus,
484 4687 633 4760 regis
675 4687 1088 4746 intercessione
1131 4687 1530 4745 communioni
1578 4688 1877 4746 restitutus
1923 4695 2026 4747 est.

324 4775 414 4835 Sic
464 4784 521 4836 et
570 4777 630 4836 in
687 4775 921 4851 Synodo
972 4775 1230 4844 Metensi,
1293 4775 1499 4835 Basina
1546 4782 1602 4835 et
1646 4778 2025 4850 Chrodieldis,

319 4865 388 4925 ob
438 4867 654 4924 scelera
702 4867 1241 4938 excommunicataa,
1299 4874 1532 4940 rogante
1581 4865 1946 4926 Childeberto
1995 4885 2029 4926 a

322 4956 558 5016 Coucilii
605 4958 884 5032 patribus,
913 4959 1192 5016 absolutae
1228 4957 1478 5016 fuerunt.
1511 4958 1802 5031 Baptismo
1831 4963 2027 5017 confe-

327 5047 501 5105 rendo
537 5053 791 5116 tempora
826 5046 1122 5121 designata
1163 5047 1377 5105 indicat
1412 5047 1742 5121 Gregorius,
1775 5063 2028 5107 comme-
2075 5125 2077 5127 ι

327 5150 558 5192 morans
614 5135 967 5195 Guntramni
999 5134 1262 5210 querelas
1289 5136 1568 5194 adversus
1593 5151 1690 5196 eos
1723 5137 1823 5209 qui
1855 5137 2028 5196 Chlo-

325 5225 456 5283 tarii
503 5224 558 5282 II
593 5224 939 5299 baptismum
975 5225 1185 5284 iterum
1213 5233 1386 5300 atque
1416 5225 1628 5284 iterum
1657 5226 2023 5285 distulerant.

325 5314 468 5391 Ejus
495 5330 648 5386 vero,
679 5320 734 5372 et
758 5314 990 5388 quidem
1024 5314 1081 5372 in
1115 5315 1490 5374 sanctissimae
1517 5315 1816 5375 Trinitatis
1844 5316 2027 5374 nomi-

324 5419 393 5462 ne
426 5404 704 5464 unitatem
751 5405 965 5479 saepius
993 5407 1398 5481 propuguavit.
1433 5407 1542 5466 Per
1568 5407 2022 5480 immersionem,

323 5493 522 5553 saltem
574 5492 636 5554 in
694 5493 991 5568 Hispaniis
1043 5502 1181 5553 tunc
1227 5495 1425 5555 datum
1484 5495 1665 5554 fuisse
1703 5511 1774 5554 ex
1823 5495 2025 5554 eodem

323 5583 669 5660 colligimus,
697 5584 801 5661 qui
832 5590 887 5643 et
919 5585 1154 5644 nomina
1197 5585 1260 5644 in
1303 5584 1585 5658 baptismo
1616 5585 1881 5660 imposita
1913 5588 2024 5644 l're-

2118 4506 2316 4564 cerdos
2346 4531 2358 4564 :
2393 4507 2548 4564 unde
2581 4507 2810 4565 nullum
2843 4507 3089 4580 lapidem
3118 4524 3235 4565 non
3267 4508 3465 4577 movit,
3499 4514 3564 4564 ut
3594 4523 3760 4566 reum
3790 4525 3824 4567 a

2113 4603 2294 4652 morte
2339 4595 2601 4668 eriperet.
2651 4595 2809 4665 Quod
2860 4613 2990 4654 cum
3037 4596 3218 4666 judex
3271 4597 3453 4652 facere
3512 4597 3816 4666 renuisset,

2112 4683 2476 4742 condemnati
2506 4684 2748 4742 salutem
2775 4684 2923 4742 beati
2947 4682 3213 4754 Quintilii
3238 4682 3460 4741 meritis
3490 4700 3523 4742 a
3555 4683 3670 4742 Deo
3703 4685 3819 4741 im—

2112 4774 2374 4847 petravit.
2438 4774 2507 4832 In
2557 4774 2705 4832 libro
2757 4787 2814 4832 v1
2869 4775 3160 4844 Historiae,
3203 4775 3384 4849 capite
3420 4776 3470 4841 8,
3512 4775 3816 4835 Ursicinus

2112 4861 2472 4921 Caturceusis
2514 4862 2814 4935 episcopus
2850 4863 2923 4922 ab
2963 4864 3166 4922 ordine
3208 4873 3471 4938 suscepto
3500 4879 3817 4937 suspensus
3860 4895 3864 4898 -

2114 4961 2218 5024 est,
2246 4952 2398 5027 quod
2429 4952 2810 5012 Gundovaldo
2843 4953 3152 5012 Ballomeri
3192 4953 3420 5026 publice
3453 4953 3809 5011 adhaesisset.

2114 5043 2476 5102 Probibitum
2530 5045 2745 5119 quippe
2789 5045 2838 5102 ei
2889 5045 3018 5116 fuit,
3061 5060 3135 5102 ne
3180 5049 3292 5101 toto
3345 5043 3570 5101 trienno
3620 5047 3817 5099 missas

2112 5135 2395 5204 celebrare,
2454 5138 2672 5192 clericos
2728 5137 3002 5200 ordinare,
3068 5136 3423 5204 ecclesiasque
3477 5138 3528 5189 et
3578 5135 3817 5190 chrisma

2113 5225 2435 5289 benedicere,
2513 5232 2647 5290 etc..
2718 5224 2973 5282 auderet.
3046 5221 3439 5280 Ecclesiastica
3516 5223 3814 5295 sepultura

2106 5312 2367 5386 privatus
2399 5313 2506 5372 fuit
2537 5313 2846 5381 Palladius,
2881 5313 2981 5389 qui
3007 5311 3116 5369 sibi
3141 5311 3251 5384 ipsi
3287 5312 3566 5370 violentas
3602 5328 3812 5372 manus

2107 5405 2393 5474 attulerat,
2423 5411 2487 5462 ut
2513 5403 2632 5476 jam
2659 5401 3116 5461 observavimus.
3162 5399 3540 5459 Interdictum
3585 5417 3720 5460 vero
3748 5402 3811 5460 in

2107 5495 2410 5555 Pictonum
2466 5492 2669 5551 urbem
2737 5506 2860 5548 sese
2929 5488 3290 5548 inflicturum
3365 5489 3668 5547 minitatus
3725 5495 3810 5548 est

2107 5586 2412 5644 Meroveus
2453 5582 2706 5657 ejusdem
2756 5578 2916 5638 urbis
2959 5579 3213 5650 antistes,
3249 5579 3360 5638 nisi
3389 5578 3748 5638 Chrodicldis
3776 5597 3809 5638 a
