4070 6186
173 161 237 221 51

1718 168 2133 229 ΡΗᾸΕΡΑΤΙΟ.

3598 175 3668 235 5‘2

176 288 437 362 nequitia
487 304 593 350 sua
645 293 988 366 resipiscens
1037 292 1383 351 abbatissam
1420 292 1644 352 Sancfze
1685 294 2192 356 CrucisAcoactus
2245 295 2440 355 fuerit.
2502 296 2999 356 Resurrectionem
3049 312 3354 371 corporum
3408 298 3666 358 futuram

174 376 542 445 monasterio,
583 392 616 435 a
654 393 768 451 quo
808 379 995 437 fuerat
1036 384 1212 451 rapta,
1255 379 1599 437 restitueret.
1640 379 1709 436 Et
1747 380 1878 454 qui-

176 463 308 523 dem
339 480 473 523 cum
505 463 699 525 Sancti
730 466 991 542 Dyonisii
1022 466 1256 524 ecclesia
1288 483 1462 540 prope
1506 468 1754 525 Parisios
1806 470 1880 527 ob

173 556 388 614 czedem
416 556 477 614 in
507 573 573 614 ea
601 564 880 630 patratum
917 556 1129 614 violata
1154 557 1374 626 fuisset,
1418 562 1660 630 officium
1690 562 1879 632 perdi-

175 645 280 712 dit,
330 660 436 703 nec
467 644 548 703 ibi
582 661 742 703 sacra
771 644 1047 702 celebrata
1079 645 1335 716 fuerunt,
1368 646 1549 703 donec
1580 648 1779 705 fuisset
1810 650 1882 706 ab

173 736 438 810 episc0po
488 734 867 794 reconciliata.
924 734 1336 810 Episcoporum
1370 737 1443 795 ob
1475 737 1725 795 admissa
1767 738 1878 796 cri-

172 828 332 886 mina
364 828 731 903 dejectiones,
758 830 1390 888 excommunicationes
1410 830 1471 887 in
1500 832 1878 903 incestuosos,

176 919 545 994 aliorumque
596 920 911 978 criminum
952 938 1078 979 reos
1112 922 1509 994 praetermitto,
1563 923 1717 997 quod
1758 924 1884 982 haec

177 1011 400 1069 notiora
429 1010 563 1079 sint,
591 1027 765 1084 quam
798 1019 861 1070 ut
883 1012 1183 1084 indigeant
1210 1013 1397 1072 fusius
1428 1014 1676 1071 tractari.

248 1104 336 1163 59.
370 1104 462 1163 Ex
502 1105 593 1162 his
644 1111 837 1164 autem
886 1107 1158 1164 omnibus
1206 1113 1375 1180 patet,
1416 1107 1724 1165 utilissima
1762 1124 1883 1168 esse

178 1192 440 1265 Gregorii
488 1210 658 1268 opera
694 1194 761 1251 ad
806 1194 1192 1268 indagandum
1246 1196 1559 1255 Gallicanze
1610 1197 1883 1257 Ecclesiae

175 1282 577 1357 disciplinam:
609 1298 788 1357 pauca
808 1283 924 1357 jam
948 1284 1352 1357 subjungenda
1381 1291 1536 1355 sunt,
1569 1302 1643 1343 ex
1668 1286 1883 1360 quibus

172 1376 547 1449 intelligatur,
574 1389 640 1432 ea
668 1390 785 1432 non
812 1378 1008 1433 minus
1039 1391 1162 1433 esse
1190 1375 1397 1434 idonea
1430 1375 1501 1432 ad
1545 1377 1886 1436 conﬁrman-

175 1466 306 1526 dam
336 1466 510 1524 fidem
540 1470 815 1523 nostram.
853 1465 1018 1524 Hanc
1055 1468 1213 1525 enim
1254 1482 1382 1525 eam
1424 1468 1606 1541 ipsam
1646 1484 1770 1527 esse
1810 1485 1885 1528 ex

174 1557 376 1615 eodem
433 1561 664 1612 auctore
723 1552 1019 1623 discimus,
1075 1568 1249 1627 quam
1318 1560 1506 1628 patres
1581 1556 1762 1615 nostri
1812 1556 1886 1615 ab

1961 386 2195 459 prolatis
2247 385 2502 461 opposite
2528 402 2703 445 sacrae
2736 386 3046 461 Scriptura;
3093 386 3435 446 testimoniis
3470 394 3669 447 contra

1965 475 2309 536 Siducaeum
2337 477 2646 551 quemdam
2700 478 3103 550 presbyterum
3152 478 3230 535 ita
3281 479 3550 550 asseruit,
3604 485 3669 537 ut

1962 563 2062 623 ille
2092 568 2330 623 omnino
2360 566 2655 624 convictus
2684 610 2696 637 ,
2729 580 2787 622 se
2812 581 3115 639 nunquam
3147 582 3271 623 eam
3302 567 3671 641 impugnatu-

1966 671 2095 713 rum
2141 654 2429 727 pollicitus
2457 656 2547 712 sit.
2581 654 2803 712 Ibidem
2836 670 3067 730 quoque
3094 655 3163 711 de
3187 656 3391 731 judicii
3422 656 3669 715 extremi

1965 746 2203 803 veritate
2230 746 2451 803 erudite
2480 744 2727 813 disserit,
2758 752 2811 801 et
2840 744 3259 817 suppliciorum
3288 747 3670 804 aeternitatem

1965 837 2252 896 damnatis
2283 837 2557 896 luendam
2585 838 2803 911 probat.
2862 838 2941 895 De
2968 838 3176 896 iisdem
3211 841 3410 912 pcenis,
3446 846 3569 897 tum
3599 839 3671 897 de

1966 928 2328 1002 temporariis
2369 944 2513 1000 quas
2552 928 2766 985 animze
2797 927 3207 985 defunctorum
3248 929 3668 1001 perpetiuntur,

1967 1019 2084 1091 agit
2140 1019 2201 1075 in
2253 1020 2436 1091 capite
2476 1017 2683 1075 ultimo
2728 1016 2861 1075 libri
2908 1031 2925 1075 I
2970 1018 3040 1077 de
3086 1017 3281 1076 Gloria
3328 1018 3670 1092 Martyrum.

1968 1107 2190 1165 Peccati
2228 1106 2530 1178 originalis
2575 1107 2852 1164 adversus
2898 1106 3235 1179 Pelagianos
3268 1107 3568 1163 veritatem
3611 1107 3675 1163 in

1966 1216 2069 1259 sua
2093 1199 2227 1257 fidei
2253 1198 2613 1257 confessione
2636 1198 2889 1271 agnovit,
2929 1214 3062 1257 cum
3105 1202 3369 1255 hominem
3394 1199 3675 1269 perditum

1968 1291 2257 1345 liberatum
2307 1304 2340 1346 a
2390 1287 2615 1347 Christo
2671 1287 2849 1345 fuisse
2886 1289 3203 1362 profitetur.
3253 1287 3341 1345 Ibi
3380 1294 3435 1345 et
3471 1302 3673 1360 perpe-

1968 1384 2128 1436 tuam
2178 1378 2376 1436 Marim
2421 1378 2810 1448 virginitatem
2856 1378 3089 1447 laudat,
3135 1385 3190 1435 et
3230 1377 3456 1435 aliisin
3494 1377 3670 1446 locis;

1967 1466 2155 1524 divini
2196 1481 2333 1524 vero
2369 1462 2578 1523 auxilii
2628 1464 2698 1521 ad
2750 1470 2899 1522 recte
2939 1466 3226 1538 agendum
3279 1465 3675 1523 necessitatem

1967 1570 2086 1613 non
2129 1554 2321 1612 verbis
2374 1554 2581 1622 solum,
2626 1554 2724 1611 sed
2759 1560 2815 1612 et
2845 1554 3129 1628 exemplis
3173 1554 3389 1628 passim
3418 1569 3676 1629 compro-

173 1644 584 1720 Apostolorum
623 1641 923 1716 discipulis
954 1648 1310 1716 acceperant.
1346 1644 1416 1702 Et
1453 1644 1691 1720 quidem
1725 1642 2083 1721 nun-Bbat.
2129 1643 2283 1702 Hinc
2322 1650 2471 1701 recte
2500 1644 2645 1701 facta
2686 1657 2801 1701 non
2846 1643 3071 1702 viribus
3113 1643 3362 1718 propriis
3386 1690 3402 1714 ,
3441 1644 3539 1702 sed
3571 1642 3677 1701 Dei

174 1752 351 1813 quam
398 1735 540 1793 alias
586 1739 703 1791 tam
741 1741 1004 1793 accurate
1044 1734 1268 1794 locutus
1304 1740 1390 1793 est
1429 1733 1741 1805 Gregorius
1780 1752 1887 1796 110-
1969 1732 2174 1791 virtuti
2224 1731 2530 1791 tribuenda
2559 1746 2683 1789 esse
2728 1730 2891 1789 docet
2935 1732 2997 1789 in
3038 1731 3220 1805 capite
3271 1731 3501 1790 laudato
3541 1730 3677 1789 libri

175 1830 311 1893 ster,
334 1838 510 1897 quam
532 1837 667 1881 cum
690 1821 761 1879 de
785 1821 917 1879 fidei
941 1821 1112 1880 rebus
1139 1822 1418 1893 tractavit,
1442 1837 1545 1880 nec
1565 1823 1887 1897 quidquam
1969 1821 2040 1879 de
2067 1820 2261 1880 Gloria
2285 1819 2605 1893 Martyrum
2631 1839 2648 1891 ;
2698 1821 2881 1893 capite
2916 1826 3111 1878 autem
3140 1821 3203 1877 41
3238 1820 3414 1879 ﬁdem
3438 1825 3674 1888 rectam,

174 1911 335 1971 aliud
368 1918 481 1969 toto
508 1912 645 1969 vitae
676 1928 799 1969 suae
826 1916 1079 1983 tempore
1119 1910 1261 1968 adeo
1289 1910 1599 1985 diligenter
1635 1913 1887 1986 iuquisi-
1968 1927 2105 1985 quae
2136 1912 2305 1970 bonis
2345 1911 2639 1968 animetur
2684 1911 2976 1985 Operibus,
3013 1912 3082 1969 ad
3116 1912 3358 1970 salutem
3412 1926 3674 1969 necessa-

174 2002 278 2071 vit,
319 2016 386 2058 ac
423 2016 488 2057 ea
528 2016 660 2072 quae
696 2000 767 2057 ad
808 2000 941 2057 fidei
986 1998 1373 2071 integritatem
1408 2006 1464 2058 et
1496 2002 1885 2062 sinceritatem
1969 1998 2114 2057 riam
2166 2014 2289 2057 esse
2344 2003 2557 2056 censet.
2604 1997 2811 2057 Veram
2855 2006 2910 2057 et
2947 1999 3161 2057 realem
3212 2000 3270 2057 in
3314 1998 3678 2059 Eucharistia

172 2091 554 2165 pertinebant.
602 2088 668 2147 Id
713 2089 905 2161 ipsum
944 2087 1174 2146 disertis
1211 2089 1405 2146 verbis
1436 2094 1677 2149 testatur
1720 2092 1886 2152 initio
1969 2090 2225 2164 corporis
2269 2096 2325 2148 et
2382 2087 2688 2163 sanguinis
2736 2090 2970 2147 Domini
3022 2090 3411 2163 przesentiam,
3447 2106 3581 2148 cum
3610 2090 3673 2147 iu

175 2178 669 2249 libriIHistorize,
707 2178 807 2235 ubi
829 2183 1131 2250 postquam
1159 2192 1219 2233 se
1245 2178 1641 2249 grammaticae
1670 2182 1887 2254 regulis
1969 2180 2278 2238 narrandis
2333 2179 2592 2237 historiis
2646 2178 2865 2237 occasio
2912 2195 3035 2237 sese
3068 2180 3296 2252 obtulit,
3350 2181 3430 2238 ita
3484 2188 3677 2252 aperte

175 2286 292 2328 non
328 2269 493 2343 plene
522 2266 820 2324 eruditum
865 2264 1056 2321 fassus
1104 2264 1324 2334 fuisset,
1370 2268 1677 2340 subjuugit
1710 2285 1769 2326 se
1800 2277 1885 2328 ta-
1970 2266 2301 2335 declaravit,
2336 2284 2406 2325 ac
2444 2269 2493 2325 si
2538 2268 2669 2325 data
2699 2284 2869 2340 opera
2908 2269 3252 2327 catholicum
3283 2269 3427 2327 illud
3471 2270 3679 2342 dogma

180 2374 313 2417 men
367 2355 657 2415 studuisse
701 2370 947 2427 semper,
990 2359 1054 2411 ut
1091 2354 1161 2412 de
1200 2354 1373 2413 rebus
1412 2355 1544 2413 fidei
1586 2374 1792 2429 puram
1833 2365 1889 2418 et
1970 2362 2097 2429 post
2128 2364 2388 2413 exortam
2425 2356 2989 2427 Berengarianorum
3034 2358 3305 2415 hzeresim
3351 2357 3678 2430 exprimere

178 2450 464 2509 sinceram
510 2446 745 2504 haberet
796 2444 1110 2503 notionem.
1171 2446 1338 2515 Illud,
1402 2446 1613 2519 inquit,
1676 2454 1889 2506 tantum
1971 2445 2267 2505 voluisset.
2298 2446 2596 2513 Audenter,
2626 2444 2834 2518 inquit,
2870 2446 2929 2502 in
2958 2446 3107 2503 libro
3137 2446 3207 2502 de
3236 2445 3431 2505 Gloria
3462 2446 3677 2518 Marty-

181 2542 425 2604 studens,
477 2545 538 2595 ut
575 2541 721 2611 quod
768 2544 827 2595 in
877 2544 1123 2598 Ecclesia
1174 2543 1322 2597 credi
1363 2545 1720 2614 praedicatur,
1772 2549 1891 2603 sine
1972 2555 2125 2610 rum,
2159 2539 2339 2611 capite
2370 2538 2460 2606 86,
2493 2543 2739 2594 sanctum
2773 2540 2993 2593 Domini
3031 2554 3224 2609 corpus
3271 2544 3320 2593 et
3359 2540 3679 2605 sanguinem

182 2632 369 2699 aliquo
411 2632 536 2697 fuco
562 2633 658 2683 aut
689 2630 867 2683 cordis
911 2632 1249 2685 hwsitatione
1278 2635 1561 2701 retineam,
1594 2640 1699 2691 etc.
1738 2632 1883 2692 Sub-

2072 2646 2095 2683 a
2177 2630 2348 2684 simus
2421 2632 2547 2683 actu
2620 2629 2845 2699 polluti,
2899 2628 2972 2681 ad
3041 2628 3317 2696 judicium
3394 2629 3678 2689 sumimus,

175 2716 369 2790 jungit
393 2716 528 2773 fidei
549 2732 672 2773 sum
694 2716 1124 2788 professionem.
1154 2734 1328 2791 quam
1359 2716 1632 2795 Symbolo
1657 2720 1892 2781 Nicreno
1976 2735 2162 2789 quam,
2195 2724 2327 2786 etC-3
2378 2721 2431 2773 et
2476 2714 2658 2788 capite
2700 2716 2765 2773 10
2794 2715 3057 2789 eleSdem
3090 2717 3223 2774 libri
3268 2722 3463 2773 narrat
3493 2714 3681 2773 histO‘

181 2813 281 2865 aut
338 2805 973 2879 Constantinopolitano
1035 2808 1410 2881 prolixiorem
1460 2812 1659 2883 edidit,
1708 2818 1773 2871 ut
1820 2813 1893 2872 ab
1978 2808 2123 2864 riam
2152 2804 2389 2862 infantis
2414 2803 2751 2878 Judaei,qui
2797 2820 2928 2863 cum
2954 2806 3249 2863 catholicis
3271 2804 3343 2861 ad
3379 2807 3684 2876 participa-

181 2897 507 2956 hzeresibus
542 2913 675 2971 quae
710 2905 902 2970 postea
926 2897 1373 2972 pullulaverant,
1402 2901 1661 2962 alienum
1687 2921 1747 2963 se
1771 2921 1883 2964 esse

2072 2910 2175 2948 1cm
2201 2894 2427 2962 gloriosi
2468 2894 2706 2963 corporis
2736 2897 2785 2948 et
2814 2895 3101 2960 sanguinis
3130 2894 3400 2949 Dominici
3429 2906 3683 2948 accesse-

183 2987 574 3062 profiteretur.
610 2988 921 3048 Prteclaras
949 2989 1083 3047 fidei
1122 2992 1351 3065 regulas
1380 2995 1647 3067 proponit
1676 2995 1823 3053 libro
1852 3007 1883 3053 Σ

2072 3027 2083 3040 .
2130 2982 2392 3055 Expletis
2433 2980 2645 3051 Missis,
2693 2997 2768 3039 ex
2822 2980 2969 3039 libro
2999 2994 3037 3039 11
3067 2980 3137 3038 de
3176 2980 3469 3039 Miraculis
3504 2980 3686 3039 sancti

187 3076 481 3146 Historiae,
527 3079 710 3151 capite
764 3079 849 3148 f3,
893 3094 1184 3138 sacrarum
1231 3098 1435 3155 nempe
1476 3083 1797 3142 litterarum
1840 3072 2256 3143 etuMal‘liHi,
2313 3073 2494 3147 capite
2547 3074 2614 3131 47
2644 3119 2660 3143 ,
2718 3072 2970 3146 populus
3036 3078 3438 3129 sacrosanctum
3492 3089 3686 3145 corpus

190 3168 517 3226 traditionis
554 3168 879 3241 apostolicae
910 3172 1328 3245 auctoritatem,
1380 3174 1546 3245 queis
1592 3176 1776 3234 utitur
1823 3180 1897 3238 ad
1978 3165 2350 3235 Redemptoris
2411 3163 2662 3235 accepit,
2726 3169 2832 3219 etc.
2892 3160 3200 3219 Missarum
3254 3160 3683 3227 celebrationes,

189 3259 604 3319 confutandam
665 3261 924 3321 haeretici
979 3262 1281 3337 cujusdam
1332 3266 1735 3338 pervicaciam,
1795 3270 1897 3345 qui
1978 3255 2240 3345 εασνίῖῖθίί
2270 3250 2622 3345 (ξω-διίοῐξθω
2661 3249 2878 3324 Passim
2907 3255 3336 3345 @mmemprat-
3373 3249 3577 3345 M_i55_35
3613 3246 3688 3345 aid

190 3348 448 3409 futuram
501 3350 982 3411 resurrectionem
1032 3354 1092 3410 in
1131 3336 1375 3411 dubium
1418 3371 1686 3416 revocare
1719 3336 1899 3418 ausus
1981 3338 2245 3414 Γθίῐυίθω
2277 3338 2564 3397 demimus
2607 3339 3027 3412 Drocurandam
3059 3338 3371 3395 celebratas
3418 3336 3597 3395 habes
3624 3338 3682 3395 Ῐυ

192 3438 398 3497 fuerat.
433 3437 565 3497 Alio
594 3440 655 3497 in
686 3441 807 3498 loco
836 3446 1164 3499 sanctorum
1200 3441 1437 3499 Patrum
1479 3446 1899 3517 auctoritatem,
1983 3427 2133 3486 libro
2162 3428 2232 3485 de
2262 3428 2457 3487 Gloria
2486 3428 2892 3487 CODfeSSOI‘um
2918 3474 2933 3498 ι
2965 3429 3147 3501 capite
3176 3428 3244 3486 65
3269 3471 3283 3499 ν
3314 3433 3369 3485 θῑ
3396 3426 3689 3486 Palladius

192 3544 340 3603 quos
389 3535 516 3602 post
554 3529 837 3603 apostolos
875 3529 1032 3588 Deus
1071 3530 1339 3589 Ecclesize
1386 3531 1639 3605 reliquit,
1682 3533 1899 3609 laudat,
1984 3519 2076 3577 311i
2106 3519 2291 3593 iPSiUS
2352 3518 2747 3593 ίηίθτθωρίοτι
2799 3522 3091 3575 missarum
3138 3522 3399 3575 εοίθπιηία
3438 3536 3544 3575 non
3575 3535 3688 3574 πῖθ’

196 3636 404 3694 nempe
430 3618 577 3678 libro
608 3632 668 3690 v,
701 3621 882 3695 capite
911 3620 999 3679 45.
1034 3621 1295 3696 Denique
1329 3624 1467 3681 tanti
1496 3624 1757 3684 fecerunt
1788 3644 1906 3686 ma-
1981 3614 2117 3668 ναίει
2156 3609 2317 3668 Alibi
2370 3620 2653 3683 Dmseme
2691 3625 2926 3682 corpore
2966 3609 3028 3667 in
3073 3609 3479 3667 defuncmmm
3518 3624 3691 3666 exse“

191 3710 346 3784 jores
398 3709 579 3769 nostri
629 3709 1069 3784 disputationes,
1140 3728 1285 3785 quas
1340 3712 1653 3786 Gregorius
1711 3724 1903 3776 noster
1988 3702 2145 3775 quiis
2173 3702 2365 3760 Missae
2389 3702 2688 3761 celebratae
2716 3701 3203 3771 dicuntur;item
3234 3707 3287 3759 et
3317 3700 3690 3774 psallentium

201 3801 479 3860 adversus
518 3800 819 3858 haereticos
850 3817 883 3858 a
917 3817 976 3858 se
1013 3800 1237 3859 habitas
1273 3802 1499 3875 scriptis
1536 3808 1883 3866 commenda

2072 3793 2151 3852 ori
2178 3792 2326 3849 circa
2355 3790 2611 3848 defuncti
2656 3805 2864 3865 corpus
2902 3796 3035 3846 ante
3066 3789 3443 3863 sepulturam,
3477 3796 3533 3846 et
3577 3786 3692 3844 alia

202 3896 383 3960 verat,
411 3896 475 3949 ut
502 3888 585 3947 eis
615 3890 765 3947 inter
805 3888 938 3947 fidei
979 3889 1207 3964 regulas
1248 3874 1437 3950 locum
1478 3893 1680 3952 darent
1718 3894 1779 3952 in
1820 3911 1883 3954 co

2072 3882 2298 3950 lsmodi,
2342 3896 2475 3949 quze
2508 3880 2835 3953 legentibus
2865 3879 3079 3952 passim
3120 3884 3449 3937 occurrunt.
3488 3875 3693 3935 Sacra-

200 3982 449 4052 dicibus,
481 3980 583 4055 qui
618 3981 689 4039 ad
729 3981 1085 4040 sacerdotum
1123 3982 1506 4042 eruditionem
1544 3991 1737 4057 postea
1767 4002 1908 4046 con-
1993 3988 2125 4034 rum
2157 3986 2292 4029 vero
2342 3969 2724 4042 reliquiarum
2768 3967 3221 4057 venerationem,
3265 3966 3693 4057 invocationem

202 4074 307 4133 diti
363 4054 617 4133 fuerunt.
676 4072 976 4147 Ejusmodi
1032 4072 1429 4133 collectionem
1490 4054 1772 4136 habemus
1836 4095 1883 4138 e1

2072 4069 2347 4131 actorum,
2377 4074 2567 4117 sacras
2595 4074 2795 4117 eorum
2808 4058 3111 4131 imagines,
3130 4056 3360 4131 aliaque
3383 4054 3693 4129 ejusmodi,

205 4162 398 4221 codice
455 4146 777 4221 Fossatensi
824 4168 1079 4237 tempore
1122 4160 1311 4222 Caroli
1359 4164 1555 4237 Magni
1607 4167 1883 4226 concinna

2076 4168 2127 4210 ee
2156 4151 2501 4209 recentiores
2534 4149 2814 4220 haeretici,
2859 4150 2985 4223 plus
3018 4150 3161 4207 forte
3204 4146 3365 4221 vulgi
3412 4146 3698 4204 abusibus

209 4260 346 4325 tam,
384 4254 448 4312 in
486 4270 602 4328 qua
663 4254 1048 4314 conciliorum
1102 4255 1423 4314 canonibus
1475 4258 1911 4329 praemittuntur
1992 4259 2167 4319 quam
2192 4242 2461 4301 Ecclesiae
2490 4241 2855 4314 dogmatibus
2873 4239 3254 4329 attendentes,
3276 4239 3695 4309 tautopereim-

207 4343 539 4418 symbolum
610 4345 933 4414 Athanasii,
985 4346 1298 4417 Augustini
1355 4346 1723 4421 aliorumque
1777 4349 1883 4407 fide

2076 4341 2348 4407 gnarunt,
2382 4340 2460 4391 tot
2488 4333 2731 4406 probant
2752 4339 3114 4405 argumenta,
3147 4332 3299 4404 quod
3332 4330 3449 4388 fere
3472 4329 3696 4387 haben-

209 4434 620 4503 coufessiones,
664 4441 788 4492 tum
823 4434 1222 4493 altercationes
1261 4441 1459 4492 contra
1498 4420 1798 4495 haereticos
1838 4456 1883 4496 e:

2072 4443 2092 4483 r
2116 4427 2177 4484 in
2209 4424 2373 4483 libris
2410 4424 2828 4483 Miraculorum
2862 4423 3106 4497 pagina).
3162 4420 3451 4495 Imagines
3484 4420 3697 4479 Christi

207 4524 467 4596 Gregorii
512 4523 765 4583 Historia
804 4531 1110 4598 excerptze.
1149 4523 1265 4581 Nec
1302 4524 1609 4584 immerito.
1646 4525 1729 4583 Ita
1756 4528 1913 4585 enim
1994 4516 2148 4590 αριΙά
2184 4515 2381 4574 Ῑίάθιθε
2406 4515 2742 4573 δδεθτνὶιηάί
2772 4529 2988 4572 morem
3019 4529 3094 4570 ex
3127 4527 3321 4569 amore
3352 4510 3411 4567 ίΠ
3442 4516 3700 4584 ΡΓοῙοίΥ’

210 4616 347 4674 fidei
372 4620 582 4672 uostrze
608 4612 900 4671 studiosus
931 4613 1042 4671 fuit
1072 4612 1405 4685 Gregorius,
1436 4620 1500 4673 ut
1527 4614 1750 4674 nullam
1790 4619 1915 4690 ejus

207 4703 643 4780 propugnandae
668 4703 1024 4762 occasionem
1046 4705 1498 4777 praetermiserit.
1523 4705 1915 4767 Sanctissimee

212 4791 508 4852 Trinitatis
536 4792 899 4866 mysterium,
932 4806 1425 4865 personarumque
1455 4794 1517 4851 iu
1548 4811 1665 4853 una
1709 4804 1916 4855 natura

210 4890 266 4941 et
301 4881 601 4940 divinitate
637 4879 940 4953 aequaliter
967 4879 1405 4939 subsistentium
1436 4882 1735 4941 veritatem
1765 4900 1914 4958 saepe

212 4973 447 5048 saepius,
478 4971 668 5030 allatis
691 4986 868 5029 sacrae
899 4968 1213 5044 Scriptura:
1246 4972 1611 5044 testimoniis,
1642 4973 1912 5034 demons-

213 5065 407 5138 travit,
478 5062 960 5138 conﬁrmavitque
1036 5063 1215 5122 variis
1286 5062 1607 5133 miraculis,
1664 5080 1797 5139 quas
1853 5066 1916 5124 in

211 5157 362 5214 hanc
406 5170 529 5213 rem
568 5154 735 5224 facta,
775 5160 874 5211 aut
920 5153 1041 5226 ipse
1083 5152 1325 5224 viderat,
1375 5159 1477 5211 aut
1523 5152 1801 5212 didicerat
1844 5154 1917 5212 ab

209 5243 357 5303 aliis.
398 5242 789 5315 Chilpericum
829 5256 1024 5316 regem
1060 5240 1162 5317 qui
1204 5240 1439 5301 Sabellii
1487 5257 1708 5302 errores
1748 5258 1922 5301 reuo-

215 5351 352 5395 vare
385 5333 625 5405 volebat,
659 5335 736 5391 ita
765 5332 1107 5405 confutavit,
1146 5332 1408 5408 exposito
1449 5333 1742 5407 quodnam
1774 5338 1921 5390 esset

215 5426 284 5485 de
314 5439 693 5500 personarum
732 5423 1099 5483 distinctione
1126 5431 1180 5483 et
1212 5430 1437 5482 naturae
1471 5422 1691 5481 unitate
1721 5421 1917 5480 catho-

214 5516 395 5577 licum
433 5515 659 5591 dogma,
702 5522 767 5576 ut
805 5531 931 5587 rex,
973 5514 1105 5574 licet
1144 5515 1206 5576 in
1235 5531 1372 5575 eum
1408 5513 1701 5585 frendens,
1744 5513 1917 5572 silere

1995 4622 2136 4682 pum
2162 4605 2506 4679 processisse
2535 4604 2635 4673 ait,
2665 4606 2847 4677 capite
2874 4602 2944 4660 22
2991 4601 3125 4659 libri
3154 4614 3172 4659 I
3201 4600 3273 4658 de
3320 4598 3516 4658 Gloria
3546 4598 3698 4656 Mar-

1997 4705 2215 4771 tyrum,
2248 4704 2311 4756 ut
2342 4712 2548 4769 nempe
2581 4696 2729 4767 ejus,
2758 4694 2927 4769 cujus
2958 4692 3143 4764 legem
3174 4691 3235 4749 in
3271 4688 3479 4748 tabulis
3514 4687 3704 4747 cordis

1997 4788 2266 4857 retinent,
2294 4786 2465 4844 etiam
2495 4785 2805 4858 imaginem
2839 4784 2910 4841 ad
2939 4782 3544 4841 commemorationem
3580 4779 3704 4836 vir-

2000 4878 2140 4937 tutis
2168 4879 2229 4935 in
2257 4875 2467 4935 tabulis
2502 4876 2833 4934 visibilibus
2855 4875 3062 4948 pictam
3096 4890 3197 4947 per
3225 4870 3493 4929 ecclesias
3521 4885 3586 4926 ac
3609 4869 3705 4927 do—

1996 4982 2121 5024 mos
2140 4965 2377 5023 affixam
2396 4964 3018 5039 prtesentembabeant.
3049 4961 3119 5019 Et
3140 4961 3401 5035 quidem,
3418 4968 3481 5018 ut
3503 4959 3706 5018 eadem

1997 5055 2295 5116 occasione
2339 5053 2593 5127 loquitur
2646 5053 2899 5111 Rufinus
2948 5050 3095 5110 libro
3138 5062 3221 5108 v11
3269 5049 3560 5119 Historias,
3609 5064 3704 5105 ca-

2000 5149 2115 5224 pite
2152 5149 2231 5216 14,
2252 5150 2497 5216 insignia
2522 5153 2757 5202 veterum
2776 5148 3045 5201 reservari
3068 5144 3141 5198 ad
3156 5148 3493 5214 posterorum
3516 5155 3707 5195 memo-

2000 5246 2176 5298 riam:
2210 5242 2427 5295 illorum
2460 5240 2696 5307 honoris,
2728 5239 2918 5292 horum
2942 5251 3064 5291 vero
3094 5234 3295 5288 amoris
3317 5230 3583 5285 indicium
3604 5235 3701 5285 est.

2072 5334 2160 5391 60.
2195 5332 2478 5389 Caeterum
2504 5329 2608 5387 etsi
2645 5326 2933 5401 przecipua
2963 5322 3224 5397 Gregorii
3256 5321 3437 5380 nostri
3464 5335 3706 5393 operum

2000 5421 2225 5482 utilitas
2263 5419 2591 5479 collocanda
2624 5418 2697 5475 sit
2746 5418 2803 5473 in
2838 5415 3186 5473 addiscenda
3232 5412 3585 5470 Francorum
3609 5424 3707 5468 re-

1999 5511 2099 5586 gni
2124 5516 2241 5570 tam
2266 5508 2645 5570 ecclesiastica
2676 5520 2851 5581 quam
2879 5504 3119 5579 profana
3146 5501 3406 5573 historia,
3433 5497 3591 5558 haud
3631 5504 3708 5557 ta-
