4070 6186
254 202 314 262 53
1768 195 2183 261 PREFATIO.

3664 192 3737 251 54

250 340 371 386 men
415 321 741 396 spernenda
768 320 939 379 habet
985 320 1057 379 de
1113 319 1364 380 aliarum
1410 322 1716 383 nationum
1767 325 2005 389 rebnsA
2024 328 2166 399 rius,
2208 333 2272 386 ut
2326 327 2617 401 episcopos
2653 323 2717 380 in
2745 319 2932 380 Gallia
2962 320 3055 379 his
3107 322 3323 393 septem
3370 318 3730 395 antiquiores

248 416 427 491 gestis,
468 428 599 487 quze
641 411 855 469 exinde
900 412 1075 470 etiam
1110 411 1348 471 illarum
1376 414 1637 486 gentium
1691 416 1939 490 pr0prize

249 504 490 566 historia
519 504 824 573 scriptores
864 502 1115 561 mutuati
1146 507 1300 560 sunt.
1339 502 1466 576 Ipse
1505 504 1692 576 nobis,
1724 511 1789 563 ut
1817 521 1939 563 rem

248 591 517 665 exemplis
540 590 871 665 probemus,
901 588 1393 660 Burgundionum
1424 600 1479 650 et
1504 593 1936 668 Thuringorum

247 683 521 741 fortunam
579 680 913 752 descripsit;
954 678 1423 753 Wisigothorum
1470 681 1531 738 in
1587 682 1939 757 Septimania

247 771 375 829 etin
414 769 699 843 Hispania
725 783 928 839 regum
960 769 1165 825 seriem
1206 769 1279 826 ab
1320 786 1387 827 eo
1416 772 1761 843 accepimus.
1810 772 1933 830 Non

245 876 411 935 pauca
466 860 639 917 etiam
686 859 757 915 de
794 857 1265 929 Ostrogothorum
1318 866 1372 916 et
1422 859 1939 932 Langobardorum

249 952 407 1011 rebus
450 951 626 1023 gestis
673 956 889 1017 narrat,
936 949 1234 1006 occasione
1283 950 1741 1022 expeditionum,
1798 966 1941 1023 quas

247 1057 392 1112 reges
425 1040 605 1097 nostri
637 1040 696 1096 in
724 1038 951 1095 Italiam
978 1038 1255 1095 adversus
1293 1054 1389 1095 eos
1426 1054 1749 1111 suscepere.
1781 1040 1943 1097 Unde

245 1134 402 1191 etiam
460 1131 819 1189 occasionem
866 1130 1078 1203 accepit
1117 1129 1185 1187 de
1236 1130 1677 1203 imperatoribus
1729 1132 1943 1191 Graecis

246 1220 574 1287 disserendi,
610 1218 707 1291 qui
743 1219 1089 1275 titubantem
1121 1218 1181 1275 in
1210 1218 1373 1274 Italia
1411 1235 1575 1276 suam
1608 1226 1943 1292 potestatem

245 1308 575 1366 conﬁrmare
590 1323 655 1363 ac
684 1321 949 1399 reparare
978 1305 1334 1363 Francorum
1362 1306 1585 1364 auxilio
1613 1308 1826 1379 saepius
1857 1324 1945 1366 co-

245 1398 347 1454 nati
384 1403 547 1454 sunt.
585 1396 735 1453 Hinc
767 1394 945 1452 varia:
968 1394 1280 1466 legationes
1307 1411 1337 1452 e
1363 1394 1581 1453 Graecia
1614 1396 1672 1452 in
1704 1395 1939 1467 Gallias,

244 1488 289 1540 et
308 1499 375 1540 ex
389 1483 599 1541 Galliis
628 1484 687 1540 in
716 1480 1021 1550 Graeciam,
1054 1496 1196 1556 quas
1212 1481 1522 1553 Gregorius
1556 1483 1763 1556 passim
1792 1500 1944 1542 com-

242 1578 531 1629 memorat.
576 1570 654 1627 Ea
692 1585 825 1643 quze
858 1569 929 1626 de
963 1568 1205 1639 Chunis,
1254 1568 1608 1637 Saxonibus,
1640 1570 1941 1644 Bajoariis,

2022 417 2214 476 nullos
2244 417 2421 475 fuisse
2445 413 2799 474 existimaret
2828 434 2840 468 :
2874 408 3027 484 quod
3058 408 3295 483 quidem
3334 423 3407 467 ex
3434 408 3577 483 ipsis
3602 408 3731 482 ejus

2020 505 2215 564 verbis
2242 511 2463 563 certum
2501 507 2602 562 est.
2657 505 2723 559 In
2762 501 2979 570 Galliis,
3021 498 3231 573 inquit,
3282 497 3433 556 libro
3474 510 3515 571 Ι,
3546 498 3732 571 capite

2021 594 2107 657 26.
2145 593 2249 652 ubi
2278 593 2347 650 de
2383 589 2664 649 Antonini
2712 587 3128 663 persecutione,
3174 590 3337 644 multi
3377 605 3480 661 pro
3524 590 3751 649 Christi-

2020 688 2232 740 nomine
2272 688 2399 738 sunt
2456 699 2552 752 per
2594 682 2921 749 martyrium
2966 680 3226 739 coronati,
3264 692 3397 733 cum
3429 677 3613 749 capite
3657 676 3729 734 28

2020 775 2119 829 sub
2144 774 2391 829 Decio....
2424 772 2603 839 Hujus
2649 776 2882 840 tempore
2907 772 3108 838 septem
3156 768 3266 820 viri
3314 768 3554 838 episcopi
3578 767 3731 823 ordi-

2021 868 2142 920 nati
2180 864 2253 917 ad
2290 862 2700 933 praedicandum
2744 862 2803 914 in
2853 859 3065 914 Gallias
3092 860 3249 911 missi
3276 862 3428 933 sunt,
3464 862 3569 914 etc.
3603 855 3731 914 Non

2023 952 2217 1027 itaque
2246 930 2401 1019 dicit,
2433 950 2685 1022 primum
2718 953 2951 1017 tunc,ut
2978 953 3143 1004 antea
3166 930 3453 1005 Severus't
3478 945 3732 1017 ulpicius

2025 1042 2344 1114 scripserat,
2381 1038 2502 1095 visa
2550 1037 2727 1095 fuisse
2767 1036 2830 1093 in
2864 1034 3068 1092 Galliis
3114 1035 3421 1106 martyria;
3478 1051 3593 1092 non
3622 1051 3730 1093 ex-

2026 1131 2204 1189 cludit
2251 1129 2395 1185 alios
2425 1127 2585 1185 verbi
2615 1126 2801 1183 divini
2839 1140 3150 1199 praecones,
3197 1124 3301 1197 qui
3352 1129 3483 1181 ante
3515 1131 3733 1199 septem

2027 1220 2156 1279 illos
2195 1219 2492 1292 episcopos
2535 1214 2920 1287 Evangelium
2956 1214 3016 1271 in
3061 1212 3267 1272 Galliis
3311 1212 3730 1272 disseminave-

2027 1311 2171 1377 rint;
2200 1324 2303 1366 nec
2352 1307 2591 1381 proinde
2644 1305 2756 1363 sibi
2807 1304 2918 1378 ipsi
2953 1302 3321 1371 contradixit,
3354 1318 3489 1360 cum
3522 1303 3734 1361 Eutro-

2026 1402 2188 1474 pium
2232 1405 2481 1456 asancto
2524 1396 2815 1455 Clemente
2860 1397 3103 1453 missum
3151 1394 3329 1452 fuisse
3377 1394 3440 1452 in
3488 1394 3637 1453 libro
3664 1396 3736 1454 de

2027 1490 2221 1550 Gloria
2272 1489 2615 1563 Martyrum,
2657 1487 2841 1561 capite
2881 1485 2970 1554 56,
3010 1485 3255 1558 scripsit.
3299 1484 3486 1543 Immo
3532 1491 3586 1543 et
3623 1484 3736 1544 sibi

2025 1579 2136 1653 ipsi
2168 1582 2387 1635 constat
2428 1576 2498 1634 de
2528 1576 2646 1633 illis
2679 1583 2892 1648 septem
2924 1574 3203 1648 episcopis
3228 1573 3292 1631 in
3322 1573 3472 1631 libro
3500 1572 3571 1631 de
3598 1571 3734 1632 Glo-

239 1661 475 1733 aliisque
523 1660 853 1719 Germania
895 1658 1123 1731 POPUliS
1162 1658 1352 1730 habet.
1388 1675 1505 1717 Ποῦ
1540 1667 1706 1717 vacat
1743 1677 2005 1753 ηοω-Β
2028 1670 2113 1728 ria
2138 1669 2546 1728 Gonfessorum
2574 1664 2850 1733 scribens,
2882 1663 3006 1735 ubi,
3037 1662 3219 1735 capite
3243 1663 3296 1731 4,
3324 1663 3395 1720 de
3418 1667 3611 1721 sancto
3637 1662 3739 1723 Ga-

240 1768 368 1812 sere.
401 1751 568 1810 Adde
592 1752 766 1809 etiam
796 1766 933 1824 quae
954 1750 1024 1808 de
1054 1756 1453 1809 extremorum
1484 1757 1803 1826 temporum
1837 1754 1947 1813 Ro-

240 1845 384 1902 mani
420 1844 482 1900 in
517 1842 819 1901 Occidente
842 1841 1072 1916 imperii
1097 1850 1199 1900 aut
1226 1843 1487 1916 tyrannis
1515 1843 1943 1917 autimperato-

241 1934 411 2005 ribus,
447 1932 541 1990 vel
578 1940 728 1991 certe
758 1933 829 1990 de
863 1933 1197 1991 eorumdem
1238 1933 1465 1990 militiae
1519 1934 1824 2007 praefectis,
1869 1952 1944 1994 ex

240 2023 428 2082 Oresio
450 2022 701 2097 aliisque
721 2023 1057 2081 auctoribus
1090 2022 1307 2094 retulit,
1334 2023 1552 2098 quibus
1581 2031 1636 2081 et
1659 2024 1947 2082 nonnulla

240 2111 642 2180 intermiscuit,
672 2126 805 2184 quae
833 2116 933 2168 aut
957 2127 1031 2168 ex
1065 2112 1369 2169 traditione
1394 2120 1708 2186 acceperat,
1739 2121 1841 2171 aut
1870 2129 1945 2171 ex

240 2202 565 2260 auctoribus
615 2201 787 2259 modo
838 2200 1070 2273 ignotis.
1108 2200 1263 2258 idem
1318 2201 1451 2259 fecit
1504 2202 1566 2259 in
1621 2202 1948 2261 narratione

239 2308 399 2366 quam
432 2308 506 2349 ex
536 2289 773 2349 Eusebii
811 2290 935 2348 sive
966 2289 1310 2363 Hieronymi
1362 2290 1647 2349 Chronico
1676 2299 1731 2351 et
1760 2294 1945 2352 Orosii

240 2386 471 2443 historia
504 2384 872 2459 potissimum
904 2382 1277 2441 concinnavit
1315 2383 1383 2439 de
1424 2383 1496 2440 iis
1522 2383 1714 2451 rebus,
1750 2399 1882 2457 quae
1913 2398 1947 2441 a

242 2476 439 2534 mundi
484 2475 815 2533 conditione
846 2473 916 2531 ad
944 2472 1226 2531 saeculum
1257 2473 1530 2545 quintum
1558 2474 1942 2547 contigerunt.

244 2565 544 2624 Variorum
574 2564 880 2638 opiniones
911 2563 980 2621 de
1024 2564 1200 2620 maris
1229 2562 1414 2620 Rubri
1452 2563 1697 2621 transitu
1744 2579 1942 2621 recen-

239 2664 314 2713 set
342 2656 400 2712 in
445 2656 591 2713 libro
622 2668 640 2711 I
668 2652 942 2710 Historiae
971 2697 985 2723 ,
1035 2653 1217 2725 capite
1253 2653 1314 2711 10
1340 2698 1353 2718 ,
1387 2652 1486 2710 ubi
1524 2661 1579 2710 et
1609 2655 1943 2727 peregrinos

241 2745 445 2811 laudat,
475 2744 579 2817 qui
615 2740 962 2800 monasteria
989 2740 1221 2814 ngypti
1246 2742 1757 2814 perlustraverant.
1790 2742 1943 2801 Tum

239 2832 487 2908 loquitur
514 2835 585 2891 de
618 2833 818 2907 priscis
866 2833 1205 2891 nationibus
1237 2851 1249 2889 :
1284 2837 1364 2892 Ne
1394 2835 1677 2890 videamur
1706 2878 1724 2899 ,
1754 2834 1945 2907 inquit

240 2922 411 2993 capite
474 2919 552 2989 16,
604 2925 767 2977 unius
821 2927 1033 2978 tantum
1086 2924 1323 2979 Hebraeae
1378 2927 1555 2992 gentis
1613 2926 1806 2980 habere
1854 2942 1944 2981 no-

244 3010 437 3072 titiam,
470 3010 687 3078 reliqua-
715 3026 902 3079 regna,
924 3014 1031 3066 etc.
1064 3009 1381 3067 Enumerat
1403 3014 1777 3083 antiquarum
1800 3025 1943 3081 gen-

250 3094 387 3153 tium
411 3112 593 3168 reges,
635 3096 737 3169 qui
783 3102 917 3153 ante
964 3096 1173 3154 Christi
1210 3096 1525 3155 adventum
1556 3096 1939 3169 imperarunt.

250 3182 420 3241 Paulo
449 3184 639 3243 fusius
678 3186 919 3258 exponit
952 3201 1018 3243 ea
1058 3201 1189 3257 quae
1236 3192 1361 3259 post
1413 3184 1706 3243 Christum
1740 3191 1941 3243 natum

251 3274 604 3348 contigerunt
655 3299 667 3332 :
718 3276 1145 3349 persecutiones
1182 3276 1461 3333 adversus
1494 3276 1809 3335 Ecclesiam
1848 3292 1941 3335 re-

250 3376 445 3436 censet,
496 3366 899 3440 nonnullaque
924 3368 995 3425 de
1025 3367 1344 3427 Galliarum
1374 3376 1525 3427 statu
1564 3369 1755 3440 habet,
1786 3369 1941 3429 unde

244 3458 509 3517 discimus
530 3475 660 3531 quae
681 3457 898 3517 iuerint
918 3458 1188 3517 Ecclesiae
1205 3459 1264 3516 in
1288 3460 1382 3518 his
1406 3460 1667 3534 partibus
1689 3461 1939 3533 primor-

242 3548 348 3620 dia,
375 3556 473 3607 aut
512 3548 715 3606 saltem
751 3564 885 3624 quae
919 3555 1057 3608 tunc
1086 3550 1425 3623 invaluerit,
1458 3566 1593 3608 cum
1627 3549 1938 3624 Gregorius

242 3644 468 3711 viveret,
500 3658 564 3699 ea
594 3641 665 3699 de
692 3658 754 3700 re
791 3641 1010 3714 opinio.

305 3731 390 3789 61.
422 3730 693 3788 Nonnulli
731 3746 806 3787 ex
850 3730 975 3803 ejus
1015 3730 1240 3804 scriptis
1286 3730 1489 3789 inferri
1520 3746 1686 3805 posse
1732 3736 1940 3806 putant

243 3821 517 3895 duplicem
548 3827 684 3877 tunc
713 3818 775 3876 in
804 3817 1008 3877 Galliis
1038 3818 1216 3876 fuisse
1247 3820 1615 3877 traditionem
1644 3821 1715 3879 de
1734 3821 1939 3894 primis

244 3910 495 3968 Ecclesiae
526 3909 838 3969 Gallicanae
869 3909 1159 3981 apostolis,
1191 3925 1441 3984 quorum
1465 3910 1568 3967 alii
1600 3911 1938 3969 missionem

241 3998 306 4055 ad
336 3999 581 4072 ipsorum
630 3998 1038 4071 Apostolorum
1082 4007 1307 4057 {etatem
1351 4014 1618 4057 revocare
1655 4015 1937 4057 conaren-

245 4091 331 4145 tur
359 4108 373 4157 ;
399 4090 493 4146 alii
525 4104 660 4147 vero
686 4087 756 4145 ad
792 4088 971 4159 Decii,
999 4095 1097 4147 aut
1126 4098 1276 4147 certe
1324 4089 1498 4147 Marci
1528 4089 1755 4147 Aurelii
1789 4096 1934 4147 tem-

244 4194 389 4251 pora.
418 4179 564 4248 Quin
597 4186 651 4237 et
704 4177 1049 4251 Gregorium
1102 4179 1257 4254 quod
1313 4196 1430 4238 non
1474 4180 1611 4237 satis
1654 4196 1720 4238 ea
1762 4178 1822 4236 in
1875 4195 1936 4237 re

246 4264 344 4322 sibi
371 4267 677 4325 constiterit
704 4272 995 4334 accusant,
1024 4267 1236 4339 quippe
1265 4266 1367 4341 qui
1396 4266 1645 4339 priorem
1698 4275 1932 4325 senten-

2027 1759 2184 1818 tiano
2213 1758 2309 1827 ait,
2344 1773 2499 1828 quem
2522 1773 2555 1811 a
2582 1756 2841 1811 Romanis
2865 1750 3148 1824 episcopis
3173 1754 3575 1821 transmissum,
3603 1757 3733 1823 etc.,

2027 1847 2407 1921 cognovimus
2440 1863 2453 1914 ;
2486 1843 2669 1918 capite
2716 1842 2804 1911 27,
2837 1843 3119 1898 Martialis
3172 1859 3207 1897 a
3234 1844 3494 1898 Romanis
3534 1844 3737 1897 missus

2028 1938 2294 2009 episcOpis
2327 1956 2343 2002 ;
2377 1940 2432 1991 et
2457 1931 2640 2005 capite
2670 1930 2757 1995 30,
2792 1926 3172 1997 Stremonius,
3204 1934 3260 1986 et
3296 1927 3418 2002 ipse
3457 1946 3491 1984 a
3535 1931 3736 1985 Roma-

2025 2030 2113 2083 nis
2150 2027 2417 2098 episcopis
2450 2040 2569 2078 cum
2603 2023 2837 2078 Gatiano
2868 2023 2917 2075 et
2946 2020 3195 2088 reliquis,
3237 2034 3371 2088 quos
3410 2020 3738 2073 memoravi-

2027 2131 2166 2179 mus,
2208 2119 2285 2169 est
2334 2114 2591 2168 directus.
2628 2110 2746 2167 Nec
2794 2122 3082 2181 opponere
3122 2107 3289 2180 juvat
3326 2106 3735 2181 Saturninum,

2027 2206 2210 2277 capite
2238 2203 2309 2262 48
2340 2201 2519 2259 librii
2565 2198 2635 2256 de
2682 2196 2877 2256 Gloria
2924 2196 3269 2269 Martyrum,
3301 2195 3520 2254 dictum
3558 2196 3739 2256 fuisse

2029 2298 2098 2351 ab
2124 2295 2509 2368 Apostolorum
2555 2289 2845 2361 discipulis
2877 2288 3236 2343 ordinatum:
3268 2300 3401 2345 cum
3433 2287 3739 2360 Apostolo-

2028 2402 2161 2445 rum
2187 2382 2503 2456 discipulos
2542 2378 2793 2455 potuerit
2817 2376 3106 2450 appellare
3135 2391 3252 2447 eos,
3285 2376 3389 2448 qui
3424 2377 3626 2435 Romae
3665 2378 3736 2435 ti-

2028 2476 2160 2534 dem
2192 2474 2263 2531 ab
2293 2471 2583 2547 Apostolis
2614 2467 3053 2529 disseminatam
3088 2465 3525 2540 proﬁtebantur.
3559 2465 3655 2525 Sic
3681 2472 3739 2525 et

2024 2568 2095 2625 de
2139 2562 2351 2620 Ursino
2390 2559 2720 2627 Biturigum
2758 2554 3014 2629 apostolo
3048 2553 3303 2629 loquitur
3334 2554 3516 2628 capite
3558 2554 3629 2613 80
3667 2553 3739 2613 de

2026 2655 2221 2716 Gloria
2274 2652 2701 2719 Gonfessorum,
2745 2662 2918 2721 quem
2964 2652 3156 2704 tamen
3204 2652 3422 2718 septem
3451 2647 3739 2719 episcopo-

2026 2760 2159 2804 rum
2186 2740 2541 2812 discipulum
2569 2738 2748 2796 fuisse
2774 2736 2970 2794 innuit
3000 2735 3149 2793 libro
3176 2747 3194 2792 I
3222 2734 3513 2801 Historiae,
3554 2734 3741 2808 capite

2024 2834 2115 2906 29,
2151 2845 2489 2907 quanquam
2540 2825 2815 2885 nonnulli
2852 2830 3119 2882 censeant
3154 2823 3250 2911 hic
3295 2823 3480 2882 alium
3524 2823 3597 2881 ab
3628 2823 3739 2882 Ur-

2026 2922 2155 2980 sino
2200 2917 2517 2991 designari,
2549 2915 2925 2974 Senicianum
2952 2913 3186 2981 scilicet,
3234 2912 3334 2987 qui
3365 2913 3654 2971 secundus
3675 2912 3739 2971 in

2029 3008 2486 3082 Biturigensium
2525 3005 2924 3079 episcoporum
2961 3003 3216 3075 catalogo
3263 3007 3615 3063 recensetur.
3667 3001 3739 3060 Et

2027 3101 2262 3176 quidem
2314 3097 2627 3170 Gregorius
2672 3096 2795 3154 loco
2828 3095 3055 3154 laudato
3084 3096 3164 3153 ait
3192 3102 3317 3168 post
3346 3096 3545 3155 Ursini
3578 3110 3736 3155 mor-

2028 3198 2143 3249 tem
2205 3188 2580 3248 christianam
2636 3186 2808 3243 ﬁdem
2859 3184 3015 3259 apud
3071 3185 3355 3257 Bituriges
3405 3186 3731 3246 defecisse:

2026 3281 2179 3358 quod
2209 3286 2332 3354 post
2360 3284 2577 3352 septem
2604 3277 3005 3351 episc0porum
3027 3276 3300 3350 discipuli
3332 3282 3574 3335 mortem
3604 3276 3734 3335 ﬁeri

2027 3370 2129 3428 vix
2160 3368 2359 3444 potuit,
2411 3367 2712 3425 desinente
2746 3365 2911 3423 tertio
2959 3363 3190 3422 saeculo.
3228 3362 3288 3421 Si
3326 3364 3563 3438 quidem
3608 3364 3734 3438 ipse

2026 3458 2337 3532 Gregorius
2376 3456 2532 3514 testis
2573 3463 2678 3528 est,
2730 3460 2869 3513 tunc
2918 3454 3191 3529 temporis
3241 3454 3556 3513 Ecclesiam
3592 3459 3731 3513 miro

2023 3568 2179 3623 opere
2219 3551 2570 3621 compositam
2618 3563 2651 3604 a
2692 3546 2958 3604 fidelibus
3005 3562 3073 3603 ea
3098 3545 3161 3603 in
3203 3546 3347 3603 urbe
3384 3545 3733 3606 aediﬁcatam

2024 3641 2221 3699 fuisse.
2252 3637 2537 3697 Caeterum
2570 3636 2883 3710 Gregorius
2926 3637 2997 3694 de
3043 3635 3293 3694 aliorum
3328 3650 3561 3711 quoque
3598 3652 3732 3695 san-

2022 3737 2245 3788 ctorum
2293 3726 2593 3786 miraculis
2620 3727 2834 3800 passim
2873 3725 3120 3800 scripsit,
3154 3732 3219 3783 ut
3247 3725 3316 3783 de
3346 3725 3649 3787 Timotheo
3677 3734 3733 3787 et

2021 3818 2345 3892 Apollinari
2383 3817 2835 3886 Rhenensibus,
2864 3816 3137 3874 Memmio
3164 3816 3591 3889 Catalaunensi,
3626 3819 3733 3877 Va-

2022 3908 2164 3965 lerio
2215 3907 2700 3977 Conserannensi,
2755 3906 2980 3980 alisque
3032 3905 3380 3964 nonnullis:
3444 3912 3502 3964 at
3552 3907 3732 3966 tacuit

2020 4014 2221 4057 eorum
2252 3998 2573 4065 missiones,
2606 3997 2761 4070 quod
2792 3997 2943 4055 nihil
2972 3996 3044 4054 de
3073 3996 3208 4066 illis,
3229 4002 3294 4055 ut
3314 3996 3595 4071 conjicere
3623 4004 3727 4069 est,

2016 4098 2374 4165 compertum
2414 4091 2667 4149 haberet.

2090 4181 2179 4239 62.
2232 4180 2408 4238 Porro
2457 4180 2560 4238 etsi
2594 4195 2659 4237 ea
2705 4194 2838 4253 quae
2886 4176 3212 4244 retulimus,
3258 4176 3396 4234 satis
3444 4192 3732 4251 superque

2020 4271 2307 4330 sufﬁciant
2355 4270 2424 4328 ad
2472 4269 2955 4341 comprobandam
2988 4267 3248 4341 Gregorii
3278 4282 3519 4343 operum
3563 4266 3727 4326 utili-

249 4356 369 4413 tiam
397 4357 453 4414 in
482 4355 897 4414 Miraculorum
942 4356 1125 4425 libris,
1176 4358 1545 4430 posteriorem
1576 4358 1637 4415 in
1682 4358 2214 4441 HistoriaDtatem,
2247 4377 2381 4419 cum
2415 4368 2605 4421 tamen
2652 4359 2910 4435 quidam,
2944 4358 3119 4416 etiam
3149 4357 3360 4417 eruditi
3411 4357 3543 4427 viri,
3577 4372 3726 4415 non-

248 4448 530 4521 amplexus
561 4448 652 4505 sit.
690 4446 908 4505 Verum
939 4445 1070 4504 licet
1098 4448 1202 4505 has
1241 4451 1614 4522 quaestiones,
1653 4464 1786 4523 quas
1823 4456 1938 4507 tam

246 4537 430 4595 acriter
467 4535 674 4594 nostris
718 4536 1073 4607 temporibus
1125 4537 1353 4609 agitata:
1406 4538 1641 4596 fuerunt
1689 4538 1760 4596 de
1801 4554 1936 4596 san-

245 4631 444 4683 ctorum
476 4624 873 4693 missionibus,
919 4631 1225 4683 retractare
1270 4625 1509 4683 animus
1550 4642 1668 4685 non
1717 4628 1810 4697 sit,
1853 4632 1939 4685 ut-

246 4724 356 4787 pote
384 4730 523 4790 quas
554 4722 720 4774 extra
768 4720 1032 4772 nostrum
1067 4714 1401 4773 institutum
1434 4731 1556 4773 esse
1585 4731 1889 4774 censemus
1916 4732 1931 4788 ;

247 4804 297 4862 id
324 4813 505 4865 tamen
536 4805 829 4864 aﬂirmare
855 4807 1066 4877 ausim,
1088 4822 1377 4881 nusquam
1405 4823 1539 4867 cum
1571 4824 1694 4867 sese
1718 4809 1788 4867 de
1811 4808 1934 4867 istis

246 4898 604 4959 missionibus
625 4900 917 4959 scribendi
941 4900 1153 4959 obtulit
1173 4900 1412 4972 occasio,
1448 4902 1791 4975 Gregorium
1822 4901 1935 4961 sibi

242 4992 572 5049 contrarium
602 4990 919 5059 exstitisse;
960 4990 1197 5064 fallique
1242 5007 1338 5049 eos
1394 4993 1495 5067 qui
1526 4992 1696 5051 illum
1729 4994 1933 5052 existi-

245 5090 385 5138 mant
410 5084 483 5139 ita
511 5081 581 5139 de
610 5081 961 5155 Martyribus
995 5081 1511 5154 Lugdunensibus,
1552 5090 1651 5141 aut
1688 5084 1758 5141 de
1802 5100 1932 5158 sep-

242 5174 338 5226 tem
388 5170 687 5243 episcopis,
741 5184 887 5241 qnos
929 5169 1037 5228 sub
1082 5169 1252 5228 Decio
1308 5171 1645 5231 adventasse
1682 5172 1928 5245 scripsit,

240 5260 476 5320 locutum
506 5262 686 5320 fuisse
711 5307 725 5329 ,
762 5267 825 5318 ut
856 5268 993 5318 ante
1024 5259 1154 5319 illos
1180 5268 1279 5320 aut
1310 5270 1607 5336 martyres,
1659 5270 1761 5320 aut
1790 5262 1932 5322 alios

238 5352 380 5411 verbi
411 5353 601 5412 divini
632 5368 943 5425 praecones,
974 5353 1036 5411 in
1078 5351 1293 5411 Gallias
1334 5352 1637 5411 advenisse
1682 5368 1931 5425 negave-

238 5448 319 5508 rit.
350 5448 469 5508 Non
513 5450 693 5522 enim,
724 5455 789 5510 ut
815 5450 954 5508 scite
997 5448 1325 5508 observavit
1373 5463 1622 5506 summae
1653 5448 1930 5508 eruditio-

234 5538 315 5597 nis
338 5541 422 5597 vir
448 5540 699 5600 Jacobus
732 5539 1093 5610 Sirmondus,
1130 5537 1190 5595 in
1214 5538 1321 5596 hac
1350 5537 1556 5597 haeresi
1590 5538 1698 5597 fuit
1727 5539 1934 5611 Grego-

2021 4452 2185 4513 nulla
2214 4451 2273 4509 in
2304 4451 2395 4509 his
2424 4450 2845 4525 reprehendere
2881 4448 3102 4507 soleant
3137 4466 3149 4518 ;
3184 4462 3249 4503 ea
3289 4444 3486 4519 paucis
3528 4445 3727 4504 discu-

2020 4551 2136 4603 tere
2167 4544 2357 4602 visum
2391 4548 2494 4612 est,
2526 4549 2590 4600 ut
2626 4546 2814 4614 pateat
2840 4538 2939 4595 illa
2968 4553 3085 4595 non
3104 4552 3227 4594 esse
3252 4536 3395 4593 tanti
3425 4536 3724 4606 momenti,

2020 4649 2152 4708 quae
2183 4638 2298 4689 tam
2326 4630 2530 4689 eximii
2556 4629 2668 4687 viri
2688 4626 3084 4685 auctoritatem
3111 4624 3337 4683 elevare
3361 4624 3607 4691 valeant,
3628 4630 3728 4684 aut

2018 4721 2143 4795 pios
2197 4735 2263 4777 ac
2318 4718 2573 4776 eruditos
2617 4716 2856 4773 lectores
2899 4714 2972 4772 ab
3010 4714 3137 4788 ejus
3184 4728 3424 4788 operum
3483 4715 3726 4773 lectione

2015 4824 2276 4869 avocare.
2312 4807 2453 4867 Haec
2480 4812 2615 4865 sunt
2645 4822 2775 4880 quze
2806 4805 3083 4879 Gregorio
3128 4805 3498 4880 exprobrant.
3546 4804 3723 4863 Illum

2016 4904 2180 4962 aiunt
2220 4901 2367 4976 stylo
2418 4900 2496 4958 ita
2526 4898 2737 4957 rustico
2782 4898 3098 4971 scripsisse,
3144 4906 3208 4957 ut
3236 4898 3456 4971 absque
3494 4896 3724 4956 fastidio

2016 4997 2119 5055 vix
2157 4995 2268 5069 legi
2303 4994 2516 5069 possit;
2548 4994 2870 5066 apocrypha
2926 4999 3187 5051 veterum
3233 4991 3439 5064 scripta
3485 4990 3557 5049 ab
3600 4990 3726 5064 ipso

2014 5098 2438 5158 nonnunquam
2468 5083 2646 5142 fuisse
2668 5082 2927 5153 laudata;
2944 5082 3125 5139 immo
3154 5096 3269 5140 non
3286 5079 3475 5138 solum
3502 5078 3721 5138 incerta

2014 5191 2117 5248 pro
2143 5174 2331 5245 certis,
2360 5172 2458 5230 sed
2486 5178 2543 5230 et
2576 5172 2717 5230 falsa
2748 5171 2820 5229 ab
2848 5187 2914 5229 eo
2941 5170 3071 5229 data
3097 5168 3390 5227 interdum
3413 5166 3592 5227 fuisse
3621 5183 3723 5240 pro

2017 5264 2185 5334 veris,
2234 5278 2486 5338 eumque
2531 5263 2589 5320 in
2639 5262 2859 5334 aliquot
2893 5276 3114 5319 errores
3158 5256 3507 5331 impegisse;
3552 5255 3719 5316 deni-

2014 5370 2126 5428 que
2157 5360 2331 5412 tantze
2358 5353 2535 5412 fuisse
2561 5350 2942 5426 simplicitatis
2967 5355 3023 5407 et
3054 5347 3429 5419 credulitatis,
3460 5352 3524 5407 ut
3552 5362 3717 5421 quaa-

2014 5443 2105 5501 vis
2150 5442 2479 5517 promiscua
2516 5441 2662 5500 facta
2706 5455 2808 5516 pro
2856 5437 3151 5498 miraculis
3190 5437 3444 5498 haberet.
3478 5438 3555 5496 At
3583 5438 3716 5511 styli

2016 5532 2305 5592 rusticitas
2336 5549 2451 5592 non
2499 5531 2781 5604 Gregorii,
2814 5528 2913 5588 sed
2942 5527 3068 5602 ejus
3115 5528 3301 5587 aetatis
3332 5528 3542 5588 vitium
3582 5525 3713 5585 fuit.
