4070 6186
288 188 357 247 55

1828 187 2241 247 PREFATIO.

3720 186 3790 244 56

287 314 371 373 Eo
398 300 557 372 enim
595 314 868 387 tempore,
915 316 1042 387 post
1090 313 1279 371 varias
1307 311 1516 382 clades,
1566 328 1711 387 quas
1741 311 1848 370 sub
1899 312 2264 386 re-Apisset,
2306 306 2441 403 quae
2499 328 2533 369 a
2592 312 2735 371 viris
2787 315 2900 388 piis
2953 311 3153 371 referri
3200 308 3499 368 solebant:
3542 310 3792 380 Mallem,

288 404 482 479 petitis
530 402 697 461 toties
730 402 1104 460 barbarorum
1138 402 1581 461 incursionibus
1617 400 1821 460 Galliae
1870 416 1996 473 per-

2081 403 2293 475 inquit,
2343 405 2515 471 fateri
2566 418 2651 459 res
2698 407 2829 459 illas
2867 420 2977 459 esse
3014 406 3256 470 altiores,
3301 418 3467 471 quam
3516 405 3579 455 ut
3626 418 3659 455 α
3711 418 3795 457 me

288 510 473 569 pessaz
500 494 747 562 fuerant,
782 491 924 548 adeo
954 490 1191 548 incultae
1213 491 1478 562 jacebant
1522 492 1748 558 litterae,
1802 496 1865 546 ut
1896 504 1997 545 ne-
2074 498 2295 563 possent
2344 498 2567 563 attingi,
2606 512 2769 564 quam
2824 501 3015 550 temere
3064 496 3289 564 deﬁnire
3326 495 3429 547 illa
3481 509 3592 546 esse
3645 495 3800 560 falsa

294 598 388 640 mo
416 582 800 649 inveniretur,
841 580 941 653 qui
973 595 1066 637 res
1116 588 1301 652 gestus
1348 578 1554 636 litteris
1597 576 2000 635 commendare

292 671 528 740 valeret,
561 677 626 730 ut
656 672 776 743 ipse
806 669 1126 741 Gregorius
1171 675 1412 726 testatur
1450 668 1511 725 in
1547 667 1778 741 prologo
1804 667 1998 723 Histo-

292 757 397 815 riae
426 782 438 814 :
468 764 567 816 aut
595 763 765 827 certe,
800 757 847 813 si
875 756 1008 830 quis
1051 772 1146 813 eas
1186 756 1437 829 politiori
1480 758 1628 829 stylo
1680 755 2001 812 describere

294 855 532 906 conatus
575 847 799 917 fuisset,
842 844 1073 905 inutilis
1104 846 1309 904 fuisset
1353 846 1477 919 ejus
1520 845 1772 919 scriptio,
1808 851 2002 916 utpote

294 953 468 1011 quam
500 937 758 1012 plerique
791 954 905 995 non
934 936 1376 1010 intellexissent,
1399 944 1461 995 ut
1508 938 1659 995 idem
1691 936 2003 1007 Gregorius

294 1042 413 1084 non
447 1026 624 1085 semel
656 1026 971 1099 proﬁtetur.
1002 1025 1144 1095 Quae
1181 1027 1353 1084 etiam
1399 1042 1571 1084 causa
1598 1026 1708 1083 fuit
1757 1033 1820 1083 ut
1850 1025 2003 1097 leges

293 1123 352 1174 et
392 1117 517 1190 ipsa
561 1133 763 1190 regum
808 1124 1131 1175 nostrorum
1174 1117 1487 1190 diplomata
1534 1117 1731 1173 eodem
1769 1130 2005 1189 prorsus

294 1206 445 1280 stylo
480 1207 693 1264 rustico
719 1206 1122 1264 conderentur.
1158 1205 1321 1263 Unde
1352 1210 1415 1263 ut
1443 1205 1613 1278 genio
1649 1204 1741 1262 sui
1784 1212 2003 1277 tempo-

295 1297 377 1354 ris
404 1296 819 1371 obsequeretur
846 1296 1177 1367 Gregorius,
1209 1311 1322 1354 non
1352 1311 1480 1353 raro
1502 1295 1809 1353 accusandi
1839 1310 2006 1352 casus

294 1396 397 1454 pro
446 1381 714 1441 ablativis
754 1383 1029 1442 absolutis
1081 1383 1266 1441 sciens
1305 1382 1676 1456 prudensque
1715 1380 2000 1439 adhibuit.

295 1472 425 1531 Non
464 1472 580 1530 fuit
633 1472 828 1547 itaque
874 1471 1148 1544 Gregorio
1196 1471 1504 1544 peculiaris
1541 1474 1650 1530 ista
1697 1471 2007 1530 locutionis

295 1559 607 1629 barbaries,
628 1576 804 1635 quam
834 1562 895 1618 in
919 1561 1049 1618 aliis
1070 1576 1302 1636 quoque
1328 1563 1452 1636 ejus
1479 1562 1593 1619 aevi
1619 1562 1859 1620 sinceris
1881 1577 2006 1619 mo-

2081 584 2368 645 miracula,
2414 590 2510 638 aut
2544 587 2613 640 ab
2654 588 2865 640 homine
2905 588 3068 640 nimis
3119 586 3333 639 credulo
3376 586 3579 653 efﬁcta.
3622 582 3799 639 Mira-

2083 668 2349 729 culorum
2378 674 2536 731 enim
2567 676 2818 747 operatio
2841 691 2992 732 verae
3023 674 3289 731 Ecclesiae
3316 682 3526 730 tessera
3556 682 3657 743 est,
3684 689 3801 746 qua

2083 760 2242 817 illam
2278 762 2349 819 ab
2378 763 2780 823 haereticorum
2812 764 2978 821 sectis
3004 764 3333 821 distinctam
3363 778 3589 835 semper
3616 763 3797 820 fuisse

2086 852 2278 911 Patres
2320 858 2375 911 et
2425 854 2692 915 Ecclesiae
2732 857 2997 914 Doctores
3034 855 3298 912 omnium
3337 861 3661 927 temporum
3700 871 3796 911 as-

2084 949 2408 998 seruerunt.
2437 942 2525 999 Ex
2557 960 2671 1015 quo
2698 945 2853 1001 enim
2884 944 3169 1001 Dominus
3199 949 3391 1001 noster
3438 943 3497 999 in
3534 944 3798 1013 Evange-

2086 1028 2163 1086 lio
2192 1029 2483 1098 pollicitus
2522 1036 2625 1099 est,
2670 1045 2767 1087 eos
2816 1030 2917 1102 qui
2959 1030 3017 1086 in
3050 1030 3239 1102 ipsum
3274 1029 3544 1087 credituri
3583 1037 3795 1103 essent,

2085 1120 2302 1193 majora
2345 1127 2399 1176 et
2443 1120 2627 1193 plura,
2678 1136 2853 1193 quam
2893 1136 3025 1193 quae
3056 1122 3175 1193 ipse
3208 1121 3452 1191 fecisset,
3502 1120 3795 1190 edituros;

2086 1208 2150 1265 in
2193 1207 2447 1265 Ecclesia
2493 1224 2605 1265 non
2640 1208 2897 1277 defuere,
2929 1209 3152 1281 quoties
3196 1209 3298 1266 illa
3346 1207 3435 1265 vel
3482 1210 3551 1266 ad
3584 1210 3799 1267 intide-

2088 1294 2234 1351 lium
2265 1295 2721 1366 conversionem,
2753 1296 2844 1352 vel
2864 1296 2934 1353 ad
2963 1295 3224 1353 fidelium
3254 1296 3315 1352 in
3340 1304 3488 1354 recta
3521 1297 3634 1354 tide
3659 1313 3802 1356 con-

2092 1384 2474 1441 ﬁrmationem
2504 1383 2822 1441 necessaria
2848 1384 3103 1441 fuerunt.
3133 1382 3335 1441 Petrus
3364 1384 3426 1441 in
3459 1386 3617 1443 Actis
3645 1388 3801 1460 Apo-

2089 1476 2367 1532 stolorum
2406 1491 2466 1533 se
2514 1477 2663 1535 hanc
2694 1481 3027 1549 potestatem
3068 1474 3340 1533 habuisse
3370 1477 3661 1550 professus
3691 1485 3799 1551 est,

2089 1577 2222 1620 cum
2266 1563 2479 1635 petenti
2529 1563 2842 1636 paralytico
2891 1562 3320 1636 eleemosynam
3370 1565 3686 1638 respondit,
3739 1582 3803 1625 se

295 1653 594 1711 numentis
621 1652 1048 1726 deprehendere
1099 1653 1295 1726 quivis
1348 1652 1515 1711 facile
1570 1654 1793 1726 poterit.
1833 1651 2069 1732 Caete-B
2089 1652 2326 1727 quidem
2378 1660 2684 1725 argentum
2723 1670 2840 1712 non
2879 1652 3110 1725 habere,
3158 1654 3255 1711 sed
3301 1658 3447 1725 quod
3480 1658 3668 1727 habeo,
3715 1657 3805 1714 in-

296 1759 427 1802 rum
462 1744 565 1802 etsi
598 1742 927 1815 Gregorius,
964 1749 1028 1802 ut
1064 1750 1185 1801 erat
1228 1744 1320 1800 vir
1353 1759 1597 1802 summae
1627 1744 1922 1802 modestiae
1951 1748 2006 1801 et

296 1835 667 1904 humilitatis,
708 1835 924 1908 passim
950 1850 1074 1891 sese
1102 1834 1319 1907 linguae
1353 1833 1549 1892 latinae
1580 1836 1918 1909 imperitum
1953 1840 2009 1892 et

294 1925 591 1981 hominem
626 1924 829 1981 rudem
863 1922 1371 1996 proﬁteatur;non
1394 1928 1586 1981 tamen
1612 1923 1754 1981 adeo
1770 1923 2009 1995 ignarus

294 2012 477 2070 fuisse
508 2012 829 2071 censendus
858 2018 960 2080 est,
993 2011 1232 2069 utnulla
1262 2011 1587 2070 litterarum
1622 2012 1861 2070 scientia
1890 2013 2011 2070 fue-

295 2103 369 2161 rit
395 2102 713 2160 instructus
744 2125 756 2158 :
790 2117 922 2159 cum
953 2117 984 2158 e
1014 2101 1298 2158 contrario
1326 2101 1498 2160 illum
1523 2102 1586 2159 in
1611 2110 1872 2160 veterum
1903 2118 2011 2160 au-

293 2201 516 2251 ctorum
547 2192 789 2249 lectione
818 2190 1074 2248 maxime
1096 2197 1391 2249 versatum
1414 2192 1589 2249 fuisse
1610 2192 1803 2266 colligi
1835 2193 2013 2266 possit

294 2298 367 2340 ex
399 2280 577 2338 variis
606 2295 807 2337 eorum
836 2278 994 2349 locis,
1026 2294 1172 2353 quos
1202 2278 1500 2336 interdum
1535 2280 1852 2338 narrationi
1887 2296 2012 2339 suae

293 2367 698 2430 intermiscuit.
748 2367 967 2425 Vocum
1016 2367 1189 2426 etiam
1239 2366 1573 2427 Graecorum
1631 2384 1691 2427 se
1746 2367 2013 2427 notitiam

292 2461 547 2536 aliquam
562 2460 836 2518 habuisse
864 2459 1074 2527 innuit,
1092 2459 1234 2517 dum
1256 2460 1592 2518 Latinorum
1609 2476 1776 2518 voces
1796 2476 1871 2517 ex
1898 2466 2015 2534 ety-

295 2550 562 2623 mologiis
598 2549 857 2624 exponit.
885 2549 1072 2607 Testis
1097 2566 1327 2622 quoque
1359 2550 1727 2620 Fortunatus,
1753 2549 1848 2606 cui
1877 2565 2015 2606 sane

294 2639 473 2714 probe
516 2645 689 2695 notus
737 2643 878 2708 erat,
927 2638 1075 2695 hanc
1120 2638 1180 2695 in
1228 2652 1348 2694 rem
1387 2636 1597 2696 adduci
1649 2642 1856 2710 potest,
1907 2637 2012 2709 qui

297 2726 423 2799 ejus
451 2725 839 2799 eloquentiam
890 2732 945 2784 et
993 2724 1382 2783 eruditionem
1433 2724 1648 2797 passim
1686 2724 1901 2783 laudat.
1942 2725 2013 2781 Et

298 2831 437 2874 sane
481 2814 912 2891 quantumlibet
942 2812 1194 2887 simplici
1245 2829 1511 2871 sermone
1542 2812 1834 2884 scripserit
1866 2814 2008 2871 Gre-

298 2907 516 2981 gorius,
558 2922 650 2965 res
688 2912 881 2963 tamen
929 2912 1136 2979 gestas,
1175 2903 1368 2962 nescio
1416 2919 1531 2977 qua
1560 2903 1918 2975 ingenuitate
1958 2909 2014 2962 et

2090 1744 2238 1817 quit,
2271 1746 2379 1801 hoc
2409 1746 2512 1800 tibi
2536 1747 2603 1801 do
2630 1766 2647 1813 ;
2679 1749 2737 1801 in
2779 1747 2994 1801 nomine
3023 1746 3229 1817 Christi
3272 1763 3432 1817 surge
3477 1732 3525 1804 et
3556 1750 3796 1805 ambula.

2092 1831 2163 1889 Et
2190 1831 2426 1904 quidem
2476 1833 2566 1889 vel
2594 1833 2715 1890 sola
2752 1833 2875 1905 ejus
2900 1833 3155 1906 corporis
3180 1834 3385 1892 umbra
3431 1836 3663 1894 morbos
3695 1852 3802 1893 cu-

2093 1921 2273 1979 rabat.
2318 1921 2483 1979 Pauli
2516 1922 2797 1981 miracula
2831 1930 3024 1992 taceo;
3059 1924 3154 1980 sed
3196 1938 3263 1981 co
3302 1930 3461 1993 teste,
3512 1926 3635 1983 haec
3666 1941 3800 1999 gra-

2092 2010 2172 2067 tia
2219 2011 2291 2068 ab
2334 2012 2626 2084 Apostolis
2655 2013 2727 2070 ad
2761 2012 2960 2070 fideles
2992 2013 3239 2079 transiit,
3267 2030 3516 2087 quorum
3541 2015 3672 2071 aliis
3700 2028 3801 2087 ge-

2091 2116 2231 2157 nera
2259 2100 2615 2175 linguarum,
2646 2103 2778 2161 aliis
2805 2106 3051 2176 gratiam
3104 2106 3497 2177 curationum,
3531 2107 3661 2165 aliis
3690 2107 3803 2164 alia

2093 2187 2506 2247 charismatum
2547 2189 2696 2247 dona
2742 2206 3008 2249 concessa
3049 2192 3229 2250 fuisse
3275 2193 3491 2250 scribit.
3545 2193 3805 2265 Ignatius

2096 2278 2501 2351 Apostolorum
2532 2280 2872 2353 discipulus,
2903 2298 3036 2340 cum
3078 2282 3354 2357 martyrio
3378 2285 3682 2355 proximus
3712 2299 3803 2342 es-

2097 2376 2201 2438 set,
2245 2369 2552 2428 verebatur
2582 2386 2653 2427 ne
2683 2371 2815 2445 ipsi,
2848 2373 2995 2430 sicut
3039 2373 3169 2431 aliis
3213 2375 3426 2433 sanctis
3464 2374 3801 2448 contigerat,

2095 2456 2296 2514 bestiae
2351 2457 2633 2517 miraculo
2698 2460 3106 2517 mansuefactae
3167 2467 3483 2534 parcerent.
3538 2463 3807 2521 Justinus

2100 2548 2346 2605 ethnicis
2373 2550 2683 2622 exprobrat
2725 2566 3026 2623 magorum
3071 2558 3126 2608 et
3164 2551 3585 2610 incantatorum
3616 2554 3804 2625 impo-

2100 2638 2362 2708 tentiam,
2395 2655 2530 2696 cum
2569 2641 2889 2697 econtrario
2928 2639 3241 2698 Christiani
3271 2642 3389 2699 sola
3415 2642 3553 2700 Jcsu
3593 2642 3806 2703 Christi

2096 2726 2353 2783 nominis
2382 2712 2744 2785 invocatione
2787 2728 2934 2786 nihil
2972 2745 3087 2787 non
3117 2734 3352 2802 possent
3378 2728 3619 2787 efﬁcere.
3649 2730 3807 2788 Prae-

2094 2814 2249 2870 clara
2275 2815 2513 2872 omnino
2544 2831 2609 2873 ea
2635 2816 2705 2873 de
2735 2832 2796 2873 re
2828 2817 2999 2875 habet
3026 2813 3305 2886 Irenaeus,
3337 2818 3437 2892 qui
3468 2818 3681 2877 saeculo
3716 2835 3809 2876 se-

2094 2907 2288 2964 cundo
2320 2907 2531 2977 ﬂoruit,
2563 2915 2619 2965 et
2645 2908 2815 2966 initio
2835 2908 2983 2966 tertii
3011 2925 3213 2982 passus
3241 2915 3341 2966 est.
3364 2909 3472 2968 Hic
3498 2909 3557 2966 in
3590 2909 3738 2967 libro
3762 2921 3807 2968 Il

298 2995 499 3054 nativa
524 2994 853 3068 eloquentia
880 2993 1176 3067 describit,
1212 2999 1279 3051 ut
1304 3008 1409 3051 nec
1443 2992 1763 3068 injucunda
1791 2992 1862 3049 sit
1885 2994 2075 3089 ejusc
2098 2996 2393 3053 Adversus
2448 2997 2718 3067 haereses,
2760 2998 2943 3070 capite
2980 2997 3069 3068 57,
3108 3013 3227 3055 non
3282 3013 3467 3056 unum
3512 3002 3613 3056 aut
3663 2998 3807 3055 alte-

296 3088 571 3157 narratio,
598 3103 704 3145 nec
739 3085 1050 3144 fastidiosa.

370 3178 459 3237 63.
491 3177 727 3236 Falsum
758 3183 949 3235 tamen
988 3176 1303 3250 aliquando
1324 3176 1502 3235 fuisse
1533 3176 1880 3249 Gregorium
1920 3174 2015 3231 in-

292 3268 483 3339 .ﬁciari
522 3268 728 3327 nolim.
780 3268 920 3326 Haec
958 3268 1115 3325 enim
1148 3274 1230 3324 est
1265 3283 1561 3326 sacrorum
1593 3267 1857 3325 codicum
1896 3266 2016 3323 sin-

300 3356 519 3432 gularis
572 3357 977 3433 praerogativa,
1038 3364 1101 3414 ut
1155 3356 1261 3414 soli
1311 3355 1481 3413 errati
1535 3356 1831 3414 immunes
1877 3355 2013 3412 sint.

302 3446 647 3519 Apocrypha
676 3453 907 3504 secutus
930 3452 1016 3503 est
1040 3460 1469 3518 nonnunquam
1490 3443 1821 3517 Gregorius,
1856 3443 2017 3502 falsis

303 3550 448 3593 usus
477 3542 562 3593 est
594 3534 1007 3603 monumentis,
1053 3535 1252 3592 fateor.
1285 3535 1752 3607 Computationes
1794 3540 2016 3608 tempo-

304 3640 439 3683 rum
470 3638 584 3681 non
641 3626 778 3681 satis
807 3629 1132 3681 constantes
1181 3622 1468 3682 adhibuit.
1521 3623 1631 3683 Sed
1666 3625 1787 3682 haec
1819 3625 2016 3682 omnia

304 3716 433 3790 ejus
458 3730 700 3788 operum
727 3714 961 3773 utilitati
993 3714 1095 3771 vix
1139 3715 1457 3790 quidquam
1491 3714 1801 3774 detrahunt
1833 3739 1844 3772 :
1880 3730 2014 3773 cum

308 3804 634 3881 pertineant
662 3803 1032 3877 potissimum
1056 3803 1127 3862 ad
1162 3811 1381 3862 veteres
1424 3803 1726 3873 Historias,
1762 3819 1906 3876 quas
1938 3819 2013 3860 ex

310 3894 441 3953 aliis
493 3893 825 3951 auctoribus
880 3891 1253 3967 deprompsit,
1308 3892 1668 3966 proindeque
1718 3890 1885 3950 facile
1938 3908 2012 3949 ex

311 3983 443 4043 aliis
479 3981 875 4041 monumentis
933 3980 1231 4039 emendari
1283 3981 1521 4054 possint.
1588 3979 1754 4037 Unde
1802 3987 2015 4038 nostrae

314 4070 501 4145 gentis
530 4070 820 4141 Historiae,
852 4085 985 4142 quae
1021 4069 1319 4142 potissima
1357 4075 1441 4126 est
1477 4069 1602 4142 ejus
1633 4084 1871 4141 operum
1902 4068 2020 4126 uti-

321 4160 469 4231 litas,
500 4160 622 4218 sive
648 4159 1066 4227 ecclesiasticae,
1095 4159 1218 4216 sive
1234 4158 1415 4225 civili,
1440 4158 1698 4215 maxime
1724 4173 1859 4229 quae
1889 4172 2019 4229 pro-

316 4253 449 4327 pius
495 4251 566 4309 ad
613 4252 871 4325 Gregorii
911 4258 1139 4309 aetatem
1188 4251 1450 4324 pertinet,
1501 4249 1788 4323 ejusmodi
1838 4256 2023 4307 errata

2100 3102 2252 3155 rum,
2285 3092 2385 3144 aut
2412 3093 2563 3144 certe
2588 3086 2756 3159 plura
2810 3104 2843 3143 a
2876 3086 3220 3145 Christianis
3252 3089 3394 3146 facta
3424 3088 3699 3147 miracula
3728 3105 3813 3147 re-

2097 3181 2293 3234 censet
2321 3196 2333 3234 :
2369 3177 2467 3233 sed
2496 3177 2645 3234 hanc
2675 3177 2857 3251 ipsam
2892 3176 3160 3234 Ecclesiae
3188 3177 3482 3235 catholicae
3512 3194 3633 3235 esse
3661 3194 3813 3251 prae-

2102 3266 2419 3339 rogativam
2468 3265 2688 3338 probat,
2732 3270 2795 3324 ut
2845 3281 2979 3323 cum
3033 3267 3436 3324 haereticorum
3476 3274 3643 3325 sectae
3692 3266 3817 3325 suis

2100 3354 2410 3429 praestigiis
2461 3354 2612 3412 nihil
2658 3362 2910 3427 possent,
2963 3354 3078 3412 nisi
3130 3356 3271 3413 forte
3322 3355 3565 3414 incautis
3603 3356 3814 3414 damna

2098 3446 2334 3517 inferre,
2364 3445 2563 3504 ﬁdeles
2611 3446 2929 3517 miraculis,
2966 3452 3021 3503 et
3058 3445 3414 3515 certissimis,
3445 3452 3499 3503 et
3544 3446 3817 3519 frequen-

2105 3536 2366 3607 tissimis,
2401 3534 2577 3593 fidem
2630 3552 2794 3593 suam
2827 3534 3237 3609 approbarent;
3273 3534 3349 3592 ita
3398 3539 3461 3592 ut
3495 3534 3813 3607 saepissime

2096 3627 2251 3700 apud
2277 3642 2374 3685 eos
2398 3626 2589 3684 claudi
2618 3641 2904 3699 gressum,
2928 3624 3067 3683 caeci
3093 3624 3306 3694 visum,
3336 3623 3499 3682 surdi
3526 3622 3813 3693 auditum,

2096 3717 2277 3775 immo
2307 3724 2363 3776 et
2391 3717 2604 3775 mortui
2635 3718 2810 3774 vitam
2842 3716 3105 3774 fidelium
3136 3714 3405 3789 precibus
3437 3714 3657 3772 fuerint
3684 3730 3817 3772 con-

2097 3809 2296 3867 secuti.
2330 3806 2483 3877 Quos
2529 3807 2763 3880 quidem
2810 3807 3077 3865 homines
3106 3823 3138 3863 a
3164 3813 3347 3864 morte
3380 3806 3679 3877 excitatos,
3712 3805 3814 3865 diu

2094 3905 2287 3972 postea
2332 3897 2481 3955 inter
2524 3904 2758 3956 caeteros
2788 3896 3057 3955 mortales
3086 3896 3303 3954 vixisse
3335 3897 3601 3955 observat
3630 3896 3813 3969 capite

2100 3988 2406 4064 sequenti,
2470 4004 2539 4045 ne
2593 3988 2737 4045 forte
2795 3993 2953 4045 tanta
3005 3986 3286 4045 miracula
3339 3986 3648 4061 praestigiis
3706 3986 3813 4044 ho-

2103 4077 2292 4137 mines
2345 4077 2659 4135 attribuere
2711 4076 3011 4135 auderent.
3067 4075 3335 4149 Ejusdem
3386 4075 3469 4132 rei
3514 4074 3675 4131 testis
3731 4079 3817 4132 est

2104 4165 2317 4223 saeculo
2348 4166 2513 4223 tertio
2541 4165 2701 4223 omni
2746 4166 3085 4238 exceptione
3115 4163 3297 4238 major
3324 4162 3648 4238 Cyprianus
3677 4161 3812 4219 Car-

2107 4256 2560 4326 thaginiensium
2592 4254 2831 4313 antistes
2852 4263 2907 4313 et
2935 4254 3145 4313 Christi
3178 4260 3414 4328 martyr,
3461 4254 3563 4328 qui
3596 4254 3700 4310 hoc
3721 4268 3814 4310 ar-

317 4356 436 4398 non
463 4340 740 4398 oﬂiciunt.
778 4339 914 4397 Visa
944 4339 1105 4397 enim
1137 4355 1169 4396 a
1197 4355 1274 4404 se.
1318 4344 1383 4396 ut
1416 4337 1758 4412 plurimum,
1791 4336 1882 4394 νει
1914 4342 2449 4420 au-Dgumentum
2499 4360 2613 4402 non
2652 4344 2848 4413 semel,
2897 4345 2993 4401 sed
3035 4344 3398 4418 potissimum
3430 4344 3491 4401 in
3537 4340 3704 4399 libris
3746 4342 3816 4399 de

320 4430 437 4488 dita
461 4429 706 4504 scripsit,
747 4428 961 4503 quibus
989 4428 1051 4486 in
1082 4427 1397 4485 referendis
1418 4442 1555 4485 eum
1583 4428 1733 4485 mala
1762 4442 2025 4499 unquam

322 4518 436 4576 ﬁde
466 4535 640 4578 usum
670 4519 850 4576 fuisse
884 4532 1056 4575 nemo
1085 4516 1320 4575 dixerit.

395 4608 484 4667 64.
512 4614 606 4679 At,
635 4609 887 4681 inquies,
919 4608 998 4665 ita
1016 4607 1290 4666 credulus
1318 4607 1767 4681 eratGregorius
1791 4622 1855 4664 ac
1886 4608 2027 4665 sim-

325 4700 482 4772 plex,
522 4705 588 4756 ut
625 4697 861 4771 quidvis
904 4699 1121 4772 absque
1167 4698 1390 4756 delectu
1421 4698 1543 4756 suis
1575 4698 1802 4772 scriptis
1832 4698 2030 4756 videa-

328 4797 423 4847 tur
460 4788 796 4858 inseruisse,
825 4794 891 4845 et.
910 4790 1105 4846 omnia
1137 4790 1251 4847 fere
1291 4796 1496 4846 eventa
1522 4790 1820 4849 miraculis
1857 4790 2029 4848 ascri-

328 4877 528 4951 psisse.
571 4875 785 4935 Verum
832 4877 938 4933 etsi
966 4877 1145 4935 nolim
1186 4876 1454 4945 inﬁciari,
1505 4876 1845 4950 Gregorium
1892 4879 2036 4936 forte

328 4968 391 5027 in
430 4968 731 5027 eredendis
773 4966 1071 5025 miraculis
1123 4966 1436 5040 aliquando
1485 4968 1659 5027 fuisse
1697 4969 2035 5040 faciliorem,

331 5073 465 5117 cum
504 5064 695 5117 tamen
745 5064 963 5117 certum
1009 5059 1083 5115 sit
1109 5074 1182 5116 ex
1220 5059 1353 5118 aliis
1379 5060 1504 5133 ejus
1541 5060 1653 5118 aevi
1706 5060 2040 5120 auctoribus

330 5154 468 5207 tunc
500 5149 773 5221 temporis
817 5148 1001 5208 multa
1048 5148 1328 5207 miracula
1375 5151 1699 5223 contigisse,
1730 5167 1846 5209 non
1883 5152 1956 5209 ob
1981 5152 2039 5209 id

332 5237 696 5297 solummodo
750 5238 903 5312 quod
942 5238 1222 5297 miracula
1274 5247 1430 5307 sunt,
1462 5256 1527 5298 ea
1558 5256 1681 5298 esse
1729 5241 2039 5313 rejicienda

334 5326 682 5397 censuerim,
708 5327 821 5385 nisi
854 5325 1049 5399 aliqua
1067 5325 1210 5384 ratio
1234 5327 1429 5396 gravis
1464 5328 1519 5384 id
1544 5328 1795 5387 suadeat.
1824 5328 1944 5387 Hac
1978 5330 2038 5387 in

333 5430 397 5473 re
443 5415 728 5490 sequenda
787 5415 1011 5473 videtur
1055 5415 1239 5473 sancti
1293 5417 1607 5488 Augustini
1660 5418 1878 5490 regula,
1936 5419 2036 5493 qui

336 5521 466 5566 cum
505 5505 689 5565 multa
721 5504 1079 5565 circumferri
1109 5506 1389 5566 miracula
1425 5507 1578 5582 apud
1628 5508 1842 5584 vulgus
1876 5525 2037 5568 acce-

2109 4436 2403 4495 Idolorum
2448 4435 2699 4492 vanitate
2743 4441 2798 4492 et
2842 4434 2913 4493 ad
2951 4434 3383 4493 Demetrianum
3428 4430 3811 4505 pertractavit.

2111 4525 2323 4585 Omitto
2358 4523 2699 4594 Eusebium,
2741 4523 3105 4581 Lactantium
3137 4529 3191 4579 et
3219 4521 3382 4589 alios,
3421 4520 3521 4593 qui
3566 4519 3676 4576 sub
3705 4534 3814 4575 sae-

2114 4612 2230 4671 culi
2262 4611 2415 4669 tertii
2452 4613 2649 4680 tinem,
2685 4618 2739 4668 et
2770 4611 2959 4685 quarti
2994 4610 3232 4667 initium
3267 4610 3564 4667 vixerunt.
3602 4606 3816 4663 Eadem

2115 4706 2302 4759 virtus
2341 4708 2467 4774 post
2512 4701 2702 4758 datam
2752 4700 3022 4758 Ecclesiae
3060 4714 3255 4772 pacem
3300 4695 3707 4770 perseveravit,
3756 4700 3823 4753 ut

2117 4798 2285 4849 testes
2317 4799 2452 4851 sunt
2478 4791 2891 4865 Hieronymus,
2926 4790 3198 4858 Rufinus,
3230 4788 3523 4861 Sulpicius
3553 4787 3824 4859 Severus,

2120 4889 2175 4939 et
2199 4881 2321 4951 alii,
2351 4881 2454 4957 qui
2485 4890 2712 4955 patrum
2743 4888 2797 4938 et
2823 4881 3071 4939 aliorum
3094 4887 3426 4939 sanctorum
3450 4878 3594 4935 vitas
3615 4876 3825 4934 descri-

2120 4978 2378 5045 pserunt.
2423 4970 2583 5027 Idem
2613 4976 2892 5028 testantur
2928 4968 3228 5037 Paulinus,
3262 4966 3645 5025 Thcodoritus
3676 4966 3827 5022 inter

2122 5061 2351 5120 Graecos
2389 5066 2575 5133 patres
2625 5059 2726 5117 vix
2760 5058 2865 5118 ulli
2904 5059 3227 5117 eruditione
3258 5056 3573 5127 secundus,
3615 5056 3719 5129 qui
3756 5055 3825 5112 li-

2122 5152 2294 5211 brum
2344 5166 2408 5209 ea
2457 5151 2527 5208 de
2578 5166 2637 5208 re
2684 5148 3035 5222 singularem
3078 5148 3186 5205 sub
3230 5145 3515 5218 religiosae
3559 5144 3829 5202 Historiae

2123 5241 2292 5299 titulo
2342 5241 2538 5298 edidit.
2598 5240 2851 5297 Plurima
2902 5237 3181 5296 miracula
3236 5252 3340 5294 suo
3385 5244 3637 5309 tempore
3680 5235 3827 5292 facta

2120 5338 2313 5391 narrat
2347 5331 2726 5398 Augustinus,
2769 5330 3131 5403 potissimum
3172 5326 3233 5383 in
3270 5325 3435 5383 libris
3470 5325 3540 5381 de
3584 5322 3827 5380 Civitate

2120 5420 2243 5479 Dei.
2303 5419 2645 5479 Sanctorum
2696 5417 2959 5477 Gervasii
3014 5424 3067 5473 et
3120 5416 3359 5473 Protasii
3411 5414 3484 5471 ab
3516 5410 3825 5470 Ambrosio

2119 5510 2495 5569 inventorum
2525 5516 2598 5566 tot
2626 5508 2861 5567 fuerunt
2888 5506 3305 5566 miraculorum
3336 5517 3649 5580 praecones,
3681 5508 3823 5576 quot
