4070 6186
47 100 352 168 Γπ

170 259 229 316 57
1712 247 2132 307 ΡΒᾸΕΕΑΤΙΟ.
3607 257 3673 317 58

164 395 358 441 eorum
400 385 735 451 temporum
765 375 1088 450 scriptores,
1119 372 1470 432 Ambrosias
1507 374 1646 447 ipse,
1681 372 2288 447 Pauli-Afrequentia
2335 382 2473 434 tunc
2525 377 2834 449 contigisse
2885 378 3187 437 miracula.
3249 378 3328 437 De
3376 380 3676 440 miraculis

163 486 288 532 nus.
323 466 721 540 Augu~tinus,
757 463 1130 530 Gaudentius,
1178 469 1284 520 etc.
1336 462 1505 519 Haud
1544 465 1739 520 minus
1785 477 1878 519 ce-

160 563 332 621 lebria
366 560 530 616 fuere
561 557 744 614 sancti
781 555 1056 628 Stephani
1091 571 1288 611 recens
1318 553 1542 611 inventi
1575 553 1875 624 miracula,

161 653 224 709 de
250 650 477 724 quibus
511 647 646 704 libri
681 647 798 704 duo
847 645 998 702 inter
1027 645 1338 716 Augustini
1367 661 1537 717 opera
1567 645 1873 701 habentur.

159 740 350 796 Victor
395 737 654 794 Vitensis
701 734 872 808 paulo
916 741 1041 807 post
1077 733 1354 791 miracula
1399 734 1715 808 discripsit,
1747 750 1879 808 quze

161 831 382 888 furente
410 827 846 884 \Vandalorum
883 825 942 881 in
971 824 1163 881 Africa
1196 824 1590 896 persecutione
1619 841 1651 880 a
1682 826 1878 882 catho-

159 919 278 976 licis
307 918 465 976 edita
498 917 758 974 fuerunt.
794 914 1044 972 Basilius
1077 913 1358 972 Seleuciae
1398 915 1700 988 episcopus
1729 914 1879 974 circa

161 1011 312 1068 idem
353 1018 589 1079 tempus
626 1007 804 1065 libros
844 1006 988 1063 duos
1027 1005 1096 1062 de
1136 1007 1433 1065 miraculis
1471 1015 1682 1064 sancta:
1722 1006 1877 1063 The-

161 1102 260 1159 clze
290 1099 648 1171 composuit.
687 1098 827 1156 Hrec
861 1098 929 1154 de
962 1098 1189 1155 saaculis
1219 1114 1350 1171 qua)
1389 1097 1734 1167 Gregorium
1777 1114 1880 1155 no-

159 1197 341 1246 strum
377 1195 823 1260 praecesserunt.
861 1185 986 1243 Non
1020 1186 1216 1242 minus
1234 1192 1424 1242 autem
1459 1186 1673 1244 saeculo
1695 1193 1879 1258 sexto,

160 1293 267 1351 quo
325 1275 483 1333 vixit
518 1273 850 1346 Gregorius,
889 1273 1211 1348 frequentia
1258 1274 1437 1331 fuisse
1487 1274 1640 1330 infra
1675 1275 1882 1347 proba-

1963 473 2290 526 sanctorum
2335 467 2515 526 Italiae
2565 468 2743 526 libros
2794 476 3043 543 quatuor
3085 471 3448 541 dialogorum
3495 472 3678 531 edidit

1964 556 2276 614 Gregorius
2322 557 2584 626 Magnus.
2640 557 2797 615 Idem
2861 560 3124 632 prmstitit
3177 559 3373 618 Victor
3423 559 3674 620 Vitensis

1963 646 2265 720 episcopus
2307 647 2363 704 in
2405 648 2569 706 libris
2607 650 2678 706 de
2715 651 3110 723 persecutione
3167 650 3532 724 \Vandalica,
3568 652 3671 711 ubi

1964 741 2158 792 narrat
2187 750 2251 791 ea
2282 751 2414 809 quae
2456 735 2608 794 Deus
2648 737 2707 794 in
2741 737 2936 794 Africa
2978 737 3247 807 ostendit,
3296 739 3355 795 in
3393 739 3527 797 tidei
3578 755 3673 796 ca-

1965 823 2192 880 tholica)
2242 825 2762 890 confirmationem.
2809 825 2873 882 In
2927 825 3150 893 Galliis,
3194 832 3404 896 prmter
3449 835 3675 886 sancto-

1964 926 2093 969 rum
2131 910 2307 980 Vitas,
2337 928 2471 985 qum
2503 912 2576 969 ab
2602 913 2935 970 auctoribus
2963 913 3237 984 gravibus
3262 921 3316 970 et
3344 915 3674 988 azqualibus

1963 999 2190 1072 scriptae
2241 1008 2393 1068 sunt,
2447 1007 2614 1058 testes
2663 1001 2945 1058 habemus
2990 1001 3155 1075 queis
3193 1018 3366 1059 nemo
3411 1019 3672 1078 unquam

1965 1089 2180 1162 absque
2220 1090 2552 1147 temeritatis
2594 1097 2727 1148 nota
2768 1092 2975 1148 audeat
3019 1091 3312 1162 refragari.
3355 1091 3422 1148 In
3470 1093 3676 1166 primis

1965 1179 2290 1250 complures
2341 1181 2636 1252 episcopos
2691 1179 2988 1236 sanctitate
3027 1186 3081 1236 et
3137 1179 3460 1236 eruditione
3522 1181 3673 1239 cele-

1965 1266 2267 1338 berrimos,
2301 1268 2453 1325 inter
2499 1284 2644 1342 quos
2677 1269 3016 1325 eminebant
3055 1269 3262 1327 Avitus
3301 1268 3673 1341 Viennensis,

159 1369 366 1426 bimus.
425 1366 578 1424 Nam
627 1367 700 1424 de
752 1364 1129 1440 sequentibus
1189 1365 1542 1437 temporibus
1593 1381 1762 1436 agere
1809 1366 1880 1423 ad
1973 1353 2301 1428 Stephanus
2335 1357 2760 1428 Lugdunensis,
2796 1364 2849 1414 et
2884 1357 3132 1415 onnius
3162 1356 3517 1414 Arelatensis
3547 1374 3671 1416 me-

162 1467 424 1516 nostrum
455 1472 572 1514 non
603 1462 813 1529 spectat
847 1455 1212 1522 institutum;
1235 1460 1289 1510 et
1314 1455 1413 1527 qui
1444 1471 1508 1512 ea
1533 1455 1603 1512 de
1627 1471 1684 1512 re
1714 1455 1882 1528 plura
1968 1445 2312 1517 tropolitani,
2349 1445 2448 1518 qui
2475 1461 2610 1504 cum
2638 1447 2881 1504 Arianos
2909 1448 2968 1503 in
2992 1447 3295 1504 collatione
3315 1462 3505 1504 coram
3535 1446 3676 1504 Bur-

162 1547 422 1620 cupiuut,
451 1544 1110 1603 habentMiraculorum
1131 1545 1307 1602 libros
1340 1545 1614 1618 integros,
1647 1561 1791 1620 quos
1816 1546 1879 1603 in
1961 1533 2326 1604 gundionum
2361 1550 2492 1607 Pege
2526 1535 2734 1603 habita,
2763 1536 3086 1594 rationibus
3117 1551 3183 1593 ac
3213 1534 3525 1608 Scriptum
3559 1541 3670 1593 ίθε·

165 1637 426 1694 l’itarum
457 1642 794 1695 sanctorum
821 1635 1260 1694 collectionibus
1293 1637 1615 1694 consulant.

2063 1620 2222 1678 .oniis
2254 1623 2649 1695 pervicissent,
2694 1623 2865 1680 ﬁdem
2902 1639 3132 1697 quoque
3168 1639 3334 1682 suam
3373 1625 3670 1684 miraculis

225 1727 314 1784 55.
344 1729 424 1784 At
459 1742 538 1783 ex
571 1726 664 1783 his
691 1742 824 1799 qum
847 1725 1196 1798 protulimus
1220 1725 1338 1797 jam
1371 1727 1742 1800 perspicuum
1774 1711 2274 1800 est,Bapprobare
2307 1711 2543 1784 polliciti
2588 1718 2743 1780 sunt,
2777 1711 2827 1769 si
2867 1712 3070 1769 Ariani
3113 1712 3198 1769 eis
3236 1712 3517 1771 assentire
3552 1713 3676 1772 vel-

165 1815 382 1873 nemini
424 1815 651 1871 auctori
693 1814 1076 1872 ecclesiastico
1124 1815 1268 1871 verti
1314 1829 1478 1888 posse
1509 1799 1688 1886 ivitio,
1727 1832 1772 1888 ψ

2073 1807 2085 1855 t
2120 1820 2131 1857 :
2161 1804 2224 1858 Si
2265 1804 2503 1856 rationes
2541 1806 2760 1864 nostrae,
2797 1801 2990 1874 inquit
3021 1803 3233 1859 Avitus
3275 1803 3540 1860 omnium
3574 1817 3680 1861 n0-

168 1906 450 1965 miracula
480 1905 702 1979 passim
745 1904 866 1962 suis
903 1903 1173 1977 operibus
1209 1903 1537 1971 inseruerit,
1583 1908 1683 1961 aut
1727 1919 1775 1960 Ct

2074 1907 2128 1946 ie
2164 1893 2231 1949 ad
2259 1908 2452 1964 regem
2480 1893 2953 1964 Gundobaldum,
2986 1893 3401 1967 quicollationi
3422 1911 3681 1967 prmsens

169 1998 232 2054 de
281 1994 591 2052 Miraculis
641 2000 973 2051 sanctorum
1009 1992 1253 2050 ediderit
1306 1993 1485 2051 libros
1534 1992 1878 2065 singulares,
1968 1983 2269 2051 intererat,
2322 2002 2426 2039 non
2476 1990 2708 2055 possunt
2755 1988 2879 2040 illos
2931 1989 3260 2048 convincere,
3333 2003 3439 2041 non
3490 1988 3681 2043 dubito

1968 2079 2102 2145 quin
2150 2079 2291 2130 Deus
2337 2076 2496 2144 ﬁdem
2545 2081 2787 2130 nostram
2839 2078 3102 2130 miraculo
3145 2081 3438 2145 conﬁrmet.
3485 2079 3680 2132 Jubeat

1965 2167 2280 2220 sublimitas
2313 2172 2511 2234 rest-ra,
2551 2172 2611 2220 ut
2641 2171 2752 2221 tam
2802 2169 2892 2220 illi
2921 2184 3084 2237 quam
3127 2184 3224 2222 nos
3252 2184 3434 2223 eamus
3485 2170 3560 2223 ad
3593 2186 3682 2224 se-

1961 2258 2216 2328 pulcrum
2268 2258 2501 2310 hominis
2532 2259 2630 2311 Dei
2664 2258 2826 2325 justi,
2871 2262 2920 2311 et
2973 2259 3366 2326 interrogemus
3415 2261 3576 2314 illum
3614 2263 3680 2316 de

1966 2351 2153 2400 nostra
2174 2345 2311 2415 ﬁde;
2342 2347 2600 2399 similiter
2629 2351 2680 2399 et
2707 2348 3026 2414 Bonifacius
3075 2347 3140 2399 de
3173 2362 3275 2401 sua
3300 2365 3316 2400 :
3351 2353 3400 2402 et
3426 2350 3688 2405 Dominus

1964 2435 2348 2504 pronuntiabit
2379 2451 2480 2505 per
2505 2451 2561 2490 os
2589 2437 2734 2489 servi
2760 2438 2849 2488 sui
2879 2438 2934 2488 in
2963 2436 3161 2504 quibus
3200 2439 3548 2508 complaceat.
3585 2438 3682 2498 Sic

1970 2522 2054 2579 illi
2086 2523 2194 2579 viri
2231 2525 2411 2580 sancti
2451 2524 2593 2581 adeo
2629 2524 2688 2580 in
2718 2523 2904 2582 Deum
2936 2523 3175 2581 fidentes
3209 2532 3393 2593 erant,
3436 2527 3587 2599 quod
3619 2543 3681 2585 se

1968 2628 2095 2670 eam
2131 2612 2304 2669 ﬁdem
2333 2613 2543 2670 habere
2578 2613 2810 2681 scirent,
2844 2629 2978 2688 quae
3021 2614 3192 2671 etiam
3228 2623 3450 2674 montes
3494 2623 3677 2677 trans-

1971 2701 2119 2759 ferre
2149 2706 2356 2772 posset,
2391 2715 2524 2758 cum
2555 2699 2611 2757 id
2643 2701 2745 2758 Dei
2777 2717 2947 2759 causa
2970 2704 3247 2774 exigeret.
3280 2702 3389 2762 Sed
3419 2713 3472 2762 et
3503 2705 3680 2765 iidem

1969 2791 2254 2851 antistites
2307 2807 2366 2848 se
2430 2791 2580 2847 hanc
2633 2791 2999 2850 collationem
3054 2793 3370 2866 suscepisse
3423 2794 3685 2854 innuunt

1971 2879 2242 2951 exemplo
2271 2878 2587 2936 beatissimi
2610 2879 2862 2954 Remigii
2896 2880 3249 2939 Francorum
3280 2882 3544 2955 apostoli,
3575 2885 3680 2958 qui

1971 2969 2142 3025 tidem
2191 2967 2533 3026 catholicam
2582 2976 2721 3026 tunc
2766 2970 3037 3042 temporis
3083 2971 3239 3042 apud
3287 2987 3414 3030 eam
3450 2981 3680 3045 gentem

171 2082 535 2157 Proindeque
567 2081 911 2153 Gregorium
948 2097 1014 2138 eo
1043 2080 1166 2153 ipso
1200 2081 1652 2154 haudquaquam
1684 2096 1882 2152 asper-

171 2171 426 2229 nandum
479 2186 627 2234 esse.
675 2170 827 2242 quod
878 2169 1156 2227 miracula
1199 2170 1412 2241 passim
1457 2169 1520 2226 in
1568 2169 1690 2227 suis
1720 2169 1884 2226 libris

171 2261 548 2319 enarraverit.
585 2260 703 2316 Nec
731 2259 882 2316 dicat
926 2259 1144 2332 aliquis
1186 2258 1463 2316 miracula
1501 2275 1534 2316 a
1588 2259 1702 2316 Deo
1753 2259 1879 2331 Opt.

171 2349 314 2406 Has.
359 2349 547 2406 fuisse
581 2347 754 2417 edita,
797 2362 930 2405 cum
962 2347 1281 2404 necessaria
1307 2347 1380 2404 ad
1411 2347 1581 2404 fidem
1613 2347 1883 2417 gentibus

169 2440 599 2513 approbandam
631 2441 890 2506 fuerunt,
927 2438 983 2494 id
1028 2453 1165 2495 vero
1215 2437 1474 2509 Gregorii
1527 2438 1883 2512 temporibus

168 2529 442 2602 applicari
475 2543 590 2585 non
625 2544 808 2600 posse.
842 2527 1158 2600 Nunquam
1187 2529 1342 2585 enim
1386 2529 1666 2585 miracula
1705 2528 1888 2599 magis

171 2616 491 2674 necessaria
521 2615 796 2672 videntur
824 2615 1001 2671 fuisse
1027 2617 1149 2672 sive
1185 2616 1254 2672 ad
1285 2616 1615 2672 infidelium
1642 2631 1886 2673 conver-

172 2709 390 2766 sionem
453 2705 902 2779 procurandam,
950 2705 1072 2762 sive
1118 2705 1187 2762 ad
1237 2705 1434 2762 fideles
1485 2705 1543 2762 in
1589 2720 1725 2762 vera
1775 2705 1886 2761 tide

171 2795 629 2865 conﬁrmandos,
678 2810 854 2868 quam
893 2795 1102 2852 sazculo
1149 2795 1353 2868 quinto
1388 2794 1633 2864 labente,
1679 2811 1745 2851 ac
1777 2801 1888 2852 toto

176 2887 386 2944 saeculo
429 2893 617 2954 sexto,
669 2900 786 2958 quo
835 2884 1147 2954 Gregorius
1193 2891 1386 2941 noster
1436 2884 1678 2956 scripsit.
1723 2882 1890 2941 Tunc

171 2978 319 3034 enim
369 2976 642 3033 barbarie.
685 2974 946 3030 nationes
993 2973 1070 3029 ita
1125 2972 1410 3044 EurOpam
1451 2972 1789 3038 infecerant,
1826 2976 1890 3027 ut

173 3066 331 3124 nulla
367 3067 554 3123 ferme
588 3063 939 3134 regiomsset,
973 3064 1033 3119 in
1082 3079 1195 3133 qua
1230 3062 1314 3119 illi
1360 3078 1474 3120 non
1517 3062 1887 3120 dominaren-
1912 3057 2222 3152 Gintinitis
2263 3057 2680 3130 propemodum
2718 3059 2996 3131 prodigiis
3036 3060 3434 3119 confirmabat.
3483 3067 3681 3119 Provi-

175 3166 289 3216 tur.
339 3157 414 3214 Hi
449 3163 648 3214 autem
683 3163 847 3212 erant
877 3162 976 3211 aut
1005 3155 1241 3224 ethnici,
1283 3161 1383 3212 aut
1410 3161 1558 3212 certe
1581 3155 1658 3212 ita
1692 3155 1890 3212 ariana

173 3246 384 3305 haeresi
411 3245 634 3314 infecti,
669 3252 733 3303 ut
763 3244 998 3302 nomine
1027 3251 1193 3300 tenus
1222 3244 1554 3315 Christiani,
1586 3245 1890 3318 plerasque

177 3351 543 3412 paganorum
595 3335 1031 3408 superstitiones
1068 3333 1241 3392 simul
1277 3350 1410 3392 cum
1460 3333 1618 3391 falsis
1652 3334 1889 3407 dogma-

180 3429 330 3487 tibus
361 3429 682 3486 retinerent
717 3448 729 3484 :
761 3442 962 3485 omnes
998 3443 1135 3484 vero
1178 3426 1254 3483 ita
1289 3425 1395 3484 feri
1425 3441 1491 3483 ac
1544 3425 1795 3494 barbari,
1823 3431 1890 3483 ut

176 3520 388 3576 frustra
441 3517 754 3590 quisquam
801 3515 884 3573 eis
925 3531 1121 3574 veram
1165 3515 1504 3587 religionem
1566 3514 1887 3573 rationibus

176 3625 241 3666 ac.
293 3609 472 3666 sacrae
522 3607 841 3681 Scriptura;
888 3605 1221 3664 auctoritate
1269 3605 1609 3677 persuadere
1649 3609 1889 3663 conatus

179 3701 401 3758 fuisset.
437 3698 596 3772 Opus
632 3699 828 3773 itaque
859 3696 1151 3756 miraculis
1178 3703 1318 3766 erat,
1351 3704 1546 3770 utpote
1575 3696 1728 3769 quod
1759 3697 1889 3754 haec

175 3789 291 3846 sola
321 3795 596 3846 esseteos
622 3787 1006 3845 convincendi
1041 3786 1204 3844 ratio.
1239 3785 1399 3843 Certe
1428 3785 1689 3859 quandiu
1713 3784 1886 3844 Chlo-

176 3882 416 3948 doveus,
481 3879 708 3954 primus
762 3879 949 3952 gentis
996 3885 1205 3935 nostrze
1252 3892 1457 3948 regum
1515 3877 1886 3948 Christianus,

177 3969 349 4025 rebus
396 3983 545 4026 usus
577 3974 662 4024 est
705 3965 1014 4040 prosperis,
1058 3965 1128 4022 de
1177 3963 1455 4038 religione
1503 3964 1777 4022 mutanda
1818 3980 1890 4023 ne

176 4057 419 4132 quidem
466 4056 715 4127 cogitare
755 4054 952 4113 voluit.
996 4056 1069 4112 At
1111 4053 1454 4112 constitutus
1511 4051 1572 4110 in
1630 4060 1890 4112 extremo

177 4145 364 4218 praelii
399 4145 759 4213 discrimine,
792 4159 924 4202 cum
976 4159 1091 4201 non
1132 4144 1258 4200 sine
1312 4141 1591 4200 miraculo
1637 4159 1669 4200 e
1717 4141 1892 4199 tantis

174 4236 455 4309 periculis
505 4241 739 4308 ereptus
792 4235 1012 4305 fuisset,
1064 4233 1236 4292 fidem
1277 4232 1428 4290 ultro
1467 4234 1737 4307 suscepit.
1797 4233 1892 4293 Sic

174 4325 358 4382 movit
390 4323 645 4382 Totilam
684 4323 1001 4382 Gothorum
1042 4322 1100 4379 iu
1135 4322 1296 4379 Italia
1337 4337 1527 4394 regem
1569 4323 1749 4380 sancti
1789 4339 1890 4396 pa-

1972 3148 2146 3216 dente,
2191 3147 2490 3221 inquiunt,
2523 3151 2749 3203 Domino
2804 3152 3058 3205 Ecclesia
3099 3168 3229 3215 suae,
3284 3159 3334 3208 et
3375 3156 3683 3224 inspirante

1966 3257 2070 3312 pro
2101 3240 2278 3293 salute
2309 3239 2474 3292 totius
2513 3239 2689 3305 gentis
2719 3253 2807 3292 cor
2837 3239 3023 3293 domni
3049 3243 3303 3310 Remigii,
3339 3245 3438 3311 qui
3481 3244 3681 3313 ubique

1971 3329 2179 3383 altaria
2232 3326 2541 3380 destruebat
2594 3327 2884 3395 idolorum,
2933 3332 2983 3381 et
3028 3343 3210 3381 veram
3239 3329 3398 3397 ﬁdem
3441 3335 3688 3400 potenter

1973 3436 2093 3474 cum
2129 3417 2482 3471 multitudine
2511 3419 2793 3484 signorum
2831 3419 3226 3488 ampliﬁcabat,
3263 3424 3362 3473 etc.
3405 3418 3682 3492 Ejusdem

1973 3507 2154 3564 sancti
2185 3503 2437 3576 Remigii
2485 3512 2535 3562 et
2567 3504 2748 3562 sancti
2789 3504 3042 3563 Medardi
3077 3507 3355 3567 miracula
3383 3507 3456 3566 ob
3485 3509 3683 3569 oculos

1974 3593 2325 3652 Cblotsindze
2359 3592 2522 3664 ponit
2554 3601 2787 3650 sanctus
2814 3593 3074 3653 Nicetius
3097 3593 3472 3654 Trevirorum
3496 3597 3680 3656 antis-

1971 3689 2074 3754 tes,
2112 3683 2274 3740 illam
2303 3683 2633 3750 adhortans,
2667 3690 2727 3738 ut
2755 3697 2819 3738 ea
2861 3682 3109 3739 Alboino
3162 3683 3680 3756 Langobardorum
3733 3723 3738 3726 -

1970 3771 2090 3844 regi
2119 3770 2242 3828 viro
2280 3785 2388 3828 suo
2425 3777 2638 3840 narret,
2670 3769 2882 3842 quibus
2919 3770 3233 3829 Gblodovei
3281 3775 3568 3847 exemplo,
3605 3777 3679 3834 ad

1972 3860 2149 3917 tidem
2193 3857 2621 3932 suscipiendam
2662 3858 2883 3916 moveri
2928 3859 3122 3931 possit.
3174 3862 3319 3927 Quid
3367 3863 3433 3918 de
3486 3866 3680 3920 domno

1972 3951 2220 4018 Remigio
2271 3954 2322 4002 et
2353 3948 2546 4003 domno
2579 3947 2842 4002 Medardo
2873 3949 3158 4018 episcopis,
3193 3964 3326 4017 quos
3380 3955 3458 4014 tu,
3500 3953 3675 4017 credo,

1975 4039 2172 4093 vidisti
2196 4041 2224 4092 ?
2249 4053 2355 4092 non
2383 4052 2673 4108 possumus
2712 4041 2867 4091 tanta
2897 4052 3180 4108 exponere,
3217 4043 3426 4107 quanta
3446 4042 3679 4096 mirabi-

1976 4129 2054 4182 lia
2092 4143 2192 4198 per
2235 4127 2364 4181 illos
2403 4130 2570 4181 Deum
2614 4126 2860 4180 videmus
2904 4129 3104 4194 facere.
3145 4125 3226 4183 De
3266 4128 3564 4186 miraculis
3607 4129 3680 4188 ad

1975 4223 2303 4275 sanctorum
2334 4213 2595 4288 sepulcra
2631 4221 2769 4272 tunc
2795 4214 3069 4287 temporis
3101 4216 3501 4289 frequentibus
3544 4235 3678 4292 pro-

1974 4305 2234 4380 sequitur
2261 4312 2491 4363 sanctus
2519 4305 2758 4362 antistes
2787 4304 2878 4362 his
2912 4305 3102 4362 verbis
3132 4328 3144 4363 :
3186 4308 3290 4363 Ubi
3316 4313 3472 4363 tanta.
3493 4309 3670 4373 hodie,

175 4414 275 4472 tris
331 4413 630 4472 Benedicti
673 4411 1022 4470 miraculum
1073 4426 1265 4468 coram
1320 4425 1385 4468 eo
1433 4409 1674 4484 editum,
1717 4399 2188 4486 quemDinClIIit.
2227 4399 2510 4454 Μίναδίίία
2541 4403 2834 4469 apparent,
2867 4402 3132 4467 quantum
3165 4413 3260 4452 nec
3294 4398 3472 4452 dicere
3499 4399 3678 4452 verbis

174 4510 340 4560 antea
371 4519 480 4560 nec
507 4500 867 4559 sacerdotum
909 4501 1239 4569 auctoritas,
1281 4516 1388 4558 nec
1430 4501 1769 4560 miserorum
1796 4501 1889 4559 in-

175 4593 432 4651 fortunia
473 4593 544 4648 ad
601 4591 1158 4649 commiserationem
1214 4591 1436 4650 ﬂectere
1484 4607 1750 4665 unquam
1789 4607 1890 4664 po-

178 4690 431 4740 merant.
467 4680 592 4738 Non
621 4681 816 4738 minus
847 4680 1183 4750 indigebant
1210 4680 1506 4737 miraculis
1532 4680 1730 4738 ﬁdeles
1753 4680 1870 4738 idio

175 4778 265 4841 tae,
319 4770 430 4846 qui
480 4770 558 4826 ab
593 4769 878 4826 haereticis
926 4768 1102 4826 variis
1130 4768 1558 4827 extorsionibns
1607 4785 1888 4842 oppressa,

171 4859 353 4917 immo
385 4866 444 4914 et
470 4856 788 4932 aliquando
818 4856 1121 4930 suppliciis
1153 4857 1303 4924 torti,
1355 4864 1455 4915 aut
1491 4856 1776 4915 illecebris
1804 4856 1889 4914 al-

170 4948 316 5016 lecti,
352 4947 431 5004 ad
461 4945 802 5018 religionem
832 4945 1168 5004 mutandam
1199 4947 1608 5004 incitabantur.
1646 4945 1892 5006 Suberat

166 5046 218 5092 et
245 5038 367 5095 alia
405 5037 629 5094 saeculo
665 5044 830 5094 sexto
879 5036 1235 5095 edendorum
1270 5037 1687 5096 miraculorum
1714 5053 1888 5110 pecu-

169 5127 326 5184 liaris
386 5141 581 5194 causa,
641 5139 850 5198 nempe
903 5125 1290 5198 quorumdam
1343 5141 1501 5183 error
1552 5124 1887 5197 negantium

166 5217 662 5275 resurrectionem
701 5222 1062 5274 mortuorum
1097 5235 1110 5271 ε
1157 5216 1250 5274 cui
1300 5216 1482 5274 errori
1515 5216 1886 5288 potissimum

167 5306 493 5366 refellendo
544 5305 858 5380 Gregorius
907 5307 1155 5379 Magnus
1208 5306 1383 5364 libros
1417 5306 1779 5379 dialogorum
1817 5307 1886 5365 de

169 5396 501 5455 Virtutibus
534 5404 590 5453 et
625 5395 918 5454 Miraculis
952 5394 1135 5453 Italiae
1174 5402 1502 5453 sanctorum
1541 5395 1880 5470 composuit.

232 5488 324 5546 66.
365 5486 483 5545 Sed
521 5492 578 5543 et
609 5486 892 5545 habemus
931 5485 1083 5544 viros
1128 5501 1331 5544 eorum
1377 5493 1699 5562 temporum
1749 5486 1881 5545 illu-

166 5585 306 5637 stres
361 5583 424 5634 et
459 5576 624 5635 omni
673 5575 1011 5651 exceptione
1064 5576 1329 5651 majores,
1379 5577 1480 5652 qui
1524 5576 1709 5636 testati
1751 5579 1886 5636 sunt

1977 4494 2147 4547 valeo.
2194 4488 2517 4563 Statimque
2557 4487 2879 4560 subjungit,
2914 4486 3130 4543 similia
3180 4488 3238 4542 in
3272 4487 3678 4544 haereticorum

1976 4578 2252 4637 Ecclesiis
2293 4593 2408 4635 non
2463 4575 2607 4642 fieri,
2641 4573 2795 4647 quod
2835 4573 3008 4630 aliam
3048 4573 3122 4630 ab
3174 4572 3290 4630 illis
3327 4575 3540 4632 sanctis
3577 4575 3681 4650 qui

1977 4665 2254 4724 miracula
2283 4665 2548 4732 edebant,
2592 4662 2766 4719 fidem
2815 4659 3238 4734 profiterentur.
3275 4659 3499 4731 Quanta
3542 4678 3680 4722 vero

1975 4755 2278 4814 securitate
2315 4753 2386 4811 de
2418 4758 2494 4809 tot
2540 4759 2948 4824 tantorumque
2988 4749 3405 4810 miraculorum
3441 4753 3680 4811 veritate

1974 4856 2028 4906 et
2065 4846 2409 4906 certitudine
2451 4843 2682 4902 locutus
2727 4843 2899 4902 fuerit
2950 4842 3229 4912 Nicetius,
3282 4857 3357 4901 ex
3387 4858 3453 4901 eo
3509 4851 3681 4917 patet,

1973 4938 2126 5013 quod
2163 4953 2350 5010 regem
2380 4936 2573 5010 ipsum
2598 4934 2916 4992 Alboinum
2934 4932 3365 5007 provocandum
3384 4947 3507 4991 esse
3533 4933 3679 4992 scri-

1971 5030 2083 5100 bat,
2120 5037 2183 5088 ut
2210 5029 2431 5102 aliquot
2462 5043 2493 5084 e
2527 5026 2648 5085 suis
2678 5025 2823 5084 fidos
2855 5025 3117 5083 homines
3143 5024 3214 5082 ad
3245 5023 3407 5082 Beati
3435 5023 3674 5083 Martini

1971 5117 2302 5193 sepulcrum
2357 5114 2725 5182 transmittat,
2783 5113 2864 5172 rei
2911 5112 3209 5171 veritatem
3258 5128 3357 5184 per
3403 5127 3527 5170 sese
3577 5129 3678 5172 ex-

1968 5209 2312 5282 ploraturos.
2346 5210 2556 5274 Mittat,
2598 5203 2809 5278 inquit,
2846 5204 2922 5260 ad
2959 5204 3212 5259 damnum
3246 5205 3549 5259 Martinam
3573 5221 3676 5276 per

1968 5303 2326 5372 festivitatem
2403 5314 2625 5353 suam...
2693 5296 2788 5350 ubi
2841 5310 3002 5350 caecos
3069 5293 3226 5349 hodie
3294 5295 3672 5352 illuminari...

1968 5392 2351 5462 conspicimus,
2404 5389 2500 5442 ubi
2553 5386 2747 5442 surdos
2795 5384 3046 5439 auditum
3081 5387 3130 5438 et
3164 5388 3340 5439 mutos
3381 5388 3674 5441 sanitatem

1965 5487 2220 5556 recipere.
2252 5485 2394 5542 Nam
2425 5479 2562 5552 quid
2587 5480 2766 5534 dicam
2791 5477 2856 5532 de
2877 5477 3104 5547 leprosis
3138 5480 3236 5531 aut
3259 5475 3324 5530 de
3353 5477 3484 5531 aliis
3509 5493 3674 5546 quam

1960 5577 2269 5648 plurimis?
2303 5575 2400 5645 qui
2427 5585 2765 5643 quacumque
2793 5567 3078 5624 debilitate
3109 5567 3359 5639 percussi
3389 5569 3520 5637 sint,
3564 5567 3676 5622 ibi-
