4070 6186
331 189 401 249 59
1882 190 2298 252 PBIEFATIO.
3760 186 3835 246 60

329 314 451 370 dem
500 329 604 386 per
655 314 901 382 singulos
956 313 1060 369 alii
1112 317 1164 370 et
1220 316 1325 370 alii
1381 319 1670 371 sanantur.
1748 314 1903 374 Misit
1969 314 2296 389 adAaequo
2320 314 2595 374 credulus
2616 314 2750 387 fuit,
2773 313 2835 371 in
2876 313 2953 372 iis
3005 312 3223 372 scilicet
3247 309 3568 381 credendis,
3599 324 3731 384 quae
3759 308 3835 368 ab

329 401 481 459 hanc
530 400 899 459 festivitatem
936 398 1360 460 Theodemirus
1417 418 1522 460 rex
1558 402 1813 471 arianus,
1864 417 2039 477 quem
2120 405 2378 479 antiquis
2422 404 2631 476 scripta
2672 402 3026 472 inveniebat,
3084 407 3185 460 aut
3231 405 3383 458 certe
3420 405 3713 472 acceperat
3753 414 3833 457 ex

331 487 642 562 Gregorius
697 487 1069 547 Chararicum
1114 489 1382 562 appellat,
1427 496 1482 547 et
1523 490 1697 547 tantis
1743 490 2038 549 miraculis
2122 493 2360 551 vetustis
2398 492 2825 550 traditionibus.
2872 490 3136 550 Sed‘ista
3176 505 3281 548 nec
3320 489 3444 561 ejus
3483 489 3653 547 honre
3695 489 3832 549 ﬁdei

329 590 628 656 permotus
657 582 832 645 ﬁdem
874 582 1124 655 suscepit
1153 598 1285 640 cum
1320 588 1435 639 tota
1470 580 1797 641 Suevorum
1842 591 2032 658 gente,

329 672 426 729 cui
458 678 583 729 tum
629 672 688 730 in
721 670 991 731 Gallaecia
1019 672 1353 745 imperabat.
1389 671 1495 729 His
1522 672 1666 729 adde
1697 672 1839 730 alios
1868 680 2035 731 testes

330 762 654 821 eruditione
700 768 757 819 et
808 764 1104 821 sanctitate
1155 763 1428 834 illustres,
1475 765 1876 835 Fortunatum,
1932 766 2034 840 qui

329 853 540 910 multas
581 860 908 911 sanctorum
954 854 1111 913 Vitas
1159 856 1423 929 scripsit;
1460 856 1815 931 Cyprianum
1863 856 2034 914 Tolo-

328 958 570 1000 nensem
599 943 928 1015 episcopum
961 944 1021 1000 in
1055 943 1183 1001 Vita
1238 946 1418 1002 sancti
1448 945 1701 1014 Caesarii,
1744 947 2035 1004 Hilarium

328 1031 744 1100 Arelatensem,
777 1032 1148 1102 Eucherium,
1193 1033 1547 1108 Dynamium
1575 1036 1905 1109 patricium,
1956 1037 2039 1094 vi~

330 1137 463 1180 rum
494 1122 802 1193 natalibus,
836 1123 1113 1195 dignitate
1148 1131 1203 1182 et
1236 1124 1496 1197 Gregorii
1528 1127 1747 1197 magnii
1778 1127 2035 1184 testimo-

331 1214 430 1271 nio
458 1212 768 1285 illustrem,
803 1213 1037 1271 beatum
1064 1215 1420 1274 Audoenum
1447 1215 1508 1273 in
1542 1216 1671 1276 Vita
1703 1217 1885 1275 sancti
1918 1216 2042 1273 Eli-

334 1303 436 1378 gii,
493 1304 701 1362 Jonam
751 1305 1101 1365 monachum
1141 1312 1196 1363 et
1237 1307 1397 1374 alios,
1450 1308 1550 1381 qui
1584 1316 1720 1367 tunc
1772 1308 2043 1381 temporis

332 1391 642 1450 ediderunt
682 1401 1013 1451 sanctorum
1064 1394 1244 1466 Vitas,
1301 1412 1445 1470 quas
1493 1413 1569 1455 ex
1620 1396 2040 1457 miraculorum

334 1480 763 1540 narrationibus
790 1485 906 1540 fere
935 1483 1189 1555 integras
1219 1491 1662 1544 contexuerunt.

406 1570 493 1629 67.
532 1570 713 1631 Nemo
761 1571 954 1646 itaque
1004 1573 1251 1631 inﬁciari
1295 1580 1499 1648 potest,
1552 1574 1815 1648 Gregorii
1854 1574 2039 1634 nostri

2118 584 2397 651 ofﬁciunt,
2439 601 2545 642 nec
2580 584 2857 641 adversus
2897 598 2963 641 ea
3001 598 3133 655 qua)
3170 598 3204 639 a
3242 598 3301 638 se
3344 582 3465 638 visa
3499 590 3600 639 aut
3633 583 3833 640 audita

2118 676 2311 746 refert,
2334 675 2521 734 ullum
2549 674 2953 749 praajudicium
2980 689 3253 745 generare
3274 672 3466 731 valent
3495 689 3626 731 cum
3648 690 3677 731 e
3698 691 3831 732 cou-

2118 765 2292 824 trario
2336 767 2518 824 animi
2547 768 2671 841 ejus
2699 765 3007 823 candorem
3041 770 3095 821 ct
3124 764 3539 836 ingenuitatem
3570 764 3831 823 maxime

2116 856 2380 929 probent.

2189 945 2276 1002 68.
2320 947 2394 1003 At
2421 950 2559 1018 quot
2584 950 2639 1004 et
2669 949 2907 1017 quanta,
2939 942 3157 1015 inquis,
3190 940 3505 998 minutiora
3544 937 3690 995 facta
3725 936 3833 995 mi-

2120 1034 2332 1093 raculis
2362 1034 2594 1107 deputat
2633 1032 2963 1105 Gregorius,
2995 1046 3127 1104 qua}
3166 1027 3488 1087 naturalem
3518 1040 3831 1083 causarum

2120 1126 2489 1183 efﬁcientiam
2528 1140 2895 1198 nequaquam
2928 1127 3219 1195 superant.
3262 1121 3475 1177 Verum
3513 1133 3579 1175 ea
3617 1124 3703 1175 est
3740 1116 3831 1174 vi-

2127 1231 2325 1274 rorum
2357 1215 2562 1287 pietate
2592 1212 2994 1286 praestantium
3020 1209 3242 1268 indoles
3265 1225 3330 1267 ac
3354 1207 3577 1281 religio,
3610 1213 3672 1264 ut
3698 1222 3831 1277 pre-

2126 1304 2423 1362 cationum
2468 1302 2686 1359 caelesti
2737 1298 3021 1368 efficaciae,
3071 1306 3516 1368 sanctorumque
3562 1295 3833 1351 interces-

2125 1394 2275 1452 sioni
2305 1393 2559 1450 tribuant
2590 1406 2675 1459 ea,
2704 1404 2839 1463 quae
2863 1388 3081 1461 alioqui
3122 1395 3347 1444 natura}
3372 1386 3644 1442 virtutem
3679 1381 3834 1439 haud

2124 1482 2433 1541 excedunt.
2485 1478 2569 1536 Ita
2613 1484 2973 1550 comparatus
3014 1474 3123 1532 fuit
3182 1472 3523 1547 Cyprianus,
3580 1470 3659 1527 ita
3710 1470 3835 1543 Au-

2123 1570 2409 1643 gustinus,
2456 1567 2537 1625 ita
2581 1566 2987 1635 Theodoritus,
3041 1569 3094 1620 et
3149 1561 3250 1619 alii
3294 1560 3489 1633 magni
3538 1558 3651 1615 viri
3689 1571 3836 1631 quos

333 1662 687 1734 temporibus
714 1643 994 1723 miracula
1024 1643 1363 1741 frequenter
1389 1665 1460 1722 ad
1487 1643 1816 1725 sanctorum
1850 1666 2098 1744 sepul-B
2122 1658 2390 1731 superius
2442 1653 3048 1715 commemoravimus.
3102 1649 3365 1722 Simplex
3417 1647 3612 1722 itaque
3662 1643 3838 1703 fuerit

334 1765 431 1808 cra
457 1751 785 1826 contigisse,
820 1755 997 1828 idque
1024 1770 1141 1813 non
1192 1756 1353 1828 vulgi
1380 1753 1569 1814 solum
1598 1756 1894 1829 opinione,
1939 1762 2041 1813 aut

333 1842 815 1903 muliercularum
848 1845 1034 1904 relatu
1065 1846 1369 1916 creditum,
1397 1845 1497 1904 sed
1524 1852 1579 1903 et
1607 1846 1872 1904 virorum
1904 1862 2039 1904 eru-

332 1932 608 2005 ditorum,
639 1951 705 1993 ac
739 1942 1068 1995 sanctorum
1121 1937 1521 2011 episcoporum
1570 1937 1905 1994 auctoritate
1949 1953 2073 1995 rer

329 2032 559 2098 ceptum
584 2024 783 2098 fuisse,
806 2026 907 2100 qui
938 2026 1223 2099 ejusmodi
1254 2025 1671 2084 miraculorum
1699 2026 2044 2084 certitudine

330 2115 505 2173 ﬁdem
540 2122 791 2173 nostram
827 2116 1131 2189 approbari
1164 2120 1220 2172 et
1249 2115 1659 2173 haereticorum
1693 2129 1914 2172 errores
1948 2128 2043 2169 ar-

335 2204 436 2277 gui
480 2218 644 2276 posse
691 2205 1017 2263 censebant.
1056 2205 1288 2263 Certum
1316 2210 1400 2264 est
1429 2204 1602 2263 etiam
1650 2218 1716 2262 ea
1766 2203 2044 2263 miracula

336 2292 478 2350 adeo
505 2297 655 2348 certa
684 2298 739 2348 et
766 2291 1056 2349 evidentia
1088 2293 1287 2365 fuisse,
1322 2300 1384 2351 ut
1413 2310 1490 2351 ne
1513 2293 1749 2368 quidem
1785 2292 2042 2350 haeretici

335 2379 436 2438 illa
468 2379 529 2436 in
560 2379 808 2439 dubium
840 2398 1104 2440 revocare
1130 2383 1261 2440 ausi
1292 2383 1527 2451 fuerint,
1560 2390 1661 2441 aut
1698 2383 1835 2441 ullis
1857 2381 2041 2441 cavil-

338 2464 654 2527 lationibus
692 2470 985 2541 potuerint
1023 2486 1089 2528 ea
1133 2486 1392 2544 unquam
1431 2470 1761 2529 obscurare.
1793 2470 1917 2541 Quo
1957 2470 2043 2527 fa-

339 2563 497 2615 ctum
517 2565 621 2627 est,
644 2566 707 2617 ut
733 2560 999 2634 plerique
1022 2562 1245 2635 ejurata
1265 2561 1474 2618 haeresi
1504 2561 1677 2619 ﬁdem
1704 2561 2044 2619 catholicam

339 2646 715 2718 susceperint,
750 2655 806 2705 et
839 2649 1075 2723 quidem
1114 2666 1229 2708 non
1270 2650 1540 2723 vulgares
1588 2648 1873 2721 homines,
1922 2664 2037 2706 non

341 2749 496 2793 unus
523 2734 613 2792 vel
644 2738 809 2809 pauci
850 2737 963 2795 viri
989 2738 1218 2797 obscuri
1248 2744 1352 2798 aut
1384 2738 1604 2797 nullius
1634 2738 1908 2806 nominis,
1944 2737 2042 2795 sed

336 2823 449 2897 ipsi
482 2838 662 2898 reges,
695 2830 750 2883 et
777 2824 1017 2899 integrze
1048 2826 1308 2885 nationes
1341 2851 1353 2885 :
1387 2826 1588 2901 quales
1616 2826 1777 2884 fuere
1813 2825 2044 2895 Franci,

324 2915 807 2989 Burgundiones,
851 2917 1048 2989 Suevi,
1090 2916 1432 2990 Wisigothi,
1470 2917 1667 2992 Angli,
1716 2918 2046 2991 Langobar-

2123 1750 2454 1824 Gregorius,
2496 1748 2594 1805 sed
2634 1762 2701 1805 eo
2739 1760 2935 1815 sensu,
2977 1741 3131 1816 quod
3188 1741 3313 1798 sine
3352 1739 3482 1796 fuco
3519 1744 3573 1794 et
3612 1750 3839 1808 semper

2123 1846 2317 1913 aperta
2376 1843 2571 1899 mente
2612 1841 2668 1892 et
2715 1833 2884 1891 corde
2929 1834 3154 1889 sincero
3214 1828 3520 1887 veritatem
3577 1824 3838 1883 oratione

2114 1927 2376 2001 simplici
2427 1923 2862 1999 deprompserit.
2914 1923 3104 1994 Atque
3148 1934 3214 1977 ea
3266 1916 3529 1989 Gregorii
3570 1916 3696 1973 laus
3730 1921 3835 1984 est,

2125 2033 2244 2075 non
2278 2013 2648 2083 contumelia,
2676 2012 2868 2085 inquit
2891 2006 3239 2067 Sirmondus
3264 2004 3617 2062 Hilduinum
3648 2016 3837 2075 repre-

2125 2108 2408 2176 hendens,
2440 2104 2541 2178 qui
2570 2102 2913 2175 Gregorium
2942 2104 3093 2156 mir-ee
3128 2099 3503 2169 simplicitatis
3531 2099 3710 2150 virum
3739 2108 3839 2167 ap-

2127 2196 2384 2271 pellavit,
2422 2209 2559 2252 cum
2604 2190 2926 2250 Hilduinus
2971 2190 3113 2261 ipse,
3147 2187 3193 2244 si
3222 2187 3348 2242 llZBC
3378 2200 3490 2242 vox
3528 2183 3741 2240 malam
3779 2181 3842 2239 in

2126 2294 2345 2363 partem
2376 2290 2655 2351 vertatur,
2686 2280 2939 2339 multum
2989 2276 3263 2350 Gregorio
3293 2274 3611 2357 simplicior
3638 2271 3838 2330 fuerit.

2198 2377 2287 2435 69.
2342 2374 2513 2433 Haud
2561 2372 2718 2431 enim
2768 2369 3092 2442 putandum
3145 2372 3230 2424 est
3284 2364 3567 2422 miracula
3620 2362 3837 2433 omnia,

2126 2483 2257 2542 quae
2286 2465 2460 2537 vulgo
2505 2459 3063 2521 circumferebantur
3105 2472 3133 2513 a
3186 2453 3460 2528 Gregorio
3491 2452 3685 2511 statim
3710 2452 3839 2510 abs-

2126 2540 2238 2635 que
2278 2556 2502 2615 delectu
2540 2558 2642 2611 aut
2690 2549 2963 2609 examine
3008 2546 3257 2604 admissa
3305 2542 3500 2611 fuisse,
3533 2558 3666 2600 cum
3719 2540 3842 2613 ipse

2126 2630 2310 2710 Deum
2340 2645 2551 2720 passim
2592 2645 2821 2701 invocet
2850 2636 3107 2697 veritatis
3140 2650 3363 2704 eorum,
3394 2648 3525 2707 quae
3563 2633 3625 2689 in
3674 2630 3843 2689 libris

2130 2740 2253 2799 suis
2280 2719 2529 2803 enarrat,
2561 2738 2782 2791 testem.
2817 2729 2973 2799 Quin
3002 2732 3057 2784 et
3085 2742 3175 2784 res
3204 2724 3275 2782 ab
3320 2722 3450 2780 aliis
3496 2720 3699 2778 relatas
3733 2719 3844 2777 dif-

2131 2828 2280 2888 ﬁcile
2307 2823 2593 2893 credebat,
2626 2826 2690 2879 ut
2719 2820 2841 2892 ipse
2890 2821 3127 2873 testatur
3180 2813 3370 2870 librox
3407 2808 3841 2879 Miraculorum,

2130 2917 2312 2991 capite
2343 2915 2395 2972 5.
2429 2910 2710 2970 Audierat
2739 2907 2952 2980 quippe
2981 2905 3195 2979 saepius
3222 2900 3415 2960 oleum
3447 2905 3578 2956 ante
3613 2911 3843 2954 crucem

337 3006 418 3078 di,
445 3014 550 3066 etc.
583 3006 747 3065 Unde
778 3007 1000 3067 nemini
1040 2988 1470 3069 mirumivideri
1515 2988 1702 3080 debet,
1745 3010 1795 3068 si
1827 2988 2215 3106 Grego-Cin
2255 3003 2605 3067 monasterio
2665 2998 2986 3059 Pictavensi
3049 2998 3128 3053 ita
3203 3006 3531 3063 excrescere
3607 2988 3844 3048 solitum

379 3097 391 3106 .
605 3098 615 3106 .
983 3098 999 3106 -
1176 3099 1189 3106 -
1272 3099 1286 3106 -
1458 3098 1526 3106 ρ.-
1573 3099 1583 3106 .
1634 3101 1649 3106 -
1726 3100 1774 3106 ..
1853 3100 1863 3106 .
1941 3101 1959 3106 -
2144 3100 2162 3106 _
2209 3097 2219 3106 .
2421 3099 2429 3106 .
2483 3092 2515 3106 ιο
2593 3096 2603 3106 .
2651 3103 2774 3106 νηᾼᾲ-
2830 3085 3031 3106 -_-_‘___‘l..
3075 3084 3238 3106 ..ιλ-η.-
3285 3080 3625 3106 “mna-"subura
3690 3091 3840 3106 nun,

344 3097 489 3170 rius,
515 3098 619 3171 qui
649 3098 1060 3171 promovenda:
1086 3099 1426 3158 orthodoxae
1452 3098 1588 3158 ﬁdei
1618 3100 1904 3159 desiderio
1933 3080 2109 3157 ier-u
2140 3097 2336 3167 fuisse,
2372 3099 2438 3152 ut
2482 3092 2611 3149 licet
2648 3103 2783 3146 vasa
2823 3085 3035 3171 exinde
3075 3084 3245 3171 plena
3283 3080 3644 3171 efferrentur,
3688 3091 3847 3132 nun-

342 3191 530 3259 vebat,
568 3192 920 3269 ardebatque
959 3208 1187 3251 summa
1227 3210 1361 3267 erga
1409 3200 1636 3252 sanctos
1687 3194 1788 3252 Dei
1831 3194 2048 3252 amicos
2137 3165 2538 3261 quam'tamen
2580 3177 2950 3235 decresceret.
2985 3170 3093 3230 Sed
3121 3168 3188 3227 ad
3222 3168 3279 3225 id
3308 3165 3661 3225 credendum
3690 3179 3847 3263 nun-

278 3316 282 3331 ι
340 3281 666 3355 devotione,
700 3252 1036 3357 colligendis
1081 3252 1379 3343 miraculis
1410 3285 1729 3357 plurimum
1762 3284 2051 3353 tribuerit,
2136 3252 2314 3350 quam
2364 3267 2574 3357 adduci
2621 3265 2827 3339 potuit,
2860 3263 3004 3357 quin
3050 3260 3211 3357 prius
3251 3258 3333 3355 rei
3387 3257 3687 3357 veritatem
3728 3252 3853 3312 suis

342 3387 475 3445 quae
528 3378 667 3431 tunc
719 3342 992 3448 temporis
1029 3389 1151 3431 esse
1203 3342 1437 3431 videbat
1474 3372 1729 3430 eﬂicacia
1776 3372 1846 3429 ad
1880 3342 2052 3428 ﬁdem
2137 3342 2326 3441 oculis
2359 3358 2538 3418 unius
2563 3356 2723 3413 horae
2770 3352 2953 3425 spatio
2996 3345 3439 3448 exploravisset:
3485 3342 3704 3448 IIallam
3735 3355 3853 3414 qua

343 3460 629 3520 haereticis
677 3432 1115 3533 insinuandam,
1150 3467 1206 3519 et
1242 3461 1312 3518 ad
1355 3460 1747 3518 emendandos
1790 3459 2055 3518 ﬁdelium
2137 3435 2496 3513 venerabilis
2528 3462 2673 3505 crux
2699 3439 3073 3515 Jerosolymis
3098 3434 3359 3533 involuta
3375 3432 3704 3533 .diufuerat,
3722 3444 3853 3533 sese

342 3566 533 3609 mores
564 3551 895 3610 utilissima.
926 3552 1008 3609 Ea
1046 3519 1183 3610 vero
1207 3567 1339 3627 quaa
1368 3567 1401 3608 a
1436 3550 1708 3623 Gregorio
1741 3557 2054 3608 narrantur
2139 3544 2427 3617 accepisse
2472 3536 2767 3614 jactitabat
2810 3532 3050 3608 quidam
3115 3546 3129 3583 :
3187 3526 3311 3627 sed“
3336 3523 3391 3583 ei
3440 3538 3557 3622 non
3611 3519 3853 3615 credidit

344 3640 647 3715 miracula,
689 3658 763 3701 ne
789 3642 1027 3716 quidem
1065 3642 1138 3701 ob
1164 3613 1330 3701 suam
1366 3613 1807 3700 multitudinem
1851 3641 1913 3699 in
1946 3640 2059 3699 du-
2142 3613 2478 3706 Gregorius,
2512 3628 2856 3702 priusquam
2894 3638 3015 3681 rem
3049 3617 3347 3678 miraculis
3396 3613 3564 3673 certis
3595 3613 3854 3716 comprq-

346 3731 512 3790 bium
559 3702 821 3790 revocari
860 3738 1123 3804 possunt.
1178 3732 1259 3790 De
1309 3732 1604 3806 plerisque
1649 3730 1808 3789 enim
1848 3728 2059 3787 sanctis
2142 3702 2333 3787 bata‘m
2387 3722 2566 3781 fuisse
2612 3717 2968 3776 advertisset.
3018 3712 3165 3770 Cum
3214 3724 3350 3766 vero
3406 3722 3497 3764 res
3543 3711 3730 3806 gestas
3783 3702 3857 3760 ab

348 3820 592 3879 unicum
622 3820 987 3879 solummodo
1014 3827 1113 3879 aut
1134 3796 1396 3880 alterum
1434 3796 1788 3878 miraculum
1813 3823 2012 3876 narrat
2040 3834 2053 3874 ε
2142 3819 2274 3877 aliis
2324 3817 2633 3885 acceperat,
2665 3808 2929 3867 homines
2979 3805 3108 3862 illos
3153 3801 3434 3871 nominat,
3469 3796 3568 3872 qui
3601 3796 3734 3853 talia
3765 3810 3855 3853 re-

348 3925 463 3984 qua
501 3909 563 3967 in
592 3926 653 3968 re
684 3909 904 3983 parcior
945 3910 1054 3969 fuit
1084 3910 1226 3980 illis,
1264 3911 1365 3984 qui
1412 3908 1697 3983 ejusmodi
1729 3914 2060 3965 sanctorum

354 3999 514 4058 Vitas
548 3999 995 4072 descripserunt,
1036 4015 1181 4074 quas
1212 4008 1276 4058 ut
1316 3998 1659 4073 plurimum,
1698 4003 1761 4055 ut
1804 4012 1944 4055 mox
1972 3995 2063 4054 di-

350 4090 573 4161 cebam,
610 4106 681 4147 ex
714 4089 853 4148 solis
884 4089 1184 4149 miraculis
1209 4098 1581 4149 contexuere.
1617 4089 1792 4147 Plura
1823 4087 2063 4162 quidem

354 4178 426 4237 de
464 4185 659 4237 sancto
702 4178 949 4237 Martino
992 4178 1182 4250 habet,
1228 4184 1329 4237 aut
1367 4180 1436 4237 de
1472 4182 1666 4235 sancto
1697 4175 1951 4234 Juliano.
1992 4176 2065 4233 At

353 4267 524 4328 modo
558 4270 739 4327 sancti
765 4267 971 4327 Nicetii
1001 4267 1192 4326 locum
1218 4267 1604 4335 laudavimus,
1639 4264 1778 4323 satis
1806 4270 2067 4321 attestan-

2148 3908 2420 3976 tulerant,
2470 3918 2543 3961 ne
2581 3900 2798 3957 incerta
2847 3912 2951 3971 pro
3001 3894 3171 3959 certis
3236 3894 3495 3965 ingerere
3542 3887 3854 3976 videretur.

2146 3997 2300 4066 Quin
2350 3971 2415 4051 et
2462 3987 2777 4063 aliquando
2828 3987 3185 4042 sacramento
3238 3977 3526 4053 ejusmodi
3578 3971 3861 4032 miracula

2148 4063 2479 4144 conﬁrmari
2511 4077 2760 4145 volebat,
2791 4081 2892 4133 aut
2945 4071 3161 4130 multos
3209 4066 3540 4135 adhibebat,
3584 4063 3669 4121 rei
3699 4075 3864 4118 enar-

2149 4184 2288 4235 rata;
2323 4178 2514 4242 testes,
2552 4186 2624 4227 ne
2672 4170 2817 4226 forte
2860 4164 3102 4223 illudere
3146 4162 3259 4234 piae
3315 4156 3670 4231 simplicium
3729 4166 3860 4210 cre-

2149 4263 2381 4325 dulitati
2413 4258 2771 4319 anonnullis
2801 4254 3147 4321 crederetur,
3182 4256 3245 4309 ut
3275 4251 3395 4323 ipse
3425 4246 3595 4304 habet
3635 4243 3783 4301 libro
3816 4252 3859 4298 II

356 4356 448 4426 tis,
488 4356 672 4415 multo
716 4356 885 4430 plura
945 4354 1227 4413 miracula
1271 4355 1343 4413 ad
1374 4354 1558 4413 sancti
1591 4328 1832 4410 Martini
1878 4351 2128 4426 sepul-D
2151 4354 2222 4412 de
2250 4349 2545 4410 Miraculis
2573 4346 2759 4408 sancti
2779 4343 3035 4413 Martini,
3073 4341 3257 4415 capite
3287 4340 3375 4409 52,
3404 4343 3459 4394 et
3484 4333 3701 4407 passim
3728 4328 3863 4389 aliis

355 4463 519 4506 crum
554 4446 883 4521 contigisse,
926 4461 1104 4520 quam
1150 4461 1283 4518 quas
1312 4460 1346 4502 a
1384 4449 1579 4501 nostro
1608 4440 1882 4514 Gregorio
1912 4438 2065 4498 refe-

358 4545 587 4598 runtur.
620 4536 701 4594 Ea
728 4552 863 4595 vero
899 4552 1032 4610 quae
1078 4535 1323 4609 scripsit,
1368 4531 1626 4606 apprime
1674 4536 1932 4599 noverat,
1969 4527 2063 4586 vel

2148 4444 2206 4501 in
2250 4440 2392 4500 locis
2429 4437 2711 4497 insinuat.

2223 4528 2312 4588 70.
2350 4528 2534 4585 Erunt
2582 4526 2819 4584 fortasse
2868 4518 3157 4589 nonnulli,
3193 4516 3295 4590 qui
3333 4512 3593 4585 Gregorii
3634 4511 3861 4582 nimize,

362 4628 517 4701 quod
560 4626 671 4684 sibi
707 4626 814 4698 ipsi
848 4600 1249 4699 contigissent,
1288 4600 1377 4680 vel
1405 4600 1579 4695 quod
1607 4636 1673 4678 ea
1704 4620 1776 4677 ab
1813 4617 1944 4676 aliis
1975 4632 2069 4675 ac-
2155 4626 2219 4678 ut
2247 4618 2435 4688 aiunt,
2488 4611 2841 4687 simplicitati
2877 4609 3163 4701 tribuant,
3205 4604 3363 4679 quod
3405 4602 3621 4675 passim
3650 4600 3865 4701 pulve-

358 4689 619 4788 cepisset.
661 4713 939 4771 Miracula
976 4689 1110 4785 quas
1150 4714 1214 4771 in
1241 4689 1621 4786 seipso-facta
1662 4710 1891 4779 fatetur,
1937 4706 2073 4780 quis
2155 4724 2278 4766 rem
2321 4712 2653 4788 sanctorum
2704 4699 2947 4761 tumulis
3001 4695 3325 4762 collectum,
3359 4708 3583 4767 pannos
3625 4691 3707 4748 eis
3753 4689 3864 4747 ali-

359 4780 505 4865 falsa
533 4804 711 4863 fuisse
745 4780 1017 4862 dixerit?
1066 4803 1192 4861 Non
1225 4780 1382 4860 enim
1413 4802 1493 4859 ita
1534 4802 1710 4860 fallax
1736 4817 1802 4859 ac
1830 4797 2067 4874 perdita}
2149 4796 2415 4869 quandiu
2463 4781 2796 4867 impositos,
2850 4790 3017 4847 ﬂores
3072 4790 3174 4843 aut
3233 4782 3506 4874 herbulas
3565 4780 3781 4874 ibidem
3831 4795 3868 4836 a

360 4896 575 4957 mentis
614 4895 794 4953 fuisse
821 4893 935 4951 dici
989 4899 1175 4965 potest
1204 4892 1533 4965 Gregorius,
1568 4899 1631 4951 ut
1660 4891 1801 4949 falsa
1830 4869 1934 4964 pro
1963 4903 2064 4946 ve-
2150 4886 2419 4947 ﬁdelibus
2448 4885 2806 4956 sparsas,aut
2826 4876 3141 4953 parietibus
3163 4874 3383 4941 afﬁxas,
3409 4870 3599 4930 oleum
3628 4869 3867 4965 ex‘lam-

358 4986 439 5045 ris
469 4985 778 5045 obtrudere
815 4999 889 5041 ex
922 4958 1211 5041 industria
1244 4958 1532 5050 voluerint
1568 4987 1669 5039 aut
1706 4981 1784 5038 ita
1829 4958 2063 5048 bardus,
2149 4973 2627 5051 padibusibidem
2651 4968 2984 5029 ardentibus
3004 4966 3536 5034 detractum,aquas
3562 4976 3641 5051 ex
3657 4958 3868 5051 vicinis

360 5084 427 5139 ut
471 5093 696 5152 {egrum
734 5093 794 5135 se
829 5074 1180 5149 reputaverit
1225 5089 1420 5143 sanus,
1472 5079 1571 5131 aut
1614 5072 1684 5129 ad
1735 5076 2066 5129 sanctorum
2152 5049 2408 5127 fontibus
2452 5068 2551 5121 aut
2602 5060 2789 5152 puteis
2828 5059 3081 5123 haustas,
3109 5052 3365 5152 autalia
3376 5049 3671 5152 ejusmodi
3716 5049 3868 5152 inter

364 5167 588 5227 cineres
624 5166 853 5225 coalitus
891 5170 1157 5223 sanatum
1187 5177 1305 5221 non
1342 5177 1515 5235 aeger.
1548 5161 1705 5219 Idem
1752 5158 2070 5218 dicendum

362 5258 434 5317 de
464 5258 757 5333 plerisque
790 5254 923 5314 aliis
960 5252 1212 5328 mgrotis,
1263 5251 1583 5326 praesertim
1618 5250 1762 5308 viris
1790 5247 2067 5324 gravibus

352 5355 422 5410 .et
472 5348 645 5422 probe
676 5348 850 5417 notis,
884 5346 988 5423 qui
1037 5359 1160 5405 sese
1207 5348 1536 5402 sanctorum
1576 5340 1795 5400 meritis
1842 5347 2070 5398 sanatos

369 5445 469 5500 aut
513 5437 706 5513 palam
748 5452 940 5496 coram
982 5435 1278 5506 omnibus,
1312 5440 1413 5493 aut
1457 5440 1609 5492 certe
1656 5432 1888 5506 ipsimet
1926 5429 2069 5489 Gre-

367 5533 529 5608 gorio
567 5532 812 5599 confessi
854 5536 1008 5591 sunt.
1058 5530 1258 5589 Unum
1301 5532 1404 5598 est,
1454 5525 1649 5596 fateor,
1676 5524 1739 5583 in
1778 5540 1893 5598 quo
1938 5523 2071 5596 plus

2155 5157 2490 5217 Sanctorum
2528 5147 2803 5223 reliquias
2854 5141 3290 5217 computaverit.
3344 5139 3560 5197 Verum
3610 5138 3719 5195 ista
3762 5136 3868 5193 ab-

2146 5245 2318 5322 jectio
2362 5245 2679 5307 evanescet,
2711 5252 2844 5295 cum
2897 5234 3165 5293 cordatus
3208 5231 3384 5288 lector
3427 5226 3644 5286 similia
3670 5224 3731 5282 in
3764 5240 3867 5296 pa-

2152 5313 2305 5397 trum
2333 5341 2750 5403 auctorumque
2781 5324 3255 5401 gravissimorum
3286 5317 3561 5393 operibus
3598 5313 3869 5387 exempla

2152 5426 2367 5504 passim
2397 5436 2698 5483 occurrere
2734 5415 3173 5477 animadvertet.
3210 5409 3400 5483 Hujus
3438 5406 3593 5504 enim
3623 5419 3867 5504 consue-

2155 5492 2376 5579 iudinis
2428 5518 2596 5573 testes
2641 5514 2777 5569 sunt
2809 5506 3224 5578 Hieronymus,
3254 5496 3634 5573 Augustinus,
3669 5492 3865 5552 Pauli-
