4070 6186
83 216 151 275 61

1643 215 2061 277 PIUEFATIO.

3528 219 3601 280 62

85 358 230 413 nus,
270 342 390 401 Leo
432 346 489 401 et
536 343 872 416 Gregorius,
893 346 1134 416 uterque
1159 343 1404 416 Magnus
1447 357 1513 402 ac
1547 341 2112 417 pontifeanliquot
2133 343 2496 406 solummodo
2525 346 2846 421 fragmenta
2874 351 3204 422 supersunt.
3234 345 3408 406 Hunc
3425 361 3596 422 porro

85 435 416 502 Romanus,
446 433 600 491 Beda
631 441 687 491 et
724 433 822 492 alii
866 433 1102 508 passim,
1137 449 1384 509 quorum
1417 434 1536 492 loca
1563 433 1625 492 in
1656 433 1808 492 notis

83 521 147 579 ad
187 522 462 594 Gregorii
505 529 727 580 textum
769 538 883 580 non
931 523 1109 580 semel
1164 523 1548 583 laudavimus.
1605 524 1714 584 Sed
1753 531 1808 582 et

81 613 180 687 qui
215 612 396 684 plura
429 627 495 669 ea
543 611 614 668 de
641 627 702 669 re
739 611 919 686 cupit,
959 613 1124 670 adeat
1171 613 1470 680 Ferrandi,
1512 612 1807 673 Societatis

81 700 108 759 J
114 715 217 758 esu
254 701 600 774 presbyteri,
634 701 852 759 librum
872 702 1227 774 singularem
1255 705 1325 761 de
1357 704 1699 763 Sanctorum
1726 721 1808 763 re-

85 789 313 864 liquiis,
377 797 480 849 aut
533 799 682 849 certe
733 791 882 864 legat
933 791 999 848 V.
1035 793 1104 850 cl.
1148 793 1296 851 Lud.
1330 795 1466 852 Ant.
1504 795 1805 854 Muratorii

83 879 562 953 disquisitionem
607 881 676 938 de
721 882 829 938 hoc
853 887 1194 953 argumento
1227 891 1377 941 tomo
1407 898 1445 942 u
1481 885 1803 944 Anecdoto-

83 987 240 1040 rum,
271 970 379 1028 ubi
411 971 586 1028 etiam
621 975 878 1042 olcoru-m,
931 989 1064 1047 qua
1111 973 1423 1048 Gregorius
1457 975 1702 1046 Magnus
1731 978 1802 1035 ad

82 1059 549 1117 Theodelindam
604 1077 706 1134 per
752 1061 1079 1121 Johannem
1158 1066 1494 1137 transmisit,
1555 1067 1807 1126 indicem

83 1149 318 1221 profert,
376 1149 506 1222 ipsa
553 1148 814 1223 Gregorii
889 1160 1053 1210 atate
1130 1155 1407 1227 scriptum
1466 1157 1526 1214 in
1592 1174 1808 1232 papyro

85 1236 424 1309 Egyptiaco,
472 1244 536 1295 ut
579 1237 953 1298 Mabillonius
1016 1249 1210 1300 noster
1280 1250 1518 1304 testatur
1575 1246 1807 1305 Itineris

85 1325 262 1384 Italici
293 1343 432 1398 pag.
473 1327 558 1385 14.

149 1418 240 1476 71.
281 1416 484 1476 Unum
512 1418 764 1492 denique
813 1419 962 1477 circa
1016 1419 1276 1489 Gregorii
1315 1421 1494 1482 libros
1522 1423 1593 1481 de
1625 1423 1803 1483 Mira-

89 1506 225 1563 culis
247 1513 592 1564 sanctorum
609 1507 898 1566 observari
920 1509 1115 1581 velim,
1135 1511 1287 1584 quod
1309 1511 1801 1573 sciliceteasoluin

88 1601 421 1650 sanctorum
445 1593 727 1653 miracula
754 1595 1030 1667 retulerit,
1068 1615 1200 1674 qua
1223 1601 1295 1658 ab
1316 1601 1447 1659 aliis
1472 1601 1801 1660 auctoribus

1890 433 2369 491 commentarium
2402 433 2603 493 Roma
2633 437 2915 494 asservari
2961 435 3306 509 aliquandiu
3356 451 3596 509 persua-

1889 535 2020 578 sum
2071 521 2401 594 habuimus,
2444 525 2688 597 acceptis
2736 524 2948 582 exinde
2992 524 3198 582 litteris
3231 524 3292 582 in
3322 523 3599 584 Vaticana

1888 610 2232 670 bibliotheca
2261 616 2454 674 haberi
2502 617 2960 690 manuscriptum
3000 615 3251 675 codicem
3291 632 3364 673 ex
3396 631 3598 673 mona-

1888 701 2059 758 sterio
2111 703 2305 761 Fontis
2342 705 2626 773 Avellani,
2659 707 2762 779 qui
2816 709 3078 762 Florentii
3131 706 3348 775 Georgii
3374 712 3423 761 et
3462 708 3596 764 Gre-

1886 795 2031 861 gorii
2070 797 2482 849 commentarius
2531 798 2589 850 in
2627 799 2870 868 psalmos
2912 794 3344 853 inscriberetur.
3393 795 3506 852 Sed
3538 810 3598 852 re

1885 897 1918 939 a
1955 890 2147 940 nostro
2181 882 2574 957 Stephanotio,
2599 884 3068 957 Congregationis
3107 890 3317 941 nostra
3347 883 3405 940 in
3433 883 3596 940 curia

1885 967 2143 1028 Romana
2188 978 2554 1043 procuratore
2602 971 2881 1045 generali,
2922 971 3247 1029 accuratius
3295 969 3596 1042 inquisita,

1889 1058 1985 1116 hic
2012 1060 2408 1132 deprehendit,
2438 1069 2493 1119 et
2526 1062 2759 1120 titulum
2791 1061 2947 1118 hunc
2970 1076 3148 1118 manu
3176 1060 3388 1117 recenti
3414 1060 3595 1117 fuisse

1888 1149 2070 1207 codici
2114 1151 2448 1222 ascriptum,
2487 1159 2542 1209 et
2598 1153 2658 1210 in
2726 1151 2849 1225 ipso
2899 1151 3324 1210 Commentario
3381 1149 3594 1223 passim

1886 1248 2146 1298 auctores
2195 1241 2443 1312 laudari,
2493 1242 2592 1315 qui
2630 1251 2823 1301 nostro
2876 1241 3149 1315 Gregorio
3203 1248 3368 1299 atate
3407 1246 3596 1314 poste-

1887 1331 2068 1388 riores
2101 1331 2360 1400 fuerunt,
2401 1333 2601 1408 quales
2630 1340 2765 1392 sunt
2794 1336 2986 1407 Aymo
3031 1339 3087 1390 et
3126 1331 3450 1405 Remigius.
3490 1331 3598 1389 De-

1885 1421 2063 1495 nique
2092 1418 2325 1494 vulgata
2350 1422 2704 1494 psalmorum
2736 1423 3000 1480 versione
3030 1421 3217 1480 utitur
3244 1421 3422 1493 hujus
3447 1433 3592 1496 com-

1884 1508 2152 1566 mentarii
2181 1517 2398 1583 auctor,
2425 1528 2599 1586 quam
2633 1510 2942 1587 Gregorius
2969 1513 3030 1569 in
3053 1510 3358 1569 laudandis
3380 1509 3594 1584 passim

1883 1597 2122 1673 psalmis
2168 1601 2443 1660 adhibere
2499 1617 2615 1660 non
2673 1603 2832 1660 solet.
2897 1601 3084 1660 Immo
3141 1602 3205 1660 in
3257 1595 3596 1673 Gregoriani

89 1682 287 1755 scripta
315 1698 440 1740 non
467 1691 650 1743 erant.
695 1685 854 1746 Unde
904 1688 1119 1748 mirum
1168 1706 1285 1748 non
1313 1699 1418 1762 est,
1455 1692 1504 1750 si
1539 1689 2315 1772 quando-BCommentarii,
2369 1707 2543 1766 quem
2583 1693 2751 1751 modo
2803 1692 3202 1762 laudabamus,
3256 1691 3594 1765 prafatione

87 1785 186 1842 que
210 1771 456 1830 omissis
505 1772 919 1834 celebrioribus
949 1785 1281 1837 sanctorum
1334 1781 1528 1852 gestis,
1560 1782 1803 1840 obscura

83 1861 348 1935 quadarn
383 1862 533 1921 facta
565 1875 995 1926 commemorat.
1029 1868 1181 1928 Hinc
1220 1871 1391 1928 etiam
1421 1878 1592 1945 patet,
1627 1888 1802 1948 quam

86 1953 310 2010 incaute
342 1952 590 2011 fecerint
619 1956 912 2028 nonnulli,
954 1959 1056 2032 qui
1106 1975 1196 2018 res
1225 1960 1446 2035 aliquot
1473 1970 1802 2022 sanctorum

89 2051 261 2117 gestas
307 2046 380 2104 in
427 2045 674 2105 dubium
722 2055 1064 2107 revocarunt
1114 2050 1187 2108 ob
1233 2051 1292 2110 id
1341 2051 1550 2124 solum,
1587 2055 1741 2128 quod
1770 2072 1804 2114 a

90 2133 367 2207 Gregorio
414 2151 532 2193 non
583 2146 976 2198 memorentur
1017 2159 1028 2199 :
1078 2157 1233 2213 cum,
1283 2150 1349 2202 ut
1377 2144 1500 2216 ipse
1544 2150 1800 2217 testatur,

83 2233 236 2284 extra
269 2228 407 2299 ejus
453 2227 782 2288 institutum
831 2231 1032 2289 fuisset
1059 2232 1129 2290 de
1155 2231 1437 2304 ejusmodi
1483 2235 1654 2294 rebus
1683 2235 1801 2293 dis-

82 2334 284 2376 serere.
342 2318 511 2388 Quod
559 2336 695 2378 vero
742 2321 852 2379 tale
905 2323 1079 2382 fuerit
1122 2325 1248 2399 ejus
1291 2325 1626 2397 consilium,
1676 2327 1799 2400 ipso

83 2418 358 2469 monente
389 2412 671 2472 discimus
701 2431 772 2472 ex
801 2416 1080 2490 prommio
1113 2417 1238 2490 ejus
1268 2418 1522 2488 generali
1562 2419 1632 2476 ad
1661 2420 1800 2478 istos

83 2500 252 2557 libros
301 2523 316 2556 :
372 2502 608 2572 Aliqua,
653 2504 863 2576 inquit,
904 2505 970 2560 de
1001 2512 1310 2562 sanctorum
1348 2511 1650 2575 miraculis,
1683 2525 1802 2580 qua

85 2592 340 2646 hactenus
383 2595 680 2660 latuerunt,
712 2597 951 2667 pandere
988 2598 1324 2669 desiderans,
1357 2605 1460 2656 etc.
1488 2597 1597 2657 Sed
1619 2601 1802 2673 magis

83 2677 286 2737 diserte
319 2681 386 2737 in
428 2679 580 2739 libro
636 2683 706 2740 de
757 2682 949 2741 Gloria
993 2685 1420 2755 Confessorum,
1450 2702 1627 2759 quem
1671 2704 1796 2744 om-

83 2768 246 2825 nium
281 2770 571 2828 ultimum
603 2773 952 2843 recognovit,
975 2772 1157 2846 capite
1187 2774 1257 2832 45
1289 2793 1302 2831 :
1335 2778 1458 2831 licet
1487 2777 1610 2845 jam
1653 2778 1801 2832 dicee-

83 2860 246 2912 rimus
276 2861 338 2913 in
371 2861 595 2928 prologo
624 2861 754 2914 libri
791 2862 956 2931 hujus
993 2869 1052 2918 ut
1092 2881 1154 2918 ea
1184 2871 1394 2920 tantum
1423 2866 1794 2940 scriberemus,

85 2965 194 3016 quae
227 2951 378 3003 Deus
421 2957 549 3020 post
593 2952 892 3010 obitum...
927 2957 1146 3024 aperari
1174 2956 1436 3023 dignatus
1472 2962 1590 3012 est:
1619 2963 1797 3014 tamen

84 3055 176 3092 non
205 3045 346 3110 puto
373 3040 672 3095 absurdum
703 3043 847 3107 duci,
881 3046 932 3098 si
958 3045 1024 3098 de
1053 3047 1270 3100 illorum
1299 3049 1416 3101 vita
1447 3063 1796 3104 memoremus

87 3125 288 3192 aliqua,
320 3125 390 3178 de
420 3125 620 3194 quibus
647 3128 801 3181 nulla
828 3132 1294 3197 cognovimusesse
1312 3135 1636 3204 conscripta.
1667 3133 1793 3192 Non

84 3213 272 3284 itaque
333 3213 561 3285 scripsit
604 3215 674 3272 de
739 3224 1068 3276 sanctorum
1123 3219 1318 3290 gestis,
1370 3236 1505 3294 qua
1556 3223 1795 3282 aliunde

83 3309 209 3358 nota
248 3310 438 3374 erant,
479 3311 580 3361 aut
623 3320 872 3377 quorum
907 3305 1052 3365 Vita
1103 3308 1484 3370 habebantur.
1525 3312 1632 3370 Sed
1669 3313 1792 3387 jam

83 3389 310 3449 tandem
371 3391 443 3450 ad
511 3394 824 3453 secundam
875 3397 1230 3470 prafationis
1300 3406 1516 3459 nostra
1569 3410 1789 3476 partem

80 3482 522 3540 transeundum.

143 3571 221 3631 II.
384 3573 478 3632 72.
526 3573 700 3633 Nulla
728 3574 909 3634 ferme
935 3582 1019 3635 est
1048 3576 1107 3634 in
1137 3579 1499 3639 contexendo
1527 3579 1789 3655 Gregorii

77 3677 316 3735 operum
355 3663 614 3737 catalogo
662 3665 992 3737 diicultas,
1023 3682 1157 3726 cum
1186 3683 1252 3726 ea
1285 3685 1402 3728 non
1434 3671 1620 3730 solum
1657 3687 1786 3745 pas-

75 3753 181 3810 sim
211 3753 272 3811 in
303 3753 431 3812 suis
471 3754 636 3812 libris
664 3755 1034 3826 recensuerit,
1062 3757 1160 3814 sed
1191 3764 1246 3815 et
1271 3758 1610 3833 singillatim
1648 3776 1789 3819 enu-

75 3845 388 3902 meraverit
435 3845 497 3902 in
547 3845 666 3904 fine
713 3846 844 3904 libri
882 3847 1094 3906 decimi
1135 3849 1407 3909 Historia
1453 3852 1782 3912 Francica:

75 3937 279 3999 Decem,
340 3934 556 4008 inquit,
619 3937 785 3992 libros
839 3941 1230 4005 Historiarum,
1285 3948 1488 4013 septem
1540 3945 1786 3999 Miracu-

81 4027 267 4094 lorum,
299 4043 474 4082 unum
501 4028 569 4082 de
599 4031 747 4085 Vitis
773 4032 1000 4086 Patrum
1033 4035 1252 4104 scripsi.
1284 4037 1346 4090 In
1376 4036 1640 4090 Psalterii
1667 4039 1786 4090 tra-

81 4121 275 4170 ctatum
315 4115 522 4170 librum
573 4133 739 4172 unum
787 4125 1175 4177 commentatus
1215 4138 1335 4177 sum
1366 4142 1383 4190 ;
1417 4124 1484 4178 de
1537 4124 1786 4179 cursibus

83 4208 233 4257 iam
281 4206 688 4260 Ecclesiasticis
729 4224 895 4263 unum
934 4211 1134 4265 librum
1173 4212 1412 4268 condidi.
1453 4210 1604 4281 Quid
1653 4227 1784 4271 vero

87 4289 360 4351 ibrorum
387 4301 608 4366 septem
647 4295 1061 4357 miraculorum
1088 4302 1324 4360 nomine
1361 4303 1662 4376 intelligat,
1693 4303 1783 4378 ip-

1885 1781 2038 1840 tituli
2076 1782 2434 1856 psalmorum
2463 1785 2796 1843 referuntur
2825 1799 3025 1842 omnes
3046 1784 3218 1858 juxta
3241 1781 3394 1840 LXX
3418 1781 3601 1839 inter-

1885 1878 2110 1947 pretum
2140 1874 2486 1932 versionem.
2520 1875 2741 1934 Fucum
2795 1875 2924 1933 fecit
2973 1874 3027 1933 ei
3058 1873 3159 1947 qui
3200 1872 3461 1946 Gregorii
3491 1886 3594 1930 no-

1883 1977 2018 2019 men
2049 1962 2229 2020 codici
2284 1962 2370 2020 illi
2419 1965 2688 2036 pratixit,
2717 1963 3072 2037 prafationis
3120 1961 3490 2034 Gregoriana
3527 1961 3593 2020 in

1885 2051 2244 2124 psalmorum
2293 2050 2492 2110 titulos
2548 2052 2960 2126 fragmentum,
3003 2051 3158 2124 quod
3185 2051 3591 2110 commentarii

1881 2145 2078 2197 auctor
2116 2139 2293 2196 simul
2333 2154 2467 2197 cum
2505 2139 2636 2198 aliis
2675 2141 2910 2198 Patrum
2947 2139 3390 2214 prafationibus
3427 2139 3590 2214 operi

1881 2247 1987 2289 suo
2047 2231 2346 2305 pramisit.
2381 2231 2542 2301 Quod
2570 2233 2804 2306 quidem
2851 2233 3238 2306 fragmentum
3295 2249 3329 2291 a
3378 2234 3474 2306 pio
3531 2237 3588 2291 et

1880 2319 2106 2378 erudito
2143 2319 2268 2378 viro
2299 2319 2610 2379 Thomasio
2637 2337 2710 2379 ex
2738 2322 2862 2394 ipso
2877 2321 3068 2380 codice
3095 2321 3445 2394 descriptum
3467 2324 3595 2394 post

1881 2406 2061 2465 libros
2080 2406 2150 2464 de
2169 2413 2498 2466 sanctorum
2516 2407 2809 2466 Miracnlis
2823 2409 3200 2482 proferemus,
3215 2423 3349 2466 cum
3363 2406 3592 2467 duobus

1881 2499 2280 2558 commentarii
2309 2499 2644 2569 fragmentis
2661 2516 2693 2556 a
2719 2499 3055 2558 Mabillonio
3083 2501 3271 2560 editis.

1953 2588 2040 2645 73.
2077 2587 2292 2646 Laudat
2327 2596 2603 2660 praterea
2663 2589 2977 2662 Gregorius
3026 2589 3174 2649 libro
3214 2603 3255 2649 Il
3293 2589 3585 2664 Historia,

1880 2677 2064 2749 capite
2107 2676 2194 2746 2'2,
2236 2676 2590 2750 Apollinaris
2623 2677 2847 2737 Sidonii
2879 2677 3098 2739 librum
3130 2679 3201 2738 de
3245 2679 3456 2751 Missis,
3494 2681 3590 2740 cui

1880 2765 2002 2838 ipse
2039 2766 2441 2838 prafationem
2489 2783 2550 2825 se
2599 2766 2938 2840 adjunxisse
2969 2768 3050 2826 ait
3085 2787 3098 2838 ;
3141 2769 3239 2826 sed
3268 2768 3417 2826 illud
3447 2783 3591 2843 opus

1880 2856 2002 2914 solo
2041 2857 2279 2916 nomine
2323 2864 2489 2918 tenus
2541 2859 2709 2920 nobis
2752 2867 2956 2920 notum
2998 2867 3100 2920 est.
3136 2861 3307 2920 Tanti
3351 2877 3468 2920 non
3502 2866 3588 2920 est

1880 2946 2159 3004 momenti
2213 2947 2409 3006 Passio
2473 2958 2805 3009 sanctorum
2881 2956 3097 3026 septem
3156 2950 3586 3010 Dormientium

1879 3036 2126 3096 fratrum
2173 3037 2385 3111 Ephesi
2427 3041 2874 3114 quiescentium,
2901 3057 3076 3115 quam
3124 3059 3185 3100 se
3219 3043 3282 3100 in
3331 3041 3583 3100 latinum

1881 3129 2241 3188 transtulisse
2282 3129 2414 3204 Syri
2452 3131 2755 3202 cujusdam
2785 3131 3112 3204 interpretis
3144 3148 3251 3205 ope
3279 3131 3487 3190 fatetur
3522 3131 3585 3190 in

1876 3219 2058 3292 capite
2086 3219 2155 3278 95
2181 3219 2315 3278 libri
2340 3221 2409 3278 de
2437 3219 2631 3280 Gloria
2658 3220 3087 3292 Confessorum,
3121 3222 3220 3280 ubi
3251 3223 3378 3295 ejus
3401 3221 3584 3296 epito-

1873 3325 2008 3368 men
2045 3310 2238 3366 refert.
2269 3309 2358 3366 An
2397 3324 2532 3367 vero
2570 3325 2817 3383 usquam
2855 3315 3040 3367 exstet
3066 3310 3192 3368 hac
3229 3309 3352 3384 ipsa
3391 3308 3581 3368 versio

1869 3412 1904 3455 a
1931 3396 2206 3470 Gregorio
2233 3396 2526 3463 adornata,
2559 3398 2839 3455 incertum
2865 3405 2968 3456 est.
2997 3398 3162 3457 Hanc
3204 3397 3361 3458 enim
3403 3413 3578 3472 quam

1873 3484 2086 3545 Surius
2120 3485 2313 3556 habet,
2349 3485 2760 3557 Gregorianam
2814 3500 2932 3544 non
2977 3501 3102 3544 esse
3130 3487 3222 3546 vel
3254 3503 3328 3545 ex
3369 3501 3436 3545 eo
3461 3486 3582 3545 solo

1870 3574 2234 3648 conjicimus,
2267 3575 2419 3648 quod
2452 3574 2532 3633 ibi
2565 3574 2989 3632 Dormientium
3031 3575 3267 3633 nomina
3307 3573 3582 3648 pleraque

1869 3662 1984 3720 alia
2011 3664 2128 3721 sint
2149 3665 2222 3720 ab
2252 3663 2341 3732 iis,
2373 3680 2506 3738 qua
2532 3663 2654 3737 ipse
2685 3663 2998 3737 Gregorius
3025 3665 3086 3722 in
3110 3663 3258 3722 libro
3287 3663 3359 3721 de
3386 3662 3583 3723 Gloria

1871 3753 2278 3812 Confessorum
2327 3757 2600 3810 recenset.
2650 3751 2864 3809 Eadem
2895 3767 3033 3810 vero
3072 3753 3193 3825 ipsa
3220 3752 3459 3811 nomina
3486 3767 3580 3811 re-

1869 3847 2180 3918 prasentat
2224 3841 2563 3901 eorumdem
2610 3841 3034 3901 Dormientium
3087 3840 3346 3908 historia,
3403 3855 3581 3914 quam

1870 3933 1932 3992 in
1958 3933 2264 3993 nonnullis
2301 3932 2597 3992 codicibus
2624 3931 3033 4007 manuscriptis
3061 3931 3397 3990 invenimus
3425 3948 3440 4002 ;
3481 3929 3582 3989 sed

1869 4039 2004 4083 cum
2035 4022 2217 4082 multa
2257 4021 2455 4081 dubia
2483 4021 2621 4080 dei
2647 4021 2956 4091 contineat,
2991 4036 3096 4078 nec
3140 4025 3361 4078 constet
3387 4035 3463 4078 an
3492 4019 3583 4093 ip-

1869 4114 1992 4173 sius
2021 4113 2281 4186 Gregorii
2309 4113 2461 4170 fetus
2493 4112 2607 4170 dici
2638 4113 2834 4185 possit,
2870 4127 2989 4169 non
3016 4110 3208 4168 visum
3246 4117 3330 4167 est
3353 4109 3405 4166 ei
3431 4109 3584 4168 inter

1868 4205 2032 4265 illius
2085 4220 2256 4278 opera
2305 4204 2499 4262 locum
2551 4203 2707 4261 dare.
2761 4201 2846 4260 De
2892 4202 3142 4260 aliorum
3179 4207 3398 4275 septem
3429 4201 3574 4260 Dor-

1866 4296 2175 4356 mientium
2242 4293 2482 4353 historia
2541 4293 2805 4352 dicemus
2860 4292 3127 4350 inferius.
3190 4291 3575 4352 Occurrerunt

87 4387 250 4438 amet
281 4383 349 4438 in
373 4381 609 4456 prologo
647 4383 780 4444 libri
828 4387 900 4444 de
936 4387 1130 4447 Gloria
1169 4389 1572 4450 Confessorum
1604 4408 1784 4466 expo-
1807 4386 2038 4470 Detiam
2102 4384 2272 4443 nobis
2319 4383 2542 4443 codices
2604 4381 3028 4455 manuscriptos
3083 4382 3578 4456 perscrutantibus

85 4473 154 4527 :it
186 4491 200 4530 :
250 4477 323 4530 In
370 4476 554 4546 primo
585 4477 766 4534 libello
798 4481 1122 4537 inseruimus
1151 4484 1344 4553 aliqua
1395 4483 1461 4538 de
1502 4485 1784 4540 miraculis

76 4563 289 4617 Domini
371 4580 436 4618 ac
502 4570 810 4622 sanctorum
875 4573 1259 4640 apostolorum,
1345 4575 1786 4644 reliquorumque

75 4658 401 4723 martyrum,
446 4670 566 4724 qua
612 4657 867 4714 hactenus
922 4662 1218 4727 latuerunt,
1277 4667 1383 4720 etc.
1436 4667 1501 4720 In
1551 4665 1784 4720 secundo

67 4749 358 4813 posuimus
384 4746 452 4801 de
479 4751 776 4806 virtutibus
804 4755 982 4808 sancti
1000 4756 1214 4811 Iuliani
1232 4759 1515 4826 martyris.
1540 4758 1786 4825 Quatuor

71 4848 185 4887 tero
247 4833 465 4891 libellos
520 4838 586 4892 de
625 4841 924 4897 virtutibus
975 4847 1154 4900 sancti
1197 4847 1452 4911 Martini,
1494 4849 1786 4918 septimum

71 4923 128 4978 de
158 4926 532 4994 quorumdam
555 4930 970 4998 Religiosorum,
1015 4947 1138 5006 seu,
1189 4941 1254 4992 ut
1286 4934 1544 5010 plerique
1574 4952 1785 4995 manu-

71 5013 268 5087 scripti
321 5015 544 5074 codices
599 5019 831 5089 habent,
866 5024 1247 5080 Feliciosorum
1319 5028 1480 5094 vita;
1536 5033 1784 5084 octavum

72 5102 207 5157 hunc
239 5103 537 5162 scribimus
560 5108 627 5163 de
651 5111 938 5168 Miraculis
969 5113 1361 5182 Confessorum.
1393 5113 1474 5174 De
1503 5114 1595 5174 his
1617 5115 1782 5174 libris

71 5193 229 5251 nulla
256 5193 594 5256 difcultas.
627 5198 810 5269 Quem
840 5202 998 5262 enim
1026 5206 1278 5264 secundo
1309 5206 1430 5265 loco
1471 5207 1649 5266 vitam
1682 5211 1782 5265 Re-

69 5286 390 5374 ligiosorum
449 5304 553 5348 seu
606 5295 985 5352 Feliciosorum
1041 5297 1308 5370 appellat,
1338 5299 1388 5356 is
1437 5304 1523 5358 est
1575 5300 1677 5374 qui
1717 5299 1779 5358 in

70 5369 337 5433 Historia
371 5376 489 5434 ne
517 5378 732 5439 dicitur
762 5381 907 5441 liber
922 5383 992 5441 de
1026 5369 1171 5444 Vitis
1186 5385 1441 5445 Patrum.
1473 5387 1548 5445 Hi
1580 5369 1781 5448 omnes

71 5470 299 5551 exstant
333 5472 544 5534 prater
569 5466 789 5528 librum
824 5469 894 5530 de
923 5471 1192 5532 cursibus
1229 5472 1645 5548 ecclesiasticis,
1679 5476 1780 5551 qui

71 5549 304 5612 omnino
331 5551 594 5628 interiit;
627 5563 682 5617 et
712 5561 1196 5623 commentarium
1220 5563 1286 5623 in
1317 5564 1586 5641 psalmos,
1608 5549 1781 5642 cujus

1869 4476 2026 4535 varia
2055 4473 2330 4548 opuscula
2351 4474 2460 4532 sub
2485 4473 2744 4547 Gregorii
2764 4473 3018 4544 nomine,
3049 4488 3183 4547 qua
3208 4489 3400 4536 sermo,
3430 4475 3568 4537 vita,

1867 4571 2152 4632 transitus,
2184 4574 2284 4625 aut
2305 4569 2575 4623 miracula
2593 4563 3012 4635 inscribuntur,
3038 4563 3108 4621 de
3136 4561 3436 4620 nonnullis
3455 4561 3571 4620 sci-

1867 4659 2001 4718 licet
2039 4658 2271 4729 sanctis,
2309 4657 2413 4730 qui
2450 4657 2602 4730 apud
2660 4655 3002 4731 Gregorium
3060 4651 3370 4712 laudantur
3411 4671 3424 4711 :
3470 4652 3568 4710 sed

1869 4765 2002 4809 cum
2039 4765 2105 4807 ea
2129 4747 2280 4807 nihil
2319 4747 2478 4806 aliud
2505 4746 2623 4805 sint
2660 4761 2834 4820 quam
2876 4745 3166 4818 ipsissima
3197 4743 3459 4818 Gregorii
3488 4760 3581 4804 ca-

1868 4839 2007 4913 pita,
2039 4839 2099 4897 in
2129 4839 2343 4913 quibus
2387 4837 2458 4896 de
2510 4835 2794 4910 ejusmodi
2819 4836 3032 4896 sanctis
3060 4835 3197 4910 agit,
3262 4851 3339 4895 ex
3388 4835 3572 4910 ipsius

1869 4931 2140 5005 operibus
2192 4936 2477 5005 excerpta,
2531 4929 2602 4988 de
2641 4927 2714 4988 iis
2759 4927 2950 4988 fusius
3019 4927 3317 5004 inquirere
3364 4942 3566 5000 super-

1864 5021 2053 5081 uum
2081 5023 2304 5082 fuisset.

1943 5117 2031 5176 74.
2064 5113 2351 5174 Caterum
2391 5117 2598 5188 prater
2631 5111 2810 5171 libros
2849 5126 2884 5169 a
2919 5107 3090 5168 nobis
3119 5125 3294 5184 supra
3333 5110 3576 5171 recensi-

1863 5217 1971 5281 tos,
1999 5207 2268 5283 plerique
2317 5205 2643 5280 complures
2696 5201 2921 5263 libellos
2965 5201 3290 5277 singulares
3337 5204 3409 5264 de
3455 5203 3574 5264 vita

1863 5298 2087 5372 aliquot
2132 5299 2459 5353 sanctorum
2503 5293 2654 5351 inter
2697 5291 2960 5365 Gregorii
2999 5307 3173 5365 opera
3203 5298 3568 5364 enumerant,

1863 5402 2011 5463 quos
2067 5383 2129 5442 in
2184 5383 2362 5442 variis
2401 5381 2670 5442 Historia
2703 5379 2995 5439 Francica
3031 5388 3128 5438 aut
3158 5380 3568 5442 Miraculorum

1864 5476 2028 5538 libris
2052 5473 2176 5550 ipse
2197 5471 2508 5547 Gregorius
2529 5470 2747 5530 laudat.
2770 5469 2938 5528 Tales
2962 5475 3099 5528 sunt
3129 5471 3265 5527 liber
3292 5471 3358 5527 de
3389 5475 3569 5529 sancti

1860 5567 2041 5627 Illidii
2071 5567 2206 5631 vita,
2240 5577 2418 5638 quem
2448 5559 2646 5620 laudat
2690 5558 2885 5617 librot
2923 5557 3214 5633 Historia,
3245 5559 3427 5637 capite
3451 5561 3522 5624 40
3555 5578 3572 5634 ;
