4070 6186
487 228 561 289 63

2031 224 2449 288 PHZEFATIO.

3914 229 3989 288 64

492 352 638 411 liber
664 352 731 408 de
766 353 883 407 vita
910 351 1088 405 sancti
1120 348 1425 415 Quintiani,
1451 345 1552 405 lib.
1583 358 1646 416 II,
1677 346 1859 418 capite
1909 347 1995 407 36.
2044 350 2403 422 AliisAstet,
2450 353 2663 413 frustra
2693 356 2765 413 de
2793 356 2919 429 ejus
2959 362 3192 415 auctore
3233 353 3572 428 inquiritur,
3616 354 3771 427 quod
3817 369 3999 413 nemo

493 440 555 500 in
597 443 736 501 locis
786 444 1064 499 memorat
1111 454 1145 497 a
1195 455 1255 497 se
1308 436 1660 511 conscriptos
1690 436 1888 507 libros,
1950 440 2021 497 de
2070 439 2198 498 Vita

495 538 705 591 sancta
758 529 1161 602 Monegundis,
1214 527 1286 585 de
1339 525 1469 583 Vita
1525 526 1705 583 sancti
1757 526 1982 596 Nicetii,
2015 528 2199 587 sancti

496 620 739 688 Friardi,
770 617 950 675 sancti
1009 616 1298 689 Caluppa,
1331 613 1511 671 sancti
1569 613 1814 687 Senoch,
1850 618 2033 674 sancti
2090 617 2199 675 Pa-

496 708 680 777 trocli,
714 721 859 779 quos
908 705 1147 764 Vossius
1185 711 1240 761 et
1289 703 1389 761 alii
1444 703 1781 777 singillatim
1837 704 1901 762 in
1944 706 2198 779 catalogo

493 793 754 867 Gregorii
785 809 1022 865 operum
1051 797 1366 861 recensent,
1392 792 1659 865 quamvis
1685 798 1907 850 certum
1942 794 2015 850 sit
2055 795 2199 852 alios

492 901 607 944 non
640 902 761 943 esse
788 885 860 942 ab
899 884 1018 941 illis
1046 884 1178 942 libri
1226 884 1374 941 Vita
1424 884 1655 941 Patrum
1705 884 2007 958 capitibus,
2064 901 2197 958 qua

493 977 602 1034 sub
636 976 880 1033 istorum
912 982 1239 1033 sanctorum
1276 974 1413 1031 vita
1443 972 1628 1031 titulis
1657 974 1807 1031 edita
1837 982 1990 1032 sunt.
2024 974 2095 1031 Et
2127 975 2196 1031 de

494 1065 586 1123 his
633 1065 817 1130 nulla,
867 1064 1019 1139 quod
1074 1064 1306 1137 quidem
1357 1064 1552 1129 sciam,
1601 1071 1785 1121 exstat
1832 1064 1983 1121 inter
2042 1064 2197 1122 viros

495 1155 750 1212 eruditos
789 1154 1194 1212 controversia.
1230 1155 1436 1213 Utrum
1483 1169 1619 1211 vero
1662 1154 1843 1212 libelli
1878 1154 1971 1211 isti
2012 1155 2197 1228 reipsa

490 1258 524 1300 a
573 1243 719 1300 Vitis
768 1244 1001 1301 Patrum
1035 1243 1368 1301 secernendi
1402 1242 1535 1311 sint,
1580 1251 1645 1300 ut
1690 1243 2056 1316 Margarinus
2100 1243 2198 1301 Bi-

493 1331 687 1405 gnius,
710 1330 1079 1389 Colonienses
1108 1330 1375 1388 Doctores
1411 1335 1466 1387 et
1493 1330 1593 1389 alii
1614 1330 1672 1387 in
1705 1332 1825 1388 suis
1845 1330 2200 1388 editionibus

493 1420 699 1490 fecere,
733 1436 940 1494 parum
973 1419 1228 1477 interest.
1265 1419 1435 1489 Sane,
1467 1427 1531 1478 ut
1561 1420 1795 1495 quidem
1823 1419 2028 1489 sentio,
2057 1419 2198 1478 Gre-

496 1508 694 1583 gorius
724 1508 982 1580 primum
1010 1508 1231 1579 aliquot
1256 1516 1583 1567 sanctorum
1616 1508 1816 1566 saculi
1838 1523 1940 1567 seu
1966 1507 2200 1567 Patrum

497 1596 646 1655 vitas
706 1597 767 1653 in
820 1613 1009 1655 unum
1068 1596 1285 1656 librum
1340 1598 1568 1656 videtur
1621 1598 1918 1670 collegisse
1952 1643 1965 1668 ,
2026 1612 2200 1670 quem

2281 449 2545 500 veterum
2628 443 2924 515 laudavit,
2992 461 3099 505 nec
3180 444 3340 505 ullus
3405 444 3792 502 recentiorum
3846 445 4003 504 vidit

2280 546 2563 607 unquam.
2609 533 2688 593 De
2727 535 3059 608 Antiphona
3089 551 3222 594 vero
3248 537 3307 592 in
3348 535 3628 592 honorem
3660 535 3841 592 sancti
3869 536 4000 595 Me-

2282 621 2466 693 dardi,
2516 639 2693 696 quam
2735 624 2843 681 sub
2879 625 3140 697 Gregorii
3179 624 3362 683 nostri
3394 625 3630 682 nomine
3671 625 3851 682 edidit
3880 625 4000 685 Su-

2282 710 2424 779 rius,
2456 712 2558 768 vix
2605 712 2927 787 quidquam
2966 714 3104 771 certi
3145 714 3259 772 dici
3287 719 3488 787 potest,
3524 729 3656 772 cum
3689 714 3839 773 nihil
3886 716 3999 773 ha—

2280 798 2431 871 beat,
2476 801 2634 859 unde
2672 803 2797 875 ejus
2827 810 3029 862 auctor
3068 806 3255 861 valeat
3293 804 3571 877 dignosci.
3608 804 3768 861 lVihil
3794 813 3996 864 autem

2280 891 2507 948 veritati
2538 890 2838 967 dissonum
2868 892 3285 966 complectitur,
3316 896 3363 954 si
3394 895 3449 952 id
3486 896 3638 968 quod
3666 896 3736 953 de
3764 904 3995 955 sancto-

2279 994 2411 1036 rum
2448 980 2703 1039 Medardi
2761 990 2816 1040 et
2861 982 3117 1041 Gildardi
3168 984 3329 1043 obitu
3378 986 3567 1053 refert,
3621 986 3819 1044 eadem
3871 986 3993 1056 die,

2280 1082 2397 1124 non
2442 1084 2578 1127 vero
2628 1071 2830 1129 eodem
2867 1087 3022 1131 anno
3066 1073 3291 1133 dicatur
3338 1075 3666 1148 contigisse.
3708 1075 3849 1133 Eam
3881 1090 3997 1134 suo

2279 1157 2402 1215 loco
2428 1160 2801 1231 proferemus.

2355 1246 2445 1304 76.
2486 1248 2642 1306 Inter
2669 1251 2784 1308 alia
2824 1252 3135 1312 innumera
3182 1256 3439 1324 Patrum,
3489 1253 3854 1328 aliorumque
3889 1271 3998 1313 ve-

2284 1341 2473 1394 terum
2515 1340 2863 1413 scriptorum
2904 1345 3200 1417 opuscula,
3251 1359 3387 1416 qua
3430 1342 3489 1399 in
3541 1343 3795 1416 catalogo
3842 1346 4002 1403 codi-

2285 1442 2417 1484 cum
2452 1432 2983 1506 manuscriptorum
3010 1435 3233 1507 Anglia
3264 1433 3598 1505 laudantur,
3632 1434 3897 1503 occurrit,
3924 1439 4003 1492 ut

2285 1525 2479 1576 monet
2529 1520 2834 1593 Freherus,
2880 1528 3121 1581 Libellus
3166 1528 3231 1582 de
3270 1530 3527 1599 passione
3569 1529 3807 1597 Domini,
3847 1526 3999 1586 Gre-

2282 1609 2445 1681 gorio
2470 1609 2803 1670 Turonensi
2822 1613 3097 1673 tributus.
3125 1613 3234 1673 Sed
3264 1616 3420 1672 hunc
3440 1613 3657 1673 librum
3680 1631 3713 1672 a
3741 1615 4002 1688 vulgatis

494 1684 789 1759 inscripsit
818 1687 887 1744 de
918 1686 1048 1745 Vita
1078 1689 1461 1762 quorumdam
1497 1692 1877 1745 Feliciosorum
1922 1694 2022 1746 aut
2051 1691 2201 1745 Reti—
2226 1698 2467 1779 BGestis
2508 1700 2683 1754 Pilati
2725 1700 3206 1774 distinguendum
3245 1717 3364 1759 non
3415 1717 3538 1759 esse
3594 1706 3787 1758 censet
3835 1684 4005 1758 idem

498 1779 807 1847 giosorum;
856 1782 1048 1850 postea
1098 1794 1234 1837 vero
1281 1794 1412 1837 cum
1442 1786 1496 1837 et
1522 1779 1771 1837 aliorum
1800 1796 2031 1853 quoque
2070 1794 2205 1837 san-

497 1870 721 1923 ctorum
746 1872 902 1939 gesta
930 1867 1315 1939 comperisset,
1350 1869 1421 1925 de
1450 1868 1522 1926 iis
1561 1868 1784 1926 libellos
1809 1869 2048 1926 seorsim
2079 1866 2199 1925 edi-

497 1954 601 2024 dit,
633 1971 777 2027 quos
818 1964 1012 2029 postea
1042 1958 1133 2014 vel
1159 1958 1299 2030 ipse,
1354 1957 1447 2015 vel
1489 1958 1590 2015 alii
1622 1958 1844 2016 cateris
1882 1958 2207 2031 adjunxere

496 2044 603 2101 sub
650 2045 820 2103 unico
868 2045 1018 2104 Vita
1055 2047 1284 2104 Patrum
1340 2046 1525 2105 titulo.
1580 2046 1741 2105 Certe
1794 2047 1855 2105 in
1913 2046 2208 2105 codicibus

499 2135 727 2208 scriptis
759 2151 904 2209 quos
935 2137 1129 2195 videre
1158 2136 1342 2206 licuit,
1374 2153 1576 2195 omnes
1603 2138 1843 2195 omnino
1872 2136 1993 2193 illa
2031 2136 2199 2206 Vita,

494 2223 554 2280 id
593 2231 676 2281 est
712 2223 918 2295 viginti
959 2226 1162 2299 capita,
1192 2226 1366 2284 simul
1412 2226 1520 2283 sub
1566 2242 1684 2284 uno
1720 2233 1777 2284 et
1819 2228 2016 2284 eodem
2063 2229 2205 2283 Vita

496 2318 721 2372 Patrum
776 2314 939 2373 titulo
982 2314 1292 2384 habentur;
1349 2332 1521 2389 quem
1579 2316 1816 2374 titulum
1855 2322 2073 2373 certum
2122 2320 2205 2372 est

496 2418 603 2461 suo
654 2403 822 2474 libro,
869 2402 1011 2461 alias
1056 2407 1435 2461 Feliciosorum
1502 2408 1643 2463 Vita:
1688 2404 1988 2477 appellato,
2051 2420 2205 2476 pra-

494 2490 717 2549 ﬁxisse.
750 2490 929 2564 Major
969 2499 1116 2549 esset
1163 2492 1314 2550 circa
1342 2496 1519 2548 sancti
1546 2496 1764 2551 Nicolai
1795 2496 1999 2556 Vitam,
2030 2506 2206 2564 quam

497 2578 926 2638 Sammarthani
950 2580 1011 2637 in
1037 2579 1221 2638 Gallia
1249 2579 1573 2638 Christiana
1602 2581 1855 2652 laudant,
1875 2580 2203 2650 difﬁcultas,

497 2670 613 2728 nisi
639 2678 786 2729 esset
815 2670 1183 2729 librariorum
1213 2673 1557 2731 manifestus
1585 2688 1761 2742 error,
1792 2679 1891 2730 aut
1922 2680 2071 2729 certe
2098 2687 2203 2729 au-

497 2765 723 2817 ctorum
771 2758 1031 2831 ipsorum
1074 2761 1371 2818 memoria
1422 2761 1636 2833 lapsus,
1691 2759 1793 2831 qui
1846 2762 2065 2818 Nicotai
2107 2774 2208 2832 pro

498 2848 705 2906 Nicetii
725 2863 933 2906 nomen
966 2850 1336 2908 invexerunt.
1372 2849 1600 2907 Etenim
1626 2848 2075 2917 Sammarthani,
2103 2848 2209 2922 qui

501 2936 608 2994 soli
638 2936 787 2995 inter
813 2936 1072 3011 Gregorii
1103 2955 1275 3010 opera
1318 2943 1499 2997 sancti
1547 2940 1765 2997 Nicolai
1805 2941 1978 2997 vitam
2010 2954 2204 2997 recen-

501 3034 649 3097 sent,
688 3026 877 3086 Vossii
913 3029 1103 3088 locum
1145 3047 1217 3088 ex
1269 3031 1416 3089 libro
1438 3032 1509 3089 de
1544 3030 1849 3090 Historicis
1876 3031 2073 3089 latinis
2101 3048 2206 3088 cx-

499 3116 869 3190 scripserunt.
902 3120 977 3198 At
1007 3120 1246 3179 Vossius
1276 3123 1455 3179 vitam
1489 3123 1669 3181 sancti
1702 3120 1922 3180 Nicolai
1954 3136 2067 3178 non
2100 3122 2205 3179 ha-

500 3206 612 3276 bet,
646 3208 744 3266 sed
775 3208 980 3267 Nicetii
1008 3226 1186 3284 quam
1218 3211 1649 3271 Sammarthani
1696 3214 1992 3270 omittunt.

568 3298 655 3355 75.
690 3298 935 3357 Librum
984 3302 1158 3359 etiam
1208 3302 1277 3360 de
1328 3302 1695 3360 Mirabilibus
1730 3303 1910 3359 sancti
1954 3301 2205 3359 Mcdardi

501 3384 847 3457 inscriptum
892 3388 1043 3445 inter
1092 3388 1352 3461 Gregorii
1414 3389 1593 3448 nostri
1642 3404 1813 3463 opera
1866 3403 2207 3446 recensuere

499 3473 734 3533 Barrius
763 3483 963 3534 auctor
984 3477 1254 3537 Historia
1283 3480 1627 3538 Christiana
1657 3486 1921 3537 veterum
1946 3478 2201 3551 Patrum,

497 3562 759 3636 Bignius,
792 3564 1160 3625 Colonienses
1204 3574 1259 3625 et
1312 3568 1432 3640 alii,
1487 3584 1632 3644 quos
1679 3577 1913 3626 secutus
1955 3575 2039 3626 est
2093 3568 2204 3627 Ge-

501 3654 709 3713 rardus
732 3654 985 3715 Joannes
1014 3657 1255 3717 Vossius
1285 3660 1432 3718 libro
1464 3673 1503 3718 II
1554 3661 1623 3718 de
1648 3660 1950 3719 Historicis
1990 3659 2202 3731 latinis,

500 3747 556 3799 et
580 3741 681 3799 alii
711 3743 1000 3809 nonnulli,
1030 3745 1103 3803 ob
1128 3746 1304 3817 hunc,
1322 3748 1408 3805 uti
1426 3746 1650 3807 Cointio
1672 3748 1921 3818 videtur,
1945 3746 2204 3819 Gregorii

499 3828 693 3889 locum
740 3848 814 3890 ex
872 3832 1019 3892 libro
1068 3836 1138 3894 de
1182 3835 1377 3894 Gloria
1425 3838 1855 3908 Confessorum,
1884 3837 2065 3912 capite
2112 3835 2203 3906 95,

500 3918 601 3977 ubi
639 3919 710 3977 de
742 3928 936 3980 sancto
965 3923 1235 3983 Medardo
1265 3926 1344 3982 ait
1383 3950 1396 3984 :
1426 3930 1554 3982 Post
1581 3930 1846 3998 scriptum
1875 3928 1941 3983 de
1967 3930 2204 3984 Mirabi-

502 4009 645 4064 libus
695 4011 813 4080 ejus
860 4015 1059 4069 librum
1119 4018 1317 4071 mulier
1367 4019 1636 4088 quaedam,
1690 4022 1835 4087 etc.;
1897 4033 2074 4091 quem
2131 4017 2204 4075 li-

500 4099 671 4157 brum
736 4102 809 4159 ob
862 4103 920 4159 id
973 4105 1262 4179 pracipue
1310 4107 1583 4181 Gregorio
1630 4108 1983 4175 tribuerunt,
2053 4108 2207 4181 quod

501 4188 652 4247 alius
676 4190 849 4249 fuerit
882 4192 953 4250 ab
981 4194 1241 4267 ejusdem
1267 4196 1448 4254 sancti
1478 4195 1630 4266 Vita,
1650 4212 1827 4269 quam
1858 4195 2207 4254 Fortunatus

502 4280 747 4353 scripsit.
783 4281 923 4340 Hac
959 4285 1117 4342 enim
1154 4285 1285 4344 Vita
1330 4287 1564 4344 nonnisi
1613 4294 1736 4361 post
1784 4287 2044 4361 Gregorii
2080 4287 2206 4345 obi-

2290 1784 2596 1852 Freherus,
2639 1791 2693 1843 et
2730 1787 2831 1844 alii
2870 1787 2984 1846 viri
3016 1788 3247 1847 eruditi.
3278 1787 3501 1858 Quibus
3541 1788 3707 1846 facile
3737 1787 4004 1846 subscri-

2288 1872 2503 1945 bimus,
2538 1874 2679 1933 dum
2708 1875 2923 1950 aliquis
2952 1878 3045 1936 vel
3074 1893 3148 1935 ex
3176 1878 3299 1951 ipso
3328 1876 3521 1935 codice
3549 1876 3870 1950 Anglicano
3897 1876 4006 1935 vel

2289 1976 2363 2017 ex
2394 1961 2590 2035 aliquo
2616 1963 2731 2021 alio
2762 1964 2942 2023 simili
2992 1981 3098 2023 nos
3127 1963 3349 2038 aliquid
3398 1965 3607 2023 certius
3640 1966 3887 2023 edoceat.
3920 1965 4007 2021 Et

2289 2050 2526 2123 quidem
2570 2069 2772 2112 ansam
2820 2055 2908 2113 illi
2957 2056 3239 2128 scriptori,
3289 2054 3556 2129 quisquis
3592 2055 3787 2124 fuerit,
3833 2055 4010 2111 hunc

2286 2137 2504 2197 librum
2538 2140 2813 2215 Gregorio
2844 2143 3135 2201 tribuendi
3165 2143 3422 2217 prabere
3452 2148 3763 2214 potuerunt
3792 2143 3891 2200 illa
3916 2143 4007 2201 li-

2286 2225 2375 2283 bri
2408 2239 2427 2283 I
2454 2226 2727 2285 Historia
2760 2229 3134 2302 Francorum,
3175 2229 3377 2301 capitis
3408 2228 3496 2297 23,
3530 2228 3703 2287 verba
3733 2252 3745 2285 :
3777 2233 4009 2286 Pilatus

2288 2323 2466 2372 autem
2495 2319 2656 2374 Gesta
2684 2321 2759 2373 ad
2788 2322 3062 2375 Tiberium
3097 2323 3357 2377 Caesarem
3388 2322 3580 2383 mittit,
3615 2325 3665 2375 et
3707 2322 3758 2374 ei
3788 2326 3897 2374 tam
3928 2322 4011 2375 de

2288 2408 2587 2461 virtutibus
2618 2409 2838 2471 Christi,
2875 2426 3039 2480 quam
3082 2411 3148 2464 de
3188 2412 3445 2480 passione
3483 2412 3567 2463 vel
3605 2412 4012 2464 resurrectione

2289 2497 2405 2566 ejus
2460 2499 2728 2557 insinuat.
2762 2501 2890 2567 Qua
2938 2488 3099 2570 gesta.
3140 2503 3289 2572 apud
3334 2518 3430 2556 nos
3484 2502 3641 2556 hodie
3690 2505 4011 2556 retinentur

2286 2590 2512 2658 scripta.
2550 2586 2658 2645 Sed
2685 2595 2843 2662 gesta
2871 2589 2973 2647 illa
3001 2591 3153 2663 apud
3192 2607 3251 2648 se
3279 2589 3513 2664 quidem
3553 2588 3751 2647 haberi
3784 2590 4013 2647 fatetur

2288 2673 2618 2746 Gregorius,
2656 2692 2769 2734 non
2801 2685 2993 2735 autem
3020 2693 3054 2733 a
3102 2693 3162 2734 se
3210 2678 3335 2751 ipso
3379 2678 3585 2750 scripta
3622 2675 3778 2734 dicit.
3827 2676 4013 2735 Unde

2293 2765 2554 2823 nondum
2584 2767 2737 2825 inter
2770 2768 2932 2827 illius
2964 2784 3135 2842 opera
3182 2768 3375 2829 locum
3406 2769 3677 2839 habuere,
3723 2782 3827 2825 nec
3858 2781 4011 2825 vero

2290 2855 2503 2912 habere
2534 2855 2763 2914 debent.

2363 2939 2452 2996 77.
2486 2938 2728 2995 Librum
2768 2939 2837 2997 de
2882 2940 3179 2999 Miraculis
3210 2939 3391 2998 sancti
3420 2939 3669 2996 Andrea
3711 2937 3821 2997 sub
3849 2935 4009 2995 Gre-

2290 3030 2435 3103 gorii
2465 3030 2826 3090 Turonensis
2851 3034 3087 3091 nomine
3117 3032 3456 3090 invenimus
3482 3031 3542 3087 in
3564 3032 3755 3089 codice
3781 3028 4011 3088 biblio-

2294 3118 2471 3176 theca
2498 3127 2708 3177 nostra
2734 3122 2911 3177 sancti
2942 3120 3214 3179 Germani
3240 3138 3274 3178 a
3300 3118 3496 3187 Pratis,
3532 3120 3602 3177 ab
3637 3119 3807 3176 annis
3833 3117 4010 3176 circi-

2292 3211 2376 3263 ter
2405 3210 2691 3265 sexcentis
2717 3209 2927 3281 scripto
2957 3233 2968 3266 :
3009 3210 3108 3282 qui
3141 3209 3292 3267 liber
3318 3209 3374 3266 in
3410 3207 3538 3265 aliis
3572 3223 3802 3281 quoque
3831 3206 4009 3263 codi-

2290 3295 2457 3353 cibus
2492 3296 2753 3367 hahetur,
2785 3298 2877 3355 sed
2912 3298 3127 3371 absque
3157 3297 3418 3371 Gregorii
3444 3296 3795 3369 prafatione.
3830 3295 4007 3353 Hanc

2290 3392 2479 3441 autem
2511 3386 2929 3458 praefationem,
2961 3389 3108 3445 sicut
3138 3394 3191 3445 et
3215 3386 3443 3444 brevem
3467 3384 3655 3457 operis
3679 3382 4002 3456 epilogum,

2288 3471 2547 3546 Gregorii
2564 3475 2744 3532 fetum
2762 3491 2885 3533 esse
2899 3475 3035 3549 styli
3057 3480 3111 3533 et
3135 3473 3425 3531 scribendi
3451 3472 3592 3528 ratio
3616 3470 3715 3528 vix
3730 3469 4008 3529 dubitare

2288 3562 2491 3619 sinunt
2517 3586 2528 3619 :
2555 3564 2659 3620 etsi
2690 3564 2863 3637 hujus
2893 3564 3023 3623 libri
3049 3562 3269 3620 nullam
3293 3561 3352 3618 in
3377 3576 3617 3634 operum
3642 3574 3887 3618 suorum
3908 3574 4009 3616 ca-

2288 3650 2474 3724 talogo
2501 3651 2698 3709 fecerit
2726 3654 3099 3710 mentionem.
3134 3651 3331 3724 Neque
3360 3650 3415 3707 id
3452 3648 3669 3707 mirum
3692 3648 3875 3706 videri
3906 3648 4012 3706 de-

2286 3740 2401 3808 bet,
2424 3740 2472 3798 si
2493 3741 2727 3813 quidem
2747 3758 2849 3799 nec
2867 3742 3083 3800 librum
3108 3740 3187 3797 ibi
3206 3739 3494 3797 recensuit
3511 3738 3816 3796 Missarum
3832 3739 4013 3812 Apol-

2290 3832 2494 3891 linaris
2534 3832 2778 3902 Sidonii,
2818 3831 2911 3889 cui
2954 3830 3099 3889 alias
3138 3846 3197 3888 se
3230 3830 3629 3904 prafationcm
3661 3828 4012 3901 adjunxisse

2289 3930 2598 3991 memorat;
2631 3938 2735 3979 nec
2762 3922 3088 3995 passionem
3118 3928 3333 3995 septem
3355 3917 3776 3978 Dormientium
3804 3917 4011 3990 Ephe-

2291 4015 2573 4081 sinorum,
2603 4026 2780 4082 quam
2810 4026 2841 4068 e
2882 4010 3083 4069 Graco
3110 4011 3171 4068 in
3200 4010 3474 4067 Latinum
3500 4024 3534 4065 a
3580 4024 3639 4065 se
3666 4009 4013 4068 translatam

2290 4104 2469 4163 fuisse
2500 4102 2737 4175 ipsemet
2763 4102 2899 4159 alibi
2934 4107 3193 4159 testatur.
3218 4099 3397 4158 Porro
3414 4098 3811 4173 prafationem
3837 4098 4014 4157 illam

2290 4198 2346 4249 et
2372 4192 2661 4264 epilogum
2686 4191 2746 4247 in
2774 4189 3050 4249 Miracula
3080 4189 3261 4247 sancti
3298 4190 3544 4246 Andrea
3569 4186 3837 4244 dabimus
3863 4202 4015 4247 cum

2290 4279 2672 4353 capitulorum
2700 4280 2889 4337 indice
2914 4284 2968 4337 et
2993 4278 3212 4351 aliquot
3237 4276 3523 4350 capitibus
3549 4290 3681 4348 qua
3704 4274 3852 4331 edita
3878 4291 4013 4334 non

506 4374 626 4427 tum
661 4370 811 4429 edita
840 4380 940 4431 est.
978 4372 1065 4431 Ibi
1091 4374 1303 4449 quippe
1330 4375 1568 4434 lectores
1593 4376 1948 4435 Fortunatus
1978 4376 2443 4451 invitat,Dsunt,
2488 4386 2601 4429 non
2633 4375 2828 4428 autem
2862 4369 3077 4427 librum
3110 4369 3323 4442 ipsum,
3356 4368 3456 4442 qui
3485 4366 3637 4424 allus
3675 4381 3788 4423 non
3813 4373 3898 4423 est
3928 4367 4013 4425 ab

505 4465 570 4516 ut
600 4475 701 4532 pro
729 4460 1131 4533 Theodeberti,
1159 4464 1368 4537 inquit,
1400 4469 1545 4535 regis
1574 4468 1767 4529 nostri,
1813 4464 2207 4522 incolumitate

502 4567 697 4625 preces
747 4554 1090 4626 etl‘undant;
1130 4557 1230 4630 qui
1261 4556 1709 4626 Theodebertus,
1737 4572 1852 4614 non
1904 4555 2017 4613 nisi
2065 4554 2206 4614 Gre-

502 4643 662 4714 gorio
688 4644 806 4715 jam
839 4643 1128 4716 defuncto,
1161 4648 1307 4721 patri
1342 4664 1448 4706 suo
1498 4646 1863 4706 Childeberto
1891 4645 1945 4703 ΙΙ
1976 4661 2205 4705 succes-

507 4728 599 4787 sit.
633 4729 851 4789 Verum
877 4733 980 4791 etsi
1018 4734 1236 4793 librum
1264 4736 1335 4794 de
1361 4744 1554 4795 sancto
1577 4736 1846 4793 Medardo
1865 4752 1897 4793 a
1931 4734 2205 4808 Gregorio

507 4819 802 4879 laudatum
836 4823 1129 4883 Fortunati
1159 4827 1341 4885 fetum
1382 4842 1493 4884 non
1536 4842 1660 4883 esse
1692 4826 2020 4892 fateremur,
2053 4824 2207 4883 haud

506 4916 697 4968 tamen
726 4911 860 4971 inde
888 4915 1352 4975 concludendum
1383 4922 1530 4973 esset
1568 4932 1703 4974 eum
1731 4930 1763 4971 a
1791 4914 2063 4987 Gregorio
2086 4914 2205 4973 edi-

511 5009 631 5062 tum
665 5004 859 5064 fuisse.
896 5007 1022 5066 Non
1067 5008 1224 5065 enim
1254 5009 1312 5065 id
1349 5008 1593 5082 probant
1623 5007 1883 5079 Gregorii
1916 5007 2092 5066 verba
2119 5024 2211 5067 su-

508 5094 704 5166 perius
745 5093 941 5165 relata,
984 5112 1115 5154 cum
1170 5096 1253 5153 ibi
1280 5095 1494 5154 librum
1530 5095 1763 5171 quidem
1796 5094 2008 5166 laudet,
2051 5096 2150 5153 sed
2176 5112 2207 5154 a

508 5199 568 5241 se
606 5184 886 5258 scriptum
931 5201 1047 5244 non
1099 5186 1292 5243 dicat:
1327 5185 1481 5258 quod
1529 5191 1718 5243 tamen
1778 5186 1989 5260 passim
2028 5185 2211 5245 facere

508 5275 670 5347 solet,
713 5293 846 5335 cum
877 5276 1155 5350 opuscula
1184 5291 1289 5334 sua
1327 5281 1755 5335 commemorat.
1790 5275 1963 5336 Hunc
1992 5276 2210 5337 librum

506 5366 577 5424 ab
623 5366 745 5439 ipsa
788 5366 1033 5426 muliere
1068 5366 1451 5438 compositum
1488 5366 1686 5432 fuisse.
1717 5382 1848 5440 qua
1891 5367 1973 5425 ibi
2016 5372 2211 5425 sanata

513 5459 724 5517 dicitur
762 5475 797 5515 a
842 5454 1115 5525 Gregorio
1148 5454 1409 5514 Cointius
1436 5456 1747 5515 contendit.
1790 5458 1865 5515 At
1890 5472 2023 5518 cum
2064 5456 2212 5516 illud

512 5566 676 5625 opus,
710 5547 758 5605 si
788 5565 820 5605 a
846 5548 1147 5606 Fortunati
1178 5546 1327 5606 libro
1357 5546 1769 5622 distinguatur,
1790 5561 2080 5621 nusquam
2114 5560 2208 5603 ex-

2290 4463 2611 4537 apocrypha
2641 4462 2819 4536 hujus
2847 4460 3028 4519 sancti
3051 4459 3202 4531 Vita,
3229 4475 3363 4533 qua
3384 4457 3559 4531 vulgo
3580 4457 3785 4515 Abdia
3808 4456 4012 4532 Baby-

2290 4551 2479 4610 lonico
2518 4550 2693 4608 tribui
2732 4548 2892 4607 solet.

2362 4639 2449 4697 78.
2488 4638 2661 4697 Haud
2712 4638 2876 4711 plura
2914 4635 3102 4693 dicam
3151 4634 3221 4692 de
3254 4635 3520 4709 passione
3551 4634 3731 4692 sancti
3778 4632 4011 4691 Juliani

2291 4743 2465 4802 quam
2491 4726 2553 4784 in
2576 4723 2881 4784 nonnullis
2908 4722 3203 4781 codicibus
3220 4722 3446 4795 scriptis
3470 4721 3804 4778 invenimus
3830 4718 4009 4791 libro,

2291 4818 2392 4893 qui
2444 4817 2515 4875 de
2561 4816 2819 4891 ejusdem
2861 4815 3042 4873 sancti
3086 4813 3381 4871 Miraculis
3419 4828 3450 4868 a
3500 4818 3695 4868 nostro
3725 4809 4012 4883 Gregorio

2291 4910 2539 4983 scriptus
2587 4915 2688 4976 est,
2730 4908 3027 4976 insertam,
3081 4904 3153 4962 ab
3186 4904 3309 4978 ipso
3356 4902 3647 4975 Gregorio,
3682 4916 3751 4958 an
3782 4899 3853 4957 ab
3890 4899 4014 4957 alio

2291 5001 2517 5074 quovis,
2550 5000 2811 5057 divinare
2841 5013 2954 5055 non
2977 4996 3125 5055 licet.
3153 4995 3343 5052 Erunt
3366 4994 3622 5057 fortasse,
3654 4991 3754 5065 qui
3785 4990 4011 5062 ipsam-

2294 5096 2409 5149 met
2439 5090 2770 5149 Passionem
2796 5086 3057 5159 Gregorii
3104 5085 3283 5143 fetum
3312 5098 3435 5139 esse
3470 5088 3692 5155 putent.
3724 5081 3797 5137 At
3829 5094 4013 5137 nemo

2293 5178 2403 5237 sibi
2431 5177 2595 5236 facile
2630 5174 2977 5249 persuaserit
3002 5175 3152 5232 hanc
3178 5171 3433 5246 primum
3482 5187 3515 5228 a
3559 5168 3831 5241 Gregorio
3858 5168 4011 5225 scri-

2293 5276 2472 5343 ptam,
2507 5275 2561 5327 et
2603 5267 2674 5326 ab
2721 5266 2822 5325 illo
2859 5266 2984 5340 ipso
3034 5262 3445 5323 miraculorum
3496 5257 3807 5319 narrationi
3856 5274 4011 5331 pra-

2294 5358 2549 5428 missam,
2580 5372 2613 5415 a
2644 5354 2885 5431 posteris
2916 5370 3050 5413 vero
3081 5353 3390 5411 detractam
3425 5350 3635 5419 fuisse;
3667 5362 3800 5405 cum
3826 5361 4009 5404 econ-

2296 5451 2469 5510 trario
2497 5449 2680 5508 multo
2709 5446 3081 5507 verisimilius
3125 5447 3198 5505 sit
3236 5460 3361 5504 eam
3392 5439 3807 5500 Miraculorum
3850 5436 4010 5497 libro

2294 5544 2625 5617 adjunctam
2653 5542 2845 5614 fuisse,
2879 5549 2943 5601 ut
2981 5540 3157 5599 simul
3186 5544 3500 5609 utrumque
3536 5532 3598 5590 in
3632 5528 3813 5589 sancti
3842 5526 4005 5585 Mar-
