4070 6186
3057 233 3081 246 Ι

78 305 133 363 ,5
1610 291 2020 353 PBZEFATIO.
3489 306 3560 365 ss

79 428 204 502 tyris
235 425 552 484 festivitate
582 422 696 496 legi
723 427 930 495 posset.
983 421 1044 480 Si
1073 421 1204 495 quis
1235 427 1426 480 tamen
1457 421 1512 478 id
1553 421 1625 477 ab
1654 419 2004 491 ipsoAgatae
2053 422 2208 485 sunt,
2259 432 2354 474 eas
2402 435 2436 474 a
2474 417 2747 492 Gregorio
2803 438 2921 482 non
2955 441 3260 486 censemus
3316 430 3558 504 scriptas

78 515 335 588 Gregorio
363 513 582 570 factum
623 511 805 569 fuisse
839 510 1010 580 dicat,
1055 527 1172 569 non
1204 511 1460 568 multum
1505 509 1776 580 retragra-

78 607 180 663 hor.
217 601 674 662 Prmfatiuncula
700 601 912 674 quippe
943 601 1054 673 ipsi
1090 602 1331 671 praefixa
1364 599 1621 672 Gregorii
1654 605 1773 670 sty-

79 695 181 750 lum
205 693 355 764 sapit
377 710 396 760 ;
423 705 604 762 quare
632 689 846 745 librum
875 687 1092 759 absque
1117 688 1216 744 illa
1246 686 1505 760 passione
1527 701 1630 742 suo
1653 684 1776 742 loco

75 779 336 836 exhibere
396 780 591 834 visum
636 784 739 843 est,
786 775 871 832 uti
922 776 982 832 in
1017 775 1307 848 plerisque
1345 775 1570 848 scriptis
1610 780 1664 830 et
1710 772 1773 830 in

75 865 332 924 omnibus
353 865 530 922 editis
546 864 828 932 habetur;
860 865 1187 937 passionem
1213 871 1404 922 autem
1429 864 1610 937 ipsam
1635 878 1772 921 cum

77 957 312 1031 ejusdem
346 957 488 1013 libri
520 955 708 1025 initio,
729 962 895 1028 prout
924 954 1023 1012 alii
1064 955 1286 1013 codices
1313 954 1509 1026 scripti
1532 954 1769 1023 habent,

77 1058 182 1120 post
208 1056 423 1105 caetera
453 1045 717 1117 Gregorii
742 1059 914 1117 opera
945 1045 1325 1117 proferemus.

132 1138 215 1194 79.
251 1135 576 1195 Historiam
604 1144 821 1208 septem
862 1134 1286 1193 Dormientium
1326 1133 1386 1190 in
1417 1133 1620 1206 Majori
1649 1147 1774 1190 mo-

80 1230 307 1287 nasterio
353 1226 807 1300 quiescentium,
852 1233 1058 1298 praeter
1101 1224 1282 1282 editos
1319 1224 1584 1282 tribuunt
1631 1221 1773 1281 Gre-

80 1319 218 1389 gorio
257 1315 544 1374 nonnulli
586 1314 809 1372 codices
856 1312 1052 1386 scripti
1091 1329 1239 1386 quos
1286 1312 1560 1369 vidimus.
1614 1311 1776 1369 Certe

82 1407 218 1463 hunc
265 1404 490 1461 librum
540 1402 692 1460 inter
742 1401 963 1458 sincera
1016 1399 1275 1472 Gregorii
1327 1413 1497 1471 opera
1543 1397 1778 1455 admisit

82 1492 363 1550 Albericus
409 1489 735 1548 monachus
773 1487 975 1546 Trium
1023 1487 1295 1545 Fontium
1334 1487 1396 1544 in
1442 1485 1774 1559 Campania,

81 1583 165 1657 qui
189 1581 245 1638 in
274 1581 570 1638 Chronico
596 1578 670 1636 ad
696 1592 919 1636 annum
944 1577 1046 1635 319
1085 1577 1302 1646 scribit,
1324 1579 1504 1632 sancti
1545 1579 1780 1632 Martini

76 1672 434 1741 genealogiam
472 1685 509 1723 a
552 1668 810 1736 Gregorio
842 1668 1136 1722 Turonensi
1166 1666 1405 1721 creditur
1435 1667 1777 1736 comprehen-

1859 506 2058 577 fuisse,
2093 509 2189 563 sed
2239 507 2477 566 fortasse
2519 513 2835 584 recognitas
2865 515 3228 578 solummodo
3260 526 3314 578 et
3359 539 3558 580 emen-

1856 596 2034 653 datas.
2067 596 2129 653 Id
2161 597 2370 656 diserte
2401 600 2570 658 habet
2611 603 2851 675 epistola
2883 607 2994 663 sub
3022 607 3284 682 Gregorii
3323 612 3556 669 nomine

1859 683 2006 741 Vitae
2035 685 2214 742 sancti
2248 685 2499 744 Maurilii
2529 692 2790 762 praefixa,
2832 709 3004 765 quam
3043 698 3110 754 ad
3148 699 3356 757 calcem
3386 701 3561 774 hujus

1857 775 2171 833 voluminis
2194 777 2461 836 dabimus
2489 798 2501 836 :
2535 779 2632 837 ubi
2666 781 2996 856 Gregorius,
3033 787 3081 844 si
3108 794 3296 846 tamen
3335 797 3558 848 certum

1855 862 1929 920 sit
1955 864 2146 937 ipsum
2179 866 2355 940 hujus
2389 869 2645 940 epistolae
2668 871 2850 930 fuisse
2877 881 3188 946 auctorem,
3236 885 3472 954 testatur
3503 896 3563 937 se

1853 954 2152 1013 beatorum
2189 958 2391 1015 Albini
2421 967 2475 1016 et
2509 960 2693 1019 Mauri
2707 963 2766 1019 lii
2796 964 2954 1023 Vitas
2998 984 3030 1023 a
3071 967 3382 1028 Fortunato
3415 971 3558 1028 scri-

1855 1050 1978 1116 ptas
2016 1043 2371 1115 emendasse,
2420 1063 2553 1120 quae
2599 1050 2943 1122 scriptorum
2983 1057 3272 1114 erroribus
3312 1058 3558 1116 visitata;

1857 1128 2104 1186 fuerant.
2148 1128 2311 1198 Quod
2341 1130 2388 1188 si
2416 1133 2754 1207 Gregorium
2789 1139 2961 1212 hujus
2987 1141 3244 1214 epistolae
3269 1152 3560 1201 auctorem

1858 1219 2035 1278 fuisse
2050 1221 2115 1277 ad
2126 1222 2439 1294 mittamus,
2459 1229 2848 1286 necessarium
2866 1231 3095 1289 videtur
3108 1241 3167 1290 ut
3182 1234 3560 1294 Fortunatum

1859 1308 2067 1366 harum
2078 1318 2368 1370 auctorem
2382 1313 2632 1373 vitarum
2648 1316 3075 1392 distinguamus
3087 1337 3119 1378 a
3133 1321 3329 1380 Venan
3341 1323 3414 1381 tio
3429 1324 3562 1381 For-

1861 1402 2060 1455 tunato
2089 1408 2251 1470 poeta
2282 1403 2508 1461 celebri.
2552 1405 2699 1463 Nam
2739 1408 2844 1467 iste
2885 1411 3065 1468 sancti
3097 1411 3368 1470 Germani
3401 1413 3561 1472 Pari-

1859 1485 2066 1543 siensis
2087 1488 2354 1561 episcopi,
2373 1492 2468 1549 cui
2489 1493 2724 1565 epistola
2748 1507 3076 1570 nuncupata
3099 1507 3202 1568 est,
3226 1508 3280 1558 et
3300 1499 3572 1574 Gregorii

1864 1575 2040 1632 nostri
2077 1577 2429 1650 temporibus
2459 1581 2670 1653 ﬂoruit,
2699 1600 2764 1642 ac
2793 1587 3026 1660 utrique
3067 1590 3412 1663 supervixit.
3451 1589 3562 1660 Qui

1861 1663 2018 1720 enim
2050 1664 2173 1722 fieri
2202 1673 2402 1739 potest,
2430 1675 2493 1726 ut
2517 1669 2829 1730 Fortunato
2853 1675 3177 1748 superstite,
3209 1685 3263 1734 et
3294 1677 3563 1750 frequen-

72 1778 167 1815 sum
175 1763 376 1828 fuisse,
391 1766 570 1830 atque
583 1771 652 1814 su
663 1754 1185 1828 bjungitipsissima
1199 1755 1391 1822 verba,
1407 1769 1538 1826 qua}
1551 1754 1611 1810 in
1631 1753 1778 1811 libro
1792 1774 1840 1834 Β
1863 1757 1946 1809 ter
1967 1753 2200 1811 Parisiis
2214 1770 2279 1812 ac
2298 1755 2552 1816 Turonis
2568 1768 2790 1833 agente,
2811 1772 3041 1822 sanctus
3063 1764 3386 1825 Germanus
3411 1766 3564 1825 Pari-

69 1852 124 1909 de
161 1859 386 1924 septem
435 1845 876 1905 Dormientibus
905 1860 970 1903 ea
1002 1845 1073 1902 de
1122 1861 1183 1903 re
1223 1844 1536 1915 habentur,
1565 1859 1777 1918 eosque

67 1949 257 2016 septem
297 1954 618 2013 germanos
651 1937 867 2004 laudat,
892 1951 958 1993 ac
985 1935 1224 1993 nomina
1258 1950 1462 1994 eorum
1498 1941 1772 1992 recenset.

74 2035 207 2092 Idem
233 2049 391 2106 opus
423 2031 634 2096 laudat,
667 2046 734 2087 ac
771 2045 870 2103 pro
900 2029 1123 2087 sincero
1155 2027 1430 2101 Gregorio
1461 2028 1577 2084 fetu
1607 2027 1778 2084 habet

77 2125 379 2180 monachus
421 2119 897 2191 Sansulpicianus
929 2118 990 2174 in
1032 2117 1379 2190 patriarchio
1405 2114 1773 2184 Bituricensi,

76 2212 239 2283 capite
277 2210 372 2266 27.
431 2207 587 2265 Illud
619 2215 809 2264 tamen
857 2205 1131 2277 Gregorio
1179 2204 1467 2277 abjudicat
1515 2202 1779 2260 Cointius

75 2300 130 2355 ad
160 2312 398 2356 annum
429 2295 553 2363 595,
589 2310 751 2352 num.
795 2296 885 2362 5|,
931 2293 1082 2366 quod
1138 2292 1199 2348 in
1235 2291 1460 2364 epilogo
1506 2288 1779 2346 Historiae

76 2389 444 2460 Gregorianaa
466 2384 791 2442 interillius
816 2398 988 2455 opera
1009 2397 1125 2439 non
1160 2387 1541 2449 recenseatur,
1571 2393 1777 2451 qnam-

75 2478 148 2534 vis
174 2493 298 2534 rem
341 2475 460 2533 sub
492 2473 671 2530 dubio
705 2471 1091 2546 proposuisset
1119 2469 1186 2526 ad
1212 2485 1436 2526 annum
1460 2468 1582 2537 591,
1614 2484 1776 2525 num.

78 2565 117 2634 ‘2,
140 2565 244 2624 ubi
287 2581 368 2622 ex
412 2563 654 2636 epistola
676 2561 814 2618 huic
846 2559 1041 2617 libello
1069 2556 1309 2631 praefixa
1336 2557 1485 2614 beati
1517 2556 1777 2630 Sulpicii,

79 2656 152 2712 cui
181 2660 533 2726 nuncupata
574 2659 678 2721 est,
714 2654 1073 2709 sanctitatem
1101 2650 1356 2706 maxime
1387 2648 1780 2707 commendari

78 2743 314 2814 agnovit.
377 2739 816 2812 Archiepiscopi
865 2737 1088 2808 titulus,
1143 2736 1243 2810 qui
1285 2736 1346 2793 in
1385 2738 1490 2794 ista
1543 2735 1782 2809 epistola

80 2832 327 2905 Sulpicio
372 2828 674 2900 tribuitur,
731 2833 786 2886 et
823 2828 886 2884 in
939 2826 1060 2900 ipsa
1091 2825 1344 2883 Historia
1404 2825 1622 2884 Briccio
1659 2825 1780 2899 epi-

81 2936 228 2993 ετῡρο
262 2918 622 2987 Turonensi,
647 2916 944 2991 negotium
972 2916 1216 2985 facessit,
1239 2930 1374 2974 cum
1393 2914 1639 2973 inficiari
1661 2931 1780 2974 non

80 3011 378 3082 possimus,
413 3007 881 3080 metrOpolitanos
908 3007 971 3062 in
1003 3005 1094 3062 his
1123 3005 1384 3079 partibus
1421 3011 1554 3062 ante
1595 3020 1781 3064 saecu-

1859 1839 2078 1898 siorum
2103 1843 2401 1917 episcopus
2426 1845 2769 1920 Gregorium
2796 1850 3196 1911 Turonensem
3226 1854 3563 1914 invitaverit

1857 1930 1926 1987 ad
1958 1934 2365 2004 expurgandus
2397 1951 2430 1991 a
2459 1938 2805 2011 scriptorum
2835 1942 2991 2000 vitiis
3012 1952 3344 2003 sanctorum
3379 1946 3561 2019 Vitas,

1858 2034 2002 2091 quas
2027 2020 2147 2091 ipse
2184 2020 2530 2081 Fortunatus
2561 2025 2797 2084 illarum
2842 2038 3060 2102 auctor,
3098 2033 3200 2104 qui
3238 2049 3429 2092 coram
3455 2036 3558 2092 ad-

1858 2111 1980 2162 erat
2016 2114 2070 2162 et
2095 2107 2400 2183 utriusque
2428 2112 2701 2171 antistitis
2740 2116 2962 2174 amicus
2997 2126 3048 2175 et
3075 2119 3396 2194 discipulus
3425 2138 3562 2180 cen-

1861 2195 2110 2265 sebatur,
2142 2197 2372 2256 facilius
2398 2202 2776 2261 emendasset.
2808 2203 3189 2266 Fortunatum
3217 2226 3350 2268 vero
3377 2212 3560 2270 alium

1861 2301 1893 2341 a
1926 2284 2208 2344 Venantio
2256 2297 2418 2361 poeta
2445 2292 2736 2350 exstitisse
2765 2311 2883 2353 non
2922 2297 3072 2354 levia
3116 2300 3357 2372 probant
3385 2319 3562 2375 argu-

1864 2383 2075 2444 menta,
2138 2391 2271 2448 quae
2315 2377 2408 2435 hic
2446 2383 2717 2454 persequi
2755 2387 2934 2443 nostri
2987 2403 3103 2444 non
3151 2398 3234 2447 est
3291 2391 3559 2452 instituti.

1864 2462 2148 2522 Caeterum
2189 2467 2296 2525 etsi
2332 2477 2620 2529 constaret
2650 2473 2800 2532 beati
2832 2475 3084 2536 Mani-illi
3121 2479 3311 2539 Vitam
3341 2500 3374 2540 a
3419 2484 3562 2542 Gre-

1860 2553 2021 2626 gorio
2051 2555 2377 2616 Turonensi
2408 2560 2723 2634 aliquando
2761 2567 3122 2625 emendatam
3165 2569 3360 2639 fuisse,
3415 2573 3565 2630 hanc

1865 2651 2056 2701 tamen
2105 2661 2218 2703 non
2248 2649 2428 2720 ipsam
2471 2667 2593 2708 esse
2619 2655 3044 2726 contendimus,
3071 2673 3204 2731 quze
3245 2662 3421 2734 vulgo
3450 2661 3568 2720 cir-

1863 2736 2187 2824 cumfertur
2221 2739 2280 2794 in
2315 2739 2479 2798 libris
2509 2741 2678 2801 editis
2715 2751 2769 2800 et
2800 2745 3100 2806 nonnullis
3129 2751 3560 2824 manuscriptis,

1865 2820 1997 2880 licet
2031 2824 2083 2881 ei
2131 2827 2431 2898 praemissa
2469 2831 2696 2903 legatur
2726 2831 3005 2905 Gregorii
3037 2837 3293 2908 epistola.
3330 2820 3561 2897 Etenim

1864 2912 2040 2985 hujus
2079 2913 2335 2986 epistolae
2383 2923 2582 2975 auctor
2621 2917 2810 2977 Vitam
2842 2921 3002 2979 illam
3030 2923 3103 2982 ob
3132 2924 3189 2981 id
3227 2943 3288 2984 se
3331 2927 3558 3000 potissi-

1865 3017 2028 3060 mum
2057 3004 2483 3076 emendandam
2506 3009 2826 3082 suscepisse
2846 3011 3004 3082 dicit,
3035 3016 3406 3087 utcomplura
3425 3033 3561 3090 quze

85 3101 184 3158 lam
230 3112 485 3167 nonum,
517 3104 618 3154 aut
668 3111 994 3170 nunquam,
1027 3104 1124 3153 aut
1165 3095 1460 3154 rarissime
1495 3089 2227 3187 archiepi-Gincrcdibilia
2277 3092 2478 3150 multis
2526 3095 2883 3168 viderentur,
2914 3114 2987 3156 ex
3028 3115 3093 3157 ea
3131 3089 3564 3165 resecaretsEx

81 3206 262 3265 SCOpOS
299 3189 490 3245 dictos
537 3185 732 3244 fuisse.
773 3185 1004 3242 Ganone
1055 3191 1250 3243 tamen
1280 3196 1340 3242 VI
1385 3184 1626 3242 Concilii
1658 3183 1778 3241 Ma-
1806 3181 1843 3187 “
1864 3181 2085 3253 quibus
2112 3183 2361 3254 profecto
2394 3183 2600 3242 Renati
2637 3203 2669 3242 a
2704 3189 3004 3259 septennio
3025 3192 3284 3251 defuncti
3315 3197 3566 3253 resusci-

80 3277 414 3337 tisconensis
468 3289 486 3334 1
543 3275 839 3333 decretum
896 3274 1163 3346 legimus,
1226 3281 1290 3333 ut
1344 3276 1782 3346 archiepiscopus

81 3370 272 3439 absque
305 3368 490 3439 pall-io
533 3368 730 3420 missas
757 3365 934 3419 dicere
966 3382 1071 3420 non
1095 3370 1413 3436 prmsumat.
1450 3363 1574 3422 NOII
1609 3367 1783 3421 etiam

76 3455 445 3513 dissimulare
479 3451 674 3520 velim,
709 3452 856 3510 hanc
889 3451 1204 3511 Historiam
1225 3453 1284 3510 in
1319 3451 1510 3510 codice
1543 3450 1783 3524 Gollegii

77 3543 371 3603 Societatis
399 3542 541 3600 Jesu
571 3542 807 3599 Parisiis
829 3542 1049 3612 haberi,
1078 3550 1134 3599 et
1155 3542 1391 3615 quidem
1417 3541 1568 3600 edita
1596 3542 1780 3600 multo

73 3635 371 3703 fusiorem,
409 3633 510 3690 sed
535 3632 753 3706 absque
778 3633 1028 3692 auctoris
1059 3633 1316 3704 nomine,
1348 3634 1528 3692 immo
1563 3635 1783 3709 absque

70 3724 302 3797 epistola
358 3721 624 3795 Gregorii
697 3721 955 3797 Sulpicio
1009 3723 1454 3798 nuHCUpatoria.
1522 3724 1783 3783 Briccius

71 3829 198 3872 vero
218 3813 304 3871 ibi
317 3827 442 3870 non
463 3813 921 3884 archiepiscopus,
937 3815 1032 3873 sed
1049 3819 1254 3887 praesul
1272 3814 1626 3889 appellatur:
1649 3831 1782 3890 quas

65 3903 259 3962 omnia
285 3904 352 3961 in
384 3902 538 3960 notis
565 3917 671 3961 suo
697 3903 818 3962 loco
843 3904 1236 3965 observamus.
1270 3905 1420 3965 Sunt
1439 3913 1493 3964 et
1512 3905 1627 3963 alia
1647 3922 1784 3980 quae

71 3997 206 4053 forte
237 3996 300 4053 in
336 4003 651 4068 utramque
700 4000 920 4067 partem
954 3997 1104 4054 circa
1143 3999 1292 4056 hanc
1331 3997 1784 4056 controversiam

74 4093 297 4159 possent
332 4085 568 4155 adduci,
603 4085 697 4142 sed
728 4102 862 4160 qua:
899 4087 1087 4145 fusius
1127 4087 1396 4162 persequi
1436 4104 1553 4147 non
1600 4094 1778 4146 vacat.

1867 3271 2002 3328 tatio
2029 3271 2249 3329 censeri
2281 3271 2575 3331 debuerat.
2615 3275 2685 3332 Et
2715 3283 2905 3336 tamen
2938 3279 2994 3336 in
3049 3280 3170 3353 ipsa
3203 3281 3352 3354 Vita,
3387 3285 3563 3342 mira-

1864 3361 2062 3420 culum
2110 3361 2265 3420 istud
2314 3379 2345 3420 a
2383 3362 2713 3437 Fortunato,
2759 3375 2823 3426 ut
2870 3369 2953 3427 ibi
2993 3371 3226 3441 dicitur,
3260 3374 3564 3447 omissum,

1866 3453 2088 3510 cmteris
2111 3453 2179 3511 ad
2181 3454 2201 3526 j
2213 3461 2452 3513 unctum
2476 3455 2704 3530 legitur.
2728 3457 2888 3516 Idem
2909 3462 3233 3521 evincimus
3249 3480 3323 3521 ex
3339 3464 3566 3524 duobus

1866 3541 2161 3599 codicibus
2213 3543 2642 3618 manuscriptis,
2695 3562 2812 3605 uno
2859 3548 3074 3608 scilicet
3126 3550 3570 3612 Vindocinensis’

1865 3630 2198 3688 monasterii
2244 3630 2316 3688 ab
2351 3632 2521 3689 annis
2563 3634 2788 3693 circiter
2837 3636 2942 3696 600
2987 3647 3240 3711 exarato,
3287 3647 3339 3698 et
3388 3641 3567 3702 altero

1865 3727 2075 3777 nostra;
2127 3721 2308 3777 sancti
2344 3720 2617 3780 Germani
2669 3741 2703 3781 a
2744 3725 2930 3784 Pratis
2961 3727 3345 3801 bibliothecm,
3384 3748 3574 3791 anno-

1865 3823 1996 3866 rum
2031 3808 2154 3879 500,
2198 3809 2301 3867 ubi
2328 3817 2452 3884 post
2487 3814 2846 3885 praemissam
2875 3816 3136 3889 Gregorii
3164 3820 3487 3892 epistolam,
3512 3829 3568 3880 et

1865 3897 2217 3972 descriptum
2262 3898 2406 3957 Vitze
2457 3901 2643 3975 ipsius
2684 3906 3068 3976 capitulorum
3108 3907 3381 3978 indicem,
3423 3911 3572 3968 hanc

1862 3987 2032 4061 jussu
2072 3987 2376 4060 Rainonis,
2415 3990 2517 4062 qui
2557 3991 2620 4049 in
2657 3993 2911 4067 catalogo
2946 3995 3344 4070 episcoporum
3376 4000 3573 4058 Ande-

1868 4080 2212 4152 gavensium
2253 4087 2504 4155 tempore
2558 4083 2795 4142 Eusebii
2831 4086 3080 4160 epiSCOpi
3129 4090 3338 4162 scripto
3392 4103 3574 4150 XXXV

79 4173 217 4234 Illud
259 4174 634 4233 solummodo
664 4175 956 4234 observari
991 4176 1190 4249 velim,
1223 4176 1377 4250 quod
1410 4177 1513 4235 etsi
1551 4177 1790 4250 epistola
1872 4174 2223 4239 Γθϐθοεθῐυΐ,
2279 4171 2548 4243 scriptam
2603 4172 2780 4231 fllisse
2835 4173 3104 4246 legimUS,
3170 4177 3263 4234 his
3328 4179 3520 4237 verbis
3559 4199 3572 4238 :

81 4266 221 4338 {aperi
251 4263 508 4339 praefixa
536 4264 810 4337 Gregorio
840 4266 1144 4338 tribuatur,
1172 4283 1285 4325 non
1319 4267 1454 4324 inde
1481 4274 1670 4326 tamen
1695 4269 1788 4326 in-

87 4357 385 4414 ferendum
408 4354 721 4412 Historiam
749 4356 933 4429 ipsam
961 4356 1032 4414 ab
1054 4356 1154 4414 illo
1180 4357 1379 4415 eodem
1398 4365 1626 4416 auctore
1649 4375 1788 4417 con-

1875 4263 2046 4317 Raino
2086 4261 2360 4330 quondam
2390 4267 2568 4318 sancti
2598 4266 2832 4320 Martini
2861 4266 3216 4335 quotidianus
3246 4268 3573 4340 discipulus,

1873 4357 1923 4408 et
1949 4369 2156 4423 semper
2182 4355 2491 4422 canonicus,
2525 4372 2588 4410 ac
2613 4361 2739 4426 post
2783 4357 3054 4411 modicum
3084 4363 3284 4413 sanctae
3309 4359 3576 4426 Andega-

85 4456 342 4521 emptam
403 4448 630 4504 fuisse:
682 4463 818 4505 cum
866 4448 1186 4508 econtrario
1249 4451 1504 4523 epistolae
1551 4449 1692 4524 scrip

1968 4445 2050 4497 :sis
2066 4443 2318 4498 Ecclesiae
2335 4461 2401 4498 ea:
2418 4443 2578 4499 initio
2596 4446 3031 4501 Christianitatis
3045 4456 3240 4503 XXXIII
3260 4445 3354 4514 (al.
3375 4449 3575 4512 XXXV)

83 4537 299 4594 disertis
359 4536 555 4593 verbis
593 4541 823 4607 asserat,
880 4553 941 4595 se
997 4539 1142 4596 hanc
1192 4541 1580 4597 narrationem
1632 4539 1785 4612 apud

75 4624 247 4697 liajus
286 4626 713 4682 monasterium
753 4625 1070 4697 invenisse,
1111 4644 1358 4702 eamque
1395 4632 1785 4709 transcriptum

68 4716 356 4789 Sulpicio,
399 4715 487 4773 uti
519 4716 774 4788 petierat,
807 4715 1141 4776 destinasse.

124 4808 222 4866 80.
261 4807 535 4864 Habetur
561 4806 622 4863 in
656 4805 848 4864 codice
879 4808 1213 4868 monasterii
1254 4809 1686 4868 Patriciacensis
1715 4809 1788 4867 ab

63 4897 235 4954 annis
274 4894 394 4953 800
437 4894 650 4967 scripto
700 4894 830 4953 Vita
877 4899 1058 4955 sancti
1097 4895 1296 4955 Albini
1339 4898 1788 4971 Andegavorum

61 4985 325 5059 episcopi
363 4998 499 5040 cum
535 4984 639 5039 hac
667 4983 926 5042 clausula
952 4984 1009 5042 in
1042 4985 1175 5056 ﬁne,
1202 4990 1451 5059 Emplicit
1483 4989 1613 5046 Vita
1645 4989 1789 5043 beati

62 5076 256 5128 Albini
292 5074 601 5142 composita
631 5088 665 5124 α.
699 5073 848 5127 beato
881 5073 1136 5142 Gregorio
1179 5079 1456 5130 Turonicae
1483 5077 1635 5132 urbis
1667 5078 1786 5147 epi-

285 5161 360 5218 Ιιι
396 5159 697 5217 codicibus
733 5175 870 5217 vero
898 5163 1370 5234 quamplurimis,
1399 5164 1615 5222 scilicet
1639 5166 1787 5223 Rhe-

59 5253 280 5309 mensis
326 5249 626 5318 Ecclesiae,
673 5249 852 5308 sancti
893 5249 1164 5310 Germani
1197 5269 1229 5310 a
1261 5253 1464 5323 Pratis,
1507 5252 1784 5313 Vindoci-

57 5344 250 5411 mensi,
291 5341 482 5412 regiae
511 5339 902 5413 Bibliothecae,
937 5349 991 5399 et
1025 5342 1155 5399 aliis
1182 5341 1504 5410 nonnullis,
1537 5343 1787 5400 occurrit

59 5426 188 5486 Vita
244 5427 447 5486 sancti
500 5426 777 5495 Maurilii,
830 5429 967 5486 item
1017 5428 1453 5502 Andegavensis
1513 5429 1784 5503 episcopi,

58 5517 353 5591 Gregorio
390 5523 586 5573 nostro
623 5517 840 5591 pariter
867 5517 1142 5576 attributa
1175 5541 1187 5574 :
1223 5518 1320 5576 sed
1352 5533 1485 5577 cum
1516 5518 1608 5576 hae
1645 5517 1787 5576 Vitta

61 5606 188 5665 alite
223 5625 352 5668 non
389 5613 527 5664 sunt
553 5606 625 5665 ab
657 5607 906 5680 iis,quaa
937 5607 1044 5666 sub
1072 5607 1369 5666 Fortunati
1401 5607 1634 5666 nomine
1662 5608 1787 5667 vul-

1872 4533 2095 4585 humilis
2126 4534 2426 4602 episcopus,
2460 4534 2524 4587 ob
2550 4535 2799 4587 honorem
2820 4535 3200 4602 omnipotentis
3224 4537 3324 4588 Dei
3351 4549 3445 4586 nec
3470 4548 3576 4586 non

1871 4625 1920 4674 et
1951 4618 2189 4687 ejusdem
2219 4623 2398 4674 sancti
2424 4622 2697 4684 Maurilii,
2732 4626 2896 4690 atque
2922 4624 3289 4675 remissionem
3313 4622 3578 4692 peccami-

1873 4693 2004 4764 num
2028 4710 2225 4763 animze
2251 4726 2378 4772 suae,
2436 4725 2576 4763 anno
2629 4712 3024 4764 incarnationis
3075 4714 3367 4766 Dominicaz
3396 4711 3575 4766 adhuc

1869 4803 1931 4854 in
1959 4798 2066 4855 905
2106 4802 2156 4852 et
2185 4799 2549 4853 ordinationis
2584 4802 2924 4870 episcopatus
2953 4804 3043 4854 sui
3069 4803 3126 4855 in
3174 4799 3262 4872 25,
3297 4803 3434 4855 hanc
3473 4803 3578 4857 Vi-

1873 4900 1985 4949 tam
2005 4895 2146 4948 beati
2163 4895 2435 4961 Maur-ilii,
2449 4895 2679 4948 scribere
2694 4910 2756 4948 ac
2774 4896 3048 4962 requirere
3060 4896 3252 4963 jussit.
3270 4895 3576 4948 Archanai-

1871 4984 1974 5037 dus
2004 4984 2184 5036 sancti
2207 4982 2441 5036 Martini
2469 4982 2773 5053 discipulus
2803 4987 2850 5036 et
2873 4983 3134 5037 diaconus
3158 4983 3322 5051 jussu
3343 4984 3573 5053 prmfati

1871 5076 2058 5129 domni
2089 5075 2354 5128 Ita-inanis
2383 5076 2606 5144 scripsit
2645 5078 2694 5127 et
2723 5075 3033 5142 requisivit.
3069 5070 3212 5140 Quae
3241 5087 3373 5129 vero
3403 5070 3577 5129 fuerit

1871 5163 1969 5220 illa
1992 5163 2126 5230 vita,
2150 5161 2363 5218 indicat
2390 5163 2642 5219 domnus
2668 5160 2789 5217 Had
2802 5178 2996 5219 merus
3023 5161 3082 5218 in
3115 5161 3260 5218 libro
3289 5159 3435 5216 Vita:
3462 5157 3572 5231 ipsi

1871 5252 2177 5325 subjuncto
2205 5251 2276 5308 de
2306 5249 2622 5318 miraculis,
2658 5265 2788 5324 quae
2812 5252 3102 5316 modernis,
3128 5249 3335 5322 inquit,
3368 5255 3573 5320 tempo-

1868 5343 2022 5397 ribus
2072 5341 2448 5412 contigerant,
2503 5341 2563 5398 in
2628 5340 3001 5398 translatione
3050 5338 3266 5396 scilicet
3313 5339 3421 5396 sub
3468 5335 3616 5402 Ni-,

1871 5433 2026 5502 fingo
2054 5431 2318 5504 episcopo
2349 5431 2514 5501 facta,
2548 5430 2646 5488 ubi
2677 5430 2864 5488 Vitam
2904 5431 3068 5500 hanc,
3097 5443 3274 5502 quam
3303 5427 3411 5485 sub
3441 5424 3574 5484 libri

1869 5521 2044 5594 primi
2084 5519 2322 5579 nomine
2351 5521 2602 5592 dederat,
2633 5523 2816 5588 faceta
2847 5521 2984 5573 satis
3013 5518 3326 5574 urbanitate
3366 5535 3400 5572 a
3447 5531 3572 5572 suc-

1870 5609 2167 5664 cessoribus
2193 5608 2373 5665 sancti
2402 5605 2655 5666 Maurilii
2679 5606 2976 5676 empolitam
3005 5603 3185 5661 fuisse
3211 5603 3422 5661 diserte
3449 5616 3577 5676 pro-
