4040 6186
611 318 681 375 57
2148 307 2565 367 PREFATIO.

618 438 830 497 ﬁtetur.
860 437 1024 495 Adde
1053 452 1170 494 non
1210 452 1388 509 pauca
1419 437 1483 494 in
1516 437 1625 494 hac
1659 434 1788 493 Vita
1818 450 2135 503 occurrere,
2183 435 2604 506 quaAsc0pus
2629 428 2920 502 aliquisin
2948 426 3271 485 Brivatensi
3294 426 3421 486 vico
3446 425 3718 501 sedisset;
3745 429 3860 487 alio
3892 432 3898 488 l

617 525 877 599 Gregorii
906 531 1007 582 aut
1038 524 1334 583 Fortunati
1370 525 1523 583 atati
1555 531 1610 582 et
1637 524 1829 597 genio,
1863 529 1928 579 ut
1963 523 2087 580 fuse
2113 520 2315 594 probat
2393 523 2463 579 de
2508 520 2769 594 episeopo
2800 518 3144 587 Turonensi,
3184 518 3286 590 qui
3324 524 3463 575 tunc
3514 516 3831 591 Gregorius
3862 536 3897 577 e1

609 616 933 683 Launoius,
969 622 1286 687 competere
1325 631 1438 673 non
1483 621 1741 687 possunt.
1777 614 1867 670 Ab
1898 620 2137 685 utraque
2174 612 2311 668 item
2393 613 2563 670 modo
2606 611 2824 681 scribit,
2881 627 2996 683 quo
3044 626 3159 667 non
3217 610 3538 682 scripsisset
3594 610 3718 683 ipse
3770 611 3898 685 Gre;

611 703 1083 775 distinguendam
1123 719 1245 761 esse
1276 704 1535 775 ejusdem
1566 702 1745 760 sancti
1775 701 2032 759 Maurilii
2060 700 2251 757 Vitam
2278 716 2312 756 a
2392 702 2653 776 Denique
2687 702 2812 759 hac
2841 702 2981 771 vita,
3034 702 3121 759 uti
3145 716 3216 757 ex
3248 701 3373 772 ejus
3404 700 3639 774 prologo
3672 709 3839 774 patet,
3894 723 3898 759 ξ

606 789 965 863 Magnobodo
995 790 1256 864 episcopo
1284 791 1689 864 Andegavensi
1714 800 1981 864 scriptam
2009 806 2079 847 ex
2110 789 2310 847 eodem
2392 802 2498 863 est,
2527 802 2590 850 ut
2620 792 2678 850 in
2711 792 2854 850 festo
2904 792 3086 849 sancti
3129 790 3326 848 Aradii
3374 790 3775 849 anniversario
3816 791 3898 864 leg

607 880 885 938 Hadmeri
925 880 1073 937 libro
1102 880 1398 938 discimus.
1426 881 1493 937 Et
1523 880 1759 953 quidem
1786 881 1909 937 hac
1934 879 2164 937 diversa
2187 894 2310 935 om-
2392 882 2453 940 in
2484 888 2774 939 conventu
2809 881 3093 937 ﬁdelium.
3115 878 3259 948 Qua
3280 879 3498 949 omnia,
3528 888 3584 936 et
3606 879 3720 937 alia
3739 896 3871 952 qua

604 971 749 1029 nino
796 978 983 1029 exstat
1028 987 1060 1027 a
1105 970 1331 1029 duobus
1360 972 1646 1045 prioribus
1701 972 1763 1028 in
1812 971 2004 1029 codice
2036 969 2312 1027 Vindoci-
2396 972 2549 1030 tibus
2569 980 2906 1042 occurrunt,
2932 972 3186 1028 induunt
3214 970 3398 1028 alium
3426 986 3459 1027 a
3488 969 3760 1042 Gregorio
3787 972 3897 1029 luis

606 1063 777 1119 nensi
804 1063 926 1135 jam
958 1061 1211 1132 laudato,
1250 1063 1351 1120 ubi
1386 1071 1441 1120 et
1471 1064 1576 1120 ista
1631 1063 1739 1120 sub
1766 1063 1875 1120 hoc
1923 1062 2090 1119 titulo
2133 1060 2310 1118 habe-
2388 1064 2484 1136 jus
2516 1062 2651 1120 vita
2683 1072 2996 1120 auctorem.
3052 1062 3222 1120 Hunc
3265 1071 3457 1119 tamen
3508 1062 3679 1135 paulo
3718 1072 3843 1135 post

605 1157 701 1208 tur
739 1170 750 1208 :
784 1154 846 1207 In
880 1154 1085 1208 Christi
1115 1154 1328 1206 nomine
1363 1169 1455 1220 ego
1495 1154 1869 1221 Magnobodus
1904 1154 2205 1223 episcopus,
2248 1167 2311 1205 ac
2392 1151 2619 1208 exitum
2652 1153 2965 1225 scripsisse,
2999 1158 3122 1208 tum
3158 1167 3231 1208 ex
3264 1150 3437 1208 rebus
3460 1149 3707 1207 narratis
3744 1149 3898 1224 collig

604 1243 656 1295 si
675 1246 945 1311 peccator,
976 1243 1229 1296 Ecclesia
1255 1242 1587 1309 Andegava,
1622 1242 1912 1295 secundum
1942 1241 2128 1296 titulos
2165 1242 2313 1294 Iusti
2395 1248 2514 1301 tum
2538 1258 2611 1299 ex
2639 1243 2820 1313 capite
2842 1244 3068 1313 ultimo,
3092 1242 3193 1299 ubi
3223 1250 3461 1299 testatur
3489 1258 3554 1299 ea
3580 1258 3715 1315 qua
3741 1259 3774 1299 a
3799 1258 3859 1300 se
3892 1261 3898 1299 ε

594 1331 903 1402 presbyteri
938 1333 1123 1387 Vitam
1155 1334 1333 1385 sancti
1358 1332 1709 1386 Maurilionis
1748 1331 1987 1400 episcopi
2013 1333 2062 1382 et
2101 1328 2312 1394 con/es-
2392 1338 2531 1387 sunt
2562 1331 2711 1387 intra
2736 1348 2973 1402 paucum
3006 1338 3213 1404 tempus
3252 1332 3577 1402 contigisse.
3616 1329 3778 1388 Unde
3811 1346 3897 1388 cor

600 1423 761 1487 saris,
794 1425 856 1474 ut
882 1423 1165 1474 rusticitas
1210 1437 1327 1475 mea
1378 1421 1511 1487 fuit,
1558 1421 1884 1489 simpliciter
1925 1419 2215 1488 planeque,
2249 1422 2312 1472 ut
2394 1420 2578 1477 multo
2612 1421 3007 1478 numerosiora
3038 1421 3157 1478 fore
3183 1437 3313 1494 qua
3354 1421 3415 1478 in
3458 1427 3752 1494 posterum
3778 1421 3898 1477 SCI‘il

596 1510 776 1577 potui,
822 1510 1117 1578 explicavi,
1168 1511 1225 1561 in
1273 1525 1414 1561 anno
1459 1507 1523 1580 1t)
1560 1508 1924 1561 ordinationis
1968 1524 2115 1577 mea,
2157 1513 2208 1562 et
2254 1510 2309 1561 in
2387 1528 2489 1583 per
2510 1514 2738 1582 prolixa
2763 1517 2947 1583 spatia
2982 1521 3299 1585 temporum,
3333 1528 3469 1586 qua
3493 1513 3898 1585 subsequentm

602 1613 745 1651 anno
800 1595 867 1653 36
913 1600 1189 1668 principis
1242 1599 1416 1651 nostri
1457 1596 1643 1651 damni
1689 1597 1956 1652 Chlotarii
2008 1599 2173 1664 regis,
2203 1597 2311 1665 ﬁlii
2392 1598 2715 1671 frequentia
2739 1602 2809 1659 ad
2842 1602 3023 1659 sancti
3051 1604 3291 1658 tumbam
3325 1604 3529 1659 fierent
3559 1601 3898 1661 miracula.l

604 1688 900 1758 Chilperici
920 1691 1087 1756 regis.
1116 1687 1180 1744 1d
1203 1693 1288 1743 est
1306 1701 1460 1743 anno
1481 1701 1615 1743 ara
1638 1684 1971 1743 christiana
1992 1684 2119 1755 619,
2136 1683 2308 1757 paulo
2390 1695 2588 1745 autem
2616 1689 2891 1746 omnibus
2935 1690 3202 1763 colligere
3236 1691 3386 1755 licet,
3416 1691 3598 1748 sancti
3644 1690 3892 1748 Benedic

599 1784 725 1849 post
753 1776 1015 1849 Gregorii
1046 1776 1227 1835 nostri
1256 1776 1500 1835 obitum.
1526 1776 1667 1834 Hac
1695 1781 1888 1834 autem
1919 1775 2091 1848 paulo
2117 1774 2368 1854 fusiusB
2388 1776 2585 1847 gulam
2608 1780 2730 1851 jam
2752 1788 2907 1850 tunc,
2936 1779 2993 1836 id
3034 1789 3117 1837 est
3148 1780 3363 1838 saculo
3389 1788 3551 1839 sexto
3580 1781 3826 1851 labente,
3856 1797 3897 1837 al

600 1869 839 1922 tractare
869 1864 1065 1923 visum
1094 1872 1195 1936 est,
1221 1866 1376 1939 quod
1397 1866 1637 1938 epistola
1660 1867 1769 1925 sub
1791 1865 2050 1937 Gregorii
2072 1865 2307 1922 nomine
2390 1868 2466 1925 tio
2492 1872 2804 1942 sequentis,
2829 1872 2891 1927 in
2910 1872 3255 1929 monasterio
3270 1874 3549 1930 Atanensi
3584 1882 3868 1947 receptam
3896 1923 3897 1929 η

599 1953 835 2026 vulgata
865 1955 1079 2026 passim
1130 1955 1429 2027 pramissa
1467 1961 1725 2014 occurrat
1753 1954 1901 2011 Vita
1931 1955 2110 2011 sancti
2138 1952 2305 2011 Mau-
2388 1974 2562 2033 quam
2593 1961 2734 2018 adeo
2766 1961 3112 2019 familiarem
3142 1962 3344 2021 habuit
3388 1964 3485 2021 ille
3521 1971 3738 2023 auctor.

597 2041 739 2112 rilii,
779 2059 912 2116 qua
948 2044 1161 2101 multas
1192 2061 1282 2102 res
1309 2061 1343 2102 a
1376 2046 1615 2103 veritate
1640 2045 1860 2104 alienas
1886 2046 2304 2118 complectitur,
2459 2047 2548 2105 82.
2586 2048 2782 2108 Unum
2813 2057 3072 2124 superest
3107 2051 3549 2124 inquirendum,
3593 2068 3668 2109 an
3709 2053 3898 2110 scilice

599 2135 656 2188 et
683 2130 925 2189 celebris
950 2132 1095 2189 facta
1127 2140 1210 2189 est
1257 2132 1330 2190 ob
1373 2134 1825 2190 controversiam
1858 2133 1927 2191 de
1958 2133 2139 2190 sancti
2192 2134 2306 2192 Be-
2391 2134 2589 2207 gorius
2640 2144 2830 2195 noster
2878 2138 3231 2197 (lhronicum
3286 2140 3521 2215 aliquod
3576 2141 3898 2215 conscripse

596 2219 718 2276 nati
750 2221 1170 2278 resurrectione
1205 2220 1297 2277 his
1337 2222 1689 2293 temporibus
1732 2228 1947 2279 natam.
1981 2221 2146 2289 Quod
2195 2222 2306 2279 mi-
2391 2224 2666 2295 Historia,
2697 2242 2872 2299 quam
2912 2243 2987 2285 ex
3030 2244 3095 2286 eo
3128 2230 3432 2299 habemus,
3467 2231 3784 2300 diversum,
3810 2240 3873 2288 ut

599 2307 866 2396 raculum
917 2308 1188 2366 nonnulli
1246 2308 1504 2381 Gregorii
1555 2311 1890 2367 auctoritate
1935 2310 2308 2381 comprobare
2394 2315 2661 2374 videntur
2704 2318 2975 2376 nonnulli
3021 2319 3230 2377 media
3274 2322 3458 2379 atatis
3499 2330 3776 2391 auctores,
3819 2338 3892 2396 qu

600 2395 792 2453 conati
828 2398 1085 2468 fuerunt,
1125 2397 1259 2455 licet
1288 2414 1321 2455 a
1352 2398 1667 2455 Fortunato
1696 2398 1975 2456 emissum
2012 2399 2204 2467 fuerit,
2246 2408 2309 2459 ut
2393 2405 2748 2480 Sigibertum
2794 2408 3265 2467 Gemblacensem
3299 2412 3646 2468 monachum
3671 2395 3850 2468 aiunt
3880 2411 3897 2469 (

599 2488 772 2545 modo
799 2488 1155 2558 dicebamus,
1185 2497 1240 2546 et
1272 2505 1389 2546 non
1417 2489 1696 2546 referatur
1719 2505 1752 2546 a
1783 2488 2161 2561 Magnobodo.
2197 2490 2309 2547 Iste
2392 2496 2546 2553 rium
2571 2513 2748 2569 parvo
2774 2496 2972 2555 libello
2998 2500 3250 2571 primum
3276 2499 3575 2557 historiam
3610 2501 3897 2568 breviasse,

598 2585 792 2635 tamen
850 2586 1041 2636 narrat
1097 2578 1403 2637 mulierem
1459 2579 1767 2654 quamdam
1836 2580 2089 2637 sterilem
2158 2580 2309 2638 beati
2390 2588 2755 2658 postmodum
2784 2588 3049 2645 diffusius
3077 2604 3285 2646 novem
3334 2589 3495 2646 libris
3533 2588 3898 2660 digesseritp

597 2667 988 2736 Maurilionis,
1033 2669 1116 2726 sic
1158 2670 1319 2727 enim
1356 2686 1583 2742 semper
1621 2686 1757 2728 eum
1807 2672 2074 2744 appellat,
2124 2672 2308 2729 inter—
2390 2676 2564 2731 etiam
2605 2676 2901 2748 scripsisse
2940 2677 3308 2749 chronicum,
3339 2685 3445 2734 etc.
3505 2676 3616 2733 Sed
3670 2675 3758 2731 illi
3812 2691 3898 2732 aut

593 2767 774 2819 ventu
806 2760 1181 2831 obtinuissea
1213 2762 1328 2820 Deo
1366 2762 1576 2834 lilium,
1606 2763 1711 2835 qui
1758 2771 2063 2836 postquam
2111 2763 2307 2821 Eccle-
2390 2770 2456 2822 ut
2479 2765 2747 2822 observat
2782 2766 3061 2837 Valesius,
3094 2766 3239 2825 libro
3291 2778 3377 2824 xv
3420 2780 3615 2823 rerum
3666 2764 3898 2822 Francic

596 2851 700 2909 sia
729 2851 1101 2923 Calonnensi,
1122 2853 1223 2910 ubi
1262 2852 1569 2912 Maurilius
1594 2854 1851 2927 degebat,
1874 2854 1977 2912 diu
2004 2854 2301 2928 presbyter
2385 2868 2571 2913 unum
2601 2862 2657 2913 et
2684 2856 2836 2913 idem
2868 2872 3013 2931 opus
3047 2856 3121 2913 ob
3152 2856 3305 2914 tituli
3332 2855 3665 2914 varietatem
3694 2858 3755 2912 in
3793 2873 3893 2912 var

596 2940 909 3011 serviisset,
944 2942 1172 3000 tandem
1208 2942 1319 3015 ipsi
1352 2944 1413 3000 in
1450 2944 1781 3017 episcopatu
1809 2944 2166 3003 successerit.
2383 2944 2628 3014 dicibus,
2660 2944 2778 3002 duo
2798 2962 2923 3003 esse
2945 2947 3175 3004 diversa
3205 2946 3435 3003 incaute
3464 2952 3835 3001 censuerunt.
3882 2944 3898 3001 l

666 3028 755 3088 81.
782 3030 973 3088 Vitam
1002 3033 1184 3090 sancti
1205 3034 1404 3091 Aredii
1432 3034 1657 3091 abbatis
1683 3035 1995 3092 Atanensis
2022 3032 2301 3108 Gregorio
2382 3033 2540 3090 enim
2562 3042 2647 3090 est
2682 3033 2933 3092 Historia
2973 3034 3253 3105 Gregorii,
3286 3049 3417 3109 qua
3453 3033 3515 3090 in
3556 3034 3849 3090 veteribus
3870 3051 3898 3090 a

601 3115 929 3174 Turonensi
963 3119 1259 3191 tributam,
1290 3122 1463 3179 aliam
1490 3120 1563 3178 ab
1593 3136 1660 3179 ea
1692 3138 1824 3196 qua
1853 3120 2111 3187 saculot
2144 3124 2301 3179 Aclo-
2331 3125 2748 3219 Cmembranis
2775 3126 2884 3183 sub
2917 3128 3041 3201 ejus
3070 3126 3304 3184 nomine
3333 3129 3580 3180 Historia
3612 3127 3898 3180 ecclesiastt

600 3223 734 3265 rum
776 3214 1105 3267 sanctorum
1138 3209 1371 3269 Ordinis
1426 3210 1783 3269 Benedictini
1828 3210 1978 3267 edita
2009 3215 2118 3281 est,
2159 3208 2309 3267 eruit
2334 3208 2522 3271 “aliis
2543 3230 2677 3272 vero
2703 3218 3021 3272 Chronicum
3053 3221 3438 3287 nuncupatur.
3458 3216 3618 3271 tlerte
3648 3215 3898 3271 solebant

598 3302 793 3354 noster
820 3296 1071 3356 domnus
1093 3298 1389 3357 Johannes
1414 3299 1791 3357 Mabillonius
1811 3315 1843 3355 e
1867 3305 2090 3355 vetusto
2115 3296 2309 3355 codice
2391 3302 2502 3359 avi
2526 3312 2785 3361 auctores
2813 3306 3075 3361 Chronica
3118 3311 3217 3361 aut
3257 3306 3548 3360 Chronicas
3576 3303 3866 3375 appellare
3896 3354 3897 3357 η

596 3389 781 3445 sancti
807 3388 957 3446 Galli
985 3390 1045 3445 in
1083 3389 1366 3457 Helvetia,
1394 3406 1527 3462 qua
1555 3389 1793 3462 quidem
1846 3388 2122 3461 Gregorio
2154 3388 2311 3446 haud
2392 3395 2526 3463 rias,
2556 3394 2729 3451 etiam
2763 3395 3027 3463 fusiores,
3064 3411 3195 3468 qua
3236 3394 3405 3466 juxta
3451 3408 3737 3449 annorum
3766 3392 3897 3449 serit

595 3478 838 3551 indigna
876 3479 1126 3548 videtur,
1153 3495 1258 3537 nec
1296 3481 1552 3538 multum
1588 3481 1660 3537 ab
1715 3480 1844 3554 ejus
1871 3482 2044 3554 genio
2067 3481 2259 3538 aliena
2293 3499 2305 3539 :
2393 3483 2619 3557 scripta
2646 3491 2807 3541 erant
2834 3503 2845 3542 :
2880 3484 3033 3558 quod
3062 3483 3350 3542 sexcentis
3379 3483 3661 3556 exemplis
3685 3483 3848 3541 facile
3868 3499 3898 3554 p

595 3566 710 3624 nisi
748 3568 902 3639 quod
936 3567 1152 3641 aliqua
1182 3570 1421 3642 phrases
1454 3570 1516 3627 in
1547 3585 1613 3627 ea
1642 3571 1852 3642 passim
1905 3579 2209 3630 occurrant
2235 3586 2309 3627 ex
2391 3580 2602 3646 posset.
2654 3573 3017 3632 Breviarium
3056 3590 3211 3644 vero,
3241 3589 3344 3631 seu
3382 3573 3696 3630 Historiam
3740 3574 3898 3630 Franl

600 3653 878 3727 Gregorio
907 3656 1139 3730 Magno,
1168 3656 1349 3716 immo
1380 3664 1435 3715 et
1460 3674 1534 3716 ex
1563 3658 1713 3717 beati
1744 3658 2035 3718 Benedicti
2066 3660 2308 3733 Regula,
2392 3664 2806 3735 abbreviatam,
2846 3665 3002 3738 quod
3032 3681 3066 3722 a
3094 3665 3367 3739 Gregorio
3404 3664 3625 3723 editum
3658 3662 3898 3721 nonnull

601 3752 799 3803 contra
838 3746 1100 3819 Gregorii
1139 3764 1382 3821 morem,
1415 3757 1717 3808 mutuata.
1750 3751 1969 3808 Deinde
1998 3750 2311 3824 Gregorius
2393 3754 2560 3824 bunt,
2608 3753 2768 3812 aliud
2814 3770 2932 3811 non
2990 3760 3072 3812 est
3124 3754 3196 3811 ab
3230 3754 3492 3827 Epitome
3550 3752 3898 3825 Fredegarii,

597 3833 799 3890 Aredii
852 3834 1134 3893 miracula
1163 3843 1217 3893 et
1244 3853 1344 3921 res
1391 3844 1577 3910 gestas
1608 3839 1822 3910 passim
1863 3838 2131 3909 celebrat,
2166 3854 2307 3896 nus-
2394 3842 2610 3901 mirum
2642 3859 2758 3902 non
2789 3848 2876 3901 est
2902 3842 3175 3915 Gregorio
3192 3843 3372 3901 fuisse
3393 3844 3696 3911 tributum,
3720 3857 3849 3899 cum
3880 3857 3898 3899 ε

596 3940 773 3999 quam
801 3933 996 3985 tamen
1030 3926 1196 3986 illius
1220 3928 1370 3986 Vita
1398 3945 1432 3987 a
1469 3945 1528 3987 se
1557 3930 1803 4002 scripta,
1839 3932 1992 4004 quod
2023 3931 2166 3989 alias
2215 3946 2311 3988 so—
2395 3930 2585 3990 verbis
2625 3931 2867 3990 omnino
2900 3938 3141 4003 constet,
3182 3933 3423 4005 ejusque
3478 3947 3716 4003 nomen,
3749 3938 3805 3989 et
3832 3947 3897 3989 ea

596 4014 696 4087 let,
741 4016 863 4090 ipse
911 4018 1197 4077 meminit.
1260 4019 1539 4088 Quamvis
1591 4021 1897 4079 momentis
1945 4021 2071 4079 istis
2109 4020 2312 4094 reponi
2392 4036 2458 4079 ac
2503 4021 2627 4094 ipsa
2665 4020 2919 4078 Historia
2965 4020 3388 4093 praefationem,
3445 4026 3501 4078 et
3542 4020 3777 4093 quidem
3807 4020 3898 4078 sul

598 4107 795 4182 possit,
828 4107 1172 4181 Gregorium
1209 4112 1358 4170 hanc
1393 4111 1582 4170 Vitam
1613 4120 1738 4186 post
1775 4129 1948 4173 suum
2002 4129 2075 4172 ex
2108 4113 2313 4173 itinere
2393 4112 2526 4169 dem
2566 4110 2827 4184 Gregorii
2860 4116 3114 4179 nomine,
3150 4110 3436 4184 praferat.
3470 4109 3684 4168 Eadem
3711 4111 3830 4168 fere
3868 4111 3898 4166 fc

599 4194 859 4254 Romano
884 4198 1132 4255 reditum
1162 4199 1488 4272 scripsisse;
1516 4201 1871 4275 proindeque
1900 4202 2047 4260 nihil
2065 4203 2309 4261 essemi-
2397 4200 2506 4259 fuit
2556 4199 2709 4269 libri,
2757 4199 2859 4274 qui
2912 4202 3073 4257 Gesta
3115 4204 3445 4257 Francorum
3479 4200 3838 4269 inscribitur,
3873 4216 3898 4257 a

596 4302 755 4358 rum,
792 4288 840 4344 si
866 4288 925 4345 in
956 4288 1087 4346 aliis
1114 4291 1385 4362 operibus
1431 4307 1563 4364 qua
1589 4299 1757 4349 antea
1784 4300 2144 4365 exaraverat,
2176 4294 2313 4352 nul-
2394 4306 2573 4364 nymo
2600 4296 2831 4348 auctore
2859 4291 3100 4348 exarati.
3134 4290 3244 4347 Hic
3282 4290 3495 4363 quippe
3526 4290 3587 4346 in
3619 4289 3889 4347 omnibus

599 4374 717 4432 lam
762 4375 904 4433 Vita
937 4377 1119 4434 sancti
1149 4378 1349 4435 Aredii
1383 4379 1577 4437 fecerit
1607 4381 1980 4452 mentionem,
2004 4383 2314 4456 loquendi-
2396 4379 2690 4437 codicibus
2716 4378 2975 4453 Gregorii
2996 4394 3207 4435 nomen
3236 4379 3484 4451 prafert,
3508 4378 3663 4450 quod
3692 4394 3765 4434 ex
3792 4377 3898 4449 ipsi

602 4482 717 4542 que
742 4466 945 4524 modos
966 4465 1229 4538 Gregorii
1253 4468 1449 4539 magni
1481 4483 1595 4525 non
1617 4468 1982 4528 adhibuerit:
2010 4472 2110 4545 qui
2130 4472 2377 4544 RomaD
2396 4470 2523 4542 ejus
2574 4467 2767 4525 verbis
2802 4476 2865 4526 ut
2912 4468 3234 4542 plurimum
3264 4474 3568 4524 contextus
3596 4465 3687 4523 sit.
3724 4466 3866 4539 Ejus

596 4569 885 4622 reversus,
930 4553 1052 4620 ubi,
1107 4553 1255 4611 sicut
1301 4554 1371 4611 de
1406 4553 1507 4611 illo
1545 4571 1741 4614 rerum
1788 4558 2310 4620 ecclesiasticarum
2393 4565 2685 4615 auctorem
2720 4556 2789 4613 ad
2826 4556 3162 4613 Theoderici
3190 4554 3448 4612 Galensis
3494 4553 3880 4627 principatum

596 4642 994 4700 curiosissimo
1039 4643 1374 4717 indagatore
1417 4646 1702 4720 conjicere
1757 4647 1910 4718 licet,
1952 4650 2213 4725 Gregorii
2246 4652 2313 4709 li-
2392 4647 2545 4719 gisse
2574 4645 2815 4703 omnino
2846 4652 3067 4703 certum
3094 4652 3178 4702 est
3208 4659 3282 4700 ex
3315 4659 3507 4700 rerum
3536 4642 3682 4700 serie
3713 4658 3856 4715 quas
3884 4660 3897 4698 ι

595 4728 729 4786 bros
758 4728 997 4799 viderat,
1034 4731 1183 4788 sicut
1209 4740 1264 4789 et
1312 4733 1465 4791 beati
1504 4734 1800 4794 Benedicti
1840 4737 2140 4808 Regulam,
2178 4755 2310 4812 qua
2393 4735 2580 4792 Immo
2602 4742 2657 4791 et
2686 4735 2741 4790 in
2762 4734 2955 4791 codice
2973 4734 3155 4791 sancti
3178 4732 3429 4796 Remiﬂii
3456 4731 3821 4802 RhemCDSiS,
3851 4736 3897 4790 Α

590 4817 711 4891 jam
746 4824 885 4875 tunc
927 4828 1044 4876 erat
1073 4820 1332 4891 celebris,
1363 4838 1565 4880 eorum
1607 4825 1885 4898 loquendi
1917 4842 2138 4885 morem
2168 4827 2307 4885 imi-
2391 4822 2472 4879 mi
2536 4822 2874 4894 Dionysiani
2922 4821 3070 4878 liber
3118 4820 3188 4878 de
3248 4820 3434 4878 Gestis
3482 4818 3785 4892 Dagoberti
3836 4819 3898 4877 Gl

599 4906 706 4963 tari
739 4907 1037 4979 potuisset.
1073 4908 1223 4967 Sunt
1247 4917 1440 4970 tamen
1468 4913 1583 4971 alia
1614 4914 1831 4972 indicia
1861 4932 1993 4989 qua
2024 4917 2309 4975 suadeant
2389 4912 2658 4985 operibus
2695 4912 2982 4970 accenseri
3016 4911 3262 4969 videtur.
3304 4910 3393 4968 Ibi
3431 4910 3644 4983 quippe
3695 4910 3865 4969 Gesta

596 4998 747 5057 hanc
782 4999 957 5057 vitam
997 4999 1271 5075 Gregorio
1306 5003 1675 5062 tribuendam
1712 5022 1829 5063 non
1864 5023 2008 5079 esse,
2046 5009 2143 5066 sed
2179 5024 2303 5066 mo-
2389 5019 2609 5071 corum,
2639 5001 2898 5075 Gregorii
2928 5002 3075 5059 liber
3118 5003 3343 5074 primus
3374 5018 3388 5069 ;
3425 5001 3776 5074 Anonymus
3809 5017 3898 5058 ver

600 5092 785 5149 nacho
815 5090 1005 5164 potius
1030 5092 1205 5151 alicui
1230 5094 1531 5164 Atanensi,
1558 5095 1661 5166 qui
1692 5111 1816 5152 eam
1843 5098 2205 5169 potissimum
2232 5116 2307 5160 ex
2390 5094 2671 5166 nvsianus
2700 5093 3039 5167 SimpliCitel‘
3068 5092 3216 5150 liber
3263 5090 3554 5149 secundus
3583 5090 3898 5164 appellatur

599 5177 861 5250 Gregorii
899 5180 1174 5251 operibus
1210 5180 1537 5252 collegerit:
1572 5181 1727 5253 quod
1755 5199 1958 5240 ausam
1996 5187 2308 5257 prabuerit
2388 5184 2533 5243 forte
2584 5184 2820 5242 nomine
2876 5182 3207 5240 Ecchardus
3253 5197 3463 5251 comes,
3522 5182 3623 5255 qui
3688 5181 3897 5237 Patrici;

597 5266 838 5337 posteris
875 5281 1003 5324 eam
1042 5266 1317 5341 Gregorio
1351 5267 1695 5325 ascribendi.
1738 5268 1867 5342 Ipse
1901 5272 2057 5328 enim
2090 5273 2307 5348 Grego-
2392 5273 2805 5330 monasterium
2832 5272 3104 5341 condidit,
3159 5273 3421 5329 Chronica
3470 5287 3635 5340 quam
3667 5271 3898 5338 Gregori;

596 5352 719 5411 rius
745 5354 1026 5413 Aredium
1052 5356 1264 5428 passim
1288 5356 1502 5425 laudat,
1527 5358 1770 5431 ejusque
1796 5357 1931 5416 vita
1952 5361 2307 5423 breviarium
2391 5366 2637 5419 ronensis
2661 5365 2795 5431 fecit
2825 5364 2991 5421 libros
3033 5366 3168 5421 duos
3212 5362 3275 5420 in
3334 5366 3669 5420 testamento
3702 5376 3809 5419 suo
3846 5377 3898 5419 cc

596 5442 897 5519 descripsit
920 5447 1032 5505 sub
1061 5446 1238 5504 ﬁnem
1264 5446 1399 5503 libri
1438 5458 1483 5503 Χ
1511 5445 1806 5507 Historia.
1835 5449 1903 5506 Et
1926 5451 2166 5524 quidem
2193 5455 2305 5513 mi-
2391 5458 2594 5509 morat.

596 5535 795 5594 racula
817 5552 955 5611 qua
982 5536 1120 5595 vita
1144 5536 1326 5595 sancti
1354 5535 1556 5595 Aredii
1594 5536 2053 5613 subjunguntur,
2085 5544 2306 5618 stylum
2461 5542 2551 5601 83.
2600 5541 2729 5600 Non
2784 5541 2925 5601 adeo
2984 5540 3151 5600 facile
3194 5547 3280 5601 est
3327 5542 3623 5618 assignare
3675 5548 3898 5617 tempus

598 5624 862 5699 Gregorii
892 5641 1010 5686 non
1040 5625 1291 5699 sapiunt.
1339 5625 1427 5685 Ita
1469 5625 1728 5701 loquitur
1764 5633 1963 5687 auctor
1990 5645 2056 5688 ac
2084 5630 2132 5688 si
2178 5632 2305 5705 epi—
2389 5631 2701 5706 Gregorius
2742 5633 3002 5707 singulos
3051 5634 3231 5695 libros
3274 5650 3308 5694 a
3356 5650 3419 5694 se
3448 5635 3631 5695 editos
3672 5637 3897 5709 conseri,
