4070 6186
169 334 228 389 119
1712 326 2125 387 Pn/EFATIO.
3602 344 3675 405 70

164 462 251 513 aut
275 459 429 511 certe
459 466 757 527 exponere
798 452 897 524 qui
930 450 1149 526 priores
1200 459 1300 511 aut
1351 454 1691 527 posteriores
1719 454 1791 510 ab
1815 454 1943 512 eoA
1963 467 2040 510 an
2087 454 2348 529 Gregorii
2403 456 2654 517 Historia
2696 466 3019 532 postremus
3070 465 3195 538 ejus
3252 465 3475 538 ingenii
3525 469 3675 528 fetus

165 545 287 601 editi
328 543 567 601 fuerint.
612 542 683 599 Et
710 541 971 615 quidem,
1026 550 1089 600 ut
1142 543 1365 615 opinor,
1401 560 1513 601 non
1544 560 1725 601 unum
1758 550 1881 616 post
1964 545 2184 601 censeri
2230 546 2450 605 debeat.
2510 549 2620 618 Qui
2661 567 2786 609 eam
2839 559 2973 611 ante
3019 553 3433 617 Miraculorum
3474 560 3671 632 libros,

166 635 399 690 alterum
441 632 661 688 librum
718 630 1051 688 absolutum
1102 632 1426 689 describere
1478 632 1734 702 curabat,
1780 631 1878 689 sed

162 721 505 795 quandoque
536 720 864 792 interrupta
900 720 1077 777 unius
1110 720 1375 793 opusculi
1428 721 1755 795 scriptione,
1788 720 1877 777 al-

164 820 338 867 terum
388 816 498 865 aut
538 808 865 879 inchoabat,
896 816 997 866 aut
1041 809 1163 882 jam
1195 810 1528 868 inchoatum
1568 810 1874 869 continua-

161 900 286 965 bat;
321 897 511 953 immo
551 903 606 952 et
645 896 1004 965 absolutum,
1054 898 1139 955 uti
1199 898 1417 955 censeri
1477 906 1711 972 poterat,
1748 898 1877 957 data

158 988 609 1060 opportunitate,
668 984 838 1041 novis
909 985 1156 1055 augebat
1225 986 1652 1045 additamentis.
1714 986 1877 1045 Certe

156 1094 281 1135 cum
317 1092 575 1133 suorum
610 1076 893 1133 librorum
947 1076 1252 1149 plerosque
1297 1078 1467 1151 juxta
1506 1078 1715 1135 classes
1755 1094 1885 1135 non

158 1177 505 1240 temporum,
522 1166 623 1221 sed
646 1164 1015 1222 materiarum
1037 1166 1312 1224 distribui
1331 1168 1590 1235 voluerit,
1610 1183 1744 1225 cum
1764 1168 1876 1240 pri-

158 1269 309 1311 mum
341 1250 583 1325 aliquid
612 1259 711 1307 aut
740 1248 799 1307 in
836 1252 1014 1307 veteri
1057 1254 1332 1325 qu0piam
1362 1252 1749 1310 instrumento
1782 1270 1872 1311 re-

159 1343 431 1417 periebat,
487 1348 593 1399 aut
638 1340 712 1397 ab
740 1339 873 1397 aliis
901 1340 1145 1398 relatum
1196 1342 1528 1415 accipiebat,
1582 1350 1683 1400 aut
1720 1350 1871 1401 certe

159 1438 386 1505 ipsemet
418 1430 549 1487 suis
575 1429 955 1502 perspiciebat
984 1430 1187 1497 oculis,
1213 1430 1361 1488 illud
1395 1431 1588 1488 statim
1620 1447 1725 1490 suo
1750 1431 1873 1490 loco

160 1537 256 1577 non
293 1519 611 1576 omittebat
663 1516 987 1575 describere
1039 1519 1101 1575 in
1155 1520 1337 1589 libris,
1381 1536 1523 1593 quos
1572 1520 1641 1577 de
1696 1520 1873 1577 simili

158 1616 520 1681 argumento,
553 1616 656 1665 aut
697 1608 818 1680 jam
848 1608 1169 1681 scripserat,
1202 1618 1305 1670 aut
1330 1612 1581 1670 scribere
1614 1613 1867 1685 parabat.

156 1701 282 1757 Hac
339 1699 730 1773 potissimum
771 1701 841 1756 de
896 1700 1057 1759 libris
1110 1702 1526 1762 Miraculorum
1560 1712 1713 1763 certa
1751 1722 1874 1763 esse

1962 634 2163 691 saltem
2196 638 2531 709 recognitos,
2562 641 2833 715 scriptam
2864 644 3041 701 fuisse
3072 646 3298 715 volunt,
3334 650 3449 706 huc
3484 650 3672 721 profe-

1960 730 2099 779 runt
2130 723 2319 795 ipsum
2349 726 2618 786 Historiae
2644 738 2889 799 textum,
2914 733 3013 808 qui
3048 735 3277 793 nonnisi
3309 738 3382 794 ad
3421 738 3484 797 16
3513 739 3673 797 Chil-

1961 811 2181 869 deberti
2219 814 2499 885 Junioris,
2541 819 2600 875 id
2640 828 2725 877 est
2758 821 2968 879 Christi
3010 824 3105 881 591
3144 840 3365 883 annum
3408 826 3671 899 perduci-

1960 906 2095 959 tur:
2134 918 2270 960 cum
2309 907 2628 963 econtrario
2660 909 2945 967 nonnulla
2987 912 3049 967 in
3091 913 3220 970 aliis
3260 915 3671 987 scriptionibus

1961 1000 2292 1063 narrentur,
2353 1011 2483 1068 quae
2546 998 2795 1055 triennio
2847 1006 2993 1070 post,
3046 1000 3103 1057 id
3157 1007 3242 1058 est
3292 1001 3353 1061 19
3407 1004 3669 1075 ejusdem

1958 1076 2309 1138 Childeberti
2357 1084 2505 1155 regis
2567 1100 2742 1154 anno,
2807 1085 2988 1145 immo
3040 1096 3093 1145 et
3140 1098 3265 1161 post
3312 1090 3668 1152 Guntramni

1958 1169 2202 1238 obitum,
2245 1174 2553 1240 contigere.
2597 1174 2813 1233 Verum
2853 1176 2957 1234 etsi
2997 1176 3258 1250 Gregorii
3308 1180 3558 1240 Historia
3599 1184 3663 1241 in

1955 1275 2109 1316 anno
2141 1261 2492 1320 Childeberti
2530 1264 2593 1321 16
2635 1266 2880 1335 desinat,
2916 1268 3067 1325 haud
3102 1276 3291 1327 tamen
3324 1271 3457 1330 inde
3496 1273 3664 1330 evin-

1954 1348 2105 1405 citur
2130 1364 2257 1406 eam
2300 1350 2404 1409 hoc
2436 1352 2555 1424 ipso
2583 1368 2737 1411 anno
2766 1362 3061 1413 exaratam
3098 1359 3273 1417 fuisse
3306 1379 3318 1418 :
3367 1377 3505 1418 cum
3535 1363 3663 1420 fieri

1955 1439 2226 1510 potuerit,
2271 1448 2333 1498 ut
2364 1442 2501 1499 huic
2535 1445 2693 1516 operi
2720 1461 2876 1503 anno
2907 1448 3042 1505 vitze
3087 1464 3209 1506 suae
3254 1450 3461 1509 ultimo
3490 1452 3659 1511 insu-

1954 1528 2118 1598 dans,
2179 1545 2514 1601 supremum
2565 1533 2722 1590 diem
2773 1534 2997 1605 obierit,
3051 1538 3391 1612 priusquam
3441 1556 3665 1599 annum

1954 1625 2281 1674 currentem
2309 1619 2604 1692 attigisset.
2631 1622 2791 1679 Certe
2819 1623 2878 1680 in
2909 1624 3179 1684 Historize
3208 1628 3451 1702 epilogo,
3486 1648 3661 1705 quem

1956 1704 2101 1761 forte
2141 1706 2341 1764 morbo
2372 1716 2689 1767 coarctatus
2736 1711 2986 1785 scripsit,
3026 1722 3229 1771 caetera
3267 1719 3465 1776 omnia
3498 1704 3670 1793 opera

155 1792 245 1847 vix
272 1792 607 1862 quisquam
646 1788 892 1846 inficiari
939 1799 1136 1863 potest,
1167 1809 1509 1867 quanquam
1540 1802 1593 1853 et
1616 1796 1931 1874 aliquemB
1957 1810 2062 1852 sua
2117 1804 2374 1854 recenset
2405 1816 2419 1867 ;
2471 1799 2531 1855 in
2588 1799 2718 1857 aliis
2762 1817 2897 1859 vero
2942 1802 3109 1861 libris
3137 1820 3309 1878 opera
3337 1824 3370 1865 a
3406 1824 3468 1866 se
3511 1788 3664 1868 edita

153 1883 292 1937 inter
344 1882 511 1953 ipsos
568 1879 833 1937 ordinem
891 1882 1107 1939 servari
1160 1898 1323 1956 posse
1376 1902 1491 1944 non
1533 1886 1868 1945 difﬁtemur.

154 1966 501 2039 Colligimus
526 1966 743 2040 quippe
773 1969 918 2027 duos
946 1969 1167 2042 priores
1196 1972 1265 2029 de
1292 1974 1474 2030 sancti
1498 1973 1730 2031 Martini
1759 1973 1871 2030 mi-

158 2055 361 2112 raculis
413 2054 625 2123 libros,
670 2067 802 2115 ante
848 2063 1083 2113 czeteros
1135 2074 1167 2114 a
1213 2057 1486 2133 Gregorio
1525 2062 1875 2134 conscriptos

158 2144 348 2213 fuisse,
388 2144 557 2217 quod
592 2143 651 2200 in
686 2145 825 2217 ipsis
853 2144 955 2202 alii
997 2146 1411 2206 Miraculorum
1442 2149 1575 2206 libri
1604 2166 1717 2207 non
1746 2149 1872 2207 lau-

156 2237 379 2294 dentur.
424 2236 609 2293 Liber
650 2236 721 2292 de
766 2236 891 2293 Vita
920 2237 1153 2295 Patrum
1190 2248 1381 2311 postea
1425 2240 1497 2297 ab
1527 2256 1593 2297 eo
1630 2242 1875 2297 conscri-

156 2336 298 2399 ptus,
338 2341 449 2381 seu
496 2326 693 2398 potius
738 2326 1040 2383 inchoatus
1075 2327 1250 2384 fuisse
1280 2328 1528 2397 videtur,
1566 2330 1672 2386 sub
1709 2328 1874 2386 titulo

156 2416 215 2472 de
256 2416 637 2485 quorumdam
666 2417 1065 2484 Feliciosorum,
1100 2432 1223 2486 seu,
1278 2424 1341 2474 ut
1381 2416 1482 2473 alii
1514 2417 1735 2474 codices
1767 2417 1873 2473 ha-

154 2508 301 2573 bent,
360 2510 775 2574 Religiosorum
834 2511 982 2564 Vita.
1040 2507 1233 2564 Primo
1295 2509 1450 2564 enim
1507 2508 1875 2580 paucioribus

154 2593 453 2650 constabat
487 2592 798 2664 capitibus,
824 2593 920 2650 sed
955 2594 1182 2651 tandem
1213 2610 1397 2669 usque
1434 2596 1504 2652 ad
1533 2595 1739 2667 viginti
1779 2612 1875 2651 ca—

156 2684 262 2755 pita
290 2700 405 2740 seu
454 2681 617 2739 Vitas
646 2684 912 2751 accrevit,
960 2700 1103 2756 quas
1148 2684 1433 2758 hodieque
1458 2685 1871 2757 complectitur.

156 2774 290 2832 Cum
344 2773 578 2831 librum
629 2773 701 2830 de
730 2773 923 2831 Gloria
951 2773 1270 2846 Martyrum
1308 2790 1608 2847 aggressus
1650 2783 1753 2845 est,
1783 2774 1877 2832 cui

159 2866 365 2923 librum
401 2865 478 2922 de
512 2864 841 2921 Virtutibus
872 2866 1054 2922 sancti
1108 2865 1351 2935 Juliani,
1394 2882 1568 2940 quem
1607 2864 1879 2923 nonnulli

1959 1900 2329 1955 enumerans,
2374 1886 2690 1945 Historiam
2738 1905 2855 1948 non
2898 1891 3113 1952 laudat.
3147 1894 3299 1965 Quin
3330 1902 3383 1953 et
3414 1897 3666 1957 Miracu-

1958 1972 2145 2031 lorum
2200 1974 2379 2033 libros
2420 1992 2485 2033 ac
2540 1977 2699 2036 Vitas
2732 1988 3061 2040 sanctorum
3087 2000 3120 2040 a
3149 2000 3209 2041 se
3240 1984 3419 2041 editas
3453 1987 3666 2058 passim

1957 2063 2018 2120 in
2058 2063 2310 2123 Historia
2352 2068 2548 2125 laudat
2577 2088 2587 2125 :
2618 2075 2675 2126 at
2718 2086 3009 2144 nusquam
3046 2072 3320 2132 Historim
3352 2076 3413 2133 in
3446 2078 3670 2136 cmteris

1956 2151 2121 2210 libris
2154 2155 2488 2212 meminisse
2515 2157 2742 2230 legitur.
2770 2160 2929 2228 Quod
2961 2178 3100 2218 sane
3122 2174 3534 2236 argumentum
3562 2176 3666 2239 est,

1957 2240 2042 2297 uti
2090 2243 2232 2299 mihi
2286 2244 2534 2314 videtur,
2570 2246 3021 2323 validissimum,
3062 2258 3299 2309 caeteros
3332 2254 3508 2313 libros
3535 2264 3668 2316 ante

1957 2328 2271 2386 Historiam
2298 2346 2329 2386 a
2364 2329 2639 2403 Gregorio
2668 2342 2935 2391 exaratos
2980 2335 3178 2394 fuisse.
3218 2338 3332 2396 Nec
3366 2338 3531 2413 juvat
3561 2358 3669 2416 op-

1956 2434 2167 2490 ponere
2216 2426 2387 2492 caput
2441 2421 2508 2478 3U
2558 2422 2692 2479 libri
2738 2423 2807 2481 de
2855 2424 3051 2483 Gloria
3093 2428 3521 2502 Confessorum,
3563 2433 3664 2491 ubi

1959 2505 2272 2576 Gregorius
2304 2508 2699 2568 Stremonium
2738 2511 3003 2583 laudans,
3040 2531 3175 2574 eum
3200 2518 3278 2574 ait
3324 2537 3357 2573 a
3406 2524 3665 2578 Romanis

1959 2600 2224 2668 episcopis
2254 2616 2371 2653 cum
2404 2601 2637 2656 Gatiano
2677 2608 2726 2656 et
2768 2606 2998 2674 reliquis
3044 2624 3176 2675 quos
3226 2615 3661 2678 memoravimus,

1958 2689 2017 2740 in
2066 2688 2279 2742 Gallias
2318 2689 2581 2743 directum
2631 2690 2825 2748 fuisse.
2882 2693 3113 2750 Etenim
3158 2696 3329 2767 paulo
3375 2700 3663 2772 superius,

1960 2776 2180 2835 scilicet
2225 2779 2407 2851 capite
2442 2780 2510 2836 ‘27
2564 2780 2634 2837 de
2672 2781 2933 2840 Martiale
2972 2786 3236 2859 episcopo
3287 2790 3663 2849 Lemovicum

1963 2870 2095 2942 egit,
2134 2887 2308 2943 quem
2346 2888 2379 2929 a
2420 2874 2679 2929 Romanis
2708 2874 2950 2934 missum
2988 2886 3286 2935 memorat.
3319 2878 3665 2954 Dionysium

156 2958 484 3015 secundum
508 2956 584 3012 de
609 2954 805 3013 Gloria
822 2955 1140 3029 Martyrum
1162 2965 1521 3029 nuncupant,
1549 2956 1875 3028 subjunxit,
1962 2977 2098 3018 vero
2145 2960 2527 3018 Parisiensem
2569 2969 2625 3018 et
2673 2961 3055 3023 Saturninum
3081 2968 3199 3039 jam
3236 2966 3565 3027 laudaverat
3604 2972 3664 3029 in

158 3046 233 3103 uti
262 3063 338 3103 ex
374 3046 508 3118 ejus
540 3047 780 3118 prologo
805 3046 1107 3117 discimus,
1159 3047 1219 3104 in
1275 3062 1389 3121 quo
1419 3046 1633 3105 librum
1664 3061 1878 3119 prmce-
1961 3048 2112 3105 libro
2140 3061 2157 3105 I
2187 3050 2253 3103 de
2283 3050 2471 3104 Gloria
2496 3054 2824 3121 Martyrum.
2869 3052 3043 3111 Porro
3072 3054 3387 3115 Historiam
3420 3075 3533 3117 non
3569 3076 3661 3117 se-

154 3136 385 3195 dentem
429 3136 652 3195 laudat.
689 3136 775 3195 Ibi
817 3154 1045 3211 quoque
1092 3145 1446 3196 memoratur
1485 3137 1632 3195 liber
1670 3153 1940 3235 secun-c
1962 3137 2076 3233 mel
2108 3143 2164 3234 et
2190 3137 2365 3195 simul
2397 3154 2429 3194 a
2458 3138 2732 3235 Gregorio
2758 3141 2970 3235 editam
3000 3143 3174 3201 fuisse
3200 3146 3369 3203 multi
3402 3156 3659 3221 censent,

156 3226 257 3283 dus
286 3227 362 3283 de
396 3228 587 3283 sancti
612 3226 849 3283 Martini
871 3226 1203 3285 virtutibus.
1234 3226 1357 3295 Quo
1382 3233 1635 3299 tempore
1662 3226 1877 3283 librum
1899 3225 1940 3235 “
1962 3225 2363 3283 existimantes
2390 3226 2642 3298 primum
2671 3228 2743 3285 ab
2769 3244 2835 3285 eo
2864 3228 3041 3287 libros
3070 3248 3170 3288 sex
3201 3234 3438 3306 scriptos
3462 3236 3662 3309 fuisse,

159 3315 221 3371 de
247 3316 452 3374 Gloria
480 3314 896 3373 Confessorum
946 3315 1325 3385 inchoaverit,
1371 3316 1633 3373 divinare
1666 3314 1874 3373 1101111-

161 3416 265 3465 cet:
294 3415 355 3463 at
372 3423 537 3464 anno
555 3406 759 3463 saltem
784 3408 907 3477 588,
931 3406 1001 3464 ad
1026 3416 1195 3481 caput
1212 3424 1395 3481 usque
1421 3408 1489 3465 95
1520 3414 1874 3480 protractum

162 3497 335 3555 fuisse
363 3498 706 3570 colligimus
756 3514 831 3554 ex
882 3514 949 3555 eo
1001 3500 1155 3571 quod
1215 3499 1295 3556 ibi
1333 3500 1743 3569 Charimerem,
1778 3502 1876 3569 qui

157 3608 315 3655 nunc,
350 3590 579 3661 inquit,
613 3590 944 3647 (μ’ὴίιὰρὸπεί
973 3592 1635 3659 habeturreferendarius,
1660 3592 1871 3648 laudet.

156 3682 323 3739 Anno
374 3680 600 3738 etenim
651 3678 1002 3737 Cbildeberti
1050 3680 1133 3751 13,
1196 3680 1255 3737 id
1316 3688 1419 3751 est,
1472 3681 1684 3738 Christi
1747 3680 1873 3749 588,

156 3768 528 3826 Charimeres
575 3767 807 3839 Agirico
858 3767 1211 3825 Virdunensi
1259 3769 1541 3842 episcopo,
1576 3771 1699 3843 ipso
1734 3770 1874 3828 Gre-

154 3859 308 3927 gorio
344 3864 665 3914 attestante
698 3857 800 3914 lib.
833 3870 897 3915 IX
934 3858 1224 3929 Historias,
1252 3859 1434 3932 capite
1458 3860 1545 3928 25,
1582 3860 1872 3919 successit.

158 3943 369 4003 Eodem
412 3945 655 4001 fortasse
704 3953 953 4019 tempore
981 3946 1263 4003 scribebat
1292 3947 1510 4005 librum
1543 3948 1775 4005 tertium
1807 3948 1877 4005 de

154 4038 334 4093 sancti
367 4036 611 4093 Martini
660 4035 973 4107 Miraculis,
1004 4037 1065 4094 in
1099 4038 1265 4111 cujus
1296 4039 1478 4112 capite
1507 4039 1574 4095 2/1
1604 4040 1873 4111 Aredius,

153 4125 247 4197 qui
302 4142 385 4182 ex
430 4128 557 4197 ipso
608 4124 885 4197 Gregorio
932 4126 1077 4183 libro
1125 4138 1167 4184 Χ
1218 4126 1509 4197 Historim,
1558 4129 1742 4202 capite
1782 4127 1872 4198 29,

152 4232 308 4275 anno
348 4214 419 4274 16
454 4215 810 4273 Childeberti
842 4217 1011 4290 regis,
1087 4218 1145 4275 id
1199 4225 1284 4276 est
1322 4236 1476 4278 anno
1506 4219 1719 4277 Christi
1747 4218 1872 4290 591,

1961 3314 2177 3372 scilicet
2231 3314 2301 3371 ad
2351 3322 2594 3373 mortem
2640 3332 2830 3390 usque
2880 3318 3188 3391 Chilperici
3238 3322 3410 3395 regis,
3451 3325 3667 3394 quibus

1958 3404 2325 3477 postmodum
2351 3405 2494 3463 alios
2522 3412 2771 3480 quatuor
2801 3407 3103 3481 addiderit,
3138 3408 3332 3482 plures
3376 3412 3662 3487 editurus,

1956 3494 2006 3551 si
2056 3496 2109 3551 ei
2142 3496 2258 3552 vita
2296 3494 2632 3554 diuturnior
2656 3514 2689 3554 a
2716 3496 2830 3555 Deo
2872 3514 3139 3556 concessa
3175 3499 3392 3559 fuisset.
3429 3502 3493 3559 Id
3526 3518 3665 3562 sane

1958 3585 2199 3657 ipsemet
2236 3585 2546 3659 Gregorius
2581 3587 2881 3646 insinuare
2916 3589 3144 3647 videtur
3174 3590 3235 3647 in
3268 3592 3402 3649 libri
3432 3593 3660 3666 septimi

1956 3677 2210 3749 prologo,
2244 3678 2345 3734 ubi
2378 3679 2577 3736 innuit
2606 3680 2874 3738 animum
2900 3680 3007 3738 sibi
3037 3698 3161 3739 esse
3189 3680 3498 3741 Historiam
3525 3700 3668 3743 con-

1959 3764 2248 3836 tinuandi,
2302 3782 2479 3839 quam
2524 3767 2585 3823 in
2626 3768 2917 3841 prioribus
2968 3768 3133 3826 libris
3186 3786 3219 3827 a
3270 3787 3330 3828 se
3381 3772 3549 3829 editis
3596 3773 3667 3830 ad
3724 3780 3727 3781 ⁷

1959 3854 2269 3928 Cbilperici
2300 3857 2602 3915 interitum
2640 3859 2993 3931 perductam,
3030 3860 3335 3933 reliquisse
3363 3862 3668 3923 videbatur

1960 3944 2377 4016 imperfectam.
2404 3946 2726 4020 thuidem
2750 3947 3127 4020 Fredegarius
3153 3965 3267 4006 non
3280 3949 3473 4022 plures
3489 3967 3667 4024 quam

1961 4049 2065 4091 sex
2092 4033 2224 4092 illos
2263 4034 2479 4108 priores
2511 4035 2689 4093 libros
2728 4045 3093 4109 cognoverat,
3142 4038 3244 4111 qui
3290 4038 3668 4114 Chronicum,

1958 4140 2074 4198 quo
2104 4124 2364 4199 Gregorii
2390 4126 2705 4186 Historiam
2740 4128 3080 4187 continuare
3125 4136 3415 4200 statuerat,
3451 4147 3484 4187 a
3512 4130 3673 4189 Chil-

1959 4216 2135 4288 periei
2171 4225 2351 4275 morte
2382 4218 2695 4277 inchoavit.
2728 4217 3050 4290 Necplures
3072 4219 3666 4295 habuitAnonymus,

152 4309 315 4378 obiit,
350 4307 556 4365 adhuc
599 4308 800 4365 vivens
852 4308 1140 4367 laudatur.
1192 4308 1469 4379 Quartum
1508 4310 1757 4383 denique
1800 4310 1873 4367 li-
1962 4307 2065 4379 qui
2113 4307 2339 4380 scripsit
2371 4307 2539 4365 Gesta
2570 4309 2943 4366 Francorum.
2980 4307 3143 4366 Unde
3183 4311 3453 4383 quamvis
3502 4326 3668 4369 suam

154 4398 325 4454 brum
361 4396 440 4453 de
468 4396 731 4469 ejusdem
781 4397 960 4454 sancti
1016 4397 1308 4457 Miraculis
1345 4409 1478 4457 ante
1528 4417 1747 4459 annum
1777 4400 1879 4459 594
1963 4395 2353 4453 narrationem
2412 4397 2482 4453 ad
2548 4395 2885 4455 Theoderici
2954 4396 3209 4454 Calensis
3276 4399 3667 4471 principatum

152 4502 265 4542 non
300 4488 492 4542 fuisse
521 4486 852 4543 absolutum
882 4495 1121 4560 patetex
1151 4490 1316 4563 cujus
1333 4490 1513 4563 capite
1534 4490 1941 4563 quinto,ubi])
1968 4482 2319 4557 perduxerit,
2362 4490 2587 4541 narrata
2620 4490 2807 4541 tamen
2842 4483 3150 4556 Cbilperici
3181 4484 3355 4555 caede,
3386 4500 3499 4557 qua
3529 4501 3666 4543 sex-

157 4585 437 4632 narratur
486 4575 859 4646 miraculum,
922 4578 1079 4649 quod
1131 4578 1238 4635 hoc
1290 4580 1412 4652 ipso
1459 4595 1634 4648 anno,
1676 4595 1882 4653 nempe
1968 4581 2060 4631 tus
2099 4573 2359 4645 Gregorii
2408 4574 2554 4631 liber
2602 4573 2825 4642 finitur,
2882 4572 3114 4630 omissis
3162 4572 3387 4630 caeteris
3429 4590 3560 4647 qua;
3606 4576 3669 4632 in

154 4662 522 4720 Childeberti
558 4665 708 4736 regis
742 4666 806 4723 19
834 4666 1094 4738 contigit.
1143 4667 1273 4725 Post
1320 4669 1423 4725 1108
1453 4676 1644 4725 autem
1680 4685 1881 4726 omnes
1964 4672 2215 4737 quatuor
2245 4663 2612 4735 Gregorianze
2643 4662 2913 4719 Historiae
2959 4662 3340 4734 sequentibus
3394 4663 3558 4723 libris
3590 4665 3669 4723 le-

153 4755 336 4813 h'bros
384 4756 725 4823 recognovit
755 4756 966 4814 librum
1018 4758 1089 4814 de
1132 4758 1323 4816 Gloria
1359 4760 1785 4829 Confessorum,
1821 4760 1883 4816 in

149 4848 319 4919 cujus
378 4847 624 4920 prologo
663 4855 896 4903 czeteros
942 4846 1011 4903 de
1057 4849 1351 4907 miraculis
1402 4849 1706 4923 inscriptos
1754 4850 1884 4906 lau-

148 4938 263 4997 dat.
296 4938 470 4996 Vitas
504 4954 643 4995 vero
675 4937 893 5009 aliquot
922 4946 1249 4997 sanctorum
1286 4956 1430 5013 quas
1467 4942 1707 4997 seorsim
1739 4939 1881 4997 scri-

150 5035 366 5098 pserat,
417 5043 537 5085 non
586 5027 699 5082 nisi
747 5029 1023 5084 extremis
1064 5029 1197 5085 vitm
1247 5045 1368 5086 sum
1420 5029 1591 5087 annis
1624 5029 1770 5088 libro
1812 5028 1882 5086 de

156 5110 295 5170 Vitis
330 5112 761 5170 Feliciosorum
805 5112 1142 5185 adjunxisse
1185 5116 1532 5188 colligimus,
1566 5118 1718 5192 quod
1748 5117 1882 5175 istas

152 5203 373 5274 passim
409 5203 526 5258 sub
554 5201 885 5259 libellorum
929 5203 1266 5276 specialium
1316 5208 1496 5263 titulis
1528 5206 1760 5264 laudare
1791 5222 1880 5264 s0-

152 5292 277 5350 leat.
321 5292 439 5350 Sed
478 5292 707 5348 tandem
738 5306 937 5349 omnes
964 5294 1075 5351 sub
1101 5294 1271 5353 unico
1302 5300 1440 5353 Vitae
1466 5300 1693 5351 Patrum
1720 5296 1881 5354 titulo

148 5382 630 5458 comprehendit,
657 5382 851 5442 addito
886 5386 1136 5459 prologo,
1177 5387 1279 5460 qui
1315 5388 1601 5461 hodieque
1640 5389 1777 5446 huic
1810 5388 1880 5446 li-

152 5478 245 5535 bro
276 5475 583 5550 pragfixus
623 5475 853 5548 legitur,
886 5477 945 5536 in
990 5495 1107 5554 quo
1144 5479 1291 5538 liber
1321 5480 1391 5539 de
1421 5478 1615 5539 Gloria
1648 5479 1884 5539 Confes-

153 5584 359 5627 eorum
394 5574 783 5625 memoratur.

215 5660 308 5719 84.
354 5658 469 5717 Lis
507 5657 615 5717 fuit
649 5657 797 5715 inter
823 5662 1081 5716 auctores
1124 5658 1437 5719 nonnullos
1481 5659 1658 5734 hujus
1685 5660 1883 5720 saeculi

1968 4761 2208 4826 guntur,
2240 4752 2463 4809 bellum
2511 4751 2663 4807 inter
2709 4750 3142 4809 Childebertum
3199 4758 3254 4809 et
3285 4752 3669 4825 Chlotarium,

1969 4852 2286 4919 utrumque
2301 4843 2389 4901 sui
2420 4842 2675 4899 nominis
2691 4841 3033 4913 secundum,
3053 4842 3346 4913 describit,
3368 4844 3523 4918 quod
3548 4849 3677 4918 post

1966 4933 2317 4993 Guntramni
2355 4930 2504 5006 regis
2539 4939 2802 5001 mortem,
2851 4932 3192 5005 finitamque
3232 4932 3493 5005 Gregorii
3522 4932 3676 4990 inte-

1964 5042 2128 5099 gram
2160 5023 2472 5082 Historiam
2516 5029 2742 5096 gestum
2789 5037 2914 5080 esse
2966 5028 3203 5081 constat.
3241 5023 3399 5081 Hinc
3429 5024 3489 5079 in
3520 5036 3671 5080 non-

1966 5117 2147 5175 nullis
2206 5116 2501 5175 codicibus
2555 5116 2800 5189 scriptis,
2855 5116 3026 5172 etiam
3081 5113 3514 5183 vetustioribus,
3566 5128 3673 5170 sex

1966 5207 2324 5265 solummodo
2388 5207 2676 5264 habentur
2732 5206 3102 5279 Gregorianaa
3176 5203 3447 5261 Historias
3516 5202 3669 5259 libri.

1966 5296 2313 5370 Quanquam
2365 5294 2727 5354 Corbeiensis
2784 5302 2839 5351 et
2886 5290 3332 5359 Bellovacensis,
3395 5290 3499 5365 qui
3553 5306 3674 5348 non

1966 5388 2151 5445 multo
2193 5393 2318 5461 post
2362 5383 2623 5458 Gregorii
2662 5384 2886 5442 obitum
2938 5379 3136 5453 scripti
3186 5377 3477 5450 videntur,
3534 5378 3671 5438 libri

1966 5475 2196 5551 septimi
2234 5477 2621 5550 fragmentum
2648 5470 2985 5530 exhibeant.

2038 5569 2126 5629 85.
2180 5570 2368 5629 Pauca
2402 5571 2713 5627 occurrunt
2749 5565 2819 5623 de
2865 5561 3129 5637 Gregorii
3167 5559 3453 5623 librorum
3486 5560 3670 5621 titulis

1965 5659 2339 5721 observanda.
2370 5656 2755 5717 Historiarum
2784 5654 2919 5714 libri
2946 5654 3008 5712 in
3043 5653 3433 5714 vetustissimo
3467 5668 3672 5712 mona-
