4070 6186
369 299 432 357 71
1913 299 2328 360 PBJEFATIO.
3202 324 3216 344 κ
3797 304 3865 362 72

357 421 519 482 sterii
558 422 884 482 Corbiensis
921 421 1116 480 codice
1150 428 1399 481 Historia
1424 429 1810 482 Ecclesiastica
1836 429 2134 487 Franco-A
2151 425 2293 484 dum
2339 431 2422 485 est
2473 425 2892 500 investigandis
2948 425 3209 500 Gregorii
3264 425 3448 483 nostri
3503 423 3863 496 nominibus,

358 531 480 568 rum
508 514 928 571 inscribuntur.
964 511 1146 580 Quem
1189 515 1444 584 titulum,
1481 525 1676 589 utpote
1702 531 2066 590 germanum,

357 608 413 661 et
453 602 625 660 rebus
674 602 733 658 in
785 601 904 682 illis
951 602 1237 660 contentis
1290 605 1548 678 apprime
1605 605 2066 673 convenientem,

357 690 468 748 viri
557 690 768 748 eruditi
857 692 1080 749 caeteris
1159 692 1584 764 praeferendum
1644 701 1990 752 censuerunt
2052 711 2063 749 ε

355 795 534 853 quem
564 780 691 836 ideo
729 779 788 836 in
832 779 935 836 hac
960 786 1154 838 nostra
1193 783 1446 840 editione
1486 783 1884 842 adhibuimus.
1939 783 2068 840 Pio-

357 871 524 943 rique
563 869 663 926 alii
704 869 927 928 codices
976 872 1169 945 scripti
1210 889 1347 931 cum
1378 874 1547 932 editis
1585 875 1923 948 simpliciter
1965 879 2068 931 Hi-

358 963 586 1015 storiam
630 963 963 1015 Francorum
1013 960 1637 1034 appellant;nonnulli
1687 965 1825 1021 item
1875 964 2070 1038 scripti

359 1048 520 1103 Gesta
551 1050 900 1104 Francorum.
961 1048 1350 1122 Frequentius
1400 1067 1536 1109 vero
1582 1052 1735 1124 apud
1786 1053 2070 1124 sequioris

355 1135 540 1193 aetatis
569 1143 831 1193 auctores
873 1136 982 1194 sub
1036 1137 1341 1195 Chronicm
1388 1147 1487 1196 aut
1526 1139 1795 1197 Chronici
1831 1139 2068 1198 nomine

357 1226 688 1294 laudantur,
723 1233 783 1284 ut
803 1227 924 1299 jam
947 1243 979 1283 a
1010 1228 1175 1285 nobis
1200 1230 1567 1286 observatum
1599 1236 1704 1289 est.
1751 1230 2068 1304 Sequentes

358 1322 573 1387 septem
608 1314 784 1371 libros
817 1315 1112 1373 communi
1145 1316 1423 1374 vocabulo
1459 1319 1625 1373 libros
1651 1324 1853 1390 septem
1883 1322 2065 1375 Mira-

357 1407 601 1460 culorum
647 1406 896 1479 appellat
948 1406 1259 1480 Gregorius
1313 1408 1436 1482 ipse
1478 1408 1536 1465 in
1597 1409 1713 1465 line
1773 1409 2064 1478 Historiaa,

358 1496 573 1570 quibus
596 1503 650 1553 et
682 1496 1140 1554 nonnulli‘Vitas
1158 1497 1392 1556 Patrum
1408 1498 1733 1570 adjungunt
1752 1499 1860 1556 sub
1879 1496 2068 1556 octavi

359 1584 775 1643 Miraculorum
807 1584 938 1642 libri
964 1586 1222 1644 nomine.
1254 1588 1328 1644 At
1351 1587 1508 1644 hunc
1530 1587 1638 1644 sub
1663 1587 2070 1661 speciali,Vitae

358 1674 585 1728 Patrum
643 1671 809 1730 titulo
865 1689 898 1730 a
946 1673 1170 1731 caeteris
1221 1673 1528 1746 distinguit
1575 1672 1884 1744 Gregorius
1945 1671 2069 1730 loco

2151 530 2325 588 quem
2355 530 2388 571 a
2424 520 2583 586 patre
2613 513 2996 572 Florentium.
3037 513 3108 570 ab
3162 528 3270 570 avo
3311 510 3622 583 Georgium
3653 526 3865 582 cogno-

2153 605 2444 661 minatum
2470 603 2648 661 fuisse
2676 610 2915 662 constat.
2946 603 3291 677 Quanquam
3313 618 3386 660 ex
3412 602 3864 660 amanuensium

2151 692 2296 750 vitio
2320 708 2740 764 nonnunquam
2773 692 2942 765 paulo
2963 691 3128 749 aliter
3155 692 3279 749 haec
3302 689 3539 748 nomina
3561 690 3624 746 in
3645 690 3864 748 codici-

2151 784 2261 842 bus
2296 783 2504 856 scripta
2533 783 2940 840 inveniuntur.

2222 873 2325 931 III.
2352 904 2420 914 —
2443 872 2530 930 86.
2561 872 2803 930 Carolus
2841 869 3102 929 Cointius
3132 867 3587 942 congregationis
3615 867 3862 926 Oratorii

2155 961 2436 1022 Gallicani
2462 963 2776 1035 presbyter,
2812 961 2900 1018 vir
2931 961 3137 1034 pietate
3157 967 3211 1016 et
3243 957 3566 1015 eruditione
3595 956 3860 1026 celebris,

2153 1053 2409 1110 Annales
2440 1051 2862 1110 Ecclesiasticas
2884 1052 3238 1109 Francorum
3261 1050 3382 1124 jam
3411 1047 3483 1105 ab
3508 1048 3726 1121 aliquot
3752 1061 3864 1103 an-

2154 1144 2244 1202 nis
2273 1142 2587 1216 evulgavit,
2619 1144 2679 1198 in
2719 1158 2964 1215 quorum
3012 1142 3199 1215 primo
3243 1147 3297 1198 et
3338 1139 3517 1197 altero
3567 1136 3870 1195 volumine

2152 1231 2232 1289 ita
2275 1229 2537 1301 Gregorii
2588 1229 2770 1286 nostri
2829 1229 2995 1286 libris
3045 1245 3189 1288 usus
3241 1235 3344 1299 est,
3381 1235 3445 1285 ut
3500 1242 3615 1284 non
3673 1225 3864 1284 solum

2150 1320 2272 1377 loca
2321 1317 2542 1390 aliquot
2594 1317 2666 1373 ad
2715 1315 3120 1374 illustrandam
3176 1316 3367 1390 gentis
3419 1320 3630 1372 nostra:
3678 1313 3864 1370 histo-

2153 1408 2319 1478 riam,
2351 1412 2452 1465 aut
2491 1406 2918 1464 conciliandam
2965 1407 3138 1465 rebus
3169 1422 3202 1463 a
3232 1422 3292 1464 se
3322 1404 3572 1463 narratis
3607 1402 3862 1461 auctori-

2153 1503 2325 1554 tatem
2375 1495 2705 1568 adduxerit,
2763 1513 2970 1556 verum
3025 1497 3198 1555 etiam
3257 1496 3478 1568 integra
3517 1495 3641 1567 ipsa
3678 1494 3865 1566 capita

2151 1587 2366 1661 passim
2414 1587 2796 1659 descripserit.
2849 1589 2923 1646 At
2977 1604 3110 1646 cum
3160 1587 3225 1645 in
3275 1585 3593 1644 nonnullos
3641 1583 3865 1641 codices

2137 1665 2412 1750 scriptos,
2443 1684 2499 1735 et
2539 1675 2777 1750 quidem
2819 1678 3278 1753 antiquissimos,
3308 1677 3368 1734 in
3396 1675 3613 1748 quibus
3640 1672 3866 1747 aliquot

359 1761 610 1830 laudato,
636 1760 735 1818 ubi
759 1765 814 1818 et
849 1760 908 1817 in
930 1765 1191 1817 Psalterii
1216 1768 1511 1818 tractatum
1541 1762 1758 1822 librum
1781 1778 1988 1831 unum,
2017 1766 2070 1819 et
2086 1785 2132 1844 Β
2158 1767 2523 1839 vulgaturum
2547 1766 2866 1826 editionum
2892 1768 3074 1842 capita
3099 1768 3521 1836 desiderantur,
3546 1763 3862 1830 incidisset,

353 1850 606 1909 alterum
663 1851 731 1908 de
793 1854 1040 1908 cursibus
1084 1855 1464 1909 ecclesiasticis
1497 1870 1532 1910 a
1583 1869 1642 1911 se
1687 1853 1869 1910 editos
1913 1867 2071 1909 com-

361 1951 659 2000 memorat.
695 1942 977 2001 Czeterum
1011 1944 1163 2002 idem
1194 1943 1504 2017 Gregorius
1537 1943 1784 2016 singulis
1822 1943 2070 2000 Miracu-

361 2034 553 2092 lorum
583 2033 748 2091 libris
780 2049 956 2092 suum
1001 2050 1292 2107 quemque
1323 2033 1557 2092 titulum
1602 2032 1954 2104 peculiarem
1985 2036 2072 2088 at-

359 2123 566 2182 tribuit
610 2124 669 2181 in
711 2123 944 2197 prologo
979 2123 1115 2182 libri
1161 2124 1231 2182 de
1277 2124 1472 2183 Gloria
1509 2122 1938 2193 Confessorum,
1972 2120 2074 2179 ubi

360 2216 586 2289 primus
611 2217 679 2273 de
709 2214 1004 2272 miraculis
1039 2216 1267 2273 Domini
1302 2232 1368 2272 ac
1409 2222 1740 2272 sanctorum
1772 2213 2072 2286 Apostolo-

362 2320 494 2361 rum
532 2319 598 2361 ac
638 2304 1002 2378 reliquorum
1038 2302 1379 2376 Martyrum.
1410 2319 1543 2376 qum
1574 2304 1856 2360 hactenus
1885 2302 2070 2358 latue-

364 2398 511 2458 rant,
552 2391 808 2459 dicitur;
849 2390 1139 2448 secundus
1179 2391 1249 2448 de
1288 2391 1604 2448 virtutibus
1635 2390 1818 2448 sancti
1847 2389 2071 2447 Juliani

363 2479 649 2553 Martyris,
690 2494 865 2553 quem
919 2488 1186 2536 sanctum
1236 2482 1525 2551 specialem
1574 2497 1731 2534 suum
1778 2484 2072 2551 patronum

362 2583 790 2639 nonnunquam
840 2566 1109 2639 appellat,
1140 2566 1295 2639 quod
1336 2566 1393 2622 in
1429 2567 1555 2638 ejus
1593 2565 1830 2622 basilica
1867 2564 2071 2621 Briva-

363 2656 509 2715 tensi
540 2653 830 2713 enutritus
857 2651 1200 2726 aliquandiu
1253 2653 1489 2722 fuisset;
1523 2661 1770 2728 quatuor
1821 2668 2069 2726 sequen-

361 2755 445 2807 tes
472 2747 541 2805 de
573 2744 886 2803 virtutibus
914 2745 1098 2800 sancti
1119 2742 1355 2800 Martini
1381 2744 2072 2817 appellantur;septimus

362 2835 434 2893 de
467 2832 852 2910 quorumdam
882 2833 1266 2887 Feliciosorum
1295 2845 1421 2899 seu,
1448 2838 1513 2887 ut
1543 2830 1756 2887 habent
1804 2828 2074 2886 nonnulli

362 2927 604 2997 codices,
643 2927 1040 2993 Religiosorum
1075 2920 1231 2989 Vita;
1275 2920 1524 2979 ultimus
1569 2921 1820 2995 denique
1851 2921 1921 2977 de
1961 2919 2075 2976 mi-

368 3014 583 3073 raculis
621 3011 1051 3071 Confessorum.
1085 3009 1264 3067 Paulo
1290 3008 1458 3067 aliter
1490 3009 1589 3066 alii
1635 3008 1864 3066 eosdem
1901 3007 2076 3066 libros

363 3106 422 3164 in
471 3101 648 3162 variis
683 3099 979 3159 codicibus
1029 3098 1376 3157 inscribunt.
1423 3096 1677 3154 Priorem
1715 3097 1872 3154 enim
1926 3111 2073 3153 non-

361 3209 665 3267 nunquam
691 3193 889 3248 librum
917 3195 976 3246 in
1006 3191 1184 3260 gloria
1210 3205 1312 3247 seu
1340 3189 1405 3244 de
1434 3191 1616 3258 gloria
1641 3191 1953 3257 Martyrum
1973 3203 2072 3260 ap-

363 3283 598 3358 pellant,
634 3296 808 3356 quem
853 3280 1026 3337 etiam
1070 3277 1255 3352 aliqui
1295 3277 1550 3350 primum
1593 3276 1832 3344 librum,
1879 3283 1934 3334 et
1982 3292 2072 3333 se-

363 3378 636 3447 quentem
669 3370 739 3427 de
779 3367 839 3427 S.
868 3367 1121 3436 Juliano,
1156 3366 1373 3424 librum
1409 3364 1734 3422 secundum
1787 3367 1845 3419 in
1892 3366 2074 3432 gloria

359 3468 669 3534 Martyrum
695 3474 1030 3533 nuncupare
1060 3457 1263 3516 solent.
1301 3456 1396 3515 Sic
1423 3455 1596 3513 etiam
1629 3456 1776 3514 liber
1809 3460 1867 3511 in
1895 3457 2075 3524 gloria

362 3553 765 3612 Coufessorum
797 3550 987 3608 dictus
1014 3545 1284 3616 occurrit,
1326 3546 1429 3619 qui
1468 3545 1529 3602 in
1560 3545 1846 3603 Chronico
1893 3544 2074 3602 sancti

364 3640 613 3714 Benigni
638 3639 904 3696 laudatur
953 3636 1062 3694 sub
1091 3635 1258 3693 titulo
1291 3637 1421 3690 lib-ri
1459 3636 1525 3689 de
1555 3639 1691 3689 uiris
1738 3636 2069 3690 illustribus.

366 3730 647 3790 Nonnulli
669 3739 861 3788 autem
881 3725 1206 3801 posthabita
1224 3725 1486 3796 Gregorii
1512 3724 1815 3792 librorum,
1850 3725 1978 3781 licet
2003 3721 2075 3779 ab

363 3839 430 3882 eo
459 3824 582 3896 ipso
614 3822 774 3888 facta,
801 3819 1110 3888 divisione,
1140 3815 1316 3874 aliam
1349 3818 1704 3874 invexerunt
1735 3831 1871 3875 cum
1907 3815 2076 3874 novis

365 3914 569 3973 titulis.
605 3913 667 3970 Id
701 3914 762 3971 in
793 3912 986 3970 codice
1011 3907 1366 3968 Floriacensi
1405 3909 1477 3966 ab
1508 3909 1677 3966 annis
1706 3909 1933 3966 circiter
1970 3909 2074 3967 600

361 4013 593 4067 exarato
623 4003 1081 4072 observavimus,
1113 4001 1175 4059 in
1206 4017 1322 4075 quo
1361 4000 1616 4074 primum
1649 4001 1957 4059 exhibetur
1998 4000 2073 4057 li-

363 4098 463 4156 ber
488 4098 558 4155 de
598 4095 792 4154 Gloria
825 4091 1143 4166 Martyrum
1193 4092 1302 4150 sub
1358 4107 1463 4150 suo
1511 4091 1700 4160 titulo,
1755 4097 1879 4149 tum
1928 4091 2074 4149 Vitm

366 4185 599 4242 Patrum
631 4183 740 4240 sub
770 4180 936 4240 titulo
966 4179 1098 4236 libri
1126 4178 1364 4237 secundi
1401 4197 1412 4235 :
1465 4185 1591 4252 post
1621 4179 1777 4236 hunc
1828 4179 2072 4237 habetur

363 4274 511 4331 liber
551 4273 620 4329 de
650 4270 842 4330 Gloria
878 4269 1309 4339 Confessorum,
1351 4269 1454 4342 qui
1488 4267 1570 4325 ibi
1603 4268 1815 4326 dicitur
1856 4267 2070 4341 Grego-

362 4361 434 4420 rii
476 4358 835 4419 Turonensis
884 4358 1030 4415 liber
1070 4357 1290 4415 tertius.
1338 4358 1428 4413 An
1485 4359 1679 4429 plures
1722 4358 2070 4428 exstiterint,

2154 1855 2216 1911 in
2260 1854 2525 1911 animum
2567 1853 2804 1912 induxit
2833 1870 2898 1910 ea
2928 1858 3050 1926 ipsa
3090 1856 3161 1912 ab
3211 1853 3410 1925 aliquo
3459 1850 3864 1923 interpolatore

2155 1944 2522 2015 Gregorianm
2551 1943 2822 2001 Historiae
2869 1943 3061 2001 addita
3111 1943 3323 2014 fuisse;
3357 1941 3599 2015 ideoque
3637 1936 3864 2012 quoties

2153 2034 2348 2108 aliqua
2391 2034 2633 2090 recurrit
2674 2031 2915 2103 occasio,
2947 2049 3012 2090 ea
3054 2032 3250 2104 rejecit
3295 2029 3478 2088 veluti
3508 2029 3722 2102 spuria,
3761 2029 3865 2084 aut

2156 2131 2326 2194 certe,
2360 2122 2408 2180 si
2437 2121 2656 2180 exillis
2704 2121 2992 2179 nonnulla
3043 2121 3116 2179 ad
3165 2137 3286 2179 rem
3319 2136 3483 2178 suam
3533 2118 3763 2185 faciant,
3794 2130 3863 2172 ea

2157 2214 2265 2271 sub
2331 2211 2756 2286 interpolatoris
2800 2211 3036 2268 nomine
3085 2210 3318 2284 profert,
3348 2209 3513 2282 cujus
3551 2205 3861 2264 auctorita-

2155 2310 2268 2360 tem
2304 2303 2486 2360 multo
2516 2301 2866 2375 Gregoriana
2912 2301 3196 2371 minorem
3245 2316 3367 2358 esse
3399 2299 3607 2356 debere
3635 2303 3865 2355 conten-

2154 2395 2255 2452 dit.
2295 2393 2438 2451 Cum
2489 2409 2623 2450 vero
2670 2408 2785 2451 non
2840 2408 3024 2450 unum
3077 2391 3437 2450 solummodo
3484 2396 3585 2448 aut
3615 2389 3861 2446 alterum

2155 2494 2343 2558 caput,
2374 2485 2472 2542 sed
2513 2485 2810 2556 complura
2856 2483 3067 2555 passim
3118 2498 3219 2556 per
3267 2489 3439 2539 totam
3465 2479 3724 2550 Gregorii
3754 2477 3864 2534 Hi-

2157 2573 2389 2631 storiam
2421 2572 2676 2645 dispersa
2705 2588 2771 2628 eo
2821 2571 2989 2627 modo
3035 2569 3374 2642 interpolata
3405 2569 3580 2626 fuisse
3618 2581 3866 2624 censue-

2152 2663 2228 2719 rit
2257 2669 2312 2719 et
2343 2661 2631 2733 scripserit
2663 2660 2750 2717 vir
2779 2659 3072 2727 eruditus;
3108 2674 3222 2716 non
3249 2657 3394 2715 levis
3427 2656 3707 2714 momenti
3737 2670 3864 2712 esse

2155 2748 2348 2805 visum
2380 2754 2462 2804 est
2489 2762 2554 2803 ea
2585 2746 2654 2803 de
2683 2762 2744 2802 re
2774 2743 2961 2802 fusius
2987 2752 3041 2801 et
3091 2744 3414 2802 accuratius
3446 2743 3761 2816 inquirere,
3790 2755 3867 2798 ne

2155 2846 2256 2894 aut
2285 2837 2426 2894 falsa
2458 2852 2557 2909 pro
2589 2834 2830 2893 sinceris
2858 2834 3117 2907 Gregorii
3149 2835 3419 2907 operibus
3453 2833 3864 2903 obtrudantur,

2125 2979 2133 2989 .
2158 2935 2257 2984 aut
2286 2934 2434 2984 certe
2463 2943 2595 2983 vera
2624 2931 2678 2983 et
2712 2926 2964 2999 genuina
3013 2925 3265 2982 debitam
3285 2925 3524 2998 perdant
3551 2923 3865 2981 auctorita-

2160 3023 2294 3074 tem.
2332 3015 2400 3074 Ut
2428 3030 2561 3072 vero
2615 3014 2673 3071 in
2720 3013 3117 3087 expendendis
3173 3029 3237 3070 ea
3288 3013 3358 3070 de
3410 3029 3471 3070 re
3498 3011 3866 3084 argumentis

2091 3141 2135 3202 α
2158 3106 2325 3164 nulla
2372 3105 2702 3164 suboriatur
2734 3105 3016 3175 confusio,
3040 3105 3290 3161 rationes
3327 3120 3470 3178 quas
3511 3105 3608 3162 ille
3648 3105 3709 3162 iu
3738 3120 3866 3163 sum

2156 3196 2451 3270 opinionis
2500 3195 2885 3268 patrocinium
2937 3195 3190 3266 adducit,
3251 3195 3589 3266 singillatim
3645 3197 3867 3268 expen-

2157 3282 2362 3339 dendm
2399 3289 2553 3338 sunt.
2590 3282 2689 3338 Em
2731 3287 2867 3338 sunt
2907 3283 3146 3339 omnino
3193 3288 3307 3338 tres
3341 3305 3354 3337 :
3388 3280 3636 3354 primam
3667 3297 3741 3338 ex
3767 3297 3865 3340 co-

2158 3369 2354 3446 dicum
2385 3367 2901 3440 manuscriptorum
2930 3368 3268 3426 auctoritate
3289 3370 3518 3440 repetit;
3551 3366 3868 3425 secundam

2158 3475 2231 3518 ex
2264 3457 2604 3530 Fredegario
2632 3458 2888 3530 Gregorii
2927 3457 3138 3516 saiculo
3171 3457 3412 3530 septimo
3451 3457 3865 3529 epitomatore;

2159 3549 2384 3607 tertiam
2415 3548 2667 3621 denique
2695 3566 2768 3606 ex
2795 3550 2930 3623 styli
2962 3548 3310 3618 diversitate,
3345 3563 3410 3604 ac
3439 3547 3615 3605 variis
3643 3547 3870 3604 eventi-

2160 3637 2286 3704 bus,
2323 3637 2426 3712 qui
2463 3638 2522 3694 in
2554 3638 2841 3710 ejusmodi
2873 3637 3158 3710 capitibus
3184 3637 3535 3705 referuntur,
3566 3649 3710 3709 quos
3742 3641 3798 3690 et
3833 3649 3871 3691 a

2159 3727 2399 3785 veritate
2432 3727 2703 3785 historica
2737 3727 2980 3798 alienos,
3011 3735 3066 3784 et
3115 3727 3287 3800 plane
3333 3727 3572 3783 sinceris
3600 3722 3868 3796 Gregorii

2159 3816 2374 3874 fetibus
2416 3816 2703 3889 oppositos
2755 3824 2949 3874 censet
2978 3839 2990 3872 :
3023 3831 3156 3888 qua:
3184 3814 3418 3889 quidem
3445 3818 3787 3887 argumenta
3819 3811 3873 3868 si

2158 3907 2324 3966 nulla
2365 3923 2490 3964 esse
2543 3907 3152 3977 demonstraverimus,
3207 3913 3434 3964 corruet
3480 3905 3593 3963 viri
3652 3903 3872 3962 eruditi

2158 3996 2464 4067 sententia,
2507 3995 2792 4067 stabitque
2838 3995 3180 4054 inconcussa
3209 3992 3468 4068 Gregorii
3495 4008 3734 4068 operum
3771 3992 3871 4050 in-

2157 4086 2408 4159 tegritas.

2228 4174 2319 4231 87.
2377 4171 2612 4230 Codices
2668 4170 3035 4247 Gregoriana)
3098 4173 3370 4233 Historiae
3441 4175 3872 4248 manuscriptos

2155 4265 2395 4323 omnino
2447 4265 2710 4338 quinque
2765 4265 2875 4322 sibi
2927 4266 3080 4323 visos
3127 4266 3308 4324 fuisse
3348 4267 3428 4322 ait
3465 4264 3750 4333 Cointius,
3791 4281 3870 4323 ex

2156 4353 2369 4430 quibus
2398 4353 2602 4412 nullus
2632 4363 2734 4424 est,
2770 4353 2875 4428 qui
2899 4355 3178 4427 integram
3209 4355 3542 4421 Historiam,
3581 4353 3776 4426 qualis
3807 4354 3873 4412 in

363 4452 669 4510 observare
697 4465 813 4507 non
854 4448 1038 4517 licuit,
1073 4449 1295 4506 avulsis
1344 4464 1378 4505 a
1425 4448 1616 4506 codice
1647 4448 1799 4506 foliis
1827 4457 2137 4521 sequcn-D
2161 4445 2408 4517 vulgatis
2456 4451 2664 4515 exstat,
2699 4452 3088 4516 repraesentet.
3129 4444 3291 4514 Quod
3328 4445 3698 4501 manifestum
3760 4442 3876 4515 ipsi

364 4543 541 4600 tibus.
571 4541 655 4598 Ita
695 4541 756 4598 in
786 4540 980 4598 codice
1010 4539 1344 4597 monasterii
1396 4539 1578 4597 sancti
1608 4539 1874 4597 Audoeni
1920 4539 2073 4612 apud

363 4633 788 4704 Rothomagum
823 4631 1081 4702 ejusdem
1112 4628 1318 4697 aetatis,
1354 4636 1541 4688 exstat
1581 4630 1728 4688 liber
1755 4629 1967 4688 unicus
2000 4647 2075 4688 ex

363 4721 632 4796 capitulis
647 4721 867 4795 aliquot
897 4721 1179 4778 librorum
1197 4721 1266 4778 de
1289 4719 1484 4779 Gloria
1501 4719 1821 4793 Martyrum
1848 4726 1902 4776 et
1931 4719 2076 4778 Con-

365 4816 671 4881 fessorum,
728 4811 1064 4893 aliquotque
1128 4811 1275 4868 Vitis
1327 4810 1562 4868 Patrum
1616 4810 2067 4879 consarcinatus,

365 4904 474 4961 sub
532 4904 640 4960 hoc
693 4901 878 4968 titulo,
942 4903 1161 4970 Georgii
1212 4903 1476 4956 Florentii
1539 4901 1788 4969 Gregorii
1845 4903 2074 4956 Turonis

364 4995 604 5062 episcopi
654 4990 720 5044 de
779 4992 1068 5045 Miraculis
1120 4993 1430 5043 sancto-rum
1486 4988 1640 5041 liber.
1700 4986 1889 5044 Simili
1958 4987 2073 5045 fere

362 5078 532 5137 modo
555 5078 827 5153 permixti
850 5085 987 5134 sunt
1008 5077 1067 5133 in
1093 5075 1285 5133 codice.
1303 5073 1542 5145 Collegii
1571 5074 1912 5132 Parisiensis
1942 5074 2066 5133 Soc.

364 5167 500 5226 Jesu
548 5165 681 5224 libri
732 5183 832 5223 seu
878 5164 1066 5237 potius
1116 5163 1336 5235 aliquot
1382 5163 1631 5235 capitula
1676 5163 1961 5221 librorum
2003 5163 2073 5220 de

368 5255 562 5314 Gloria
594 5257 912 5329 Martyrum
945 5261 999 5310 et
1031 5252 1457 5318 Confessorum,
1491 5251 1601 5308 sub
1633 5251 1740 5308 hac
1770 5254 1939 5310 unica
1977 5253 2072 5310 in-

366 5344 675 5417 scriptione
729 5363 741 5400 :
801 5347 1001 5414 Incipit
1078 5343 1214 5396 liber
1269 5343 1598 5395 Miraculum
1655 5341 1873 5410 Georgii
1947 5344 2070 5398 Flo-

362 5436 531 5489 rentii
561 5433 808 5500 Gregorii
852 5434 1092 5503 episcoPi
1142 5433 1201 5485 in
1237 5431 1416 5498 gloria
1465 5432 1832 5501 plurimorum
1870 5436 2076 5501 marty-

366 5539 489 5580 rum
510 5536 611 5578 seu
642 5521 1056 5578 confessorum.
1082 5519 1193 5580 Sed
1221 5521 1348 5578 haec
1372 5518 1612 5576 minoris
1638 5525 1775 5577 sunt
1797 5519 2074 5578 momenti

371 5625 547 5686 quam
585 5615 650 5668 ut
674 5608 859 5669 fusius
889 5601 1324 5682 pertractentur.
1356 5607 1470 5666 Nec
1508 5607 1728 5668 diutius
1755 5607 2074 5668 immoran-

2158 4536 2388 4594 videtur
2416 4534 2882 4608 interpolationis
2914 4535 3193 4593 indicium
3229 4559 3241 4592 :
3285 4551 3418 4592 cum
3451 4535 3634 4593 multo
3661 4533 3876 4606 proba-

2159 4629 2337 4686 bilius
2386 4627 2679 4686 existimet
2733 4627 3000 4699 quaadam
3055 4627 3234 4684 fuisse
3288 4627 3361 4683 ab
3414 4625 3878 4698 exscriptoribus

2155 4719 2369 4785 addita,
2405 4733 2578 4792 quam
2620 4717 2844 4787 integro
2874 4725 2928 4774 et
2957 4732 3231 4788 germano
3261 4717 3418 4789 operi
3449 4716 3716 4773 detracta.
3754 4715 3878 4773 Ve-

2158 4823 2290 4866 rum
2317 4806 2449 4863 licet
2475 4807 2581 4862 hoc
2612 4814 3022 4878 argumentum
3052 4807 3209 4864 haud
3242 4806 3532 4863 immerito
3572 4806 3880 4863 validissi-

2159 4912 2320 4954 mum
2365 4893 2588 4953 Cointio
2637 4895 2830 4953 visum
2872 4895 2962 4963 sit,
3007 4895 3220 4969 quippe
3265 4895 3364 4967 qui
3409 4894 3634 4951 nullum
3686 4893 3879 4951 alium

2159 4987 2408 5045 codicem
2446 4985 2702 5043 novisset
2731 4985 3034 5058 integram,
3065 4993 3127 5043 ut
3157 4985 3217 5042 in
3244 4984 3412 5041 editis
3438 4984 3700 5054 habetur,
3735 4984 3881 5042 Gre-

2155 5075 2301 5148 gorii
2343 5072 2656 5131 Historiam
2707 5073 3117 5141 continentem,
3185 5072 3328 5130 illud
3387 5080 3577 5130 tamen
3640 5072 3880 5131 nullius

2156 5163 2432 5222 momenti
2481 5161 2622 5219 viris
2661 5163 2922 5231 eruditis,
2953 5168 3019 5219 ut
3044 5177 3228 5236 spero,
3248 5161 3556 5231 videbitur,
3579 5176 3711 5218 cum
3748 5177 3878 5218 non

2155 5254 2342 5313 solum
2376 5252 2597 5310 codices
2624 5253 2918 5311 codicibus
2962 5252 3420 5326 opposuerimus,
3454 5267 3658 5309 verum
3687 5253 3878 5309 etiam

2155 5343 2741 5403 demonstraverimus
2786 5343 3006 5400 codices
3052 5359 3168 5412 eos,
3217 5342 3319 5415 qui
3358 5341 3670 5399 Historiam
3711 5341 3878 5400 inte-

2154 5448 2315 5506 gram
2353 5431 2667 5500 continent,
2698 5431 2881 5489 multo
2917 5432 3148 5504 majoris
3179 5448 3302 5489 esse
3337 5431 3691 5489 auctoritatis
3732 5428 3880 5489 aliis

2157 5535 2301 5594 quos
2339 5535 2414 5577 ex
2451 5519 2573 5592 ipso
2625 5519 2796 5576 etiam
2840 5517 3062 5576 Cointio
3117 5519 3355 5577 mutilos
3406 5525 3460 5575 et
3497 5515 3879 5588 imperfectos

2158 5624 2280 5667 esse
2312 5607 2706 5682 probabimus,
2744 5613 2937 5680 utpote
2983 5608 3086 5682 qui
3128 5608 3439 5683 genuinam
3465 5605 3723 5679 Gregorii
3756 5605 3875 5665 Hi-
