4070 6186
513 227 581 287 ηε
1980 221 2378 278 ranarum.
3731 225 3806 281 ‘to

506 341 738 410 incaute,
768 353 824 398 ut
853 359 1051 398 nonum
1080 353 1134 397 et
1160 341 1425 398 decimum
1459 342 1710 397 Historiae
1755 340 2102 410 Gregoriana:
2129 341 2178 398 Α
2210 339 2277 392 tis
2305 338 2552 393 Historiae
2583 348 2870 405 amatores,
2907 341 3136 395 maxime
3166 342 3217 396 in
3251 342 3539 409 provinciis
3581 343 3649 396 ah
3699 344 3803 397 Ar-

505 430 678 488 irbroa
706 433 1027 498 confuderit,
1063 439 1119 488 ut
1149 433 1420 488 Chronico
1451 431 1757 498 Fredegarii
1788 431 1929 486 inter
1969 429 2101 485 Gre-

504 524 644 594 got-ii
663 538 825 595 opera
855 526 1033 580 locum
1064 527 1220 580 daret
1246 524 1346 579 sub
1378 525 1497 578 libri
1533 542 1560 579 x
1607 524 1855 579 Historia:
1891 523 2101 592 Grego-

511 617 682 672 riana
703 617 874 672 titulo.
909 617 1135 684 Quintus
1165 617 1399 686 denique
1425 617 1738 671 Cointianus
1767 615 1933 670 codex
1957 631 1988 671 e
2012 631 2100 670 re-

504 709 587 776 gia
631 708 953 764 bibliotheca
985 709 1071 763 vix
1100 719 1331 778 quatuor
1354 710 1519 762 libros
1547 707 1953 775 complectitur,
1990 717 2098 761 tam

504 803 833 869 negligenter
853 801 1184 870 descriptos,
1218 809 1276 854 ut
1307 801 1450 855 inter
1477 801 1652 868 capita
1681 816 1800 868 qua:
1841 802 1893 855 iu
1925 799 2102 855 indice

505 900 894 959 memorantur,
913 901 969 946 et
999 893 1110 962 ipsa
1142 893 1372 962 capitula
1399 894 1450 946 in
1481 892 1616 946 libro
1641 893 1933 962 descripta,
1958 894 2098 948 nulla

502 981 573 1036 sit
598 985 994 1038 convenientia.
1023 985 1192 1039 immo
1218 984 1354 1038 liber
1381 995 1602 1053 quartus
1623 983 1820 1040 desinit
1849 985 1902 1039 in
1925 987 2100 1053 rapite

505 1077 596 1142 17,
626 1084 682 1130 et
728 1085 904 1130 tamen
936 1077 1094 1145 hujus
1137 1077 1257 1131 libri
1291 1077 1466 1131 omnia
1513 1076 1746 1146 capitula
1781 1078 1832 1131 in
1863 1075 2100 1131 indlculo

501 1167 603 1232 ipsi
636 1166 856 1236 praefixo
883 1176 1268 1222 memorantur.
1299 1166 1414 1221 Non
1439 1175 1617 1221 tamen
1656 1167 1878 1222 mutilus
1904 1173 1987 1221 est
2008 1182 2101 1221 co-

501 1255 604 1312 dex
634 1271 651 1310 :
683 1256 778 1311 sed
829 1265 950 1324 post
999 1257 1096 1309 hos
1147 1255 1396 1311 Historiae
1449 1255 1614 1310 libros
1665 1255 1718 1310 in
1760 1271 1826 1310 eo
1856 1256 2100 1326 sequitur

501 1346 710 1403 Adonis
737 1346 1043 1401 Cbrouicon
1073 1346 1262 1401 eadem
1307 1346 1530 1401 omnino
1559 1361 1718 1401 manu
1742 1346 2095 1418 descriptum.

567 1439 660 1495 90.
708 1438 830 1493 Alio
873 1440 1000 1493 item
1040 1451 1356 1508 argumento
1403 1439 1657 1507 probatur
1693 1453 1937 1507 magnam
1990 1456 2095 1494 non

497 1545 618 1586 esse
638 1530 1041 1586 Cointianorum
1063 1531 1307 1584 codicum
1331 1532 1700 1585 auctoritatem
1717 1531 1782 1583 ad
1801 1532 2092 1585 resecanda

498 1636 563 1674 ex
594 1621 854 1689 Gregorio
903 1622 1182 1690 complura
1234 1621 1485 1675 Historia!
1532 1621 1670 1686 loca,
1721 1621 1858 1690 quod
1905 1638 2095 1692 nempe

2208 431 2384 484 vernis
2407 439 2498 484 aut
2520 429 2824 485 Turonibus
2848 430 3001 500 longe
3021 432 3223 485 dissitis
3238 444 3634 487 commorantes
3657 433 3801 490 haud

2206 519 2428 575 nmltum
2460 521 2741 576 curabant.
2769 518 2930 576 Certe
2957 521 3008 575 id
3052 522 3223 591 ipsum
3255 523 3380 576 {erit
3417 522 3802 594 Fredegarito,

2203 612 2294 678 qui
2327 610 2574 666 Historia:
2607 611 2938 666 Francorum
2965 613 3236 682 epitotnen
3269 629 3336 667 ex
3366 613 3608 683 Gregorii
3656 618 3801 670 scri-

2206 703 2308 771 ptis
2339 702 2675 758 concinnans
2723 705 2979 772 pleraque
3025 705 3290 773 ejusmodi
3320 707 3526 771 ontisit,
3557 708 3698 776 quod
3731 708 3800 760 ad

2205 809 2291 849 res
2321 793 2608 851 Francicas
2629 813 2736 851 non
2769 799 3119 865 pertinerent.
3147 796 3291 851 Idem
3313 797 3554 852 fecerunt
3579 802 3802 872 Attony-

2203 900 2321 939 mus
2344 887 2432 954 qui
2463 888 2560 940 sub
2589 886 2926 943 Theoderico
2954 904 3078 957 rege
3107 890 3341 957 scripsit,
3390 889 3693 952 Aimoinus,
3742 902 3801 944 et

2202 977 2290 1030 alii
2322 979 2412 1046 qui
2459 979 2626 1033 secuti
2654 987 2777 1032 sunt
2803 974 3130 1034 Francorum
3179 979 3432 1034 Historia:
3481 986 3797 1048 scriptu-rus.

2204 1069 2378 1123 Aliam
2402 1070 2528 1124 item
2561 1071 2817 1125 nonnulla
2846 1066 3129 1125 omittendi
3162 1071 3394 1139 capitula
3426 1071 3686 1126 rationem
3713 1073 3799 1126 lu-

2203 1161 2330 1214 bere
2373 1171 2657 1230 potuerunt
2714 1162 2957 1216 codicum
3005 1161 3229 1217 istorum
3282 1163 3578 1230 scriptores
3607 1181 3620 1215 :
3652 1165 3793 1231 quod

2201 1266 2392 1319 nempe
2416 1267 2501 1305 res
2531 1253 2582 1306 in
2610 1251 2714 1306 illis
2742 1248 2876 1307 locis
2898 1261 3126 1306 narrata:
3153 1251 3206 1306 in
3237 1253 3614 1309 Miraculorum
3644 1257 3796 1311 libris

2199 1358 2226 1393 ει
2260 1339 2517 1409 Gregorio
2547 1343 2709 1397 editis
2739 1356 3131 1414 repeterentur.
3168 1345 3308 1400 Idem
3340 1346 3391 1399 in
3423 1347 3587 1401 VdiiiS
3634 1347 3794 1401 Mira-

2199 1435 2443 1487 culoruni
2470 1435 2866 1502 exemplaribus
2894 1435 3090 1489 factum
3114 1437 3466 1506 deprehendi.
3491 1438 3623 1492 Cum
3649 1441 3791 1494 enim

2201 1521 2289 1575 isti
2340 1522 2554 1577 codices
2583 1525 2754 1578 sancti
2805 1525 3034 1584 Martini.
3085 1536 3175 1578 aut
3218 1535 3416 1579 satu-tae
3459 1515 3794 1596 ltadegundis

2201 1617 2508 1682 transitum,
2539 1626 2630 1670 aut
2660 1617 2794 1670 alias
2834 1617 3099 1685 ejusmodi
3135 1618 3389 1673 historias
3434 1621 3661 1674 seorsim
3693 1625 3794 1676 sub

496 1728 603 1766 non
633 1714 820 1766 eadem
855 1715 905 1766 in
936 1713 1186 1766 omnibus
1218 1713 1335 1766 istis
1365 1711 1677 1777 codicibus,
1721 1712 1814 1767 sed
1846 1714 1987 1766 varia
2038 1715 2087 1767 in
2123 1720 2165 1778 Β
2191 1711 2438 1763 sermonis
2465 1708 2724 1781 Gregorii,
2748 1722 2839 1766 aut
2855 1713 3044 1781 quovis
3072 1713 3196 1776 alin,
3227 1713 3380 1767 ιίιιιιυ
3402 1714 3791 1781 exhibuissent,

499 1805 664 1858 variis
693 1805 921 1874 capitula
953 1803 1352 1860 desiderentur.
1381 1806 1606 1857 Exstant
1624 1804 1818 1872 quippe
1837 1805 2092 1858 nonnulla

497 1898 553 1951 in
583 1896 892 1951 Gorbeiensi
925 1906 1020 1949 aut
1068 1896 1122 1950 in
1156 1896 1545 1961 Bellovaecnsi,
1578 1910 1703 1965 qua:
1736 1895 1788 1948 iu
1820 1896 2092 1964 Mettensi,

493 1985 813 2040 Michaelino
842 1995 935 2038 aut
979 1986 1150 2055 llegio
1178 2001 1286 2039 uou
1311 1999 1637 2049 occurrunt;
1669 1997 1720 2039 et
1752 1987 1868 2040 vice
1905 2002 2083 2052 versa,

490 2078 593 2132 alia
625 2091 750 2132 sunt
782 2079 837 2132 in
867 2079 986 2132 istis
1017 2089 1108 2132 aut
1139 2079 1194 2132 in
1237 2080 1518 2143 alterutro,
1563 2093 1684 2147 qua;
1733 2093 1840 2132 non
1894 2079 2094 2135 habent

493 2167 892 2224 Bellovacensis
917 2168 1089 2223 codex
1119 2176 1212 2222 aut
1238 2166 1620 2233 Cor-beieusis;
1653 2169 1725 2222 ita
1759 2182 1815 2224 ut
1845 2171 1988 2225 nulla
2016 2187 2085 2226 ex

491 2260 610 2313 istis
639 2259 918 2315 codicibus
945 2269 1089 2314 certa
1116 2261 1285 2329 possit
1318 2259 1503 2314 haberi
1521 2263 1723 2330 regu'a.
1747 2261 1801 2316 Si
1826 2264 1968 2317 enim
2000 2280 2092 2319 co-

490 2351 586 2402 dex
611 2347 953 2405 Corbeiensis
976 2350 1189 2404 cmleris
1205 2347 1542 2419 praeferatur,
1565 2361 1622 2406 ut
1645 2361 1767 2421 pote
1794 2353 1901 2409 illis
1923 2358 2090 2409 multo

489 2440 762 2509 antiquior
790 2448 846 2495 et
887 2440 1167 2510 integrior,
1194 2440 1304 2510 jam
1339 2441 1610 2497 vacillabit
1650 2453 1801 2499 excto:
1816 2460 1966 2500 orum
1997 2463 2090 2501 an-

488 2537 745 2599 ctorltas;
794 2548 989 2602 nempe
1034 2534 1125 2603 qui
1173 2535 1338 2589 variis
1387 2544 1544 2589 erunt
1588 2537 2087 2607 interpolationrbns

494 2621 739 2676 admixti.
773 2620 936 2693 quue
963 2623 1249 2678 dicendum
1281 2627 1382 2679 erit
1404 2623 1473 2679 de
1509 2626 1817 2683 Corbeicusi
1850 2628 1966 2699 ipso
1995 2643 2087 2686 aut

489 2712 876 2782 licllovacensi,
909 2714 955 2768 si
989 2713 1139 2784 Regii
1172 2724 1262 2769 aut
1286 2729 1433 2770 certe
1479 2716 1754 2773 Mettensis
1797 2721 2086 2776 auctoritas

489 2807 702 2859 cst-teris
726 2807 1102 2875 anteponenda
1130 2816 1434 2861 censeatur.
1468 2805 1636 2862 Immo
1685 2810 1812 2864 velit
1843 2808 1973 2865 ttulit
2006 2812 2087 2866 vir

487 2895 748 2961 eruditus,
777 2910 876 2950 nec
903 2895 1264 2960 Corbciensis,
1303 2913 1400 2951 nec
1431 2898 1647 2969 Regius,
1679 2908 1770 2954 aut
1793 2901 1928 2955 alius
1958 2902 2082 2971 qui-

486 2989 569 3042 vis
598 3003 663 3041 ex
689 2987 986 3042 Cointianis
1007 2987 1284 3041 codicibus
1307 3004 1333 3040 a
1361 3004 1584 3043 et'll-lll'a
1615 2994 1808 3059 poterit
1833 3006 1955 3049 esse
1978 2993 2081 3048 im-

2204 1797 2319 1851 brec
2351 1800 2461 1867 ipsa
2487 1799 2716 1869 capitula
2748 1803 2864 1856 suis
2889 1803 3022 1856 locis
3045 1802 3242 1857 omissa
3274 1815 3401 1856 sunt
3432 1803 3484 1858 in
3518 1807 3668 1860 Lbris
3697 1807 3787 1860 Mi-

2199 1890 2529 1955 raculorum,
2579 1907 2699 1961 quae
2733 1901 2911 1947 tamen
2944 1910 3006 1948 ex
3052 1893 3155 1947 illis
3204 1906 3458 1964 excerpta
3491 1913 3594 1950 non
3627 1896 3786 1955 fuisse

2197 1996 2358 2035 nemo
2385 1981 2605 2037 dixerit.
2635 1984 2774 2051 Quin
2805 1994 2858 2039 et
2879 1985 3250 2040 Miraculorum
3285 1987 3449 2041 libros
3471 2003 3501 2041 a
3529 1989 3789 2058 Gregorio

2196 2072 2390 2138 editos,
2419 2073 2663 2129 eamdem
2695 2089 2759 2129 ac
2801 2075 2914 2145 ejus
2946 2075 3236 2130 Historiam
3287 2090 3488 2132 sortem
3539 2078 3789 2136 habuisse

2197 2164 2335 2221 infra
2367 2164 2683 2231 videbimus,
2714 2165 2974 2233 siquidem
2995 2167 3235 2221 nonnulli
3263 2179 3550 2222 occurrunt
3574 2169 3788 2224 codices

2203 2271 2332 2310 mss.
2369 2257 2420 2310 itt
2451 2255 2665 2326 quibus,
2697 2255 2914 2312 omissis
2945 2259 3141 2327 passim
3174 2260 3354 2312 multis
3377 2260 3644 2328 capitulis,
3676 2276 3788 2316 ra-

2194 2358 2305 2401 tera
2332 2356 2810 2416 reprzescntantur,
2851 2363 2918 2402 eo
2948 2351 3106 2403 modo
3133 2364 3196 2404 ac
3224 2351 3269 2404 si
3295 2351 3360 2404 de
3391 2353 3530 2405 l‘acto
3559 2351 3634 2405 illi
3665 2352 3786 2409 libri

2192 2441 2344 2508 plura
2375 2456 2486 2493 non
2513 2438 3022 2508 complec:ereutur.

2262 2529 2349 2584 9i.
2371 2530 2475 2585 llas
2500 2546 2659 2600 porro
2681 2547 2768 2586 res
2785 2533 3107 2599 singulares,
3129 2533 3365 2588 etseries
3385 2535 3784 2607 episcoporum,

2193 2632 2285 2675 aut
2307 2622 2599 2677 celebrium
2626 2637 2863 2677 virorum
2891 2624 3091 2690 exitus,
3116 2639 3237 2693 qua:
3259 2625 3438 2680 omnia
3466 2627 3728 2696 interpola
3753 2643 3786 2684 a

2190 2723 2377 2768 censet
2406 2713 2684 2779 Cointius,
2716 2724 2768 2768 et
2801 2717 3181 2782 epitomatores
3227 2716 3547 2784 omiserunt,
3595 2730 3785 2772 merito

2190 2813 2372 2858 tamen
2405 2804 2457 2858 in
2488 2819 2637 2859 suam
2672 2805 2959 2859 Historiam
2990 2805 3282 2862 admiserat
3323 2806 3633 2878 Gregorius,
3668 2813 3781 2879 qui,

2187 2896 2263 2949 uti
2292 2894 2349 2949 in
2379 2895 2597 2965 prologo
2628 2906 2838 2964 mouet,
2872 2912 2979 2951 non
3009 2898 3182 2952 solum
3212 2914 3398 2968 regum
3430 2910 3524 2953 aut
3573 2901 3778 2970 princi-

2187 3002 2311 3056 pum
2337 2995 2486 3056 gesta
2517 2989 2825 3042 describere
2858 2988 3186 3063 instituerat,
3214 3004 3400 3045 verum
3432 2990 3595 3046 etiam
3625 3008 3784 3046 enar-

486 3077 659 3138 munis
680 3118 695 3144 ,
723 3085 782 3132 nt
813 3087 933 3145 pote
961 3085 1049 3148 qui
1084 3080 1318 3134 universi
1351 3097 1455 3135 non
1503 3084 1632 3136 satis
1672 3095 1924 3139 accurate
1965 3088 2079 3140 sin-
2114 3098 2157 3159 ε
2196 3094 2321 3135 rare
2353 3079 2616 3147 ﬁdelibus,
2649 3097 2751 3150 qua
2783 3079 2989 3135 ratione
3018 3080 3308 3136 defensam
3339 3081 3570 3138 inissent
3599 3084 3782 3140 Eccle-

487 3184 610 3222 cera
661 3169 907 3237 Gregorii
954 3185 1118 3238 opera
1169 3182 1656 3242 repra-sentarnt,
1691 3186 1784 3229 aut
1845 3176 2084 3247 interpo-

485 3259 588 3312 lata
631 3259 984 3325 admittendo,
1018 3270 1110 3314 aut
1157 3261 1370 3317 sincera
1422 3263 1734 3332 rejiciendo.
1779 3265 1898 3336 Ipse
1939 3270 2082 3323 enim

479 3349 651 3402 codex
703 3349 1044 3404 Corbeiensis
1095 3365 1189 3404 sex
1237 3351 1575 3406 solummodo
1622 3353 1867 3422 Gregorii
1916 3357 2083 3412 libros

482 3439 723 3504 exhibet,
746 3439 991 3508 quamvis
1020 3440 1198 3508 plures
1233 3440 1394 3495 fuisse
1422 3457 1521 3496 nec
1543 3443 1658 3511 ipse
1686 3443 1934 3502 Cointius
1967 3448 2082 3502 inll-

484 3531 679 3593 ciatnr,
724 3531 815 3598 qui
847 3529 1062 3599 quidem
1095 3530 1214 3584 libri
1235 3531 1345 3600 jam
1376 3548 1441 3586 eo
1473 3542 1716 3604 tempore
1763 3553 1870 3605 quo
1911 3542 2078 3595 codex

483 3618 572 3688 ille
598 3623 833 3690 scriptos
860 3630 945 3675 est
977 3624 1086 3677 n0ti
1111 3633 1297 3690 erant;
1330 3625 1442 3692 ipse
1472 3626 1638 3691 enim,
1671 3631 1808 3684 sicut
1833 3641 1886 3685 et
1907 3628 2082 3687 Bello-

483 3715 750 3778 vacettsis,
778 3712 937 3767 habet
967 3713 1081 3766 libri
1113 3729 1179 3768 vtt
1205 3714 1586 3784 iragmentum.
1612 3717 1816 3775 Deinde
1833 3719 2081 3777 Bellova-

481 3804 659 3859 censis
688 3805 741 3859 in
773 3805 910 3860 libro
936 3821 972 3860 ιι
1003 3806 1194 3863 transit
1222 3823 1251 3861 a
1281 3809 1459 3874 capite
1492 3810 1553 3864 l9
1578 3810 1644 3864 ad
1669 3823 1827 3881 caput
1855 3813 1945 3883 52,
1980 3833 2078 3871 net:

482 3904 660 3950 tamen
692 3896 871 3950 omnia
900 3897 1238 3966 intermedia,
1273 3900 1356 3954 vel
1392 3901 1507 3968 ipso
1537 3899 1736 3956 fatente
1763 3902 1993 3971 (ἔσειμι),
2025 3917 2080 3962 et

483 3988 701 4057 quidem
729 3991 1084 4058 refragaretur
1110 3992 1279 4045 codex
1307 3988 1466 4046 COI'bt
1486 3992 1672 4057 iensis,
1715 3994 1821 4050 dici
1855 4009 2079 4067 possunt

483 4079 825 4147 interpolata.
855 4080 1121 4135 Nonnulla
1155 4082 1333 4149 itaque
1361 4093 1550 4152 sponte
1575 4093 1632 4140 et
1668 4085 1787 4139 data
1819 4100 1980 4157 Opera
2009 4104 2075 4144 ex

477 4170 726 4240 Greg~rii
769 4171 1024 4241 operibus
1077 4174 1129 4225 in
1163 4173 1275 4227 istis
1324 4174 1600 4229 codicibus
1643 4187 1882 4232 resecata
1930 4191 2073 4245 sunt,

464 4271 532 4353 get
561 4262 777 4332 quidem
809 4263 930 4317 libri
978 4264 1188 4332 integri.
1232 4263 1430 4330 Quidni
1474 4277 1529 4321 et
1571 4268 1773 4336 aliquot
1824 4272 2075 4340 capitula,

465 4371 602 4436 gqute
643 4355 712 4409 ad
741 4371 852 4410 rem
884 4368 1034 4411 suam
1061 4357 1239 4412 facere
1281 4373 1386 4412 non
1434 4361 1816 4417 existimabant
1863 4364 2076 4422 illorum

481 4447 800 4518 scriptores,
833 4458 924 4502 aut
949 4458 1096 4503 certe
1127 4451 1529 4517 epitomatores.
1561 4452 1694 4520 Qua:
1713 4455 1857 4509 enim
1909 4459 2076 4525 putuit

477 4524 600 4593 esse
636 4541 773 4592 ratio
802 4539 1156 4608 scriptoribus
1183 4539 1290 4593 illis
1334 4539 1501 4596 libros
1533 4545 1860 4610 posteriores
1886 4524 1917 4600 e
1945 4545 2076 4602 Gre-

477 4631 699 4698 goriaua
745 4630 982 4684 llistoria
1012 4647 1120 4685 non
1165 4630 1502 4686 describendi
1525 4673 1540 4698 ,
1572 4634 1759 4690 eadem
1795 4639 1890 4691 luit
1919 4650 2078 4695 ornit-

478 4720 625 4774 tendi
649 4735 680 4774 e
707 4721 975 4789 prioribus
1006 4722 1280 4791 complura
1303 4723 1554 4790 capitula.
1579 4725 1733 4792 Quod
1756 4728 1801 4782 si
1829 4746 1945 4782 mea
1970 4746 2074 4785 non

477 4827 564 4865 me
595 4811 730 4865 fallit
755 4811 1087 4882 conjectura,
1119 4815 1414 4885 scriptores
1441 4818 1516 4871 illi
1551 4817 1835 4875 Historiam
1885 4837 2072 4891 regum

477 4902 810 4958 Francorum
843 4905 1043 4959 habere
1073 4907 1359 4974 volebant,
1391 4923 1419 4960 a
1471 4912 1767 4979 peregrinis
1813 4915 2074 4967 narratio-

478 4993 636 5048 nibus
660 4993 1123 5067 pecnliaribusque
1151 4997 1308 5054 factis
1327 5012 1682 5070 segregatam,
1704 5004 1845 5057 unde
1867 5017 1931 5057 ea
1954 5020 2073 5072 qua

472 5085 542 5143 de
563 5084 656 5139 illo
685 5098 1002 5154 argumento
1025 5089 1314 5159 Gregorius
1334 5092 1648 5162 scripserat,
1681 5100 1888 5147 exarari
1919 5109 2074 5149 cura-

472 5189 622 5246 runt,
651 5181 866 5236 omissis
906 5182 1026 5239 aliis
1058 5184 1239 5251 rebus,
1288 5201 1409 5253 qua:
1456 5185 1522 5240 ad
1561 5201 1716 5241 suum
1772 5189 2070 5244 institutum

475 5286 583 5335 non
613 5274 948 5342 spectabant.
1001 5275 1212 5332 Etenim
1261 5276 1436 5346 capita
1485 5277 1573 5332 illa
1616 5293 1734 5348 qua:
1780 5278 1998 5334 codices
2039 5295 2068 5336 a

471 5364 686 5422 Cointio
707 5365 903 5423 laudati
931 5383 1037 5425 non
1073 5370 1293 5437 habent,
1325 5385 1388 5426 ea
1433 5381 1557 5426 sunt
1605 5388 1725 5442 qua:
1769 5373 2069 5443 singulares

471 5457 676 5528 aliquot
715 5471 974 5528 personas
1001 5463 1291 5533 attingunt,
1322 5478 1516 5533 quaeve
1545 5466 1941 5534 cpiscOporum,
1976 5482 2069 5534 po-

473 5549 744 5604 tissimum
785 5550 1310 5610 Claromontensium
1341 5565 1393 5610 et
1435 5555 1825 5612 Turonensium
1869 5559 2064 5614 seriem

472 5652 882 5713 repraesentant,
911 5658 1000 5702 aut
1026 5650 1126 5702 alia
1147 5649 1449 5718 ejusmodi,
1475 5668 1592 5720 qua:
1639 5651 1906 5706 Francicac
1929 5665 2061 5720 gen-

2190 3172 2314 3236 site;
2347 3179 2607 3239 quantum
2636 3171 2837 3225 Christi
2871 3171 3004 3226 ﬂdes
3036 3174 3088 3226 in
3119 3173 3395 3228 nonnullis
3423 3175 3689 3245 languida,
3726 3179 3778 3232 in

2191 3263 2440 3332 plurimis
2485 3266 2756 3330 ferveret;
2790 3280 2976 3333 quaeve
3008 3266 3204 3320 fuerint
3233 3269 3524 3322 certamina
3554 3271 3780 3339 ﬂagitio-

2187 3368 2393 3419 eorum,
2418 3364 2510 3408 aut
2542 3365 2686 3410 recte
2731 3359 3021 3411 v.ventinm
3067 3358 3196 3422 vita,
3239 3365 3296 3412 et
3333 3359 3437 3413 alia
3485 3361 3778 3431 ejusmodi,

2185 3459 2305 3514 quae
2347 3446 2399 3498 itt
2429 3444 2674 3516 Gregorii
2706 3448 2935 3502 Historia
2969 3451 3187 3505 dil'tictle
3219 3451 3583 3522 invenientur,
3625 3471 3777 3510 rese-

2183 3543 2319 3596 catis
2341 3542 2406 3596 iis
2426 3544 2672 3612 captulis
2691 3559 2810 3612 qua;
2833 3545 3074 3600 Cointius
3093 3561 3217 3603 esse
3238 3546 3531 3617 rejicienda
3557 3561 3778 3605 conten-

2183 3636 2279 3688 dit.
2329 3635 2548 3700 llcinde,
2604 3637 2678 3691 uti
2736 3638 2895 3692 etiam
2945 3639 3158 3708 pra-[ert
3211 3641 3378 3695 codex
3411 3642 3775 3711 Corbeicnsis,

2185 3724 2473 3780 Historiam
2531 3728 2955 3782 ecclesiasticam
3002 3729 3218 3798 scripsit
3275 3727 3600 3802 Gregorius,
3655 3749 3776 3802 quas

2183 3818 2406 3887 proinde
2429 3818 2674 3889 exigebat
2696 3828 2751 3874 et
2771 3819 2973 3889 cpisco,
2991 3837 3143 3875 orum
3165 3823 3358 3886 serica,
3384 3837 3437 3878 et
3460 3841 3774 3896 magnorum

2182 3912 2420 3966 virorum
2453 3913 2722 3982 interitus,
2747 3928 3042 3984 eorumque
3067 3916 3324 3984 praeclare
3344 3927 3618 3986 gestorum
3647 3934 3774 3973 nar-

2181 4005 2470 4059 rationem.
2497 4005 2553 4059 ld
2586 4005 2818 4062 fecerant
2856 4007 3108 4061 Historia:
3135 4009 3514 4065 ecclesiastica:
3541 4015 3776 4083 scripto-

2183 4112 2270 4151 res
2298 4097 2560 4167 Gregorio
2589 4098 2953 4168 antiquiores,
3001 4114 3139 4170 quos
3187 4099 3301 4170 ipse
3343 4103 3446 4157 sibi
3490 4103 3774 4162 imitandos

2179 4197 2563 4257 proposuerat,
2605 4198 2661 4244 et
2703 4189 3041 4259 potissimum
3090 4192 3353 4249 Eusebius
3396 4196 3774 4266 Caesariensis,

2179 4283 2267 4348 qui
2301 4290 2494 4349 praeter
2521 4283 2757 4337 virorum
2785 4285 3078 4339 celebrium
3109 4296 3280 4356 gesta,
3310 4290 3582 4359 catalogus
3609 4294 3772 4346 etiam

2179 4387 2247 4441 ep
2271 4389 2561 4442 scoporum
2594 4374 2843 4430 Historia:
2870 4391 2982 4430 sure
3016 4379 3324 4433 iuterseroit
3357 4395 3460 4434 non
3489 4382 3661 4436 solum
3687 4398 3774 4437 sc-

2108 4493 2156 4552 D
2183 4465 2328 4518 dium
2364 4465 2818 4534 patriarcbalinm,
2845 4468 2939 4523 sed
2963 4478 3018 4524 et
3038 4467 3388 4526 Ca-sariensis
3413 4471 3664 4527 Ecclesiae
3687 4475 3773 4530 cui

2187 4565 2434 4623 pl'tl'eral,
2458 4568 2512 4611 et
2532 4558 3019 4629 Jerosolymitanae,
3048 4577 3167 4632 quae
3197 4571 3322 4617 tunc
3347 4578 3459 4618 sua:
3486 4567 3772 4634 metropoli

2180 4665 2227 4704 cr
2243 4661 2291 4702 at
2317 4651 2577 4716 snbjecta.

2253 4741 2339 4792 92.
2375 4740 2480 4795 Sed
2507 4751 2562 4796 et
2604 4742 2848 4810 palmari,
2881 4751 2939 4797 ut
2985 4745 3113 4799 mihi
3167 4747 3399 4814 videtur,
3452 4760 3771 4820 argumento

2180 4833 2352 4886 evinci
2386 4843 2557 4900 potest
2585 4873 2600 4896 ,
2633 4833 2918 4890 Historiam
2950 4837 3193 4908 Gregorii
3225 4842 3276 4894 in
3307 4842 3578 4896 codicibus
3604 4844 3768 4898 Goin-
3833 4846 3853 4864 '

2181 4922 2340 4975 tianis
2367 4923 2730 4979 abbreviatam
2763 4926 2957 4993 fuisse,
2985 4924 3146 4997 atque
3174 4945 3240 4985 ex
3272 4934 3538 5002 ampliori,
3593 4935 3669 4990 uti
3716 4938 3769 4991 iu

2179 5013 2300 5065 aliis
2328 5012 2606 5068 codicibus
2634 5015 2882 5083 habetur,
2911 5019 3264 5086 decurtatam,
3296 5023 3340 5076 si
3371 5025 3770 5083 demonstretur

2177 5106 2457 5174 complura
2496 5109 2668 5177 capita
2701 5111 2896 5176 passim
2930 5111 2980 5164 in
3011 5112 3206 5168 Cointii
3236 5119 3634 5187 exemplaribus
3677 5121 3769 5174 ba-

2178 5200 2310 5264 beri,
2341 5216 2464 5270 qua:
2507 5205 2865 5259 necessariam
2896 5204 3093 5261 habent
3121 5224 3244 5263 cutn
3274 5211 3379 5265 illis
3405 5212 3534 5282 ipsis
3562 5229 3684 5283 qua
3711 5215 3763 5270 in

2175 5291 2252 5346 eis
2280 5289 2674 5357 desiderantur,
2704 5296 3127 5363 connexioneni;
3158 5314 3321 5354 tmmo
3361 5314 3416 5357 et
3444 5307 3768 5378 quandoque

2172 5396 2236 5437 ea
2265 5383 2464 5439 diserte
2513 5387 2716 5440 laudari
2747 5404 2866 5455 quae
2897 5388 3213 5459 interpolata
3244 5407 3397 5451 vocat
3423 5398 3686 5467 Cointius,
3713 5404 3768 5458 ita

2177 5477 2452 5532 codicibus
2497 5479 2830 5545 Cerbeieusi,
2877 5492 3007 5547 etc.,
3045 5484 3097 5539 in
3149 5488 3341 5555 quibus
3366 5493 3528 5547 etiam
3574 5508 3767 5551 sensus

2173 5578 2255 5623 cst
2283 5583 2659 5641 nonnunquam
2693 5587 2913 5628 mancus
2939 5586 2993 5629 et
3025 5577 3387 5647 impeticctus,
3418 5585 3516 5637 nisi
3547 5601 3610 5639 rx
3639 5586 3761 5643 aliis

2173 5662 2444 5716 codicibus
2465 5663 2795 5732 suppleatur.
2829 5666 3045 5736 Alquot
3079 5669 3234 5739 ltnjus
3263 5674 3338 5726 [εἰ
3365 5677 3610 5746 exctnpla
3631 5693 3760 5749 pr0~
