4070 6186
336 323 406 384 7⁷
1819 327 2187 394 l‘tt.~i‘.F.\Tltt
3571 347 3640 406 7,,

332 443 560 500 [utenda
605 445 753 498 sunt.
783 435 838 496 ln
892 443 1075 498 t‘ltlllt'c
1105 440 1443 511 l'orbeiciisi,
1480 450 1566 517 qui
1621 451 1765 504 Solus
1814 470 1933 507 cum
1969 457 2016 516 Α

334 536 505 604 Regio
537 536 730 592 librum
764 535 994 604 primunt
1035 538 1281 603 exhibet,
1314 541 1506 594 desunt
1533 543 1704 610 rapita
1736 544 1934 614 vigcq-

330 643 480 682 mum
525 637 739 683 sextum
778 637 833 682 et
880 627 1196 695 vigesimum
1251 631 1536 696 septimum
1573 650 1585 685 :
1617 646 1724 703 quo
1781 651 1936 704 pacm

325 719 578 787 Gregorii
637 719 875 774 narratio
925 719 993 774 de
1051 719 1464 787 imperatoribus
1521 722 1795 793 Romanis,
1847 730 1933 796 qui

325 812 669 867 Christianos
693 813 879 880 primis
895 812 1150 866 Ecclesiae
1175 815 1392 867 smculis
1415 819 1683 885 persecuti
1701 818 1931 882 luerunt,

328 904 765 973 interrumpitur.
789 902 1006 958 Transit
1032 906 1229 974 quippe
1257 920 1285 958 a
1318 905 1531 974 Trajaui
1563 912 1934 976 persecutione

323 1003 393 1056 ad
431 1001 750 1065 Decianam,
782 1000 1000 1055 omissis
1050 1001 1289 1066 Adriani,
1341 1003 1494 1057 Anto.
1524 1004 1596 1058 ini
1639 1014 1695 1059 et
1749 1006 1932 1060 Srvcri

325 1094 838 1163 persecutionibus,
886 1109 1019 1163 quas
1067 1105 1244 1148 tamen
1295 1094 1612 1164 Gregorius,
1663 1099 1924 1168 Eusebii,

323 1187 505 1242 Orosii
535 1195 590 1240 et
620 1185 802 1241 Severi
834 1186 1086 1240 chronica
1112 1196 1172 1240 se
1193 1185 1260 1252 iui
1293 1200 1351 1240 se
1372 1189 1664 1253 professus,
1687 1191 1934 1244 omisisse.

321 1278 434 1331 dici
459 1291 567 1331 non
603 1284 797 1345 pateat.
831 1276 1150 1346 Complures
1175 1276 1335 1330 etiam
1360 1277 1715 1347 imperatores
1742 1281 1792 1334 in
1839 1297 1935 1336 eo-

325 1386 449 1425 l'tlttl
478 1371 621 1424 serie
647 1368 947 1424 exhibenda
979 1369 1448 1436 praetermisisset,
1480 1386 1638 1440 quam
1672 1370 1935 1425 nihilomi-

320 1478 429 1518 nus
455 1480 485 1516 a
515 1462 656 1517 Julio
676 1462 886 1517 Cmsare
908 1460 973 1515 ad
995 1461 1287 1514 stabilitum
1307 1461 1358 1514 in
1387 1461 1580 1516 Galliis
1605 1463 1930 1518 Francorum

321 1571 552 1620 regnum
584 1553 877 1626 perducere
923 1554 1184 1621 integram
1231 1553 1602 1610 constituerat.
1639 1554 1693 1608 In
1743 1555 1931 1611 eodem

319 1649 516 1704 Codice
579 1647 889 1703 Corbeiensi
924 1655 1087 1715 caput
1130 1646 1463 1716 trigesimum
1501 1646 1733 1717 priniutn
1783 1649 1932 1704 deest

317 1756 448 1793 cum
480 1748 714 1808 quatuor
741 1736 1114 1804 sequentibus.
1152 1736 1204 1788 In
1235 1750 1302 1790 eo
1335 1747 1512 1791 tamen
1539 1743 1695 1804 caplll
1726 1738 1932 1808 trigi-si-

2122 456 2212 511 935.
2245 457 2410 527 Caput
2441 457 2499 510 2i
2539 458 2657 513 libri
2693 474 2740 522 ν,
2773 459 2822 513 in
2850 475 2952 527 quo
2986 461 3124 515 varia
3159 462 3422 533 S.:gittarii
3452 475 3505 521 et
3545 469 3644 526 Sa-

2044 543 2168 626 lonii
2200 547 2572 616 episcoporum
2606 550 2638 601 ll
2659 549 2800 618 igitia
2831 549 3118 618 Gregorius
3148 553 3452 623 descripsit,
3480 558 3549 612 de
3570 570 3644 611 ast

2041 636 2091 688 in
2120 637 2392 689 codicibus
2435 637 2769 704 Corbeiensi,
2822 638 3188 696 Bel‘ovacensi
3223 653 3277 696 et
3317 644 3628 703 Colbcrtitto

2037 743 2130 780 seu
2165 729 2333 783 sancti
2367 723 2572 783 Arnulli
2608 747 2619 781 :
2652 740 2706 783 et
2737 740 2914 785 tamen
2960 732 3117 785 iidem
3165 735 3380 790 codices
3432 737 3633 792 habent

2036 819 2294 886 capuli8
2334 807 2575 889 ejusdem
2630 823 2747 876 libri
2797 813 2937 892 quod
2987 826 3268 880 matiil'este
3316 829 3628 897 vigesimum

2039 914 2269 979 primum
2310 915 2583 983 supponit.
2634 916 2722 970 Sic
2765 919 2905 970 enim
2961 919 3115 973 habet
3167 919 3455 989 Gregorius
3494 925 3630 978 hanc

2036 1021 2251 1062 causam
2284 1019 2580 1062 retractans
2609 1027 2622 1064 :
2655 998 2848 1063 Contra
2890 999 3038 1081 Sagit
3064 1015 3228 1066 arium
3259 1025 3305 1067 et
3355 1008 3628 1070 Salonium

2035 1101 2296 1172 episcopos
2343 1104 2557 1157 iteratur
2585 1104 2678 1156 illa
2720 1093 2934 1168 antiqua
2971 1107 3261 1160 calamitas.
3309 1108 3633 1171 Ubiiciuntur

2033 1193 2105 1246 eis
2130 1195 2366 1259 crimina,
2397 1207 2501 1248 etc.
2533 1195 2719 1264 Capite
2760 1208 2937 1249 autem
2969 1196 3156 1250 ultimo
3201 1197 3441 1266 ejusdem
3487 1201 3498 1250 l
3527 1199 3629 1266 bri,

2035 1280 2175 1355 quod
2207 1289 2383 1343 nullus
2409 1290 2575 1343 codex
2609 1306 2712 1343 non
2741 1280 2877 1345 habe
2907 1335 2919 1352 ,
2954 1292 3067 1346 liazc
3118 1293 3278 1345 verba
3337 1295 3582 1362 leguntur
3612 1311 3627 1348 :

2036 1376 2208 1449 lg’itur
2229 1397 2342 1433 cum
2369 1371 2481 1434 vale
2513 1392 2622 1449 post
2651 1386 2904 1451 synodum
2937 1389 3270 1437 memoratam
3309 1389 3424 1456 jam
3469 1386 3628 1447 dicto,

2034 1481 2166 1537 etc.,
2197 1489 2316 1540 qua:
2346 1473 2412 1526 de
2464 1474 2673 1542 synodo
2706 1473 3068 1528 Brenuaconsi
3098 1462 3238 1529 dicta
3291 1486 3434 1536 sunt,
3479 1476 3635 1543 cujus

2035 1571 2151 1615 acta
2182 1571 2236 1617 et
2264 1565 2599 1617 occasionem
2631 1564 2863 1618 narravit
2884 1564 3171 1635 Gregorius
3200 1568 3250 1619 in
3276 1582 3375 1635 cap
3401 1576 3450 1620 te
3479 1568 3545 1622 ιε
3575 1578 3630 1621 et

2036 1654 2383 1723 sequentibus
2414 1654 2682 1709 editorum
2705 1665 2760 1709 et
2783 1665 3085 1710 nostrorum
3112 1657 3594 1725 mantiscriptorum
3618 1677 3629 1710 :

2036 1747 2130 1801 sed
2162 1749 2278 1801 lucc
2306 1745 2478 1816 capita
2503 1750 2724 1803 omnino
2751 1766 2855 1803 non
2883 1750 3080 1804 habent
3103 1750 3370 1806 Cointiani
3394 1753 3631 1807 codices.

320 1843 470 1885 mum
517 1838 756 1894 sextum,
785 1829 925 1899 quod
957 1828 1290 1896 trigesimum
1322 1836 1616 1897 nuncupat,
1649 1830 1716 1881 ita
1739 1868 1754 1891 ,
1789 1830 1925 1881 sicut
1961 1820 2002 1880 Β
2030 1838 2167 1903 Quin
2201 1847 2254 1892 et
2277 1837 2392 1892 hmo
2423 1839 2532 1904 ipsi
2561 1840 2736 1908 capita
2784 1836 2870 1894 hic
2913 1842 3113 1896 omissa
3164 1842 3448 1897 manifcﬂe
3497 1859 3636 1911 ριν-,ν-

320 1937 376 1976 ιιι
407 1922 641 1985 εειετίε,
675 1921 883 1990 incipit,
911 1919 1053 1973 Tunc
1073 1923 1188 1992 jam
1213 1929 1260 1974 et
1283 1921 1454 1974 lumen
1484 1926 1718 1973 nostrum
1757 1921 1928 1973 exori-

321 2024 477 2068 tur...
512 2011 767 2067 Martinus
791 2026 810 2066 :
833 2012 1263 2067 mendosissime.
1293 2011 1424 2065 Nam
1447 2022 1514 2065 eo
1537 2021 1693 2077 pacto
1716 2010 1925 2065 Μδτῑιυί

320 2108 575 2162 nativitas
605 2104 871 2161 Valeriani
891 2114 956 2164 et
1004 2103 1234 2159 Gallieni
1265 2103 1596 2174 temporibus
1641 2106 1922 2171 consigna-

321 2206 498 2262 retur,
559 2197 659 2252 nisi
704 2213 768 2252 ex
817 2195 936 2250 aliis
978 2194 1252 2250 codicibus
1296 2196 1648 2264 suppleantur
1695 2195 1929 2262 quinque

319 2289 526 2357 capita,
558 2287 754 2358 quibus
783 2285 1076 2356 Gregorius
1098 2285 1483 2354 imperatorum
1516 2287 1712 2338 seriem
1744 2299 1774 2337 a
1802 2282 1926 2338 Gal-

319 2381 470 2436 lieno
499 2380 567 2433 ad
598 2378 970 2433 Constantium
1000 2379 1069 2432 de
1091 2375 1238 2441 lucit,
1271 2393 1375 2447 quo
1406 2377 1580 2446 reipsa
1607 2375 1926 2432 Constantii

321 2473 635 2542 imperante
663 2469 949 2525 Mattinum
983 2472 1164 2524 uatum
1191 2469 1356 2524 fuisse
1381 2476 1584 2537 narrat,
1610 2468 1767 2538 idqtte
1790 2469 1929 2522 veti-

320 2567 420 2619 tati
451 2564 678 2618 omnino
701 2571 1120 2618 consentaneum
1151 2571 1254 2617 est.
1317 2600 1333 2612 .

392 2655 488 2711 93.
519 2656 809 2723 Gregorius
835 2655 974 2709 libro
1001 2663 1061 2720 ll,
1095 2653 1212 2723 capi
1240 2670 1270 2707 e
1296 2653 1350 2719 3,
1384 2648 1634 2707 describit
1670 2658 1926 2722 persecu-

321 2749 528 2804 tionem
560 2763 591 2802 a
618 2744 893 2803 Wandalis
915 2747 968 2801 in
999 2747 1176 2801 Africa
1204 2745 1513 2812 excitatam,
1548 2752 1707 2815 atque
1734 2759 1797 2799 ea
1831 2751 1926 2798 oe-

322 2841 546 2896 casione
597 2839 878 2909 epistolam
935 2837 1156 2908 Eugenii
1200 2834 1640 2906 Carttiaginerhis
1688 2837 1925 2905 episcopi

324 2938 599 3004 integram
627 2933 869 3001 exhibet,
899 2943 956 2988 ut
988 2934 1211 2989 habetur
1244 2934 1295 2988 in
1344 2931 1503 2988 editis
1529 2943 1585 2988 et
1632 2935 1683 2988 in
1732 2936 1928 2989 nostris

241 3063 254 3073 -
323 3029 488 3084 cudic
513 3029 632 3084 bus.
661 3027 728 3082 At
758 3025 1122 3093 Corbeiensis,
1155 3025 1321 3081 relata
1350 3027 1732 3096 persecutionis
1762 3029 1928 3083 bisto-

325 3124 430 3185 ria,
455 3121 738 3190 epistolam
761 3119 982 3184 omittit,
1006 3121 1074 3173 ita
1101 3130 1276 3175 tamen
1300 3132 1354 3174 ut
1377 3120 1653 3175 evidenter
1676 3129 1930 3191 appareat

2030 1929 2286 1997 supponit.
2315 1938 2472 1998 captit
2505 1931 2574 1984 52
2617 1933 2735 1985 libri
2766 1935 3064 2003 sequentis,
3105 1937 3244 2004 quod
3281 1923 3332 1989 in
3383 1939 3635 1992 omnibus

2030 2033 2244 2086 quoque
2271 2018 2496 2072 habetur
2517 2019 2677 2073 editis
2708 2029 2761 2074 et
2791 2022 3024 2087 SCriptis.
3051 2025 3211 2075 etiam
3236 2024 3555 2080 (lointianis.

2101 2109 2189 2163 96.
2223 2107 2340 2164 .lam
2375 2126 2467 2164 ver
2491 2134 2520 2173 ο,
2555 2112 2817 2179 siquidem
2851 2115 3040 2167 librum
3077 2125 3284 2168 so-xtum
3332 2119 3629 2187 attigimus,

2039 2199 2359 2270 proferenda
2411 2211 2533 2254 sunt
2576 2203 2735 2256 etiam
2763 2219 2824 2258 ex
2859 2221 2924 2258 eo
2974 2207 3174 2272 aliquot
3213 2209 3480 2276 exempla,
3518 2225 3636 2276 quas

2033 2290 2236 2347 nullum
2291 2293 2593 2362 re'iuquvnt
2623 2293 2924 2350 Cointianis
2956 2297 3163 2349 ianitori‘
3189 2307 3249 2350 its
3281 2300 3360 2352 vel
3413 2288 3636 2354 Ιρςίμείι

2031 2401 2176 2439 mum
2210 2386 2622 2455 subterfugium,
2654 2387 2696 2441 si
2728 2378 2970 2442 codicum
2997 2378 3114 2460 ejus
3145 2381 3449 2448 auctoritati
3481 2403 3636 2447 stan-

2031 2474 2156 2529 dum
2187 2478 2532 2540 Contendant,
2564 2478 2628 2532 ad
2653 2479 3003 2536 discernenda
3033 2482 3239 2536 sincera
3269 2483 3338 2537 ab
3385 2484 3633 2555 interpu.

2038 2569 2157 2623 latis
2187 2568 2536 2635 Gregorianw
2570 2562 2819 2627 Historiae
2863 2575 3059 2643 capita.
3104 2572 3392 2647 Gregorius
3444 2591 3636 2647 nempe

2030 2671 2187 2728 caput
2217 2652 2284 2714 η
2311 2659 2379 2714 ab
2412 2662 2493 2713 bis
2523 2662 2702 2716 verbis
2733 2653 2922 2732 incipit
2952 2681 2964 2716 :
3003 2663 3171 2733 Igitur
3202 2657 3521 2734 Cliilpericus
3543 2679 3636 2723 re:

2031 2767 2245 2805 amens
2272 2754 2363 2805 has
2393 2743 2677 2806 discordias
2705 2755 2837 2808 inter
2879 2755 3090 2823 fratrem
3115 2762 3163 2808 et
3207 2770 3467 2828 nepotem,
3516 2768 3636 2826 qum

2034 2843 2243 2898 scilicet
2273 2842 2559 2897 discordiae
2588 2846 2706 2898 alia:
2735 2861 2838 2898 non
2869 2855 2993 2899 sont
3017 2847 3084 2901 ab
3116 2836 3218 2901 illis
3259 2864 3394 2918 quas
3423 2843 3603 2920 αγρεε.

2033 2937 2148 2991 rlus
2174 2931 2495 3005 prmccdeuti
2530 2928 2705 3007 capite
2731 2950 3058 3004 nii'raxerat,
3102 2942 3215 3007 ipso
3237 2941 3436 2996 fatente
3464 2942 3629 2997 Coin-

2033 3029 2109 3082 tio
2138 3045 2150 3080 :
2184 3029 2323 3098 quod
2352 3037 2528 3082 tamen
2555 3039 2713 3097 caput
2743 3030 2794 3082 ll
2831 3029 3086 3084 omittunt
3112 3033 3326 3088 codices
3347 3035 3453 3087 duo
3475 3034 3549 3090 Co
3575 3054 3633 3088 n-

2035 3115 2184 3182 tiani,
2217 3119 2557 3173 Corbeiensis
2587 3113 2794 3173 Scilicet
2823 3133 2876 3173 ct
2904 3121 3196 3184 lli-ttensis,
3231 3114 3355 3180 licet
3401 3128 3632 3181 habeant

327 3228 448 3270 eam
482 3213 549 3267 de
579 3212 836 3267 industria
867 3212 1287 3281 prretet'missam
1318 3209 1515 3277 luisse,
1549 3214 1626 3266 sic
1659 3211 1800 3266 enim
1836 3213 1926 3264 lia-
1955 3204 1999 3265 C
2033 3209 2429 3264 duodecimum.
2461 3199 2630 3263 immo
2654 3220 2706 3264 et
2739 3211 2897 3264 iidem
2924 3214 3021 3280 ipsi
3049 3214 3156 3267 duo
3184 3211 3397 3271 codices
3432 3210 3632 3271 habent

329 3307 425 3362 bet
458 3315 510 3357 ut
542 3313 642 3360 czct
677 3305 720 3360 ri
749 3303 966 3358 codices
999 3319 1012 3356 :
1044 3299 1102 3356 EI
1126 3303 1312 3371 genius
1337 3317 1452 3356 vero
1489 3320 1603 3355 cum
1652 3319 1705 3357 .«e
1748 3301 1932 3358 rideret

331 3401 544 3465 abduci,
567 3396 831 3467 epistolam
849 3395 1040 3452 civibus
1059 3436 1073 3450 .
1087 3443 1092 3448 .
1107 3435 1121 3451 .
1137 3398 1232 3450 hoc
1245 3399 1392 3450 modo
1415 3398 1692 3451 transmisit
1710 3413 1727 3462 ς
1747 3409 1800 3452 et
1819 3401 1930 3468 ip~a

332 3494 564 3564 epistola
607 3492 966 3563 praetermissa
1013 3489 1302 3545 llistoriam
1359 3493 1717 3560 prosequitur.
1769 3486 1933 3544 Paulo

333 3587 564 3645 inferius
584 3587 750 3642 codex
776 3584 1174 3640 Bellovacensis
1196 3581 1480 3637 duodecim
1500 3583 1702 3638 οιιιὶιιίι
1721 3599 1930 3648 versus,

331 3680 427 3747 qui
445 3694 660 3733 sensum
675 3677 895 3732 omnino
911 3675 1258 3743 abrumpunt,
1282 3684 1338 3728 ut
1365 3674 1548 3729 videre
1568 3683 1650 3729 est
1670 3690 1766 3727 suo
1789 3675 1929 3729 tceo.

333 3770 426 3826 Slc
457 3781 510 3823 et
537 3769 705 3824 codex
747 3767 944 3837 Regius
973 3767 1218 3831 quintttm
1246 3774 1302 3819 et
1348 3775 1558 3819 sextum
1589 3766 1760 3832 capita
1790 3765 1934 3833 ejus-

334 3865 465 3917 dem
500 3861 618 3915 libri
667 3858 1049 3929 praetermittit,
1082 3856 1134 3910 in
1166 3858 1359 3926 quibus
1403 3857 1626 3924 irruptio
1669 3856 1847 3910 Attin
1879 3856 1930 3910 in

335 3954 457 4011 Call
483 3969 542 4007 as
573 3956 858 4012 narratur:
889 3951 1012 4005 licet
1059 3949 1252 4005 habeat
1301 3948 1609 4018 septimum,
1656 3948 1798 4017 quod
1853 3957 1933 4004 est

335 4046 580 4115 ejusdem
611 4042 922 4113 irruptionis
947 4044 1254 4098 continuata
1287 4052 1543 4096 narratio.

407 4135 502 4192 9t.
521 4135 682 4192 Liber
701 4135 887 4189 tertius
909 4134 1048 4188 idem
1067 4145 1147 4188 est
1163 4133 1383 4189 omnino
1407 4134 1459 4186 in
1478 4130 1727 4188 omnibus
1747 4130 1933 4188 codici-

335 4228 470 4292 bus;
499 4225 827 4295 proindeque
875 4239 980 4279 non
1009 4234 1089 4280 (Μ
1121 4221 1224 4278 ulla
1253 4224 1320 4278 de
1345 4240 1413 4280 eo
1441 4226 1828 4279 controversia.
1865 4229 1926 4278 Λι

335 4320 476 4374 libro
496 4326 710 4386 quarto,
743 4317 916 4386 capite
943 4315 1028 4380 l5,
1063 4317 1114 4370 in
1144 4316 1330 4372 co.lice
1356 4315 1689 4377 Corbeiensi.
1718 4318 1857 4371 sient
1879 4328 1931 4370 ut

337 4411 388 4464 in
415 4410 615 4464 nostris
645 4417 696 4462 et
729 4408 780 4462 in
807 4407 990 4471 editis.
1033 4407 1326 4475 Gregorius
1375 4405 1598 4475 loquens
1635 4405 1704 4460 de
1749 4405 1928 4460 litauia

335 4519 432 4558 seu
462 4501 858 4572 supplicatione
887 4501 953 4555 ad
991 4510 1234 4555 sant-tom
1266 4499 1532 4554 lulianum
1567 4499 1929 4554 Brivatensem

335 4610 433 4664 per
463 4594 672 4649 Gallum
697 4595 1008 4663 episcopum
1040 4591 1301 4657 instituta,
1325 4592 1436 4646 ait:
1467 4582 1629 4645 Juxta
1651 4592 1929 4645 institutio-

335 4703 453 4741 ncm
481 4689 645 4741 sancti
675 4686 834 4751 Galli,
857 4686 986 4740 sicut
1015 4701 1171 4752 supra
1196 4685 1514 4752 scripsimus.
1553 4683 1725 4738 Locus
1749 4693 1928 4737 autem

335 4781 429 4834 ille
457 4795 615 4850 quem
645 4779 840 4837 laudat.
867 4776 1090 4834 habetur
1116 4793 1276 4840 supra
1311 4773 1486 4846 capite
1530 4778 1741 4846 quinto,
1787 4775 1928 4846 quod

336 4881 517 4926 tamen
550 4881 709 4940 caput
755 4887 806 4924 ιιι
835 4871 950 4938 ipso
980 4869 1165 4924 codice
1206 4869 1540 4934 Corbeiensi,
1591 4869 1730 4922 sicut
1776 4877 1827 4921 et
1879 4868 1928 4920 in

335 4952 458 5018 aliis
491 4961 787 5018 Cointianis
811 4962 1166 5017 desideratur.
1198 4961 1386 5029 Capite
1420 4957 1485 5015 l4
1513 4960 1753 5028 ejusdem
1788 4955 1926 5026 libri,

333 5058 476 5126 quod
505 5073 694 5110 moues
725 5057 904 5125 scripti
937 5055 1164 5116 habent,
1197 5053 1430 5110 Saxones
1474 5056 1655 5107 iterata
1699 5054 1920 5116 insania,

333 5153 595 5207 adversus
647 5146 978 5205 Cblotaridm
1031 5161 1209 5219 regem
1268 5145 1562 5203 rebellasse
1607 5146 1858 5200 dicuntur
1909 5165 1918 5198 :

335 5245 507 5311 prima
538 5251 711 5297 tamen
737 5254 922 5296 eorum
953 5239 1177 5295 rebellio
1205 5239 1470 5307 descripta
1501 5238 1728 5292 habetur
1752 5238 1925 5302 capite

334 5337 426 5396 10.
459 5336 600 5404 quod
633 5333 846 5388 codices
870 5333 1064 5403 Regius
1090 5340 1147 5387 et
1172 5329 1344 5386 sancti
1377 5327 1582 5384 Amulli
1604 5330 1921 5383 omiserunt.

327 5427 423 5480 Sic
450 5435 504 5479 et
535 5425 693 5480 iidem
721 5423 880 5478 ambo
904 5424 1141 5485 codices,
1177 5432 1232 5476 ut
1259 5421 1439 5475 creteri
1472 5434 1680 5484 omnes,
1727 5420 1926 5473 habent

328 5520 401 5572 de
426 5518 720 5583 Cliramno,
767 5516 940 5584 Capite
965 5516 1056 5578 'lli,
1103 5517 1298 5567 diversa
1326 5523 1379 5567 ut
1409 5511 1638 5566 dia-imus
1667 5513 1926 5566 exiri-etim

325 5611 493 5661 mala.
529 5607 747 5662 Dixerat
776 5616 950 5661 autem
984 5606 1274 5676 Gregorius
1320 5606 1487 5660 fusius
1531 5605 1598 5660 de
1650 5604 1731 5658 his
1773 5603 1926 5656 matis

325 5703 507 5769 capite
539 5697 603 5753 13
633 5701 870 5771 ejusdem
897 5701 1013 5756 libri
1034 5715 1103 5768 iv,
1135 5700 1351 5771 quodin
1376 5699 1492 5754 istis
1517 5698 1791 5754 codicibus
1817 5714 1920 5751 non

325 5792 620 5846 invenitur.

2037 3311 2196 3372 eaput
2224 3300 2292 3355 24
2324 3295 2564 3370 ejusdem
2595 3291 2737 3365 libri,
2771 3303 2910 3371 quod
2958 3303 3035 3357 sic
3081 3293 3262 3373 incipit
3298 3324 3312 3360 :
3353 3293 3495 3359 Nora
3541 3311 3636 3360 ite-

2036 3412 2150 3448 rum
2181 3397 2358 3448 contra
2411 3385 2734 3448 Theodorum
2781 3395 2914 3448 be.‘la
2962 3405 3300 3466 consurgunt,
3341 3407 3635 3469 ete.;qu.1)

2035 3489 2194 3546 verba
2223 3487 2503 3544 manifesto
2533 3497 2585 3544 et
2609 3488 2935 3554 necessario,
2960 3491 3032 3542 oti
3056 3490 3169 3555 ipse
3200 3490 3443 3544 Cointius
3473 3482 3630 3546 lateri

2035 3584 2265 3653 cogitur,
2298 3590 2465 3636 totum
2493 3592 2650 3649 caput
2680 3581 3040 3642 undecimum,
3072 3580 3211 3654 qttod
3240 3586 3308 3634 ali
3334 3579 3453 3651 ejus
3482 3583 3635 3636 οωιί-

2035 3673 2186 3726 cibus
2211 3671 2402 3726 abesse
2419 3670 2527 3738 jam
2552 3673 2620 3724 ob
2651 3673 2972 3736 ervarimus,
3003 3683 3442 3741 prmsupponunt.
3468 3660 3635 3728 Nobis

2033 3765 2193 3819 etiam
2225 3765 2364 3817 lavet
2392 3761 2766 3832 Fredegarius,
2799 3764 2887 3830 qui
2918 3774 3204 3832 utrumque
3251 3775 3431 3830 caput,
3463 3759 3635 3820 unde?-

2034 3857 2229 3910 eimum
2258 3857 2464 3911 scilicet
2491 3864 2545 3911 et
2574 3855 2985 3924 duodecimum,
3015 3857 3068 3910 in
3113 3873 3204 3910 sua
3239 3858 3473 3925 epitome
3500 3846 3630 3911 alii;

2035 3945 2127 4019 git.
2157 3953 2335 4016 Quare
2357 3952 2472 4005 bazc
2494 3951 2600 4004 duo
2631 3953 2743 4004 loca
2771 3959 2943 4005 tantas
2974 3949 3026 4004 in
3049 3953 3323 4021 angustias
3345 3939 3628 4020 canjcc‘ere

2037 4047 2305 4098 tio:ntium
2337 4047 2401 4097 ait
2432 4060 2630 4098 annum
2662 4043 2788 4108 58!,
2821 4060 3046 4099 numero
3077 4035 3132 4111 9,
3165 4055 3221 4099 ut
3248 4061 3312 4100 ex
3345 4059 3446 4100 una
3481 4053 3632 4115 parte

2035 4138 2378 4192 undecimum
2410 4147 2592 4208 caput,
2620 4139 2758 4207 quod
2788 4154 2816 4191 a
2851 4140 2960 4193 suis
2988 4124 3262 4194 codicibus
3281 4138 3512 4203 abesset,
3537 4141 3635 4190 :ul-

2037 4219 2252 4281 mittere
2282 4228 2567 4296 refugiens,
2591 4245 2652 4281 ex
2668 4229 2834 4283 altera
2859 4235 2988 4282 ‘vero
3011 4239 3225 4298 propter
3260 4227 3364 4282 tam
3396 4238 3622 4290 arctam,

2036 4319 2200 4372 immo
2225 4328 2277 4374 et
2310 4320 2690 4386 necessariam,
2725 4327 2783 4372 ut
2807 4319 2920 4389 ipse
2954 4320 3165 4384 fatetur,
3213 4311 3356 4374 illius
3384 4335 3504 4374 cum
3535 4330 3626 4374 c.1-

2036 4404 2232 4480 pitibus
2256 4411 2572 4465 duodecimo
2601 4423 2654 4465 et
2681 4412 2938 4480 vigesimo
2969 4418 3162 4482 quarto
3206 4413 3626 4476 coniiesionem,

2037 4508 2208 4575 ipsum
2242 4507 2396 4576 plane
2424 4522 2678 4574 respuere
2702 4523 2804 4559 non
2833 4521 3013 4570 ausus,
3048 4523 3159 4560 rem
3185 4506 3235 4560 in
3267 4506 3442 4558 medio
3473 4505 3631 4560 relin-

2038 4613 2202 4663 quere
2227 4590 2433 4664 maluit,
2465 4599 2595 4651 satis
2625 4613 2743 4652 esse
2773 4609 2919 4651 ratus
2960 4598 3157 4660 dcere,
3189 4606 3350 4665 caput
3380 4598 3482 4651 hoc
3521 4613 3626 4652 un~

2039 4690 2303 4743 decimum
2337 4689 2616 4756 majorem,
2657 4704 2813 4758 quam
2843 4701 3037 4743 c:clera
3065 4706 3183 4756 qua:
3212 4691 3262 4742 iu
3312 4681 3630 4746 Corbeiensi

2037 4781 2248 4842 deuint,
2284 4778 2441 4831 ﬁdem
2483 4779 2800 4846 promereri,
2835 4795 2950 4831 cum
2991 4779 3177 4842 desint,
3213 4771 3414 4848 inquit,
3463 4797 3627 4851 argu-

2037 4880 2204 4923 menta
2232 4861 2413 4938 quibus
2438 4863 2696 4936 probetur,
2738 4881 2824 4923 aut
2852 4861 3181 4938 improbi-tur.
3219 4876 3286 4925 At
3309 4875 3350 4925 si
3388 4874 3500 4927 haec
3529 4873 3626 4925 viri

2038 4963 2230 5018 eruditi
2267 4964 2426 5016 verba
2450 4962 2819 5028 admittantur,
2863 4977 3114 5018 corruere
3145 4979 3370 5019 necesse
3400 4975 3481 5018 est
3512 4964 3624 5030 illa,

2034 5066 2152 5122 qua!
2179 5052 2311 5108 alias
2341 5055 2549 5108 censuit
2579 5049 2904 5109 validissima
2950 5069 3262 5124 argumenta
3292 5057 3356 5109 ad
3387 5057 3622 5125 probau-

2031 5146 2153 5199 dam
2184 5147 2470 5200 multorum
2499 5148 2730 5214 capitum
2760 5148 2809 5200 in
2839 5146 3078 5215 Gregorii
3111 5149 3339 5202 Historia
3385 5149 3624 5218 interpo-

2033 5239 2306 5304 lationem,
2331 5239 2574 5299 codicum
2607 5238 2812 5294 scilicet
2849 5237 3329 5308 manuscriptorum
3359 5239 3539 5294 tidem.
3565 5239 3623 5294 Si

2032 5325 2248 5398 quidem
2275 5329 2430 5384 allata
2479 5321 2603 5384 licet
2644 5331 2983 5385 Corbeiensis
3027 5341 3078 5384 et
3129 5333 3351 5385 alterius
3398 5331 3623 5397 codicis,

2035 5424 2200 5476 immo
2229 5425 2284 5476 et
2312 5424 2478 5492 ipsius
2506 5414 2811 5493 Fredegarii
2839 5423 3180 5490 anetoritate,
3233 5425 3424 5480 deesse
3469 5442 3627 5486 argu-

2034 5522 2207 5566 menta
2239 5504 2551 5579 resjiondct,
2578 5513 2771 5582 quibus
2800 5524 2888 5566 aut
2920 5515 3174 5581 probetur
3217 5525 3310 5568 aut
3357 5517 3628 5582 improbe--

2031 5614 2117 5657 tur
2162 5604 2304 5657 illius
2335 5604 2433 5660 loci
2466 5604 2774 5657 auctoritas.
2829 5604 2978 5657 Haud
3029 5607 3201 5659 minus
3245 5608 3345 5660 sibi
3398 5606 3621 5660 invii-eiu

2029 5697 2300 5753 cuba-rent
2330 5700 2499 5766 capita
2535 5697 2862 5767 trigesimum
2896 5709 3144 5767 quartum
3189 5709 3242 5753 et
3287 5701 3620 5771 trigesimum

2028 5795 2271 5857 quinium
2302 5793 2543 5863 ejusdem
2579 5791 2721 5857 libri,
2753 5791 2803 5845 in
2836 5809 3064 5863 quorum
3091 5795 3252 5865 priori
3281 5808 3421 5849 mors
3454 5799 3620 5848 nam!
