4070 6186
274 417 327 468 δι
1712 411 1795 465 PR
1805 411 2105 469 1EFA'l'lU.
3484 420 3551 475 82

273 527 706 609 rumFreilegarii
732 522 1105 581 attctorttatetn
1133 525 1291 581 nobis
1314 527 1482 580 multo
1508 526 1675 593 magis
1700 543 1858 593 qttam
1892 531 1939 587 Α
1970 530 2271 597 lloricouts,
2309 531 2622 594 Adhentari,
2668 520 2999 611 aliorumque
3036 534 3552 603 qtratuplnrimorum

274 624 359 675 (Συ-ἰ
406 622 482 675 tio
526 619 705 673 lavere
736 618 817 670 vel
849 634 912 672 ex
948 617 1199 693 hocsolo
1228 617 1541 691 probamus,
1573 618 1712 686 quod
1745 618 1861 685 ipso

276 717 472 769 lati-nte
491 712 703 767 Cointio
729 710 892 763 multa
916 726 978 764 ex
1007 709 1701 790 illiscapitibusadmiserit
1728 710 1861 763 Fre-

274 810 536 877 degarius,
570 823 691 874 quae
721 807 775 861 in
805 796 1081 860 c0dicibus
1124 804 1289 872 Regio
1315 813 1369 858 et
1400 804 1666 881 Blelteqsi,
1700 804 1864 857 immo

274 904 430 955 etianr
488 912 539 955 et
591 898 642 953 irt
686 896 1052 952 Bellovacensi
1094 893 1498 969 desiderantur;
1550 895 1696 963 plura
1733 911 1864 949 vero

272 991 468 1045 omittit
517 1007 583 1046 ex
633 989 860 1045 sinceris
904 989 1145 1058 Gregorii
1192 972 1467 1057 Operibus,
1515 1004 1634 1058 qua:
1678 1002 1865 1041 omnes

273 1084 513 1150 omnino,
538 1084 697 1135 etiam
724 1082 990 1151 Coiotiaui
1023 1066 1237 1135 codices
1269 1066 1483 1135 habent.
1519 1081 1725 1134 Etenim
1760 1083 1861 1147 pri-

274 1190 411 1227 mum
446 1186 503 1229 et
533 1182 761 1242 quatuor
804 1174 1022 1227 nltinros
1048 1172 1392 1251 Cregorianre
1426 1173 1673 1227 Historia.-
1701 1175 1865 1228 libros

274 1267 533 1335 integros,
566 1267 807 1334 exceptis
837 1268 1045 1320 duobus
1067 1275 1160 1319 aut
1185 1267 1351 1319 trtlzlts
1383 1267 1500 1320 libri
1532 1258 1743 1334 St‘plitlti
1776 1283 1864 1320 ca-

276 1362 475 1428 pitalis,
524 1361 747 1433 omnino
797 1342 1171 1435 prwterrtiisii;
1219 1375 1281 1413 ex
1315 1363 1526 1435 cwteris
1566 1364 1781 1416 tertium
1814 1371 1867 1416 et

271 1462 517 1521 quartum
541 1451 659 1506 libri
682 1450 899 1506 secundi
923 1452 1096 1522 capita
1124 1468 1228 1505 non
1258 1454 1463 1518 attigit;
1495 1456 1641 1520 plura
1665 1471 1728 1507 ex
1750 1464 1867 1508 ter-

272 1551 341 1603 tio
366 1548 527 1612 Lbro,
552 1548 644 1617 qui
678 1549 883 1617 integer
911 1547 1105 1619 ubique
1134 1549 1375 1619 habetur,
1402 1549 1610 1619 omisit;
1644 1550 1780 1604 sicut
1812 1560 1867 1606 et

271 1657 337 1693 ex
369 1648 563 1715 quarto
597 1640 734 1693 libro
759 1639 931 1708 capita
959 1641 1011 1703 4,
1046 1640 1128 1704 12,
1159 1642 1247 1703 3|,
1275 1640 1343 1692 ’54
1372 1652 1425 1695 et
1447 1641 1508 1695 41
1539 1658 1569 1695 n
1613 1658 1643 1695 ιι
1677 1643 1759 1696 Ital
1780 1653 1863 1709 et;

269 1749 331 1787 rx
357 1735 496 1785 libro
518 1734 704 1800 quinto
731 1731 903 1803 cupita
935 1732 1022 1805 il,
1049 1732 1135 1805 li,
1157 1732 1246 1797 2t,
1274 1732 1365 1797 22,
1388 1732 1476 1799 30,
1503 1733 1601 1797 52;
1624 1750 1687 1789 ex
1712 1745 1866 1790 serito

269 1826 438 1893 capita
484 1826 539 1888 5,
572 1826 656 1888 Π,
687 1824 778 1891 ‘28,
811 1823 903 1885 29,
935 1823 1024 1885 30,
1058 1826 1149 1891 52,
1177 1825 1269 1891 55,
1314 1844 1433 1897 quae
1464 1838 1640 1884 tamen
1685 1832 1864 1885 omnia

1965 634 2245 677 auctorum
2262 637 2422 690 opera
2444 624 2519 675 vel
2540 623 2789 677 chronica
2810 624 3073 678 revolvcri
3099 634 3149 676 vt.
3170 623 3277 678 Nec
3295 625 3553 680 minorem

1965 715 2125 768 luisse
2143 716 2193 767 in
2209 715 2576 783 discerpeudis
2594 715 2966 770 Miraculorurn
2986 717 3056 769 lib
3089 717 3134 771 is
3150 717 3415 771 licentiam
3433 734 3557 786 pro-

1967 809 2091 862 haut
2110 809 2303 877 passim
2322 809 2535 879 codices
2557 810 2920 875 manuscripti,
2941 826 3167 879 quorttm
3183 810 3267 863 alii
3289 826 3449 865 unum
3466 820 3557 866 aut

1966 899 2212 967 aiter-unt,
2238 900 2327 954 alii
2349 881 2781 970 pluresGregoi-ii
2809 901 3286 967 librosexhilieut;
3316 904 3554 973 nonnulli

1968 1006 2092 1043 tero
2114 990 2223 1044 so'a
2238 972 2421 1045 eorum
2439 974 2753 1059 fragmenta,
2771 1006 2889 1043 cum
2906 991 3194 1061 adjunrtis,
3209 1002 3264 1044 ttt
3280 993 3559 1062 scriptori-

1971 1087 2066 1138 lrus
2084 1084 2299 1152 placuit,
2321 1084 2506 1139 titulis.
2527 1085 2599 1138 De
2621 1084 2813 1153 quibus
2837 1086 3083 1138 omnibus
3106 1084 3274 1137 fusius
3291 1086 3559 1139 disserere

1968 1193 2072 1229 non
2094 1183 2263 1239 vacat,
2292 1191 2358 1229 ne
2382 1174 2492 1244 jam
2515 1176 2652 1229 dicta
2686 1175 2953 1251 incassum
2988 1166 3229 1245 repetere
3259 1176 3557 1229 videamur.

2045 1273 2087 1321 tl
2109 1268 2163 1321 0.
2201 1252 2418 1331 Verum,
2444 1250 2692 1333 ῥιιιιιειιδίε
2724 1250 2828 1322 illis
2852 1270 3201 1335 argumentis,
3225 1283 3344 1338 qua:
3372 1268 3560 1324 adver-

1968 1376 2059 1415 sus
2089 1344 2367 1429 complura
2393 1361 2611 1427 Gt'egori
2634 1344 2733 1415 .tt:c
2764 1362 3005 1435 Historiae
3034 1351 3203 1427 capita
3228 1361 3466 1415 Cointins
3492 1377 3561 1417 ex

1969 1466 2099 1504 mss.
2133 1440 2332 1516 aliquot
2363 1452 2604 1505 t'Orlit'ttrn
2640 1442 2976 1516 atteturitate,
3025 1462 3116 1505 aut
3152 1469 3216 1507 ex
3252 1452 3558 1521 Fredegarii

1968 1542 2183 1595 silentio
2199 1541 2373 1619 dedux
2404 1552 2442 1608 t,
2462 1544 2812 1597 examinanda
2833 1555 3123 1611 supersunt
3146 1546 3424 1624 nonnulla,
3442 1562 3562 1615 qua:

1969 1635 2051 1687 vel
2084 1651 2147 1688 ex
2178 1636 2340 1704 stylo,
2376 1640 2453 1688 vel
2485 1652 2550 1690 ex
2585 1622 2747 1692 rebus
2779 1637 2829 1691 irt
2862 1638 2968 1691 illis
2999 1638 3261 1707 capitibus
3292 1622 3563 1693 contentis

1970 1712 2181 1795 objicit,
2218 1740 2466 1794 tanquam
2515 1750 2541 1783 ει
2568 1731 2811 1798 Gregorii
2844 1731 3003 1785 modo
3040 1712 3314 1787 scribendi
3360 1733 3560 1798 aliena,

1969 1827 2060 1871 aut
2088 1810 2234 1874 certe
2261 1836 2381 1889 qua:
2409 1820 2530 1874 aliis
2563 1822 2729 1901 ipsius
2757 1822 2996 1892 ejusdem
3029 1808 3303 1892 operibus,
3334 1834 3426 1880 aut
3453 1841 3562 1879 cae-

270 1921 440 1985 capita
468 1920 519 1973 in
541 1917 850 1973 Corbeiensi
881 1920 1065 1973 codice
1088 1919 1373 1984 trahentur,
1398 1933 1450 1975 et
1474 1931 1723 1991 tanquam
1752 1924 1861 1978 veri
1899 1908 1940 1966 Β
1974 1910 2102 1963 teris
2124 1910 2440 1991 Gregoriani
2471 1915 2567 1967 aevi
2595 1913 2831 1981 probatis
2858 1916 3164 1970 auctoribus
3191 1918 3456 1971 contraria
3481 1917 3560 1969 vi-

269 2021 318 2064 et
349 2009 548 2065 sinceri
571 2009 814 2079 Gregorii
840 2011 977 2065 fctus
1008 2028 1035 2064 a
1063 2012 1277 2066 Coiotio
1304 2013 1868 2077 admittun'unUrtde

270 2111 420 2170 patet
448 2116 555 2154 non
588 2103 876 2158 admodum
911 2105 1098 2159 utilem
1131 2120 1252 2160 esse
1283 2092 1398 2159 viro
1429 2106 1642 2160 erudito
1665 2105 1866 2161 Frede-

268 2205 299 2259 g
336 2191 399 2244 rii
448 2193 823 2263 auctoritatem
887 2194 953 2248 ad
1003 2194 1334 2261 probandum
1382 2210 1445 2248 ex
1492 2193 1608 2264 ejus
1653 2196 1869 2251 silentio

269 2284 439 2335 multa
498 2266 743 2354 Gregorii
806 2285 1053 2339 Historia:
1112 2285 1278 2339 fuisse
1326 2286 1866 2353 superarldita:curn

267 2385 481 2430 constet
528 2380 596 2427 ab
646 2392 713 2430 eo
758 2386 978 2431 auctore
1037 2378 1199 2431 multa
1245 2393 1314 2432 ex
1364 2378 1577 2431 sint-ero
1625 2376 1866 2448 Gregorii

270 2478 420 2520 textu
448 2478 643 2544 Sponte
671 2477 725 2522 et
754 2485 816 2522 ex
852 2458 1110 2522 industria
1142 2468 1339 2522 omissa
1373 2468 1558 2523 fuisse.
1676 2542 1677 2547 γ

339 2542 434 2614 99.
479 2542 569 2624 At,
625 2554 852 2629 inquies,
902 2562 1255 2631 Fredegarius
1302 2562 1570 2617 Francicae
1623 2542 1869 2621 llistorre

265 2635 542 2722 epitomen
568 2656 984 2709 conciunaturus
1017 2671 1043 2706 a
1071 2657 1347 2725 proposito
1368 2672 1467 2709 suo
1490 2658 1721 2711 alienum
1748 2673 1869 2712 esse

264 2750 481 2801 censuit
507 2762 596 2803 res
623 2760 936 2811 extraneas,
964 2749 1064 2803 etsi
1099 2751 1272 2816 reipsa
1305 2765 1335 2803 a
1359 2751 1618 2813 Gt'e;:0t‘i0
1648 2738 1864 2817 relatas,

264 2822 416 2910 operi
443 2854 544 2894 suo
566 2841 834 2906 inserere;
861 2841 929 2894 ita
955 2851 1011 2894 ut
1035 2843 1232 2896 nemini
1258 2844 1449 2897 miram
1469 2844 1631 2899 videri
1651 2845 1864 2917 debeat,

264 2933 308 2984 si
356 2931 611 2985 riOnnul‘a
650 2933 810 2985 etiam
868 2947 934 2987 ex
979 2934 1200 2988 sirtce.is
1239 2934 1578 3005 Grcgoriana:
1620 2938 1868 2993 llistoria:

263 3023 537 3090 capitibus
569 3023 831 3078 omiserit.
892 3023 960 3075 At
988 3024 1130 3077 nulla
1164 3041 1381 3088 prorsus
1421 3027 1653 3082 laudavit
1685 3045 1751 3085 ex
1805 3030 1867 3082 iis

264 3133 389 3184 qua:
432 3116 487 3169 in
516 3116 703 3170 coilice
729 3117 1042 3172 Corlreiensi
1076 3120 1482 3185 desiderantur;
1537 3120 1687 3189 proin
1708 3122 1867 3191 leqne

1970 2000 2164 2053 dentur
2190 2019 2202 2053 :
2234 2017 2351 2068 quae
2378 2002 2500 2055 licet
2526 2004 2636 2058 suis
2667 2004 2719 2057 in
2754 2004 2907 2069 locis,
2931 2016 3187 2075 quantum
3222 2007 3360 2061 ferre
3390 2008 3563 2076 pomit

1972 2080 2221 2146 notarum
2266 2092 2524 2169 brevitas,
2576 2097 3009 2171 exposuerimus,
3054 2097 3140 2150 hic
3180 2107 3354 2152 laureo
3406 2101 3564 2168 paulo

1973 2174 2138 2237 fusius
2164 2186 2493 2239 d'scutienda
2525 2197 2668 2240 sunt.
2702 2187 2764 2267 Et
2795 2189 3025 2255 primum
3057 2191 3293 2257 quidem,
3325 2191 3466 2257 quod
3496 2192 3571 2267 ad],

1970 2276 2093 2346 styli
2119 2276 2369 2330 duritiem
2394 2277 2621 2343 pertinet
2641 2257 2731 2331 aut
2751 2279 3019 2353 sermonis
3040 2266 3413 2346 rusticitatem,
3432 2264 3564 2351 quas

1971 2371 2024 2423 in
2056 2370 2168 2422 suis
2213 2370 2466 2438 operibus
2517 2371 2742 2424 inveniri
2794 2372 2987 2425 fatetur
3018 2372 3214 2440 passim
3248 2372 3562 2447 Gregorius,

1973 2444 2136 2517 testes
2156 2464 2366 2532 appello
2392 2450 2654 2531 quotquot
2677 2462 2920 2533 Gregorii
2944 2450 3107 2531 opera
3127 2462 3380 2534 legerint,
3404 2444 3564 2533 atque

1971 2558 2169 2627 capita,
2204 2573 2324 2624 qua:
2349 2556 2594 2613 Cointius
2626 2559 2940 2626 interpolata
2972 2559 3227 2629 appellat,
3257 2559 3416 2615 simul
3441 2576 3565 2618 cum

1972 2650 2091 2701 a'iis
2116 2648 2365 2725 conferre
2394 2651 2678 2715 voluerint,
2712 2665 2779 2703 an
2801 2636 2965 2703 ovum
2998 2652 3362 2705 ovo‘similins
3394 2653 3564 2709 videri

1975 2742 2162 2808 possit.
2198 2740 2472 2796 Habentur
2494 2740 2689 2811 quippe
2729 2739 2783 2794 in
2825 2741 2952 2819 illis,
2978 2742 3121 2797 sicut
3142 2754 3193 2798 et
3222 2744 3273 2797 in
3301 2743 3438 2809 istis,
3471 2760 3565 2799 ca-

1970 2847 2127 2887 suum
2155 2834 2496 2898 mutationes,
2524 2835 2571 2888 id
2599 2844 2683 2891 est
2708 2822 2991 2890 accusandi
3015 2852 3188 2902 casus,
3215 2847 3272 2891 ut
3296 2854 3565 2908 gramma-

1974 2925 2060 2979 tici
2093 2934 2303 2988 vocant,
2340 2942 2433 2991 pro
2464 2925 2745 2991 ablativis;
2802 2926 3061 2982 habentur
3092 2938 3146 2982 ct
3179 2930 3430 2984 feminina
3465 2948 3564 2984 nu-

1973 3018 2114 3069 mina
2147 3033 2241 3085 pro
2273 3017 2613 3082 :nasculiuis,
2657 3027 2712 3072 et
2745 3020 3034 3072 masculina
3070 3037 3100 3074 ιι
3128 3021 3284 3075 uuirta
3324 3037 3443 3076 cum
3472 3026 3565 3076 ad.

1968 3111 2180 3182 jectivis
2223 3113 2273 3164 in
2304 3110 2562 3165 feminino
2591 3102 2788 3181 genere
2826 3098 3132 3181 conjuncta.
3174 3118 3473 3171 Occurrunt
3511 3128 3566 3172 et

264 3206 551 3275 probabile
592 3216 697 3273 est,
731 3222 795 3262 ea
836 3218 959 3263 tunc
1002 3211 1257 3274 temporis
1297 3226 1402 3263 non
1441 3211 1740 3277 exstitisse,
1769 3213 1864 3266 Sed
1908 3246 1943 3269 ,ν
1974 3220 2135 3260 voces
2174 3206 2423 3267 exolicw.
2459 3203 2815 3272 IOQUendique
2859 3205 2999 3257 rrtodi
3033 3206 3188 3273 plane
3233 3207 3462 3275 barbari,
3497 3211 3565 3264 de

264 3302 614 3369 pnsmjodum
644 3301 886 3372 Gregorii
920 3304 1174 3371 operibus
1201 3308 1268 3355 ah
1298 3304 1481 3372 aliqua
1512 3305 1676 3360 fuisse
1700 3306 1855 3360 inter.
1894 3277 1939 3339 Ο
1970 3299 2163 3367 quibus
2203 3299 2362 3352 rebus
2391 3296 2637 3362 exempla
2670 3298 2720 3349 in
2753 3296 2982 3351 ltletiittllt
3034 3297 3274 3365 proferre
3306 3316 3410 3353 ιιυιι
3438 3302 3567 3357 είιιίι

264 3394 515 3463 polatore
536 3402 741 3447 assuta.
784 3396 1089 3449 Atcorrut-t
1121 3405 1290 3448 tntum
1324 3395 1450 3449 illtrd
1485 3396 1681 3450 Cointii
1709 3414 1865 3466 argu-

261 3497 535 3549 mentum,
586 3487 751 3540 irrrmo
781 3487 936 3542 nobis
984 3487 1209 3542 omnino
1255 3486 1475 3554 favebit,
1508 3491 1551 3543 si
1585 3506 1765 3561 verum
1795 3495 1866 3545 sit

264 3578 654 3646 Fredegarinrn
678 3580 920 3634 eamdem
948 3580 1199 3636 habuisse
1220 3568 1480 3635 ratiOuem
1502 3597 1563 3636 ea
1588 3586 1865 3639 omittendi

257 3686 387 3742 qua:
417 3671 472 3725 in
501 3671 813 3727 Corbciensi
844 3673 1031 3728 codice
1078 3689 1184 3728 non
1219 3674 1504 3741 habeantur,
1540 3692 1600 3730 ac
1632 3678 1717 3731 illa
1749 3694 1867 3748 qua:

258 3776 329 3814 ex
381 3761 597 3815 sincera
631 3761 872 3831 Gregorii
907 3752 1136 3816 llistoria
1193 3778 1298 3816 non
1351 3764 1554 3819 retulit.
1612 3766 1867 3821 Earnderu

257 3838 398 3907 vero
424 3854 594 3909 fuisse
614 3854 723 3923 jant
751 3869 913 3922 supra
939 3857 1366 3933 observavimus,
1394 3868 1447 3912 et
1469 3861 1554 3915 iter
1573 3878 1658 3915 nm
1683 3871 1870 3916 osten-

258 3947 469 3999 diruus.
514 3945 727 3999 Etenim
762 3947 1105 4016 praitermisit
1138 3947 1495 4018 Fredegarius
1526 3950 1871 4022 Gregoriattze

265 4024 525 4092 Ilistorize
564 4038 769 4107 capita,
810 4039 970 4111 etiam
1012 4038 1249 4105 sincera,
1292 4056 1411 4109 quze
1448 4041 1512 4094 ad
1562 4043 1869 4109 generalem

263 4130 609 4184 Franrorurn
631 4131 803 4192 gentis
827 4130 1110 4184 llistoriam
1142 4132 1362 4187 minime
1382 4132 1699 4188 attinebant.
1730 4135 1870 4189 ldcru

257 4238 488 4292 quoque
507 4221 632 4275 iecit
650 4221 995 4276 Corbeiensis
1022 4222 1222 4296 codicis
1244 4225 1506 4292 scriptur;
1532 4224 1669 4278 idem
1695 4226 1873 4281 fecere

257 4325 317 4367 et
347 4314 443 4383 qui
475 4313 616 4367 alios
645 4313 858 4367 codices
888 4329 914 4366 a
940 4313 1153 4368 Cointio
1189 4316 1431 4369 laudatos
1462 4327 1773 4371 cxararunt.
1808 4318 1874 4373 Et

255 4388 706 4481 (priderneodem
729 4419 792 4458 ac
812 4402 1163 4474 Fredegarins
1184 4405 1435 4461 consilio.
1457 4405 1533 4460 illi
1555 4408 1721 4473 enim,
1738 4409 1876 4465 sicut

255 4513 305 4553 et
354 4482 752 4568 Fredegarius,
803 4499 1111 4568 generalem
1159 4499 1498 4555 solummodo
1546 4500 1872 4557 Francorum

258 4591 571 4643 llistoriam
631 4589 830 4643 habere
880 4589 1180 4657 cupientes,
1239 4591 1538 4667 singulares
1596 4590 1871 4645 hominum

1972 3392 2080 3460 ipsa
2110 3392 2183 3443 rei
2216 3388 2503 3443 evidentia.
2539 3387 2730 3442 Fateor
2762 3388 3008 3455 equidem
3044 3390 3092 3441 in
3122 3390 3397 3457 codicibus
3427 3392 3563 3445 Cor-

1972 3483 2172 3537 beiensi
2200 3496 2263 3536 ac
2289 3479 2668 3542 Ilellovacensi,
2692 3496 2826 3548 quos
2852 3484 2900 3533 ιιι
2925 3480 3166 3551 Gregorii
3196 3493 3341 3537 textu
3364 3484 3566 3545 descri-

1974 3574 2148 3629 bendo
2172 3573 2415 3627 Coiutins
2446 3573 2635 3625 merito
2667 3572 2859 3626 imitari
2888 3574 3100 3643 gaudet,
3127 3575 3327 3645 aliquot
3349 3578 3573 3633 nominat

1975 3667 2162 3735 magis,
2191 3676 2247 3720 trt
2279 3667 2347 3718 ita
2381 3665 2579 3727 dicam,
2612 3666 2834 3719 barbare
2869 3666 3050 3731 Scribi,
3083 3683 3240 3733 quam
3271 3670 3321 3724 in
3348 3674 3564 3727 cretei-is

1974 3758 2248 3813 codicibus
2272 3757 2449 3811 minus
2477 3754 2726 3825 antiquis,
2751 3759 3245 3827 frequentiori-sque
3270 3761 3322 3814 in
3350 3760 3456 3816 illis
3483 3762 3565 3816 in-

1977 3852 2144 3917 veniri
2191 3866 2435 3917 easuum,
2463 3850 2759 3905 litterarum
2793 3860 2883 3905 aut
2923 3868 3175 3920 generum
3216 3857 3573 3911 mutationes-

1975 3943 2080 3998 Sed
2108 3943 2210 3997 hoc
2230 3958 2295 3997 ex
2321 3943 2535 3998 diverso
2554 3941 2886 4009 diversorum
2916 3953 3212 4012 temporqu
3239 3959 3301 4001 ac
3329 3950 3565 4003 notario-

1977 4050 2093 4089 rum
2117 4035 2273 4105 genio
2294 4043 2351 4089 et
2369 4034 2588 4089 arbitrio
2612 4034 2803 4090 accidit
2828 4053 2842 4089 :
2868 4052 2985 4105 quae
3013 4038 3294 4093 diversitas
3315 4042 3562 4097 codicum

1976 4126 2340 4195 antiquitatem
2364 4125 2595 4195 probare
2614 4126 2825 4194 quidem
2851 4137 3042 4196 potest,
3064 4145 3167 4184 non
3192 4146 3319 4186 vero
3340 4148 3579 4201 operum-

1979 4219 2311 4273 varietatem.
2351 4216 2515 4273 Iidem
2557 4219 2698 4273 enim
2721 4201 2856 4273 sunt
2884 4221 2970 4290 qui
3019 4222 3070 4276 in
3099 4225 3280 4278 saeculi
3312 4227 3445 4280 sexti
3474 4237 3572 4283 ant'

1978 4313 2191 4382 septimi
2215 4312 2400 4367 codice
2428 4312 2734 4367 scribuntur
2757 4311 3173 4383 Cltlotovechus,
3204 4316 3565 4373 Cltlothacha-

1979 4404 2108 4471 tius,
2138 4403 2611 4469 Cltrochtichildis,
2652 4419 2716 4459 ac
2742 4405 2832 4473 qui
2863 4406 2914 4460 in
2948 4408 3259 4470 posterioris
3296 4410 3398 4464 arvi
3428 4412 3566 4465 scri-

1980 4496 2079 4564 ptis
2105 4494 2354 4550 dicuntur
2376 4495 2700 4563 lliodoveus,
2728 4496 3015 4558 lllotarius.
3040 4509 3135 4553 aut
3159 4500 3432 4566 llletildis;
3467 4518 3578 4560 sete

1978 4590 2336 4654 Chludoveus.
2362 4591 2686 4656 Chlotarius,
2711 4590 3013 4655 Chlotildis,
3038 4601 3143 4652 etc.
3175 4593 3315 4650 idern
3340 4597 3579 4667 contigit

255 4683 627 4748 privatorum,
653 4688 744 4732 aut
772 4680 1007 4733 locorum
1038 4680 1287 4734 historias
1309 4682 1727 4750 prmterrnisere,
1761 4692 1876 4736 tan-
1908 4666 1955 4723 υ
1988 4682 2037 4736 in
2067 4681 2207 4750 aliqu
2247 4689 2266 4735 t
2303 4682 2422 4736 aliis
2453 4681 2691 4747 vocibus,
2735 4696 2874 4751 quas
2897 4697 3251 4740 amanuettses
3284 4702 3380 4757 pro
3414 4688 3577 4746 libittr

249 4790 432 4843 quam
460 4774 559 4827 sibi
586 4759 822 4826 iuu'ti'es.
849 4772 901 4825 ld
927 4772 1098 4840 ipsum
1124 4773 1298 4826 innuit
1327 4773 1378 4826 in
1407 4772 1569 4827 variis
1593 4772 1869 4827 codicibus

248 4858 624 4920 omissionum
664 4864 915 4920 varietas.
967 4866 1037 4918 Ea
1075 4864 1217 4918 enim
1274 4856 1392 4926 fuit,
1428 4874 1481 4917 ιιι
1502 4864 1613 4934 jam
1645 4880 1749 4919 non
1781 4879 1866 4919 se-

246 4960 377 5014 mel
422 4959 847 5022 observavimus,
878 4957 1118 5026 Gregorii
1174 4956 1338 5011 nostri
1390 4957 1625 5022 fortuna,
1660 4966 1715 5011 ut
1742 4956 1864 5026 quit

247 5051 480 5120 primus
510 5058 564 5102 et
594 5050 783 5102 unicus
814 5058 1051 5102 veterum
1086 5063 1265 5102 rerum
1296 5048 1469 5115 gentis
1503 5057 1701 5101 nostra:
1731 5063 1868 5117 prae-

247 5144 418 5196 clare
444 5151 715 5209 gestzirnm
748 5140 978 5208 scriptor
1006 5138 1232 5204 exstitit,
1260 5153 1327 5193 ex
1359 5138 1475 5207 ejus
1499 5134 1751 5206 cperibus
1774 5141 1863 5206 qui

249 5244 457 5303 postea
485 5234 652 5286 secoti
681 5241 807 5288 sant
834 5233 1146 5300 scriptores,
1179 5246 1274 5301 pro
1305 5247 1403 5285 suo
1434 5230 1585 5286 libita
1616 5248 1734 5300 qua:
1763 5232 1867 5287 sibi

247 5329 382 5381 visa
419 5336 567 5391 sunt,
598 5325 687 5377 alii
716 5324 889 5393 plura,
912 5324 999 5376 alii
1032 5328 1283 5391 pauciora
1306 5322 1706 5392 descripserint.
1732 5308 1873 5378 Hinc

247 5418 522 5472 nonnulli
568 5416 781 5470 Codices
825 5425 1054 5485 quatuor
1095 5415 1341 5469 llistorite
1384 5415 1547 5470 libros
1586 5415 1864 5481 exhibent,

245 5512 350 5565 alii
380 5508 643 5580 quinque,
666 5508 754 5560 alii
778 5523 817 5560 so
841 5523 892 5569 ιι,
910 5508 995 5559 alii
1022 5522 1148 5560 vero
1176 5522 1362 5561 novem
1383 5517 1472 5559 aut
1495 5507 1703 5561 decem.
1728 5507 1865 5573 Quin

244 5616 308 5658 et
341 5619 417 5657 ex
449 5601 557 5655 illis
587 5600 738 5653 libris
770 5597 857 5652 aii
888 5600 1035 5667 plura
1068 5609 1155 5650 aut
1185 5598 1435 5666 pauciora
1466 5615 1561 5667 pro
1591 5614 1688 5651 suo
1717 5597 1863 5651 libitu

243 5696 444 5764 Capita
476 5693 845 5761 exscripsere;
886 5690 1127 5745 nonnuhi
1161 5700 1335 5744 autern
1370 5690 1482 5744 hanc
1511 5690 1563 5744 itt
1594 5694 1863 5756 epitontert

251 5786 562 5842 reduxere.
594 5788 725 5851 ρυλε
755 5785 931 5837 omnia
961 5784 1136 5854 quivis
1168 5793 1364 5836 norunt
1394 5785 1443 5836 in
1470 5784 1644 5852 gentis
1672 5797 1868 5837 nostra:

249 5878 515 5936 Historia
535 5882 614 5940 vel
632 5866 895 5937 iantilluur
920 5879 1135 5947 versati,
1157 5879 1247 5947 qui
1266 5878 1517 5949 i‘redv'ga;
1531 5876 1590 5947 ii,
1607 5878 1863 5946 Aimoiui,

1973 4782 2334 4837 mutaverunt,
2369 4782 2426 4826 ut
2453 4787 2574 4826 cum
2603 4773 2817 4843 equites,
2839 4788 2998 4843 quam
3032 4789 3217 4830 vocent
3251 4788 3458 4835 veteres
3491 4782 3571 4835 θιι

1969 4881 2163 4934 equum
2187 4864 2567 4934 designandum
2595 4864 2939 4931 usurpabant,
2963 4865 3015 4918 in
3039 4882 3191 4936 equos
3214 4869 3569 4934 transtulere,

1972 4956 2318 5011 intentionem
2351 4956 2402 5008 irt
2430 4958 2834 5020 contentionem,-
2877 4958 2964 5025 qui
3007 4968 3061 5013 et
3083 4959 3167 5013 ubi
3191 4959 3569 5028 indignareaut

1970 5064 2243 5117 exsequere
2257 5048 2362 5102 seri
2372 5057 2515 5116 ptrntt
2540 5048 2877 5109 invenerunt.
2895 5064 3183 5118 reposuere
3197 5052 3568 5123 indignemini,

1970 5148 2023 5193 et
2052 5139 2292 5205 exsequi;
2321 5147 2375 5192 et
2399 5138 2477 5192 sic
2513 5137 2616 5192 a'ia
2659 5139 2958 5203 innumera,
3010 5156 3129 5207 quae
3173 5141 3353 5195 multis
3398 5144 3573 5199 variis

1971 5229 2285 5284 lecrionibus
2314 5229 2576 5299 originem
2605 5230 2821 5298 quidem
2866 5230 3156 5296 dederunt,
3197 5241 3251 5287 at
3282 5249 3561 5304 nunquam

1970 5322 2110 5397 apud
2140 5320 2284 5376 viros
2311 5322 2550 5376 eruditos
2581 5321 2632 5374 in
2665 5322 2884 5376 dubium
2918 5337 3173 5378 revocare
3199 5323 3441 5381 iecerunt-
3467 5340 3563 5381 ve-

1973 5425 2083 5468 ti-ra
2118 5423 2481 5479 monumenta,
2509 5430 2735 5484 quorum
2765 5430 2834 5468 ne
2861 5415 3078 5468 unicum
3105 5414 3334 5489 Fortasse
3362 5418 3427 5472 ad
3460 5434 3561 5475 nos

1972 5494 2344 5561 intemeratum
2378 5506 2693 5575 pervenisse
2722 5507 2853 5562 alias
2876 5506 3158 5562 drceudum
3198 5519 3363 5564 esset.
3406 5510 3557 5567 Unde

1973 5613 2076 5650 non
2109 5597 2284 5651 mirnrs
2319 5598 2614 5652 indubitata
2642 5598 2883 5665 Gregorii
2926 5612 3111 5666 Opera,
3141 5616 3303 5669 quam
3330 5618 3412 5666 ea,
3438 5618 3560 5672 quae

1972 5689 2288 5758 interpolata
2326 5708 2353 5744 a
2382 5690 2594 5745 Cuintio
2621 5691 2893 5759 dicuntur,
2926 5693 3189 5761 ejusmodi
3233 5698 3560 5752 mutationes

1970 5784 2037 5837 ab
2058 5782 2473 5836 amanuensibus
2498 5785 2779 5849 pertulere.
2809 5783 2914 5838 Sed
2944 5784 2987 5837 si
3020 5796 3228 5839 veteres
3257 5785 3371 5839 illas
3402 5799 3563 5840 vocs:

1971 5891 2031 5933 ac
2069 5876 2365 5933 locutiones
2403 5874 2681 5944 bar-haras,
2713 5883 2807 5932 aut
2835 5889 3058 5933 casuum
3107 5876 3428 5933 mutationes
3467 5886 3564 5931 uo-
