4040 6186
670 375 742 450 85

2112 365 2288 421 1⁷11λῖ
2321 367 2496 423 ATLU.

3834 357 3881 416 81

667 505 931 547 ec-ssarias
950 487 1166 544 omnino
1187 501 1306 542 esse
1327 483 1447 555 quis
1469 483 1757 544 contendat
1777 482 1840 535 ad
1865 483 2125 538 conciliari
2150 485 2252 535 iam
2286 490 2332 542 Α
2362 495 2426 533 stt
2456 495 2525 534 ττι
2551 488 2895 533 monuzuenta
2921 491 3025 534 non
3047 491 3260 547 semper
3279 473 3380 532 sibi
3402 483 3668 530 constant:
3690 484 3734 530 et
3754 491 3881 533 unum

669 583 931 652 stipitibus
955 582 1076 645 illis,
1099 596 1217 650 qua:
1245 577 1564 646 interpolata
1586 582 1771 630 censet
1795 561 2053 639 Colntius,
2076 584 2260 628 aucto-

669 677 904 737 ritatem,
920 687 981 726 ac
1002 673 1066 724 ad
1092 668 1472 726 restituendam
1488 665 1730 739 Gregorii
1754 665 2005 734 Operibns
2029 675 2256 720 nativam

669 766 916 826 fortnam,
947 779 1051 817 non
1077 762 1268 816 desunt
1297 761 1510 815 codices
1541 760 1743 829 antiqui
1770 761 1858 829 qui
1893 758 2010 811 illas
2037 759 2258 810 omnino

668 859 942 924 exhibent,
971 862 1137 925 prout
1155 870 1247 910 eas
1278 855 1452 923 reipsa
1486 855 1685 923 passim
1732 853 1784 906 in
1816 862 1996 906 nostra
2026 851 2258 906 editione

668 951 1022 1012 restituimus.
1042 961 1134 1005 aut
1156 951 1560 1006 observavimus
1591 951 1641 1004 in
1668 951 1829 1012 notis,
1848 964 1967 1003 cum
1991 947 2255 1018 ejusmodi

667 1045 897 1100 insolita!
927 1045 1265 1114 exprimendi
1301 1044 1542 1097 formulte
1573 1043 1794 1096 nimium
1829 1041 2154 1097 lacesserent
2184 1043 2259 1095 le-

667 1141 914 1208 gentibus
947 1141 1237 1212 negotium.
1279 1139 1580 1194 Occurrttnt
1610 1145 1663 1194 et
1695 1139 1746 1191 in
1781 1136 1965 1192 iisdem
1995 1136 2259 1204 capitibus

665 1253 827 1291 Voces
870 1237 1110 1306 quadam
1159 1237 1487 1305 singulares,
1518 1250 1638 1306 quas
1680 1235 1918 1304 Gregorii
1960 1235 2154 1307 stylum
2205 1244 2258 1288 ct

663 1331 879 1408 genium
905 1331 1139 1400 sapiunt,
1171 1329 1470 1398 cujusmotli
1503 1329 1610 1382 fere
1638 1335 1762 1382 sunt
1785 1329 1996 1382 intentio
2026 1327 2090 1382 ad
2121 1344 2256 1384 con-

661 1423 956 1478 tentionem
1006 1422 1431 1488 exprimendam,
1479 1421 1669 1490 equites
1713 1435 1808 1487 pro
1848 1420 2014 1488 equis,
2065 1421 2256 1488 species

663 1532 762 1576 iro
793 1514 1153 1568 mercimoniis
1198 1525 1288 1566 aut
1337 1511 1497 1566 rebus
1521 1510 1736 1564 .venalib
1761 1526 1822 1578 IS,
1855 1527 2127 1564 consensus
2160 1527 2256 1581 pro

662 1608 1019 1662 instrumento
1069 1603 1369 1667 electionis,
1423 1602 1703 1656 cicindrlns
1751 1617 1846 1672 pro
1891 1602 2114 1656 candela
2166 1612 2255 1657 aut

658 1712 838 1761 cereo,
869 1694 1114 1750 satellites
1139 1709 1235 1764 pro
1260 1694 1441 1756 soeiis,
1488 1692 1698 1746 manicis
1728 1691 2100 1762 apprehensus,
2126 1691 2256 1745 Bar-

658 1793 836 1851 barus,
869 1806 965 1859 pro
994 1787 1251 1850 Francus,
1278 1797 1330 1840 et
1351 1787 1452 1839 alia
1477 1784 1738 1854 ejusmodi
1762 1785 1898 1839 bene
1924 1784 2108 1850 multa,
2136 1800 2253 1854 qua:

659 1883 842 1942 nullus
883 1899 986 1936 non
1031 1880 1319 1934 observare
1359 1886 1560 1947 petest,
1592 1879 1766 1945 qualia
1819 1877 1870 1931 in
1917 1881 2252 1934 onomastiw

659 1972 834 2026 indice
865 1971 930 2024 ad
962 1971 1163 2025 calcem
1197 1969 1356 2035 hujus
1385 1967 1671 2021 voluminis
1697 1967 2034 2035 cotiegimus.

733 2063 853 2116 101.
880 2062 994 2116 Non
1019 2060 1234 2128 majoris
1256 2070 1337 2114 est
1363 2059 1618 2112 momenti
1639 2059 1833 2113 Cointii
1857 2069 2251 2130 argumentum,

658 2170 764 2217 quo
816 2153 976 2206 multa
1026 2151 1078 2205 in
1127 2151 1392 2218 capitibus
1441 2150 1772 2218 interpolatis
1824 2150 2018 2221 passim
2066 2151 2250 2206 haberi

657 2245 956 2308 contendit,
1005 2242 1228 2296 sinceris
1254 2240 1498 2311 Gregorii
1546 2242 1796 2308 operibus
1846 2257 1951 2294 non
1985 2242 2120 2297 bene
2160 2259 2254 2297 co.

658 2335 937 2392 haerentia.
986 2332 1148 2386 immo
1195 2339 1250 2386 et
1297 2330 1428 2398 ipsis
1471 2331 1757 2386 contraria.
1819 2329 2021 2384 Deinde
2052 2331 2251 2399 priteit

658 2427 860 2494 aliquot
889 2425 1027 2487 loca,
1053 2423 1106 2478 in
1132 2419 1327 2492 quibus
1363 2421 1452 2475 ille
1482 2431 1688 2485 auctor,
1714 2435 1831 2486 seu,
1864 2431 1919 2475 ιιι
1962 2422 2053 2484 ait,
2087 2421 2251 2475 inter-

662 2522 895 2590 polator,
928 2533 1033 2572 non
1077 2515 1203 2569 satis
1236 2514 1438 2584 aliquot
1470 2522 1777 2568 sanctorum
1809 2514 2043 2567 virorum
2095 2512 2251 2567 fama:

657 2607 1000 2663 consuluisse
1049 2606 1305 2669 videtur;
1387 2605 1744 2671 nonnullaque
1815 2602 1918 2658 alia
1971 2613 2249 2658 auctorum

656 2701 1010 2767 coaequalium
1056 2697 1378 2759 testimoniis
1409 2697 1652 2766 opposita
1684 2696 1952 2762 retulisse,
1984 2695 2055 2750 ita
2095 2706 2170 2761 ut,
2205 2701 2250 2752 si

654 2794 1025 2857 «ιάηιίιιειηιιιτ,
1076 2800 1161 2845 θυι
1207 2790 1371 2858 ipsos,
1420 2798 1510 2843 aut
1543 2799 1688 2844 certe
1709 2787 2023 2857 Gregorium
2064 2805 2090 2841 a
2123 2804 2250 2845 vero

655 2887 937 2942 aberrasse
988 2881 1263 2937 fatendum
1313 2882 1384 2936 sit
1428 2899 1443 2936 :
1488 2897 1606 2950 quae
1655 2882 1880 2951 proinde
1924 2883 2103 2936 omnia
2155 2899 2249 2950 pro

653 2981 800 3035 Veris
828 2977 1073 3045 Gregorii
1106 2977 1300 3031 fetibus
1331 2975 1513 3030 haberi
1547 2991 1651 3029 non
1679 2975 1895 3030 debent.
1926 2973 2022 3029 His
2053 2975 2250 3045 quippe

651 3070 904 3126 omnibus
934 3085 1042 3124 uno
1071 3068 1236 3123 verbo
1264 3068 1448 3136 reponi
1473 3077 1672 3136 posset,
1699 3067 1839 3137 quod
1864 3070 1961 3122 etsi
1992 3067 2247 3122 nonnulla

650 3159 915 3228 ejusmodi
962 3161 1013 3212 in
1054 3158 1320 3227 capitibus
1359 3157 1725 3211 controversis
1760 3157 2105 3222 haberentur,
2141 3173 2246 3212 non

651 3254 832 3305 statim
879 3265 1066 3305 eorum
1122 3249 1516 3304 convelleretur
1546 3247 1860 3310 auctoritas,
1903 3247 2165 3316 siquidem
2193 3257 2249 3302 et
2275 3231 2322 3294 ο

652 3343 817 3396 multa
859 3341 911 3399 in
956 3341 1185 3394 sinceris
1211 3339 1452 3409 Gregorii
1502 3337 1765 3404 capitbus
1816 3337 2096 3402 habentur,
2126 3355 2244 3408 qu:e

653 3450 776 3487 cum
804 3432 921 3502 ip-o
970 3431 1229 3500 Gregorio
1251 3442 1333 3483 aut
1368 3430 1488 3484 aliis
1518 3430 1878 3484 munumentis
1910 3446 2013 3486 non
2040 3447 2244 3487 conve-

651 3523 821 3576 niunt.
866 3522 980 3576 lloc
1025 3521 1201 3590 ipsum
1232 3520 1477 3574 Cointius
1509 3535 1614 3574 non
1655 3521 1820 3574 semel
1853 3523 2002 3576 fateri
2038 3526 2246 3593 cog’tur

651 3615 704 3668 in
735 3614 1062 3677 Annalibus;
1111 3613 1273 3683 idque
1324 3613 1505 3667 multis
1554 3614 1814 3683 exemplis
1855 3614 2246 3669 demonstravit

651 3706 899 3762 Valesius
929 3707 979 3760 in
1004 3704 1317 3774 praefatione
1345 3705 1407 3758 ad
1441 3713 1642 3760 tomum
1668 3705 1710 3759 ll
1736 3706 1929 3760 Rerum
1961 3705 2245 3761 Francica-

651 3816 795 3854 rum.
825 3798 912 3854 Sic
957 3798 1094 3853 libro
1124 3814 1178 3862 ιι,
1213 3799 1391 3866 rapite
1423 3797 1632 3866 ultimo,
1663 3796 2034 3854 Chlodoveum
2060 3814 2240 3868 regem

650 3903 794 3943 anno
836 3889 896 3943 11
942 3888 1134 3943 Licinii
1183 3889 1420 3958 episcopi
1470 3888 1802 3944 Turonensis
1848 3890 1955 3943 f'ato
2004 3890 2243 3946 functum

651 3981 820 4035 fuisse
869 3979 1095 4035 scribit:
1124 3987 1177 4034 et
1207 3988 1383 4035 tamen
1428 3992 1633 4036 certum
1676 3993 1758 4035 εει
1790 3981 2023 4036 Leonem
2056 3982 2242 4037 Licinii

651 4074 989 4126 decessorem
1046 4072 1418 4142 quinquennio
1493 4080 1618 4126 ante
1667 4071 1960 4127 Chlodovei
2015 4090 2132 4128 mor
2156 4091 2241 4130 ein

652 4179 748 4230 per
797 4164 1015 4218 missum
1076 4178 1229 4216 somn
1279 4163 1506 4218 concilio
1550 4164 1842 4234 Agathensi
1917 4167 2241 4225 interfuisse.

652 4255 1045 4310 Contr-omnum
1099 4256 1239 4309 inter
1285 4264 1339 4310 et
1365 4256 1690 4326 Sigibertum
1739 4258 1935 4313 bellum
1981 4263 2246 4316 exarsisse

650 4346 721 4399 ait
753 4346 890 4401 libro
915 4361 988 4411 tv,
1017 4346 1193 4414 capite
1224 4344 1315 4411 43,
1365 4349 1529 4417 quod,
1558 4349 1674 4418 ipso
1704 4361 1981 4405 asserente
2011 4350 2242 4416 Cointio,

651 4451 840 4491 verum
872 4451 978 4491 non
1017 4445 1118 4492 est.
1166 4435 1500 4506 Chilpericus
1532 4440 1819 4493 Suessione
1866 4440 2075 4495 exstitis
2105 4456 2136 4495 e
2166 4443 2245 4495 (ll-

650 4533 788 4586 citur
817 4533 953 4588 libro
984 4547 1039 4600 v,
1069 4533 1337 4601 capitibus
1356 4531 1391 4584 2
1411 4541 1466 4588 et
1486 4531 1540 4599 5,
1573 4542 1626 4588 et
1657 4543 1830 4588 tamen
1860 4533 1984 4588 inde
2006 4534 2243 4590 abfuisse

2367 574 2616 640 idemque
2659 571 2854 626 factum
2882 586 2914 624 a
2937 569 3165 625 diversis
3212 569 3520 623 auctoribus
3550 569 3688 622 etiam
3718 567 3881 635 peritis.

2363 665 2452 733 qui
2485 663 2558 718 rei
2586 671 2749 731 gesta:
2793 660 3158 726 interfuerint,
3187 660 3336 713 varie
3379 655 3612 713 enarrari
3634 657 3881 726 quotidian:

2363 759 2695 828 experientia
2728 767 2962 814 constat.
2991 757 3113 813 Jatn
3154 755 3220 810 ad
3263 754 3557 824 singulares
3582 751 3752 806 Cointii
3775 752 3881 805 diiﬁl

2361 854 2586 907 cuitates
2616 850 2975 906 enucleandas
3005 848 3343 904 accedamus.

2436 946 2558 999 102.
2598 945 2736 998 Nihil
2765 946 2985 999 omnino
3015 944 3066 996 in
3096 951 3206 996 toto
3234 943 3404 1011 primo
3426 939 3662 995 Historia:
3687 937 3806 992 libro
3830 951 3881 991 re

2363 1038 2639 1107 prehendit
2669 1037 2932 1103 Cointins,
2965 1051 3146 1104 quem,
3180 1049 3300 1088 cum
3334 1048 3419 1087 res
3448 1033 3498 1085 in
3529 1045 3591 1084 eo
3620 1040 3819 1086 narratte
3845 1046 3881 1082 ai

2363 1130 2528 1196 ipsius
2566 1147 2670 1183 non
2702 1138 2940 1198 spectent
2975 1127 3298 1190 institutunt,
3322 1124 3626 1179 examinare
3651 1139 3744 1179 non
3772 1137 3881 1177 cura

2361 1225 2455 1278 vit.
2504 1223 2643 1277 Nihil
2676 1223 2836 1278 etiam
2869 1220 3029 1275 habet
3059 1219 3125 1274 de
3166 1217 3271 1273 illis
3308 1216 3556 1272 omnibus
3592 1215 3829 1285 capitulis,
3860 1215 3871 1266 i

2359 1317 2552 1386 quibus
2589 1331 2649 1370 ea
2693 1323 3028 1383 repetuntur,
3061 1327 3178 1382 qua:
3209 1309 3497 1380 Gregorius
3543 1309 3592 1363 in
3631 1309 3738 1363 aliis
3776 1306 3866 1359 libr

2361 1418 2705 1464 tractaverat.
2766 1406 3030 1476 Pleraque
3073 1405 3235 1459 etiam
3283 1403 3387 1457 alia
3440 1401 3659 1471 capitula
3703 1399 3881 1453 admitti

2357 1501 2596 1570 quidem,
2634 1508 2694 1553 ut
2734 1506 2860 1568 pote
2897 1511 3018 1567 qua:
3044 1510 3172 1550 vera
3213 1504 3266 1549 et
3302 1505 3445 1548 certa
3487 1499 3714 1556 narrant,
3740 1489 3826 1544 sed
3852 1505 3881 1543 e

2358 1593 2675 1664 interpolata
2707 1592 2777 1646 oh
2807 1591 2857 1646 id
2886 1591 3059 1646 solum
3091 1595 3294 1650 censet,
3326 1585 3468 1656 quod
3498 1585 3549 1640 in
3579 1585 3765 1654 aliquot
3791 1582 3881 1636 scri

2358 1685 2463 1755 ptis
2486 1685 2760 1739 codicibus
2787 1682 2982 1738 desint.
3030 1681 3133 1735 Sed
3159 1680 3226 1734 de
3257 1679 3339 1733 his
3371 1678 3530 1732 modo
3555 1687 3719 1730 actum
3746 1684 3838 1738 est,
3866 1689 3881 1725 ε

2359 1776 2507 1843 plura
2541 1775 2725 1830 dicere
2750 1774 2934 1829 inutile
2957 1773 3112 1828 foret.
3153 1769 3362 1826 Caetera
3392 1778 3568 1823 autem
3597 1768 3780 1837 capita,
3808 1783 3881 1834 qu:

2286 1854 2327 1912 Β
2357 1868 2425 1921 ob
2453 1866 2778 1935 peculiarem
2820 1865 3052 1930 aliquam
3096 1863 3364 1916 rationem
3413 1861 3603 1928 reiicit,
3655 1859 3734 1914 hic
3775 1858 3881 1912 nohi

2357 1958 2706 2013 exatninauda
2750 1964 2974 2013 restant.
3016 1953 3159 2011 Libri
3186 1970 3224 2008 tt
3282 1962 3441 2022 caput
3462 1950 3533 2005 56
3561 1951 3626 2004 ab
3651 1949 3881 2018 interpola

2357 2062 2476 2108 tore
2495 2052 2732 2106 additum
2760 2067 2878 2107 esse
2901 2057 3052 2122 putat
3074 2049 3155 2104 vir
3180 2047 3439 2111 eruditus,
3467 2045 3604 2116 quod
3628 2060 3710 2100 res
3735 2061 3794 2100 eo
3822 2045 3881 2098 loi

2354 2145 2422 2198 de
2465 2153 2653 2198 sancto
2683 2143 2970 2211 Quintiano
3020 2150 3330 2196 memorata:
3376 2151 3699 2209 pra-postero
3745 2137 3881 2190 ordiri

2355 2237 2687 2302 referantur;
2739 2236 2810 2290 ibi
2843 2237 3037 2305 quippe
3078 2235 3247 2290 sancti
3277 2234 3374 2288 viri
3413 2247 3442 2286 e
3472 2232 3597 2286 sede
3623 2231 3855 2302 expulsio

2355 2331 2567 2387 Gotthis
2609 2330 2743 2385 facta
2785 2341 3055 2400 narratur,
3100 2345 3218 2399 quae
3249 2329 3418 2384 multo
3459 2339 3581 2382 ante
3621 2328 3881 2398 contigere

2355 2429 2528 2494 Atque
2559 2425 2610 2479 id
2657 2425 2871 2494 quidem
2903 2425 3041 2478 haud
3073 2424 3336 2489 diitltear;
3370 2423 3461 2476 sed
3503 2421 3630 2475 nihil
3661 2419 3778 2474 inde
3806 2435 3881 2474 COI

2357 2517 2551 2572 ficitur.
2585 2518 2696 2571 Non
2723 2518 2864 2571 enim
2891 2517 2975 2570 hic
2997 2516 3287 2586 Gregorius
3316 2513 3474 2569 refert
3501 2512 3839 2581 Quintianum
3869 2528 3881 2566 ι

2356 2609 2472 2677 ipso
2500 2624 2642 2662 anno
2671 2608 2878 2678 pulsum
2927 2607 3111 2674 fuisse,
3143 2607 3287 2677 quod
3329 2622 3461 2661 sane
3501 2606 3684 2659 falsum
3728 2605 3881 2658 fuisse

2353 2702 2448 2757 sed
2476 2703 2696 2773 loquens
2725 2703 2792 2757 de
2821 2700 3054 2754 maxima
3085 2699 3357 2754 Gallorum
3389 2713 3516 2760 erga
3549 2697 3778 2752 Francos
3809 2712 3881 2760 pri

2356 2795 2632 2865 pensione,
2664 2809 2731 2848 ex
2760 2808 2820 2847 ea
2852 2807 2882 2846 c
2908 2792 3173 2845 ‘nvitatam
3204 2790 3276 2843 ait
3305 2790 3623 2844 Gotthorum
3653 2787 3881 2841 iuvid‘an

2352 2887 2440 2956 qui
2470 2887 2672 2941 idcirco
2696 2888 3003 2955 complures
3039 2885 3322 2954 episcopos
3360 2898 3390 2937 e
3427 2882 3556 2937 sede
3598 2895 3690 2935 sua
3728 2879 3878 2950 dejec

2354 2988 2512 3034 rant:
2537 2994 2637 3049 qua
2670 2980 2956 3034 occasione
2982 2976 3277 3048 Gregorius
3308 2976 3513 3032 illustre
3542 2974 3742 3045 profert
3772 2990 3881 3027 sani

2353 3075 2622 3144 Quintiani
2655 3075 2959 3144 exemplum
2987 3092 3001 3127 :
3026 3073 3236 3128 tametsi
3270 3072 3438 3128 multo
3467 3081 3592 3125 ante
3621 3068 3673 3124 id
3708 3080 3881 3136 tempu

2354 3169 2534 3224 relima
2560 3168 2711 3232 sede,
2741 3182 2807 3222 ex
2835 3169 2966 3222 urbe
3000 3173 3334 3222 excesserat.

2426 3259 2624 3315 105.1ιι
2657 3261 2812 3313 tertio
2836 3257 2972 3313 libro
2996 3257 3136 3311 nulla
3165 3264 3248 3311 est
3273 3254 3662 3310 controversia:
3694 3254 3881 3307 materi

2349 3370 2472 3410 cum
2499 3354 2640 3408 hunc
2667 3353 2858 3408 librum
2887 3367 3076 3407 omnes
3097 3351 3316 3406 omnino
3338 3349 3571 3409 codices.
3596 3347 3725 3402 editi
3749 3349 3881 3416 parit

2348 3455 2402 3501 et
2423 3444 2631 3513 scripti,
2664 3445 2926 3512 integrum
2959 3450 3367 3507 reprzesi-ntent.
3399 3439 3539 3494 Libri
3565 3438 3745 3508 quarti
3771 3438 3881 3505 cap?

2350 3539 2403 3606 5,
2429 3537 2483 3606 6,
2509 3539 2565 3603 Ἰ,
2600 3537 2656 3590 1.
2695 3548 2749 3592 et
2779 3536 2866 3602 12,
2897 3536 2949 3590 in
2982 3533 3301 3605 quibusdam
3329 3531 3602 3586 eudii-ihns
3632 3529 3881 3584 desidera

2351 3643 2459 3698 tur,
2489 3631 2652 3701 quod,
2678 3640 2734 3685 ut
2761 3630 2916 3685 nobis
2941 3642 3252 3697 persuasum
3277 3636 3379 3692 est,
3406 3625 3533 3679 nihil
3563 3624 3629 3677 ad
3657 3623 3881 3677 Ilistori:

2352 3723 2680 3778 Francorum
2754 3719 3061 3790 generalem
3137 3718 3485 3788 pertinerent.
3539 3715 3606 3768 At
3653 3713 3881 3768 suboru:

2349 3831 2499 3879 esse,
2547 3815 2854 3881 nullamque
2900 3811 3094 3866 mereri
3144 3809 3301 3863 iidem
3352 3806 3630 3862 contendit
3675 3805 3881 3859 Cointit

2349 3907 2491 3978 quod
2525 3908 2587 3961 iis
2627 3905 2879 3960 admissis
2906 3901 3206 3973 Aquitaniae.
3253 3883 3439 3969 prima:
3469 3899 3780 3968 pontifices,
3818 3898 3871 3949 in

2349 4012 2484 4066 quos
2536 3994 2777 4049 nonnulli
2827 3994 3092 4064 hodieque
3155 3991 3325 4046 sancti
3386 3991 3539 4044 titulo
3589 3988 3881 4042 decorauit

2348 4085 2534 4150 quales
2575 4085 2723 4139 fuere
2756 4084 3051 4138 Probianus
3080 4081 3376 4149 Biturigum
3417 4089 3469 4133 et
3506 4077 3818 4131 Dalmatius
3855 4077 3881 4128 1Ι

2351 4174 2636 4228 thenorum
2675 4188 2720 4236 ei
2747 4173 2938 4240 iscOpi,
2972 4171 3193 4226 maximi
3224 4169 3462 4225 criminis
3505 4168 3582 4222 rei
3615 4168 3846 4223 dicendi

2348 4276 2490 4331 rent,
2520 4265 2611 4336 qui
2643 4267 2952 4335 episcopum
2988 4265 3290 4319 inconsulto
3312 4278 3437 4333 rege
3461 4261 3724 4316 ordinare
3748 4261 3881 4314 delil

2350 4365 2618 4422 raverant,
2648 4367 2699 4411 et
2722 4357 2937 4427 quidem
2973 4356 3062 4409 tali
3090 4356 3349 4425 dignitate
3379 4368 3600 4422 prorsus
3649 4353 3881 4421 indignu

2347 4447 2605 4505 Catonem
2635 4449 2860 4515 scilicet,
2891 4450 2982 4518 qui
3014 4448 3261 4517 superbia
3293 4449 3428 4502 adeo
3454 4447 3702 4502 tumidus
3729 4457 3878 4508 erat,

2353 4542 2620 4595 neminem
2648 4556 2707 4595 se
2736 4540 3033 4610 digniorem
3059 4541 3373 4614 episeonatu
3403 4538 3800 4594 arbitraretur.
3828 4537 3881 4593 Ci

649 4624 734 4676 his
774 4624 902 4692 ipsis
941 4625 1072 4679 locis
1120 4629 1567 4694 prazsupponitur.
1615 4626 1731 4681 Alia
1773 4628 1926 4681 mitto
1973 4631 2236 4698 exempla,
2269 4612 2321 4672 Β
2348 4633 2489 4686 tinus
2521 4634 2714 4698 etiam,
2752 4635 2840 4700 qui
2882 4633 2946 4686 ad
2996 4612 3362 4702 episconatum
3405 4638 3696 4697 promotus
3739 4637 3857 4693 est,

649 4728 771 4782 qua:
808 4719 887 4769 vel
935 4732 998 4770 ex
1043 4719 1173 4782 ipsis
1198 4718 1390 4773 Cointii
1433 4721 1686 4787 operibus
1732 4721 1886 4776 facile
1929 4723 2240 4790 suppedita-

648 4805 874 4871 lnmtur,
898 4807 1195 4876 cujusmodi
1222 4812 1361 4865 ttnlla
1389 4814 1438 4865 in
1468 4815 1751 4882 capitibus,
1778 4833 1896 4884 quae
1921 4815 2238 4884 interpolata

649 4905 835 4951 censet
855 4897 1120 4966 Cointius,
1157 4903 1380 4956 inveniri
1411 4920 1651 4973 possunt.
1682 4907 1817 4959 Loca
1849 4915 2025 4961 autem
2058 4909 2241 4973 singu-

649 4990 783 5045 laria
813 5007 931 5061 qua:
965 4993 1100 5046 hanc
1140 4995 1208 5046 in-
1222 5011 1332 5048 rem
1363 4996 1546 5062 objicit
1574 4999 1652 5050 vir
1680 4999 1941 5061 eruditus,
1966 4999 2077 5052 suis
2107 4999 2237 5052 locis

651 5083 1100 5138 examinabimus.
1144 5085 1300 5152 Quod
1343 5088 1388 5140 si
1435 5087 1590 5141 famae
1641 5100 1948 5142 sanctorum
2002 5090 2236 5144 \irorum

649 5173 971 5244 quandoque
1017 5175 1191 5230 minus
1230 5178 1562 5231 consuluisse
1604 5177 1811 5232 videtur
1846 5177 2154 5250 Gregorius,
2188 5182 2236 5234 id

647 5263 766 5331 ejus
791 5265 1011 5322 candori
1041 5280 1105 5320 ac
1134 5266 1347 5321 sincero
1376 5267 1556 5323 animo
1588 5268 1951 5335 tribuendum,
1985 5273 2072 5340 qui
2100 5273 2233 5325 facta

651 5352 950 5422 hominum,
1003 5368 1159 5427 prout
1203 5375 1265 5414 ea
1325 5371 1565 5426 noverat,
1622 5364 1854 5430 genuine
1903 5365 2235 5429 esponebat,

647 5447 798 5503 nullo
843 5461 1091 5520 respectu
1143 5469 1511 5521 personarum.
1565 5453 1750 5523 Neque
1796 5471 1923 5510 vero
1948 5456 2231 5526 quisquam

643 5539 856 5610 credat,
900 5543 1184 5598 laudabilia
1227 5545 1391 5601 fuisse
1435 5547 1668 5600 virorum
1703 5547 1863 5601 etiam
1905 5549 2232 5602 sanctiorom

649 5633 830 5688 omnia
851 5648 1035 5702 opera.
1083 5634 1151 5688 Et
1188 5636 1402 5704 quidem
1433 5637 1502 5691 ab
1522 5637 1755 5706 antiquis
1783 5649 1942 5706 atque
1967 5639 2127 5691 etiam
2167 5639 2235 5691 ab

647 5726 768 5780 aliis
796 5729 880 5782 sui
911 5728 1009 5782 aevi
1058 5729 1370 5784 auctoribus
1418 5745 1798 5800 nonnunquam
1831 5731 2077 5785 dissvntit
2103 5730 2235 5785 Gre-

645 5820 829 5882 gorius
858 5837 867 5872 :
894 5820 1033 5901 quod
1068 5820 1257 5885 mirum
1289 5836 1392 5874 non
1425 5830 1526 5886 est,
1561 5823 1821 5892 siquidem
1849 5833 1897 5876 ct
1935 5823 2042 5902 ipsa
2077 5829 2228 5875 vetu-

2345 4723 2614 4779 coloribus
2661 4725 2712 4778 in
2764 4724 2879 4778 istis
2921 4725 3188 4793 capitibus
3229 4724 3552 4796 depingitur,
3597 4728 3661 4774 ut
3712 4734 3881 4775 extre

2343 4815 2606 4884 supplicio
2655 4816 2832 4885 potius
2879 4815 3179 4884 puniendus
3224 4815 3430 4880 fuisset,
3460 4829 3626 4886 quam
3659 4813 3881 4882 episcol

2343 4907 2472 4964 sede
2498 4909 2801 4963 donandus.
2836 4907 2959 4963 Haec
2987 4907 3230 4962 Cointius
3255 4921 3271 4961 :
3311 4907 3403 4962 sed
3430 4921 3548 4976 qua:
3595 4905 3881 4959 factorurr

2345 5001 2430 5055 his
2455 5001 2719 5070 capitibus
2750 5001 3040 5056 relatorum
3069 4999 3441 5053 auctoritatem
3467 4999 3705 5051 minime
3738 5011 3881 5050 cont

2348 5093 2481 5146 lunt.
2536 5092 2884 5162 lmprohanda
2934 5091 3130 5160 quippe
3172 5099 3256 5143 est
3295 5087 3608 5157 pontificum
3647 5085 3881 5151 Aquila:

2345 5184 2585 5252 audacia,
2625 5183 2714 5254 qui
2747 5199 2871 5254 rege
2923 5183 3226 5237 inconsulto
3260 5183 3596 5249 episcopum,
3650 5195 3875 5248 quamv

2343 5278 2489 5328 clero
2516 5285 2566 5326 et
2596 5275 2790 5342 populo
2821 5273 3073 5336 electum,
3123 5271 3374 5325 ordinare
3401 5269 3838 5338 disposuerant.
3876 5271 3881 5318 1

2347 5365 2421 5418 rei
2456 5362 2739 5418 insolentia
2773 5361 2894 5417 facti
2927 5362 3205 5416 veritatem
3254 5376 3358 5415 non
3385 5363 3584 5428 elevat,
3629 5374 3772 5430 quae
3809 5361 3881 5413 eti

2342 5457 2461 5512 aliis
2491 5457 2759 5524 exemplis
2802 5453 3104 5507 conﬁrmari
3139 5464 3337 5522 posset.
3381 5453 3541 5508 Certe
3573 5455 3772 5505 multo
3810 5468 3881 5504 au

2342 5549 2457 5602 cior
2509 5548 2606 5601 fuit
2656 5547 2874 5601 al‘erius
2924 5544 3256 5615 Aquitania,
3303 5545 3356 5600 id
3405 5555 3488 5598 est
3541 5543 3764 5612 Burdig
3813 5544 3881 5596 lci

2344 5631 2667 5706 proi‘inciaa,
2721 5638 3094 5706 episeOporum
3142 5648 3404 5700 conatus,
3485 5637 3576 5705 qui
3635 5636 3881 5689 Eumer?

2343 5728 2733 5784 Santonenscm
2779 5731 3086 5799 episeopum
3135 5745 3166 5783 e
3205 5729 3333 5782 sedc
3361 5728 3850 5793 deturbaverant,

2345 5822 2505 5877 iaclio
2527 5822 2632 5892 jam
2665 5824 2713 5878 in
2746 5821 2860 5892 era
2885 5821 3057 5881 locum
3085 5821 3392 5888 substituto,
3422 5818 3559 5897 quod
3591 5820 3881 5895 praecipit
