4070 6186
233 313 298 367 85
1659 321 1742 375 Pll
1757 321 1818 376 .-E
1829 321 1864 374 I“
1874 325 1908 374 Α
1919 320 2051 375 Τ10.
3445 327 3514 382 86

233 445 357 502 rege
395 433 601 502 absque
659 435 1054 504 metropolitani
1113 451 1319 506 prmseu
1351 437 1396 490 i.t
1455 436 1638 490 fuisset
1683 437 1824 489 Ortii°
1859 439 1905 496 Α
1937 433 2173 503 Gregorii
2215 433 2589 505 Lingonensis,
2638 437 2828 494 Nicetii
2865 438 3235 510 Lugdunensis
3286 450 3341 496 et
3382 441 3517 498 Galli

234 534 407 576 natus.
443 523 549 578 Res
575 537 752 580 tamen
771 527 1045 582 habuisset
1069 528 1338 592 effectum,
1364 529 1464 583 nisi
1491 529 1830 582 obstitissent

231 617 403 670 Charif
427 620 529 671 erti
565 619 706 690 regis
735 620 895 673 mina:
932 622 1022 690 qui
1053 621 1124 674 ob
1157 624 1321 691 patris
1349 621 1432 675 sui
1470 624 1828 674 reverentiam

233 711 411 762 irritos
433 710 669 765 reddidit
693 711 1071 782 episcoporum
1098 725 1343 767 conatus.
1377 713 1441 767 Et
1457 712 1588 767 Cato
1611 712 1828 781 quidem

233 803 484 870 superbia
527 803 767 857 tumidus
795 813 912 858 erat
942 822 954 856 :
989 808 1084 860 sed
1127 806 1200 859 ob
1245 805 1378 858 alias
1406 805 1584 868 dotes,
1616 805 1832 874 potissi-

236 911 382 948 mum
416 895 489 948 ob
520 895 946 952 miscricordiam
977 897 1028 949 itt
1064 911 1327 967 pauperes
1359 897 1427 950 ita
1463 896 1605 964 plebi
1636 912 1827 965 accep-

233 999 376 1055 ptus,
407 997 467 1042 ut
515 988 694 1043 nullus
739 1005 845 1042 non
887 1003 1010 1042 eunt
1058 989 1258 1044 habere
1301 989 1458 1043 vellet
1485 989 1825 1056 eiti~00plllth

234 1083 532 1153 Utrumque
571 1097 636 1138 ex
681 1083 799 1151 ipso
849 1083 1110 1155 Gregorio
1158 1093 1364 1138 certum
1405 1094 1505 1148 est,
1539 1099 1602 1137 ex
1656 1083 1832 1153 capite

232 1177 437 1231 scilicet
458 1175 550 1241 3|,
577 1175 720 1246 quod
746 1176 1125 1239 iudttbitatum,
1156 1178 1317 1231 etiam
1343 1177 1570 1239 Cointio,
1604 1176 1833 1229 habetur

233 1270 318 1323 ubi
349 1269 418 1323 de
443 1267 689 1338 ejusdem
712 1269 930 1322 Catonis
967 1275 1162 1334 morte,
1192 1284 1348 1337 quam
1391 1269 1442 1323 in
1480 1269 1834 1323 sollicitandis

235 1361 555 1429 [nttperibus
574 1371 815 1430 tempore
845 1361 1011 1430 pestis
1042 1361 1284 1425 incurrit,
1311 1376 1498 1431 agens,
1531 1362 1630 1414 ait:
1652 1359 1834 1413 Μιιιιίιι

234 1454 568 1506 humanitatis
592 1455 690 1522 fuit
712 1461 758 1506 et
773 1453 895 1506 satis
913 1469 1194 1523 pauperum
1211 1454 1458 1517 dilector;
1485 1463 1530 1506 et
1557 1455 1709 1508 credo
1725 1455 1833 1507 lucc

235 1559 393 1596 causa
429 1545 478 1596 ei
510 1545 555 1596 ει
589 1544 715 1614 quid
750 1542 1002 1612 superbire
1034 1543 1230 1608 habuit,
1268 1545 1692 1598 medicamentum
1714 1545 1828 1613 fuit.

235 1636 522 1690 liautittuut
565 1652 695 1693 vero
755 1640 1136 1700 saevissimum.
1205 1655 1269 1695 ac
1321 1640 1614 1709 episcopali
1664 1641 1831 1710 gradu

235 1733 393 1796 p'aue
419 1728 701 1797 indignum
731 1728 782 1782 itt
813 1728 930 1782 istis
957 1729 1075 1796 capi
1106 1729 1220 1783 ibus
1249 1730 1493 1784 exhiberi
1530 1730 1669 1784 ultro
1699 1732 1829 1785 fate-

1933 525 2292 581 Arverneusis
2323 530 2482 594 vitas,
2510 531 2606 583 bos
2628 540 2843 586 sanctos
2877 533 3020 585 viros
3046 534 3364 604 cognatione
3390 548 3515 587 cou-

1926 616 2147 685 junctos
2175 618 2340 674 fuisse
2364 619 2523 676 facile
2547 623 2932 692 deprehendet,
2968 627 3210 693 quamvis
3256 625 3305 680 id
3337 637 3520 694 aperte

1933 724 2039 762 non
2070 711 2348 779 scripserit
2374 713 2682 782 Gregorius.
2711 716 2863 783 Quod
2908 716 3103 771 Felicis
3145 717 3519 772 Natnuetensis

1935 801 2280 858 sanctitatem
2308 815 2558 874 spectat,
2593 807 2754 877 idque
2798 818 2879 863 est
2924 810 3153 864 alterum
3204 809 3520 880 objectionis

1932 891 2235 947 Cuintianze
2257 905 2452 962 caput.
2485 899 2533 952 ei
2577 899 2792 968 quidem
2844 899 3133 955 detrahere
3175 903 3383 956 animus
3415 919 3520 956 non

1934 995 2033 1036 est.
2069 986 2174 1040 Sed
2205 995 2424 1042 sanctos
2467 989 2610 1042 viros
2641 1006 2820 1043 ntevos
2864 1007 2990 1044 suos
3024 991 3278 1046 habuisse
3305 991 3519 1047 tlilliteri

1937 1091 2042 1128 non
2079 1091 2387 1146 possumus,
2412 1094 2546 1148 quos
2589 1078 2732 1136 forte
2781 1079 3015 1150 majores
3061 1096 3219 1151 quam
3253 1081 3425 1148 reipsa
3469 1084 3521 1135 in

1937 1169 2116 1225 Felice
2145 1182 2329 1226 essent
2353 1217 2368 1241 ,
2399 1174 2690 1229 arbitr-atus
2732 1184 2816 1229 est
2865 1175 3005 1228 bona
3036 1175 3139 1229 lide
3184 1176 3475 1235 Gregorius
3505 1194 3520 1230 :

1937 1260 2028 1312 sed
2063 1259 2164 1314 hoc
2194 1260 2439 1316 humanae
2472 1263 2829 1318 imbe-illitati
2861 1264 3302 1319 condonandtttn.
3334 1264 3515 1325 Certe.

1937 1352 2052 1420 ip~o
2079 1351 2283 1409 fatente
2309 1354 2519 1409 Gointio
2543 1357 2609 1410 ad
2648 1372 2847 1411 annum
2881 1357 3005 1422 582,
3041 1373 3188 1411 num.
3225 1356 3281 1422 4,
3325 1356 3526 1425 Grego-

1937 1448 2052 1500 rius
2076 1446 2214 1502 libro
2244 1464 2316 1513 Vl,
2350 1450 2527 1520 capite
2559 1449 2649 1516 16,
2674 1450 2926 1505 eumdem
2972 1449 3203 1504 Felicem
3234 1449 3524 1503 iracundia:

1936 1553 2001 1591 ac
2025 1538 2136 1593 doli
2168 1539 2343 1608 palam
2373 1540 2683 1607 insimulat,
2716 1552 2768 1596 et
2793 1551 2970 1595 tamen
2995 1540 3099 1594 hoc
3127 1551 3286 1608 capttt
3320 1542 3371 1594 itt
3401 1557 3524 1595 om-

1938 1628 2096 1684 nibus
2135 1629 2348 1698 scriptis
2374 1671 2390 1698 ,
2419 1631 2582 1686 etiam
2619 1632 2934 1687 Corheiensi
2980 1632 3246 1696 habetur;
3288 1631 3415 1698 quin
3465 1640 3523 1685 et.

1937 1736 2059 1775 cum
2089 1722 2356 1789 superiori
2397 1724 2574 1790 capite
2622 1723 2989 1794 conjungitttr,
3017 1724 3160 1793 quod
3209 1722 3374 1778 Felici
3420 1739 3526 1778 non

233 1834 355 1873 mur
386 1835 402 1872 :
434 1819 530 1873 sed
560 1818 661 1872 nisi
694 1834 815 1874 eum
850 1820 1007 1874 talem
1044 1834 1148 1874 non
1181 1818 1348 1875 fuisse
1377 1825 1568 1889 probet
1591 1819 1833 1875 Cointius

1944 1809 2107 1862 multo
2129 1809 2473 1865 favorabilius
2495 1819 2597 1866 est.

234 1925 298 1962 ex
337 1911 522 1978 probis
568 1910 905 1976 auctoribus,
947 1911 1076 1966 nihil
1119 1913 1339 1966 omnino
1387 1913 1643 1968 adversm
1679 1913 1834 1982 hujus

238 2002 491 2056 Historiae
539 2002 813 2056 veritatem
858 2001 1090 2057 evincet.
1167 2002 1275 2058 Nec
1322 2002 1448 2055 illud
1495 2004 1645 2068 juvat
1691 2004 1832 2072 quod

237 2093 501 2145 (lantiuus
529 2107 561 2146 e
591 2092 719 2147 sede
742 2107 836 2146 sua
868 2108 1139 2162 nunquam
1171 2093 1482 2147 exturbatus
1507 2093 1685 2158 fuerit,
1713 2108 1832 2145 tum

237 2197 399 2235 nemo
424 2183 634 2237 nesciat
662 2180 907 2252 Gregorii
939 2192 1098 2237 a-ta'e
1130 2184 1312 2252 p'ures
1341 2182 1641 2251 episcopos,
1672 2184 1837 2236 variis

238 2273 479 2327 irretitus
503 2273 840 2338 criminibus,
865 2273 930 2326 ad
961 2283 1186 2328 murtctn
1217 2289 1382 2343 usque
1408 2277 1456 2328 in
1486 2274 1597 2329 suis
1621 2275 1838 2331 sedibus

239 2379 646 2434 perseverasse,
681 2365 820 2434 qttod
852 2368 1054 2418 utinam
1088 2376 1163 2420 tot
1193 2368 1456 2434 eXelllj’tiiS
1487 2367 1698 2435 probari
1732 2385 1838 2423 non

236 2467 441 2527 posset.
464 2457 710 2514 Slliﬁt'ial
729 2459 964 2512 Melantii
991 2459 1041 2512 in
1062 2459 1371 2514 Prasterttati
1393 2460 1840 2531 Rothomagensis

237 2549 415 2604 locum
487 2549 679 2602 intrnsi
747 2550 1052 2618 exemplum
1096 2551 1355 2619 proferre.
1402 2551 1651 2618 Ejusdem
1720 2552 1838 2606 libri

240 2640 416 2710 quarti
457 2649 617 2708 caput
642 2641 707 2695 19
737 2640 910 2710 rejieit
940 2643 1080 2711 quod
1129 2641 1180 2695 itt
1210 2641 1307 2696 cod
1332 2642 1484 2698 cibus
1513 2643 1722 2698 duobus
1749 2645 1840 2699 de-

241 2731 534 2795 sideretur,
583 2747 682 2786 nec
723 2733 857 2786 satis
895 2740 1149 2786 accurate
1191 2733 1362 2787 sancti
1397 2733 1632 2787 llledardi
1663 2735 1841 2789 obitus

239 2838 440 2876 annum
490 2823 744 2891 assignet.
801 2822 993 2876 Verum
1025 2839 1148 2878 eum
1198 2823 1269 2878 ibi
1301 2822 1591 2894 Gregorius
1637 2825 1838 2880 nubunt

241 2923 450 2967 eertum
475 2928 674 2967 annum
701 2913 839 2967 beati
860 2913 1092 2968 .‘lledardi
1127 2915 1314 2969 mortis
1343 2915 1626 2986 designare
1656 2917 1840 2972 volue-

241 3007 336 3070 rit,
381 3005 510 3060 nihil
557 3006 623 3058 ad
660 3006 975 3060 clcvandam
1009 3005 1166 3074 hujus
1214 3008 1410 3076 capitis
1465 3009 1838 3063 auctoritatem

242 3101 464 3171 prodrst
511 3099 611 3154 ista
641 3100 894 3168 objecti".
925 3100 1077 3169 Quod
1122 3102 1263 3154 enim
1294 3101 1366 3155 ait
1395 3100 1683 3171 Gregorius
1711 3111 1839 3155 tem-

242 3209 367 3263 pore
392 3189 645 3245 Clhotan'i
675 3201 918 3246 sanctum
965 3191 1271 3247 Mcdardum
1314 3192 1536 3260 obiisse,
1569 3210 1727 3247 nemo
1756 3210 1839 3247 ι·ιά-
1867 3203 1914 3265 c

242 3291 407 3336 Vocat
439 3283 493 3336 in
518 3282 759 3337 dubium.
867 3321 871 3323 ›
1573 3353 1583 3362 ⁸

317 3372 443 3428 lOi.
489 3374 542 3426 In
573 3372 708 3427 libro
747 3390 780 3428 v
812 3383 972 3441 eaput
1021 3374 1266 3444 quintum
1315 3376 1627 3430 eonve'lerc
1657 3376 1846 3430 nititur

251 3465 338 3518 vir
368 3461 642 3528 eruditus,
669 3464 809 3533 quod
836 3466 936 3518 etsi
971 3479 1056 3518 res
1089 3481 1243 3520 veras
1272 3475 1328 3518 ut
1358 3466 1644 3535 pluriuunn
1706 3469 1843 3522 tere-

245 3566 350 3621 rat,
379 3556 577 3610 habeat
618 3566 795 3610 tamen
829 3556 1083 3609 nonnulla
1108 3598 1122 3617 ,
1151 3573 1272 3627 quae
1315 3558 1725 3627 reprehensioni
1761 3560 1841 3613 vi-

246 3649 444 3702 dentur
473 3647 975 3703 obnoxia.Primutn
1005 3649 1145 3719 qttod
1175 3650 1337 3704 tnulta
1369 3652 1506 3705 ineo
1528 3653 1841 3707 continean-

246 3751 333 3795 tur
366 3749 557 3795 contra
593 3739 827 3794 Felicem
860 3739 1282 3797 Natnnetensetu
1311 3745 1625 3811 episcopum
1648 3786 1662 3808 ,
1684 3761 1841 3813 quem

245 3832 491 3887 Ecclesia
519 3831 596 3886 uti
638 3842 882 3888 sanctum
935 3833 1108 3886 virum
1153 3835 1414 3888 celebrat.
1451 3835 1652 3890 Deinde
1695 3838 1839 3907 quod

245 3927 444 3981 ibidem
482 3924 776 3995 Gregorius
811 3927 1079 3997 vulgatus,
1114 3943 1230 3994 seu,
1261 3942 1307 3981 ιιτ
1341 3926 1585 3982 Coinlitts
1624 3930 1728 3996 ait,
1755 3932 1833 3985 in-

245 4019 550 4088 terpolator
581 4021 682 4074 sub
723 4019 864 4075 illius
907 4021 1146 4088 nomine,
1182 4019 1498 4088 Gregorium
1533 4023 1845 4084 Lingotten-

244 4125 365 4165 sem
392 4111 706 4180 episcopum
739 4129 982 4182 proavum
1013 4127 1168 4166 suum
1200 4113 1466 4181 appellet,
1497 4123 1551 4167 et
1579 4113 1840 4168 Nicetium

244 4206 667 4275 Lugdunensem
697 4206 883 4260 matris
913 4221 1026 4259 suae
1046 4205 1364 4259 avunculum
1389 4249 1401 4269 ,
1427 4216 1614 4261 eontra
1643 4205 1842 4262 sinceri

243 4303 499 4371 Gregorii
543 4316 784 4367 morem,
829 4300 919 4369 qui
951 4300 1083 4355 alias
1134 4299 1203 4354 de
1232 4300 1420 4354 iisdem
1467 4301 1669 4353 sanctis
1709 4301 1842 4354 viris

241 4409 462 4463 agens,
510 4407 771 4462 nusquam
827 4389 1065 4444 meminit
1114 4389 1235 4443 talis
1285 4389 1649 4461 cognationis,
1681 4405 1839 4458 quam

243 4488 415 4542 etiam
445 4485 649 4539 siluere
697 4483 882 4538 clerici
925 4483 1271 4538 Turonenses
1302 4481 1354 4534 in
1401 4480 1568 4548 ipsius
1599 4479 1841 4549 Gregorii

241 4580 590 4633 Turonensis
624 4575 763 4629 Vita.
807 4573 1003 4628 Verum
1036 4589 1101 4627 ex
1137 4573 1219 4626 his
1263 4571 1470 4626 duabus
1516 4569 1838 4638 objectiouis
1872 4592 1922 4655 ο

244 4671 400 4725 illius
444 4668 685 4738 partibus
712 4682 871 4721 unant
903 4665 1063 4719 solvit
1101 4667 1215 4735 ipse
1257 4663 1522 4719 Cointius.
1554 4662 1843 4732 Cognatio-

241 4780 378 4818 nem
395 4761 594 4830 quippe
617 4759 762 4813 illam
793 4757 1268 4828 inter'Gregoriutn
1298 4767 1539 4810 nostrum
1559 4765 1613 4810 et
1630 4764 1846 4808 sanctos

242 4856 379 4909 illus
419 4854 563 4906 visos
614 4850 849 4905 admittit
896 4860 948 4903 et
1003 4855 1325 4918 propugnat.
1375 4845 1541 4900 ltnmo
1595 4845 1845 4913 exemplo

238 4944 537 5000 confirmat
567 4948 939 5013 argumentum
967 4939 1106 4994 i-tud
1139 4938 1490 5004 abnutivutn,
1521 4937 1656 4991 alias
1705 4932 1844 4991 forte

239 5037 645 5093 validissimum
667 5078 683 5102 ,
718 5035 772 5089 in
806 5035 904 5089 hac
951 5044 1130 5088 tamen
1167 5043 1314 5103 parte
1347 5048 1567 5103 prorsus
1596 5031 1845 5101 rt~j7cien-

240 5131 382 5185 dum
411 5129 727 5193 esse.Natn,
749 5129 941 5198 inquit,
968 5127 1151 5181 Gallus
1175 5132 1537 5180 Arvernorum
1560 5127 1845 5194 episc0pus

241 5233 405 5280 certo
435 5227 638 5277 certius
669 5230 895 5292 patruus
946 5221 1044 5275 iuit
1093 5222 1258 5274 nostri
1303 5219 1586 5290 Gregorii,
1616 5230 1670 5271 ιιι
1704 5219 1846 5286 ipse-

240 5327 361 5372 ntot
393 5325 623 5370 testatur
651 5313 702 5367 itt
732 5313 871 5368 libro
891 5313 957 5368 de
979 5312 1280 5366 Virtutibus
1309 5311 1482 5366 sancti
1513 5309 1844 5372 J.iliatti,ea-

241 5408 359 5474 pite
387 5407 485 5470 25,
514 5415 568 5458 et
598 5414 778 5458 tamen
826 5403 1116 5470 Gregorius
1167 5417 1341 5471 teque
1388 5402 1438 5453 in
1493 5401 1662 5468 ipsius
1706 5397 1843 5451 Galli

240 5501 380 5562 vita,
413 5510 515 5550 nec
544 5510 768 5565 usquam
798 5494 957 5562 alias,
984 5491 1285 5563 quanquam
1311 5490 1609 5558 saepissime
1631 5487 1769 5544 Galli
1791 5498 1844 5540 et

243 5591 368 5660 ejus
405 5597 688 5656 parentum
718 5585 1043 5650 meminerit,
1076 5597 1320 5640 sanctum
1353 5582 1562 5636 Gallum
1596 5591 1842 5650 patruum

241 5697 411 5736 ιιιιιιιι
444 5679 761 5748 appellavit.
795 5678 956 5733 Addit
981 5677 1121 5732 idem
1162 5674 1428 5740 Cointius,
1458 5673 1598 5743 quod
1637 5672 1681 5725 si
1727 5670 1848 5736 quis

243 5780 511 5829 accurate
543 5771 682 5826 inter
712 5786 831 5825 sese
878 5783 1192 5839 comparare
1235 5765 1461 5821 volui-rit
1487 5804 1503 5832 ,
1538 5772 1845 5816 sanctorum

2015 1903 2133 1956 105.
2181 1901 2371 1955 Fuii'is
2400 1913 2481 1957 est
2509 1905 2770 1958 adversus
2814 1915 2973 1972 caput
3002 1905 3032 1958 9
3067 1905 3188 1960 libri
3234 1903 3403 1973 quinti
3431 1907 3530 1958 ob-

1938 1992 2131 2060 jectio,
2161 1993 2454 2065 Caluppant
2488 2009 2680 2064 netnpc
2707 1996 2809 2048 hoc
2838 1996 2889 2048 in
2919 1996 3037 2048 loco
3066 1994 3344 2063 appellari,
3364 2010 3527 2064 quem

1944 2085 2309 2155 Caluppanetu
2357 2088 2606 2142 sincerus
2663 2086 2953 2158 Gregorius
3009 2087 3060 2141 in
3123 2088 3257 2142 Vitis
3311 2088 3527 2144 Patrum

1941 2180 2156 2234 dixerit.
2181 2179 2311 2247 Quis
2338 2181 2482 2233 enim
2518 2182 2720 2234 nesciat
2747 2180 3011 2250 ejusmodi
3047 2181 3262 2234 nomina
3300 2197 3404 2233 non
3443 2196 3530 2232 so.

1944 2273 2057 2328 lum
2110 2275 2162 2328 in
2198 2276 2360 2329 variis
2403 2275 2503 2328 cod
2529 2276 2703 2341 cibus,
2748 2277 2841 2330 sed
2893 2287 2944 2332 el
2979 2280 3030 2330 in
3081 2294 3186 2328 ttuo
3233 2277 3532 2346 eodemque

1943 2365 2241 2432 exemplari
2271 2367 2467 2434 szt-pius
2498 2367 2644 2421 varie
2677 2367 2944 2436 descrip'a
2973 2369 3242 2422 il|\'Cllll’i?
3277 2369 3432 2438 hujus
3455 2371 3529 2422 rei

1942 2460 2183 2527 exempla
2210 2456 2451 2528 proferre
2473 2475 2692 2529 prorsus
2716 2462 2946 2516 otiosum
2979 2459 3164 2516 fuerit.
3188 2461 3357 2516 Immo
3380 2461 3528 2516 nulla

1942 2557 2027 2602 est
2081 2550 2131 2604 in
2180 2550 2282 2604 hoc
2313 2552 2529 2606 nvmine
2579 2552 2720 2621 apud
2772 2555 3088 2621 Gregorium
3129 2555 3361 2630 varietas
3393 2572 3408 2609 :
3440 2557 3532 2624 qui

1943 2641 2086 2695 enim
2116 2640 2352 2712 Caluppa
2381 2645 2432 2697 ιιι
2469 2655 2614 2697 recto
2645 2659 2772 2698 casu
2802 2645 3003 2700 dicitur
3049 2647 3100 2700 in
3152 2645 3384 2700 llistoria
3413 2685 3429 2709 ,
3481 2646 3530 2698 is

1944 2729 2060 2798 ipse
2092 2741 2174 2786 est
2201 2733 2289 2801 qui
2331 2734 2380 2786 in
2410 2748 2536 2787 casu
2567 2745 2720 2788 sexto
2747 2733 3048 2806 Caluppune
3076 2736 3308 2803 scriptus
3335 2750 3521 2789 occur-

1943 2824 2012 2878 rit
2058 2823 2111 2878 itt
2143 2824 2277 2878 Vitis
2308 2825 2554 2888 l’atrunt,
2601 2827 2860 2895 capitell
2888 2869 2902 2890 ,
2949 2843 3073 2881 cum
3123 2841 3280 2881 nemo
3329 2827 3534 2882 nesciat

1943 2913 2208 2979 ejuStnodi
2241 2916 2401 2968 nouli:
2428 2930 2456 2966 a
2485 2916 2584 2967 hoc
2615 2915 2774 2970 tnodo
2819 2916 3122 2971 desinentia
3162 2916 3238 2971 sic
3269 2917 3416 2971 varie
3446 2915 3534 2969 cE-

1946 3006 2172 3070 ferri,ut
2202 3007 2397 3076 passim
2429 3023 2491 3061 ex
2529 3009 2690 3061 Attila
2715 3008 3010 3074 Attilanem,
3043 3018 3095 3064 et
3126 3025 3190 3063 ex
3226 3009 3372 3078 Agila
3403 3011 3527 3079 Agi-

1945 3101 2112 3153 lmtem
2135 3100 2414 3153 elTormata
2442 3100 2657 3153 nomina
2687 3101 2936 3168 legimus.

2021 3189 2142 3244 loli.
2176 3189 2467 3255 Validiora,
2504 3202 2559 3243 ut
2586 3199 2735 3258 ptttat
2766 3192 2845 3243 vir
2885 3190 3157 3254 eruditus,
3204 3201 3331 3246 sunt
3374 3205 3533 3260 argu-

1951 3294 2127 3338 menta
2156 3299 2276 3352 qum
2307 3283 2511 3352 profert
2539 3284 2801 3338 adversus
2837 3294 2996 3352 caput
3024 3284 3085 3337 2|
3125 3283 3370 3352 ejusdem
3405 3283 3532 3338 libri

1947 3375 2139 3441 quinti.
2173 3375 2240 3428 Et
2269 3374 2482 3445 quid-tn
2526 3390 2588 3428 ea
2620 3375 2795 3444 magni
2827 3378 2936 3429 sint
2985 3375 3237 3444 pon'leris
3288 3389 3533 3429 necesse-

1946 3478 2050 3530 est.
2084 3478 2143 3522 ut
2171 3478 2294 3538 pote
2324 3483 2444 3537 quae
2473 3483 2715 3524 omnium
2744 3479 3229 3538 manuscriptorum
3255 3470 3528 3532 codieum,

1946 3560 2109 3613 etiam
2133 3558 2494 3624 Corbeiensis,
2529 3561 2621 3631 qui
2646 3576 2753 3616 non
2780 3562 2952 3616 multo
2986 3573 3103 3631 post
3135 3562 3378 3632 Gregorii
3405 3569 3535 3615 teta-

1950 3663 2057 3707 tcut
2109 3654 2344 3720 scriptus
2398 3652 2673 3720 creditur,
2730 3655 3108 3709 auctoritatem
3169 3654 3385 3709 elevare
3440 3655 3537 3708 de-

1948 3744 2132 3799 beant.
2163 3744 2274 3798 lloc
2303 3744 2506 3815 quippe
2533 3754 2696 3813 caput
2718 3745 2780 3798 21
2819 3745 3134 3809 manifeste,
3167 3758 3222 3799 ut
3264 3745 3377 3814 ipse
3408 3745 3538 3800 late-

1949 3848 2032 3888 tnr
2056 3835 2331 3900 Cointius,
2377 3837 2428 3889 in
2459 3837 2634 3905 capite
2671 3835 2743 3890 28
2791 3835 3032 3906 ejusdem
3088 3837 3211 3892 libri
3254 3837 3527 3903 laudatur,

1946 3925 2090 3994 quod
2121 3935 2283 3994 caput
2309 3923 2382 3981 28
2410 3939 2600 3981 omnes
2643 3925 2888 3992 codices,
2914 3935 2968 3980 et
3017 3925 3235 3993 quidem
3269 3928 3541 3996 integrqu

1948 4017 2168 4073 habent.
2199 4018 2583 4086 lnterpolatum
2628 4029 2806 4073 tamen
2843 4019 3137 4073 arbitratur
3161 4019 3429 4083 Cointius,
3457 4019 3537 4072 ida

1949 4124 2054 4176 que
2082 4109 2269 4175 multa,
2301 4119 2358 4162 ut
2389 4109 2503 4177 ipse
2546 4109 2853 4173 existimat,
2887 4120 3136 4178 arguunt.
3172 4109 3351 4164 Primo
3393 4111 3567 4180 quod:

1946 4200 2017 4252 ibi
2053 4198 2260 4252 Nicetio
2292 4198 2728 4268 Lugdunensium
2761 4199 3018 4267 episeopo
3052 4197 3375 4254 Pittriarcltte
3409 4204 3539 4254 titti-

1948 4291 2034 4344 lus
2066 4289 2299 4346 donetur
2345 4300 2533 4345 contra
2579 4291 2794 4346 illorum
2846 4301 3144 4360 temporum
3189 4303 3242 4346 et
3289 4294 3542 4363 Gregorii

1949 4385 2115 4451 ipsius
2172 4400 2398 4445 morem.
2433 4383 2636 4439 Deinde
2691 4386 2832 4454 quod
2891 4387 3101 4441 concilii
3163 4388 3534 4458 Lugdunensis

1948 4487 2121 4547 patres
2138 4478 2481 4548 Sagittarium
2506 4490 2559 4533 et
2583 4479 2854 4533 Salonium
2873 4483 3155 4547 episcopos
3176 4480 3246 4533 ob
3271 4481 3449 4534 cedes
3473 4491 3548 4535 et-

1947 4569 2226 4625 adnlteria.
2264 4569 2483 4624 sedibus
2511 4570 2625 4624 suis
2677 4569 2958 4638 pellendos
3016 4570 3296 4625 censuisse
3335 4570 3560 4626 ibidem.

1953 4663 2232 4725 dicantur,
2248 4677 2368 4717 cum
2403 4653 2579 4715 tamen
2609 4660 2849 4728 episcopi
2898 4661 3038 4730 apud
3070 4659 3407 4716 Cabillonum
3427 4703 3441 4726 ,
3477 4674 3560 4717 ιιιη

1954 4755 2178 4824 ἰρμειιιυι
2220 4755 2355 4808 mira
2378 4794 2394 4818 ,
2438 4753 2614 4823 capite
2643 4753 2714 4807 ‘28
2747 4753 2910 4809 habet
2941 4753 3264 4824 Gregorius,
3310 4769 3563 4824 congre-_

1953 4844 2082 4912 gati,
2112 4845 2233 4900 illos
2257 4845 2538 4914 episc0pos
2571 4845 2641 4899 ob
2672 4846 2814 4912 ipsas
2840 4843 3055 4898 easdem
3088 4845 3312 4900 omnino
3347 4861 3564 4901 causas-

1956 4935 2166 4991 nonnisi
2196 4937 2489 5005 pwuitentia
2516 4937 2814 5007 purgandos
2843 4936 3206 4991 decreverint.
3238 4936 3421 4990 Tertio
3440 4938 3558 4989 οιι..

1947 5029 2071 5099 Ῑίοῗι
2113 5030 2326 5085 concilii
2381 5029 2756 5100 Lugdunensis
2785 5028 2885 5083 hac
2926 5028 3000 5084 de
3039 5044 3097 5084 re
3126 5028 3428 5091 silentium.
3465 5027 3562 5082 si--

1951 5121 2168 5189 quidem
2197 5135 2457 5186 nusquam
2512 5121 2565 5176 iu
2596 5121 2747 5175 istius
2779 5118 2968 5191 synodi
3015 5119 3310 5174 canonibus
3329 5118 3418 5188 qtti
3448 5133 3560 5176 80-.-

1953 5228 2074 5281 pers
2116 5221 2191 5274 nt,
2207 5213 2413 5280 legatur
2435 5213 2708 5283 sagittarii
2735 5222 2789 5268 et
2810 5212 3258 5267 Saloniicausatn
3279 5210 3350 5265 ibi
3373 5211 3543 5268 fuisse

1949 5305 2224 5372 agitatam.
2260 5304 2500 5372 Denique
2531 5321 2558 5358 a
2588 5303 3058 5358 verisimilitudine
3081 5301 3305 5355 multum
3344 5303 3562 5358 abesse.

1951 5404 2130 5462 putat,
2162 5394 2301 5464 quod
2351 5395 2440 5449 illc
2485 5394 2845 5462 interpolator
2893 5393 2972 5446 de
2999 5391 3294 5460 Sagittario
3333 5392 3544 5458 refert,

1952 5501 2072 5537 eum
2106 5501 2294 5553 nempe
2324 5485 2610 5553 aliquando
2631 5485 2853 5549 dixisse,
2890 5481 3209 5536 Guntramni
3233 5482 3375 5537 ﬁlios
3400 5497 3544 5554 quos

1952 5589 2017 5627 ex
2053 5576 2378 5644 Austrigilde
2410 5585 2758 5643 susceperat,
2790 5574 2861 5628 ob
2891 5573 3049 5628 istius
3080 5574 3334 5628 natalium
3359 5574 3558 5630 humi-.

1957 5666 2159 5720 litatcm
2214 5683 2483 5734 nunquam
2529 5668 2664 5738 patri
2699 5667 2748 5720 itt
2807 5679 2976 5736 regno
3018 5680 3361 5722 successores
3399 5668 3556 5725 fore~

1961 5757 2084 5814 ll;cc
2116 5758 2203 5814 ille
2230 5778 2243 5812 :
2279 5761 2472 5831 quibus
2504 5759 2810 5832 singillatim
2842 5758 3142 5816 faciendum
3181 5767 3264 5814 est
3289 5759 3450 5815 satis-
3472 5759 3554 5817 Et
