4040 6186
363 239 428 300 9|
1801 228 2100 284 PILEFAT
2126 230 2191 283 Ο.

3580 231 3657 286 9'2

364 353 520 410 serit.
553 353 616 407 At
646 365 767 407 eum
797 363 887 404 tne
913 355 1098 402 auctor
1130 342 1329 399 nemini
1378 358 1612 413 unquam
1643 352 1804 396 notus
1837 345 1954 396 lne-
1989 347 2034 400 Α
2067 345 2229 411 petici
2252 359 2379 399 vero
2399 343 2466 400 de
2495 343 2682 398 llasina
2707 344 2823 398 loco
2847 341 3150 412 Rithgnntis
3171 340 3665 414 Gottho'umreg‘s

368 446 478 512 rit,
529 445 698 500 satius
747 448 831 497 ιιθὶ
856 443 901 496 is
952 440 1160 495 videtur
1203 437 1434 510 ingenue
1484 437 1636 492 fateri
1682 438 1732 491 in
1788 437 1962 492 Felice

374 552 561 592 naevos
573 538 786 605 quidem
812 537 996 599 fui-se,
1011 533 1104 588 sed
1129 547 1265 600 quos
1289 542 1380 586 aut
1395 532 1708 601 paenitentia
1725 531 1964 596 diluerit,

376 640 468 684 aut
495 640 644 685 certe
669 631 755 695 qui
790 630 921 681 tanti
953 643 1061 681 non
1093 624 1308 688 fuerint,
1331 633 1390 678 nt
1416 624 1730 678 eharitatem
1761 621 1963 675 Christi

372 738 497 792 qua:
528 721 925 776 multitudinem
959 718 1130 787 operit
1176 728 1538 786 peccatorum,
1563 714 1963 768 oll'uscaverint.

448 811 570 867 HS.
611 810 783 881 Caput
825 809 895 863 22.
926 809 1280 879 rejiciendnm
1332 823 1455 862 esse
1481 818 1665 862 censet
1713 807 1795 861 vir
1838 821 1968 860 eui-

371 902 546 967 ditns,
577 903 717 972 quod
748 902 1104 972 Chilpericutu
1153 917 1330 962 regem
1363 901 1557 965 alium,
1594 901 1645 954 id
1684 908 1770 955 est
1799 900 1965 953 leuio-

371 1009 487 1049 rem
540 1011 702 1065 quant
758 995 933 1056 reipsa
987 994 1176 1056 fuerit,
1220 1001 1593 1062 repraesentet.
1631 990 1967 1058 Chilpericus

371 1084 516 1138 enim
541 1125 554 1142 .
610 1093 666 1137 ut
690 1083 902 1138 Coinrio
931 1084 1172 1148 videtur,
1204 1084 1543 1137 Charterium
1574 1083 1660 1145 «ιιιί
1707 1082 1968 1136 adversus

370 1189 496 1230 eum
526 1177 731 1230 litteras
755 1175 1041 1244 injuriosas
1067 1176 1354 1244 scripsisse
1379 1175 1754 1238 accusabatur,
1787 1177 1966 1228 statim

371 1268 764 1338 oppressisset,
794 1277 884 1323 aut
916 1281 1064 1323 certe
1092 1267 1210 1338 ejus
1239 1278 1472 1321 accusat.
1499 1282 1612 1320 rem
1658 1265 1966 1330 diaconum,

371 1364 462 1431 qui
505 1377 600 1417 eas
631 1363 886 1432 episcopo
915 1377 1015 1418 suo
1044 1363 1392 1432 supposuisse
1438 1361 1738 1416 dicebatur.
1771 1360 1968 1416 Verum

373 1469 482 1508 non
513 1454 583 1509 ita
611 1467 787 1510 saevus
813 1463 932 1509 erat
957 1451 1320 1520 Chilpericus,
1356 1463 1448 1506 aut
1470 1454 1549 1507 sui
1581 1451 1880 1520 impotens,
1914 1461 1973 1505 ut

372 1563 480 1602 non
513 1548 612 1602 nisi
645 1549 713 1601 ab
740 1547 1037 1616 impostore
1065 1547 1169 1601 dici
1203 1546 1485 1615 potuisset,
1516 1560 1640 1600 eum
1670 1544 1848 1614 aliqua
1879 1559 1972 1597 oc-

373 1639 588 1693 casione.
611 1653 639 1692 a
668 1637 940 1692 saeviendo
971 1638 1316 1694 abstinuisse.
1345 1636 1526 1703 Certe,
1552 1644 1607 1690 ut
1637 1651 1666 1690 a
1693 1636 1821 1691 viris
1851 1651 1945 1691 eru

2068 436 2176 491 lilio
2205 436 2573 490 substitneuda
2607 435 2889 489 consilium
2911 477 2925 498 ,
2957 451 2990 504 q
3015 438 3095 487 ιοιΙ
3131 435 3294 488 refert
3339 435 3662 500 Gregorius,

2067 528 2302 584 hominis
2348 529 2583 583 animum
2625 528 2820 582 indicat
2870 527 3304 597 tergiversantis,
3355 527 3445 593 qui
3492 528 3661 581 filiam

2067 635 2218 674 suam
2249 631 2358 674 tum
2392 621 2586 685 vellet,
2635 630 2745 673 tum
2778 619 2940 674 nollet
2971 618 3280 673 Rercarcdo
3321 617 3508 686 tmptni
3553 629 3667 673 tra-

2066 712 2220 767 dere.
2255 711 2396 765 Idem
2445 712 2671 780 probant
2700 712 2861 765 varia:
2893 711 3080 765 harum
3114 712 3418 780 nuptiarum
3446 711 3669 765 dilatio-

2070 819 2188 868 nes,
2213 819 2241 855 ιι
2274 803 2533 872 Gregorio
2560 803 2676 874 ipso
2704 813 3034 867 memoratae,
3065 818 3183 858 uuae
3207 803 3420 856 tandem
3446 819 3508 856 eo
3540 820 3666 871 p=o-

2068 909 2302 959 cessere,
2331 906 2387 949 ut
2421 895 2506 949 illa
2539 896 2735 965 saepius
2768 897 2890 949 licet
2921 896 3205 964 promissa,
3241 895 3405 948 immo
3432 905 3485 950 et
3515 895 3580 948 ad
3610 895 3668 949 id

2071 986 2343 1052 profecta,
2375 1002 2643 1055 nunquam
2679 986 2982 1042 Recraredo
3014 990 3275 1051 nupserit.
3322 987 3669 1054 Chilpericus

2071 1081 2251 1148 itaque
2299 1080 2621 1135 Gotthorum
2673 1082 2984 1151 petitionem
3043 1082 3199 1150 plane
3245 1097 3500 1151 respuere
3554 1097 3666 1136 non

2070 1177 2335 1240 audebat,
2385 1178 2547 1230 immo
2577 1192 2678 1230 nec
2704 1176 2913 1230 Volebat
2943 1196 2955 1230 :
2987 1176 3081 1231 sed
3129 1191 3292 1246 grave
3334 1188 3509 1230 tamen
3545 1183 3672 1252 erat

2071 1271 2119 1323 ei
2151 1287 2179 1322 a
2210 1271 2314 1324 illia
2347 1285 2440 1324 sua
2472 1269 2738 1336 separari,
2788 1285 2945 1339 quam
2991 1285 3057 1324 ex
3093 1268 3441 1340 Fredegunde
3475 1284 3666 1324 susce-

2073 1371 2246 1433 perat,
2277 1373 2330 1417 et
2358 1362 2616 1428 diligebat
2642 1377 2751 1432 pra:
2777 1361 3012 1426 metu-ris;
3047 1362 3246 1418 veritus
3277 1362 3527 1423 maxime,
3563 1377 3632 1414 ne
3651 1405 3667 1429 ,

2077 1464 2134 1507 ut
2181 1454 2431 1509 Chlotildi
2478 1464 2533 1509 et
2581 1455 2800 1520 lngundi
2836 1455 3168 1526 contigerat,
3225 1454 3335 1521 ipsa
3367 1469 3396 1505 a
3451 1452 3671 1507 Gotthis

2077 1545 2218 1599 male
2249 1545 2556 1599 haberetur.
2590 1545 2835 1599 Basinatn
2883 1560 3008 1598 vero
3040 1546 3110 1597 oh
3139 1545 3188 1598 id
3221 1545 3357 1598 forte
3385 1543 3670 1614 Rithguuti

2078 1639 2506 1692 substituemlam
2541 1654 2645 1692 non
2677 1640 2785 1691 alio
2816 1639 2995 1691 animo
3027 1636 3390 1708 uroponebat,
3420 1653 3581 1708 quam
3610 1648 3672 1692 ut

375 1728 502 1783 ditis
520 1727 630 1797 jam
661 1743 764 1784 non
790 1729 962 1784 semel
992 1729 1332 1784 observatum
1363 1735 1468 1790 est,
1491 1726 1829 1796 Chilpericus
1855 1743 1972 1780 ma-
2004 1710 2046 1769 Β
2078 1729 2138 1781 lli
2169 1728 2382 1798 hguutis
2408 1729 2703 1783 discessum
2733 1729 2996 1784 differret.

375 1819 454 1887 gis
481 1821 720 1883 uxorius,
750 1835 911 1890 quam
939 1834 1113 1873 saevus
1163 1818 1291 1882 fuit,
1321 1827 1484 1887 atque
1515 1819 1633 1887 plus
1673 1816 1827 1872 uxori
1862 1832 1976 1871 suae

377 1911 614 1979 parendo
639 1928 759 1980 quae
777 1926 902 1966 eum
934 1911 998 1965 ad
1026 1926 1185 1967 neces
1207 1909 1478 1964 hominum
1503 1911 1603 1966 sibi
1629 1910 1729 1977 ipsi
1758 1925 1980 1978 suspee-

383 2011 558 2055 torum
598 2001 876 2066 incitabat,
905 2016 1064 2072 quam
1117 2002 1296 2055 innata
1343 1999 1659 2055 crudelitate
1713 2002 1972 2071 peccavit.

381 2090 690 2146 Audientltts
711 2106 772 2145 ea
803 2091 870 2146 de
898 2106 956 2146 re
988 2090 1050 2145 ν.
1075 2088 1138 2146 C.
1163 2091 1464 2146 Hadrianus
1503 2091 1741 2146 Valesius
1768 2093 1902 2146 lihro
1929 2108 1976 2146 st

381 2180 578 2237 Rerum
599 2182 991 2249 Francicarum,
1016 2183 1102 2236 ubi
1127 2192 1402 2251 postquam
1420 2183 1783 2254 Chilpericum
1806 2201 1980 2251 repre.

386 2275 662 2330 hendisset
682 2276 826 2346 quod
853 2274 1046 2331 furenti
1089 2276 1239 2331 rixori
1265 2277 1485 2330 nimium
1519 2276 1819 2340 indulserit,
1849 2279 1980 2331 sub-

383 2367 587 2439 iungit:
618 2367 844 2424 Planesi
865 2370 1073 2440 quando
1093 2370 1156 2423 ob
1184 2385 1244 2422 ea
1268 2385 1367 2422 non
1390 2369 1752 2440 instigabatur,
1777 2369 1984 2434 Chilpe-

387 2463 552 2516 ricum
575 2472 825 2516 mutatum
845 2470 891 2517 et
911 2465 992 2517 sui
1023 2463 1323 2516 dissimilem
1345 2463 1540 2532 factum
1563 2462 1827 2517 crederes:
1855 2467 1984 2516 adeo

387 2553 692 2621 communis,
713 2554 858 2606 aditu
882 2554 1069 2624 facilis,
1091 2554 1219 2608 lenis
1239 2569 1438 2623 quoque
1453 2561 1500 2606 et
1524 2554 1733 2623 injuria:
1763 2557 1982 2622 patiens.

389 2643 689 2699 Lenitatem
711 2643 829 2714 ejus
858 2645 1099 2716 pluribus
1129 2645 1362 2700 laudavit
1386 2645 1714 2700 Fortunatus
1738 2665 1752 2701 :
1779 2663 1879 2702 nec
1908 2659 1986 2700 ta-

393 2749 518 2790 men
544 2733 702 2804 hujus
723 2735 957 2790 auctoris
972 2736 1210 2790 carmina
1233 2735 1301 2790 ob
1321 2735 1374 2792 id
1398 2736 1535 2790 ullus
1557 2736 1752 2791 dixerit
1773 2752 1892 2793 e.~se
1917 2740 1986 2790 ab

389 2825 690 2897 impostore
709 2830 1033 2900 excogitata.
1061 2829 1127 2885 Et
1146 2829 1361 2900 quidem
1387 2830 1511 2884 licet
1536 2841 1811 2899 poi-tarum
1837 2847 1988 2886 tnore

307 2964 310 2967 .
395 2918 449 2973 iu
478 2919 746 2976 laudando
767 2919 1075 2991 Chilperico
1102 2924 1408 2979 excessisse
1433 2923 1708 2979 nonnullis
1751 2923 1987 2982 fortasse

393 3009 641 3067 videatur
681 3011 1045 3084 Fortunatus,
1089 3029 1248 3070 nemo
1297 3023 1477 3072 tamen
1522 3016 1718 3071 dixerit
1764 3033 1888 3071 eum
1934 3020 1985 3072 in

2153 1819 2277 1873 “5.
2319 1820 2486 1889 Caput
2515 1820 2756 1889 ejusdem
2804 1820 2922 1874 liln-i
2955 1835 3116 1873 χχχιι
3150 1818 3382 1874 insititiis
3428 1819 3673 1890 adjnngit

2079 1911 2342 1977 Cointins,
2374 1912 2516 1981 quod
2551 1913 2602 1965 in
2632 1929 2696 1963 eo
2724 1909 3011 1982 Gregorius
3043 1910 3111 1963 de
3141 1910 3387 1965 Etherio
3414 1911 3666 1978 episcopo

2085 2003 2400 2057 Lexoviensi
2430 2017 2594 2072 agens
2627 2002 2788 2072 dii-at,
2839 2005 2986 2073 cujus
3016 2020 3172 2070 supra
3204 2004 3544 2064 meminimus,
3589 2011 3642 2055 ta

2084 2094 2239 2148 tnetsi
2292 2093 2434 2147 nulla
2482 2091 2598 2160 ejus
2653 2094 2853 2147 mentio
2900 2092 3111 2160 abipso
3158 2096 3290 2146 facta
3324 2093 3412 2146 sit.
3468 2092 3674 2147 Deinde

2082 2186 2222 2254 quod
2271 2184 2411 2238 idem
2447 2183 2722 2238 Etherius
2770 2199 2876 2238 non
2927 2183 3057 2237 satis
3089 2184 3321 2253 prudens
3353 2181 3535 2237 hocin
3584 2200 3673 2237 ca-

2086 2282 2193 2347 pite
2223 2287 2660 2347 reprteSentetur,
2692 2278 2891 2346 quippe
2919 2277 3009 2348 qui
3061 2292 3344 2346 puerorum
3386 2278 3533 2332 urbis
3564 2292 3674 2332 sua!

2085 2372 2458 2426 educationem
2491 2369 2605 2424 viro
2650 2371 2980 2438 nequissimo
3028 2371 3350 2440 permiserit.
3397 2371 3474 2425 Es
3506 2372 3676 2439 prima

2085 2462 2404 2532 ohjectionis
2454 2461 2611 2529 hujus
2664 2471 2814 2530 parte
2843 2461 3018 2531 colligi
3067 2461 3280 2530 quidem
3333 2471 3541 2531 potest,
3586 2471 3679 2515 aut

2089 2554 2404 2625 Gregorium
2457 2554 2716 2609 memoria
2767 2555 2972 2622 lapsum
3028 2569 3181 2617 esse;
3231 2563 3326 2609 aut
3368 2555 3567 2626 aliquid
3608 2555 3678 2609 de

2090 2647 2336 2703 Etherio
2367 2648 2419 2701 iu
2464 2647 2707 2717 Gregorii
2739 2647 2952 2715 scriptis
2982 2649 3283 2715 exstitisse,
3334 2648 3476 2718 quod
3519 2651 3680 2704 modo

2091 2756 2197 2794 non
2229 2739 2484 2806 habetur;
2515 2749 2608 2793 aut
2636 2750 2785 2794 certe
2818 2742 2931 2794 haec
2959 2741 3117 2794 verba
3148 2741 3215 2795 ab
3265 2742 3680 2796 amanuensibus

2090 2829 2433 2898 superaddita
2471 2830 2655 2882 fuisse.
2690 2829 2827 2884 Hinc
2860 2841 3033 2884 tamen
3062 2845 3168 2884 non
3195 2831 3441 2885 conficiet
3465 2850 3544 2898 :r,
3594 2843 3677 2885 ιυ-

2094 2930 2204 2974 ιιιιιι
2237 2919 2338 2974 hoc
2366 2930 2525 2988 caput
2554 2920 2716 2975 fuisse
2740 2923 3117 2990 interpolatum
3144 2922 3253 2975 :uti
3279 2922 3679 2984 similia-verba.

2094 3027 2216 3081 qua:
2271 3011 2340 3065 de
2388 3011 2606 3066 Tetrica
2639 3012 2960 3083 Lingoncnsi
3014 3011 3267 3083 episeopo
3309 3012 3575 3067 habentur
3621 3015 3682 3069 li-

396 3107 612 3164 homine
638 3109 939 3166 saevissimo
963 3112 1236 3166 lenitatem
1272 3111 1608 3178 potissimum
1637 3112 1982 3180 praedicasse.
2017 3081 2062 3143 Ο
2095 3106 2193 3162 bro
2223 3121 2309 3170 tv,
2356 3105 2533 3176 rapite
2566 3104 2664 3172 l6,
2701 3122 2800 3160 nec
2829 3107 3070 3170 Coiotio,
3114 3122 3210 3160 nec
3241 3107 3357 3161 aliis
3400 3123 3682 3175 persuase-

397 3198 637 3271 Deuique
680 3200 925 3258 Cointius
956 3202 1070 3272 ipse
1097 3203 1231 3259 alias
1259 3203 1573 3274 Gregorium
1605 3216 1844 3260 nostrum
1901 3223 1990 3260 re-

400 3293 710 3362 prehendit,
740 3295 880 3363 quod
929 3294 980 3349 in
1014 3296 1118 3349 litte
1148 3295 1266 3350 libri
1292 3312 1341 3349 γι
1373 3295 1622 3349 Historia:
1649 3297 1699 3349 in
1727 3295 1986 3364 Chilperio

398 3401 518 3440 cum
549 3386 669 3455 plus
694 3402 849 3457 atquo
879 3387 1037 3442 fuerit
1067 3388 1344 3451 invectus,
1399 3388 1552 3455 quasi
1584 3387 1728 3441 nulla
1774 3373 1992 3458 prorsus

399 3474 558 3531 laude
587 3476 780 3545 dignus
811 3477 1000 3541 fuerit,
1049 3491 1209 3546 quem
1243 3485 1425 3531 tamen
1470 3476 1724 3544 prati'lara
1758 3479 1993 3533 facinora

400 3564 632 3621 edidisse
675 3567 944 3621 nemiuem
973 3566 1197 3622 iuliciari
1228 3582 1384 3637 posse
1413 3567 1712 3622 contendit.

474 3676 599 3732 ill.
637 3676 810 3748 Caput
837 3677 908 3731 54
932 3679 1176 3747 ejusdem
1210 3679 1332 3734 libri
1361 3695 1436 3744 vt,
1470 3681 1597 3736 licet
1625 3680 1678 3736 in
1709 3681 1885 3748 capite
1913 3698 1998 3737 se-

402 3770 608 3837 quenti,
641 3768 782 3838 quod
812 3785 1003 3826 omnes
1030 3771 1252 3825 omnino
1281 3771 1466 3842 scripti
1517 3782 1572 3827 et
1598 3772 1732 3827 editi
1777 3773 1996 3839 habent,

405 3859 672 3926 laudetur,
701 3863 976 3933 multaque
999 3865 1388 3932 complectatur
1435 3881 1583 3931 vera,
1615 3867 1993 3936 interpolatum

406 3961 584 4009 tamen
608 3966 796 4011 censet
831 3958 917 4011 vir
939 3973 1086 4026 sa-pe
1116 3958 1394 4024 laudatus,
1426 3960 1568 4030 quod
1601 3961 1878 4028 nonnulla,
1922 3961 2002 4016 in-

407 4045 542 4114 quit,
581 4049 858 4104 contineat
881 4066 912 4103 a
937 4051 1218 4105 verisimili
1257 4053 1454 4106 aliena.
1489 4050 1725 4106 Primum
1752 4054 2000 4123 estquod

408 4137 567 4202 hujus
593 4141 786 4209 capitis
824 4141 979 4197 initio
1011 4153 1340 4198 memoretur
1369 4144 1726 4214 Hispanorum
1760 4146 1958 4213 legatio
1985 4189 1999 4210 ,

407 4245 530 4298 qua
549 4231 594 4285 si
623 4231 956 4299 admittatur,
990 4236 1146 4289 tertia
1175 4235 1278 4290 erit
1296 4252 1456 4307 quam
1491 4236 1593 4292 hoc
1614 4253 1756 4291 anno
1786 4239 2004 4308 Hispani

410 4321 656 4378 miserint
684 4322 735 4378 in
762 4323 981 4380 Gallias.
1008 4325 1311 4382 Secundum
1335 4328 1486 4384 initio
1515 4331 1704 4397 capitis
1737 4331 1889 4396 ιεῃιίιῑ
1911 4347 2002 4398 ap-

410 4415 676 4484 pellantur
704 4418 755 4483 *,
784 4419 926 4488 quod
965 4419 1164 4474 indicat
1191 4419 1371 4489 plures
1407 4436 1469 4474 ea
1499 4419 1783 4475 occasione
1811 4423 2003 4474 missos

411 4505 609 4575 fuisse;
658 4519 709 4564 et
763 4518 942 4566 tamen
998 4511 1053 4565 in
1099 4511 1359 4565 orationis
1408 4525 1694 4578 progressu
1738 4527 1846 4565 non
1900 4512 2000 4565 nisi

410 4598 570 4653 unius
622 4601 780 4670 legati
829 4603 1031 4656 mentio
1076 4604 1334 4657 occurrit.
1389 4601 1625 4669 Denique
1668 4599 2006 4670 Chilpericus

412 4692 610 4752 ibidem
659 4692 923 4762 cogitasse
952 4693 1150 4747 dicitur
1182 4693 1252 4747 de
1280 4692 1471 4746 Basina
1515 4690 1568 4745 in
1609 4706 1830 4745 uxorem
1865 4690 2004 4745 liee-

413 4785 616 4842 caredo
656 4784 978 4840 Gotthorum
1008 4785 1118 4852 regi
1151 4783 1408 4837 tradenda
1427 4821 1443 4846 ,
1473 4798 1593 4852 qua:
1622 4791 1860 4851 stuprata
1895 4784 2007 4836 fue-

416 4893 528 4948 rat,
559 4890 616 4937 et
663 4881 716 4936 in
760 4879 1144 4934 monasterium
1178 4890 1406 4934 retrusa.
1441 4876 1521 4930 Ad
1568 4877 1796 4944 primum
1832 4886 1886 4930 et
1926 4893 2013 4928 se-

413 4975 652 5030 eundum
694 4972 1019 5043 objectionis
1067 4981 1229 5041 caput
1270 4969 1520 5025 facillima
1571 4977 1655 5023 est
1707 4970 2007 5038 responsio.

418 5067 534 5123 Non
561 5068 708 5122 enim
736 5063 1069 5132 impossibile
1093 5071 1177 5118 est
1208 5071 1392 5117 ternas
1419 5078 1486 5117 eo
1527 5079 1670 5116 anno
1716 5063 2012 5134 legationes

419 5177 486 5215 ex
516 5160 786 5228 llispauiis
817 5158 869 5213 in
900 5157 1104 5211 Gallias
1132 5155 1476 5219 adventasse,
1505 5170 1628 5209 cum
1673 5164 1920 5225 ageretur
1946 5155 2014 5208 de

421 5249 622 5312 nuptiis
671 5251 811 5304 inter
860 5246 1155 5318 Leuvigildi
1207 5245 1375 5300 filium
1413 5255 1468 5300 et
1509 5245 1801 5316 Chilperici
1849 5245 2013 5298 filiam

422 5341 826 5406 contrahendis,
848 5342 990 5411 quod
1009 5341 1243 5395 masime
1257 5337 1442 5394 Gotzhl
1461 5337 1836 5407 peroptabant.
1859 5335 2014 5402 Quod

423 5450 554 5490 vero
581 5434 814 5503 legatum
863 5443 952 5487 aut
984 5433 1188 5503 legatos
1237 5447 1339 5486 una
1369 5441 1461 5484 aut
1503 5431 1672 5484 altera
1721 5429 1836 5482 vice
1881 5431 2018 5481 scri-

425 5530 593 5604 pserit
633 5529 958 5598 Gregorius,
991 5543 1076 5582 res
1103 5536 1188 5582 est
1215 5526 1280 5579 ad
1309 5523 1657 5579 asserendum
1686 5531 1779 5575 aut
1807 5519 2020 5590 ahjudi-

427 5624 660 5683 caudam
689 5622 950 5691 Gregorio
978 5628 1137 5690 caput
1167 5619 1306 5673 istud
1337 5619 1493 5687 plane
1515 5616 1843 5676 indifferens.
1871 5612 2020 5670 Chilo

2097 3210 2256 3266 runt,
2303 3212 2463 3269 caput
2486 3199 2622 3254 istud
2652 3203 2722 3254 ab
2769 3201 3154 3269 interpolatore
3185 3201 3348 3255 fuisse
3395 3201 3680 3256 introsum.

2100 3293 2258 3360 Erat,
2295 3294 2461 3363 inquit
2493 3293 2782 3363 Gregorius
2801 3335 2814 3355 ,
2846 3294 2914 3346 ibi
2940 3306 3058 3347 tunc
3085 3305 3292 3348 sanctus
3319 3294 3550 3348 Tetricus
3578 3311 3683 3350 em-

2097 3401 2303 3454 sropns,
2347 3389 2497 3456 cujus
2536 3385 2588 3436 in
2619 3400 2872 3453 superiori
2915 3386 3084 3438 libello
3115 3386 3410 3439 memoriam
3452 3387 3682 3454 fecimus,

2098 3475 2165 3529 de
2194 3490 2300 3545 quo
2326 3484 2505 3531 tamen
2539 3477 2739 3530 nullum
2773 3478 2826 3530 in
2873 3476 3239 3543 superioribus
3269 3478 3548 3546 vestigium
3597 3493 3685 3532 su-

2101 3578 2300 3636 perest.
2335 3567 2566 3624 Etherii
2598 3583 2730 3622 vero
2758 3568 3085 3639 indulgentia
3113 3583 3238 3638 erga
3271 3569 3542 3624 hominem
3571 3587 3686 3636 pra-

2103 3675 2263 3727 vum,
2307 3658 2480 3729 arguit
2511 3657 3064 3728 quidenNEtherium
3115 3661 3233 3725 plus
3268 3676 3422 3729 aequo
3456 3661 3684 3726 facilem,

2102 3761 2156 3805 et
2186 3751 2397 3805 incaute
2446 3751 2882 3815 misericordem,
2914 3751 3006 3804 sed
3037 3767 3144 3805 non
3192 3752 3381 3820 probat
3409 3753 3483 3808 rei
3525 3764 3687 3822 gesta:

2106 3844 2468 3898 narrationem
2500 3855 2622 3897 esse
2649 3853 2742 3896 aut
2775 3842 2961 3897 falsam
2981 3885 2996 3910 ,
3027 3855 3116 3897 aut
3161 3841 3492 3912 Gregoiiano
3525 3841 3688 3899 textui

2108 3946 2309 3990 temere
2337 3943 2594 3990 assotam.

2183 4030 2302 4085 HG.
2346 4029 2462 4083 Non
2512 4027 2684 4098 major
2730 4038 2811 4083 est
2860 4027 3137 4096 rejiciendi
3185 4027 3374 4098 capitis
3422 4028 3689 4097 sequentis

2109 4122 2246 4176 ratio
2267 4161 2282 4186 ,
2329 4121 2454 4174 licet
2481 4121 2531 4174 in
2562 4135 2629 4174 eo
2660 4118 2906 4187 Lupentii
2938 4118 3149 4172 abbatis
3184 4118 3358 4172 caedes
3389 4119 3693 4172 Innocentio

2110 4212 2428 4268 Galialitano
2463 4211 2650 4267 comiti
2700 4211 2998 4276 tribuatur,
3047 4210 3135 4276 qui
3181 4219 3364 4279 postea
3406 4213 3581 4279 capite
3629 4210 3692 4264 53

2111 4304 2309 4358 dicitur
2360 4301 2666 4357 Theodosio
2719 4300 3091 4355 Ruthenorom
3146 4302 3401 4369 episcopo
3450 4300 3692 4354 defuncto

2111 4394 2458 4449 successisse.
2495 4393 2611 4448 Non
2636 4394 2780 4448 enim
2811 4392 2967 4447 facile
2997 4391 3172 4446 arceri
3201 4392 3372 4461 potuit
3397 4391 3463 4445 ab
3493 4393 3695 4459 t‘piaCtk

2116 4501 2239 4558 palu
2269 4489 2634 4552 Innocentius,
2665 4487 2816 4556 cujus
2864 4503 3052 4555 magna
3095 4485 3234 4552 apud
3267 4485 3501 4555 reginam
3533 4484 3694 4554 gratia

2115 4591 2253 4647 erat,
2285 4581 2386 4636 nisi
2417 4582 2518 4635 hoc
2547 4580 2749 4635 crimen
2784 4579 2995 4648 puhlice
3024 4590 3208 4631 notum
3242 4575 3452 4630 fuisset.
3485 4579 3551 4629 At
3578 4591 3696 4628 nus-

2115 4689 2274 4742 quam
2308 4673 2532 4744 legimus
2589 4669 2950 4725 Innocentium
2986 4668 3116 4721 tanti
3149 4667 3392 4722 criminis
3423 4683 3569 4720 reum
3609 4667 3696 4719 de-

2115 4769 2374 4822 claratum
2407 4765 2590 4826 fuisse,
2623 4764 2787 4817 immo
2817 4778 2916 4816 nec
2940 4761 3151 4828 puhlice
3175 4768 3503 4820 accusatum,
3535 4773 3697 4825 quan-

2117 4873 2278 4927 quam
2308 4857 2445 4912 forte
2469 4855 2520 4910 id
2551 4871 2732 4910 rumor
2757 4855 2805 4908 ei
2839 4853 3117 4907 tribueret.
3151 4851 3257 4906 Sed
3300 4865 3404 4904 non
3435 4859 3546 4902 erat
3580 4848 3696 4916 legi-

2119 4954 2284 5018 tima,
2331 4959 2426 5004 aut
2459 4958 2606 5004 certe
2655 4948 2929 5004 sulliciens
2975 4945 3079 4999 illis
3129 4945 3492 5014 temporibus,
3541 4945 3698 5009 impe-

2115 5043 2327 5098 diendae
2355 5041 2711 5097 ordinationis
2739 5053 2920 5103 canSa,
2954 5053 3071 5106 qua:
3101 5037 3238 5091 alias
3257 5037 3406 5103 josta
3439 5050 3641 5088 canonu
3667 5052 3694 5085 ιι

2119 5136 2452 5206 ιιι-ειιεοι-ἰρ·ει,
2481 5134 2607 5189 cleri
2639 5144 2692 5187 et
2721 5133 2899 5201 populi
2931 5132 3100 5196 votis,
3133 5140 3224 5183 aut
3253 5144 3331 5183 cei
3349 5138 3400 5181 te
3427 5143 3492 5182 ex
3524 5141 3693 5194 tegunt

2119 5227 2422 5292 Voluntate,
2477 5225 2590 5279 ﬁeri
2623 5224 2922 5293 petebatur.
2956 5221 3065 5276 Nec
3090 5220 3285 5274 desunt
3315 5220 3561 5282 exempla
3610 5232 3695 5269 nec

2120 5319 2367 5388 quiornm
2414 5317 2718 5379 hominum,
2769 5313 2858 5385 qui
2904 5329 2998 5383 per
3024 5326 3088 5366 ea
3106 5315 3359 5378 tempora
3394 5309 3553 5363 sedes
3593 5306 3698 5375 cpi-

2121 5409 2364 5479 scopales
2398 5408 2694 5464 sceleribus
2736 5413 2917 5476 partas
2953 5403 3047 5458 diu
3077 5403 3359 5456 obtinuere
3390 5417 3405 5455 :
3443 5404 3524 5454 vel
3572 5410 3698 5453 unus

2123 5505 2407 5562 Melantius
2457 5503 2510 5558 in
2553 5498 2860 5557 Praetextati
2910 5494 3357 5565 ltothomagensis
3406 5493 3578 5545 locum
3626 5488 3698 5542 iu-

2123 5609 2303 5654 trnsus
2334 5593 2493 5666 hujus
2547 5592 2622 5648 rei
2661 5574 2965 5661 exctuplum
3015 5585 3356 5657 suppeditare
3395 5589 3603 5650 potest,
3649 5587 3698 5634 ut

499 5771 515 5789 '
547 5763 708 5821 Forte
743 5757 1029 5827 legendum
1061 5775 1072 5812 :
1113 5753 1432 5813 Secundum.
1467 5751 1608 5825 ςειοςί
1640 5749 1785 5814 ἰιιωυ
1812 5746 1998 5822 capitis
2029 5737 2558 5815 lcgal10]1:?f‘((€nlttr.
