4070 6186
489 275 558 333 93
1954 274 2331 333 PRIEFATIO.
3707 285 3781 343 9.5

487 393 595 465 jam
626 386 1050 447 observavimus.
1079 390 1242 446 Plura
1265 390 1368 446 alia
1399 389 1633 462 adjicere
1654 386 1793 443 haud
1818 398 1959 444 esset
1980 388 2072 443 dif-
2110 400 2156 454 Α
2189 389 2331 444 vium
2363 402 2503 452 anno
2531 384 2668 454 5'84,
2713 396 2766 444 et
2795 387 3008 459 quidem
3049 405 3235 447 mense
3261 389 3563 460 Septembri
3589 407 3781 450 exces-

486 484 651 552 Iicile,
695 484 740 538 si
772 500 858 539 res
886 485 1149 553 exigeret.

559 577 686 632 117.
730 575 855 632 Haec
881 585 1010 631 sunt
1048 577 1316 647 praecipua
1344 576 1540 631 Cointii
1567 584 1902 645 argumenta,
1930 572 2080 646 queis

482 681 614 721 usus
643 675 726 722 est
753 666 819 720 ad
860 666 1176 725 elevandam
1206 682 1271 722 ex
1309 682 1401 721 sex
1443 666 1710 736 prioribus
1751 667 1901 721 libris
1945 666 2078 721 Gre-

479 758 720 827 goriana:
755 757 1004 812 Historia}
1055 759 1342 812 multorum
1384 758 1618 828 capitum
1643 798 1658 822 ,
1697 774 1818 827 qum
1863 760 1914 812 in
1952 759 2075 828 qni-

482 851 708 903 busdam
737 849 1014 904 codicibus
1061 865 1197 904 mss.
1226 850 1633 914 desiderantur,
1675 850 2071 904 auctoritatem.

483 941 560 996 De
580 942 933 1011 sequentibus
959 957 1089 996 vero
1118 942 1267 996 libris
1291 957 1455 1011 pauca
1486 941 1666 1006 habet,
1691 943 1761 996 ob
1782 941 2071 1007 delectum,

481 1036 690 1104 inquit,
739 1036 1009 1091 codicum.
1054 1037 1370 1106 Quanquam
1402 1039 1645 1106 neglecto
1687 1039 1873 1091 codice
1902 1036 2073 1090 sancti

481 1127 759 1183 Michaelis
785 1129 1005 1197 optima:
1037 1139 1206 1194 notae,
1257 1130 1453 1198 passim
1495 1129 1658 1183 multa
1689 1127 1951 1198 Giegorio
1979 1129 2073 1180 ah-

478 1220 702 1292 judicet,
734 1222 804 1276 ob
836 1221 887 1276 id
927 1222 1136 1290 solum,
1172 1235 1227 1276 ut
1263 1222 1374 1292 jam
1403 1223 1673 1286 diximus,
1714 1221 1857 1294 quod
1892 1224 1944 1276 in
1983 1238 2071 1276 co.

477 1312 599 1366 dice
651 1312 896 1367 Mettensi
940 1312 1352 1380 desiderentur,
1393 1325 1486 1369 aut
1514 1325 1663 1371 certe
1707 1315 1883 1371 desint
1929 1317 2069 1384 apud

477 1403 811 1459 Aimoinum.
841 1403 1058 1458 Certum
1089 1413 1175 1460 est
1207 1415 1420 1471 tamen,
1454 1416 1510 1459 ut
1539 1421 1699 1475 supra
1728 1407 2069 1460 demonstra-

477 1501 588 1546 tum
620 1502 738 1558 est,
786 1503 842 1548 et
883 1495 1113 1563 ipsemet
1155 1494 1398 1550 Cointius
1442 1496 1667 1551 inliciari
1713 1512 1816 1551 non
1861 1506 2065 1564 autet,

473 1585 642 1640 multa
685 1586 738 1640 in
770 1602 835 1641 eo
864 1587 1052 1642 codice
1087 1604 1156 1642 ex
1196 1589 1460 1644 industria
1510 1591 1706 1645 omissa
1749 1590 1931 1647 fuisse.
1981 1592 2069 1646 Ai-

471 1679 641 1733 moini
674 1693 802 1733 vero
831 1682 1206 1735 auctoritatem
1240 1682 1339 1736 hac
1370 1684 1422 1737 in
1453 1699 1511 1737 re
1550 1684 1746 1738 nullius
1778 1698 1898 1740 esse
1929 1700 2064 1754 pon-

2183 490 2322 545 sisse
2360 505 2391 545 e
2419 489 2576 556 vivis,
2609 504 3088 561 successoremque
3127 491 3372 560 sequenti
3399 505 3564 558 anno,
3613 492 3666 547 id
3692 504 3778 548 est

2185 589 2306 650 post
2351 580 2558 651 aliquot
2608 597 2824 638 menses
2849 623 2865 649 ,
2914 582 3166 638 habuisse
3209 583 3576 640 Desideratum
3611 601 3776 656 :qua

2181 688 2248 724 an
2272 687 2456 727 secum
2490 683 2742 743 pugnent,
2772 673 2937 742 aequis
2962 674 3254 728 lectoribus
3275 673 3625 744 iudicandum
3654 692 3776 745 per-

2181 763 2354 816 mitto.
2386 762 2547 817 Certe
2585 764 2685 818 etsi
2720 765 2876 832 panlo
2906 764 3133 832 amplius
3165 765 3351 818 luisset
3383 765 3524 819 inter
3565 774 3770 821 utrum-

2177 870 2282 922 que
2307 855 2564 925 temporis
2587 856 2946 922 intervallum,
2974 872 3082 910 non
3111 866 3289 910 tamen
3313 857 3661 925 improbanda
3695 859 3776 911 lo.

2178 955 2260 999 ret
2292 943 2532 1012 Gregorii
2569 949 2824 1013 narratio,
2857 963 2977 1002 cum
3010 948 3304 1004 verisimile
3348 949 3419 1003 sit
3450 960 3568 1017 post
3595 948 3768 1004 Salvi

2176 1037 2380 1091 obitum
2406 1038 2611 1108 aliquas
2643 1039 2821 1093 turbas
2846 1037 2916 1094 de
2944 1040 3321 1095 substituendo
3347 1041 3419 1094 illi
3454 1055 3771 1096 successere

2175 1142 2393 1185 exortes
2426 1130 2590 1186 fuisse
2618 1149 2630 1185 :
2664 1147 2767 1203 qua
2799 1134 3088 1189 occasione
3117 1134 3363 1188 nonnulli
3405 1134 3589 1189 sedem
3626 1134 3773 1188 Albi-

2175 1239 2394 1291 gensem
2425 1238 2454 1276 a
2487 1223 2805 1278 Theotlrido
2853 1224 3039 1279 nescio
3083 1239 3189 1294 quo
3239 1233 3554 1294 occupatam
3608 1225 3771 1278 fuisse

2173 1315 2437 1373 scribunt.
2489 1317 2641 1371 Nulla
2687 1318 2866 1388 itaque
2894 1326 2980 1372 est
3024 1317 3164 1386 apud
3205 1316 3522 1388 Gregorium
3548 1358 3564 1383 ,
3607 1317 3768 1370 etiam

2172 1405 2412 1460 admisso
2443 1407 2580 1461 inter
2608 1407 2728 1477 ejus
2775 1423 2941 1475 opera
2993 1408 3202 1462 sincera
3235 1409 3410 1477 capite
3441 1409 3464 1462 1
3509 1406 3627 1462 libri
3660 1423 3732 1462 vn
3753 1450 3768 1472 ,

2173 1498 2551 1554 contradictio.
2608 1501 2717 1563 At,
2767 1499 2940 1569 inquit
2985 1500 3065 1553 vir
3092 1498 3323 1564 doctus,
3373 1497 3768 1568 interpolator,

2173 1590 2418 1659 quisquis
2443 1591 2533 1646 ille
2564 1591 2742 1659 fuerit,
2770 1592 2931 1645 multa
2959 1607 3022 1646 ex
3050 1592 3217 1662 gestis
3247 1591 3418 1647 sancti
3448 1591 3611 1647 Salvii
3639 1593 3767 1648 Am-

2173 1681 2448 1736 bianensis
2495 1683 2767 1751 episcopi,
2811 1682 3074 1753 Gregorio
3120 1683 3336 1752 quidem
3382 1683 3548 1737 multo
3589 1695 3769 1752 posleo‘

469 1771 616 1826 deris
637 1814 652 1839 ,
695 1772 780 1827 vel
812 1788 876 1828 ex
930 1774 1032 1829 hoc
1079 1775 1238 1828 unico
1282 1785 1598 1846 argumento
1627 1778 1803 1832 ev'nci
1848 1788 2058 1846 potest,
2095 1780 2140 1840 Β
2169 1775 2349 1839 rioris,
2382 1773 2434 1828 in
2465 1772 2584 1843 ejus
2628 1773 2876 1828 Ilistorite
2907 1784 3110 1830 textum
3143 1773 3378 1830 iutrusit.
3426 1774 3625 1831 Verum
3658 1784 3768 1831 tota

470 1863 614 1932 quod
642 1864 758 1932 ipso
781 1871 1072 1920 attestante
1096 1864 1330 1933 Cointio,
1364 1881 1417 1922 et
1448 1869 1763 1934 interpolata
1786 1870 2060 1925 admiserit

469 1965 526 2008 et
553 1957 798 2008 omiserit
840 1955 1071 2010 sincera.
1121 1957 1224 2012 Sed
1271 1968 1324 2012 et
1355 1958 1586 2026 ipsemet
1628 1961 1940 2023 Aimoinus,
1975 1977 2064 2015 ca-

472 2045 586 2112 pite
619 2044 683 2098 18
723 2045 842 2100 libri
875 2046 1065 2114 primi,
1103 2047 1298 2104 fatetur
1335 2064 1396 2103 se
1424 2051 1475 2103 in
1503 2051 1742 2106 codicem
1775 2053 2064 2110 incurrisse

467 2135 789 2205 scriptorum
838 2136 965 2192 vitio
1012 2138 1233 2193 oninino
1281 2138 1651 2209 depravatum.
1707 2140 1904 2195 Verum
1959 2141 2058 2197 hac

467 2227 724 2294 opinione
767 2227 1001 2282 imlmtus
1030 2230 1306 2296 (Iointius,
1342 2231 1482 2301 quaid
1516 2231 1682 2285 multa
1716 2233 1768 2286 in
1818 2231 2061 2303 Gregorii

464 2318 620 2373 libris
648 2319 716 2374 ab
747 2321 1134 2388 interpolatore
1162 2332 1343 2376 essent
1372 2323 1713 2391 superaddita
1732 2362 1748 2387 ,
1791 2337 1888 2376 eos
1917 2323 2063 2391 ipsos

464 2419 718 2466 auctores
745 2423 836 2466 aut
856 2413 1093 2478 codices,
1124 2428 1260 2481 quos
1286 2413 1357 2467 ob
1380 2415 1578 2468 omissa
1602 2414 1805 2484 aliquot
1827 2415 2060 2481 capitula

463 2501 702 2558 maxime
736 2502 938 2570 laudat,
971 2505 1192 2559 eosdem
1234 2504 1435 2574 rejicil,
1466 2506 1512 2559 si
1544 2507 1680 2560 forte
1708 2505 1961 2560 nonnulla
1993 2506 2063 2560 ab

463 2594 587 2649 aliis
620 2595 979 2664 praetermissa
1009 2596 1319 2651 exhibeant.
1370 2595 1444 2649 De
1475 2612 1608 2650 mss.
1640 2596 1917 2651 codicibus
1963 2611 2059 2652 su-

461 2689 648 2756 perius
691 2687 822 2742 satis
852 2687 1054 2742 chtum
1083 2705 1096 2739 :
1129 2704 1267 2742 nunc
1309 2689 1496 2757 paucis
1534 2691 1799 2759 agendum
1838 2691 1907 2745 de
1951 2705 2061 2746 uno

459 2790 554 2834 aut
583 2781 755 2834 altero
783 2779 1025 2848 Gregorii
1055 2780 1204 2844 loco,
1249 2795 1384 2850 quos
1413 2779 1657 2834 Cointins
1688 2780 1740 2834 in
1787 2779 1936 2836 libris
1965 2796 1998 2848 p
2033 2809 2061 2822 -

458 2875 780 2931 sterioribus
807 2892 870 2932 ex
909 2878 1038 2946 ipsis
1092 2877 1251 2933 rebus
1280 2893 1399 2948 qua
1452 2886 1772 2946 narrantur,
1820 2877 2057 2947 interpl-

456 2969 599 3024 lalos
627 2985 748 3024 esse
787 2971 1085 3025 contendit.

536 3060 657 3116 118.
705 3061 764 3124 Pi
781 3063 949 3129 imus,
994 3072 1049 3118 et
1081 3063 1295 3133 quidem
1327 3061 1554 3119 celi-bris
1582 3064 1748 3128 satis,
1794 3062 1944 3118 locus
1973 3071 2055 3118 est

2167 1877 2286 1922 ruet
2337 1867 2422 1921 illa
2483 1867 2678 1922 Cointii
2741 1866 3015 1938 objectio,
3071 1870 3115 1923 si
3165 1869 3333 1924 Salvii
3384 1868 3768 1924 Ambianensis

2166 1966 2314 2028 gesta
2355 1972 2420 2011 ex
2472 1955 2716 2025 Gregorii
2750 1966 2897 2012 textu
2950 1970 3006 2011 ut
3052 1958 3343 2028 plurimum
3388 1959 3765 2013 consarcinata

2166 2066 2320 2114 esse,
2353 2065 2460 2103 non
2505 2064 2630 2103 vero
2667 2064 2734 2103 ex
2769 2049 2884 2103 istis
2909 2052 3077 2118 gestis
3118 2047 3381 2118 Gregorio
3422 2048 3624 2115 aliquid
3668 2064 3764 2102 su-

2167 2137 2500 2210 peradditum
2547 2138 2712 2193 fuisse
2748 2139 3218 2210 demonstremus:
3251 2138 3396 2208 quod
3419 2147 3568 2193 certe
3613 2138 3753 2192 haud

2163 2207 2451 2296 Operosuin
2503 2230 2694 2295 luerit,
2747 2232 2885 2284 facta
2945 2217 3086 2284 inter
3133 2240 3422 2300 utrumque
3473 2245 3760 2298 compara-

2166 2323 2331 2377 tione.
2376 2319 2616 2391 Gregorii
2649 2321 2888 2375 nar:atio
2917 2321 3118 2374 nullam
3165 2333 3389 2390 prorsus
3422 2319 3476 2374 in
3505 2333 3564 2374 se
3593 2320 3765 2373 invol-

2167 2415 2248 2468 vit
2274 2414 2778 2477 contradictionem,
2811 2412 2938 2467 nihil
2967 2411 3126 2467 habet
3155 2411 3298 2482 quod
3323 2424 3353 2464 a
3383 2419 3520 2465 teste
3547 2412 3765 2464 oculata

2161 2515 2216 2560 et
2259 2506 2527 2576 scriptore
2570 2505 2764 2576 aequali
2793 2506 2895 2561 dici
2948 2519 3056 2560 non
3097 2506 3349 2574 potuerit.
3400 2504 3566 2559 Multa
3596 2519 3762 2560 econ-

2163 2595 2330 2650 trario
2366 2595 2777 2665 complectitur,
2821 2610 2979 2665 quae,
3024 2595 3142 2664 ipso
3170 2594 3368 2648 latente
3395 2593 3641 2660 Cointio,
3687 2594 3762 2648 ita

2162 2688 2342 2744 Salvio
2370 2685 2648 2756 Albigensi
2675 2686 2886 2757 propria
2919 2695 3048 2740 sunt
3079 2695 3136 2740 ut
3158 2684 3313 2740 alteri
3335 2684 3537 2751 Salvio,
3561 2684 3764 2754 absque

2161 2793 2347 2835 errore
2377 2779 2538 2834 tribui
2569 2793 2674 2833 non
2726 2779 2955 2847 passint.
2999 2777 3203 2852 Auctor
3235 2775 3326 2832 ille
3357 2776 3524 2832 Deum
3569 2787 3762 2832 testem

2160 2872 2391 2935 invocat,
2422 2885 2484 2926 se
2511 2886 2634 2925 vera
2661 2870 2933 2938 scribere,
2957 2884 3082 2941 quas
3109 2883 3303 2938 nempe
3332 2882 3361 2923 a
3391 2884 3452 2926 se
3483 2869 3596 2924 visa
3637 2869 3763 2924 fue-

2158 2974 2300 3030 rant,
2332 2971 2428 3018 aut
2450 2963 2518 3017 ab
2549 2964 2668 3032 ipso
2694 2963 2876 3018 Salvio
2905 2972 3126 3029 accepta
3149 2999 3168 3027 ,
3218 2961 3552 3031 proindeque
3583 2960 3764 3032 perju-

2158 3071 2251 3112 rus
2273 3066 2326 3110 ct
2353 3054 2654 3126 gravissimi
2685 3056 2928 3110 criminis
2954 3070 3081 3110 retis
3109 3053 3320 3110 censeri
3347 3055 3526 3122 debet,
3554 3055 3600 3108 si
3627 3054 3761 3109 [alta

456 3154 527 3209 de
557 3165 747 3210 sancto
797 3155 979 3211 Salvio
1008 3157 1374 3227 Albigensinm
1404 3159 1659 3226 episcopo
1678 3197 1694 3222 ,
1742 3156 1897 3225 cujus
1925 3157 2052 3210 vitae
2081 3147 2128 3210 C
2158 3148 2378 3215 dixerit,
2404 3151 2547 3220 quod
2577 3163 2708 3204 sane
2739 3149 2942 3219 absque
2974 3147 3205 3202 maxima
3247 3157 3302 3202 et
3329 3147 3564 3202 evidenti
3593 3161 3753 3202 causa

457 3247 871 3316 compendium,
918 3247 1292 3304 admirabilem
1335 3249 1595 3303 visionem
1629 3257 1686 3304 et
1723 3249 1927 3304 obitum
1959 3249 2055 3304 de-

457 3338 649 3392 scribit
701 3348 888 3394 noster
939 3339 1233 3411 Gregorius
1285 3340 1438 3394 initio
1487 3339 1606 3394 librl
1655 3341 1891 3410 septimi.
1945 3340 2053 3398 Sed

460 3428 603 3484 hunc
644 3431 819 3485 locum
863 3431 930 3486 ab
962 3431 1346 3501 interpolatore
1391 3431 1630 3485 additum
1669 3443 1855 3486 censet
1885 3430 2051 3484 Coin-

461 3519 587 3581 tins,
619 3534 723 3572 non
751 3520 922 3573 solum
946 3519 1087 3589 quod
1123 3520 1174 3573 in
1205 3520 1392 3574 codice
1425 3519 1668 3575 Mettensi
1690 3519 2050 3582 desideretur,

458 3620 645 3661 verum
674 3608 834 3662 etiam
865 3607 1007 3676 quod
1038 3616 1117 3662 'eo
1149 3605 1418 3672 admisso,
1463 3610 1764 3662 contrarius
1802 3607 1903 3661 sibi
1950 3607 2052 3675 ipsi

459 3701 719 3756 dicendus
748 3709 892 3756 esset
921 3701 1233 3771 Gregorius,
1265 3701 1461 3770 quippe
1489 3701 1576 3771 qui
1611 3699 1774 3755 Silvii
1823 3707 1964 3754 mort
2001 3717 2050 3752 in

456 3809 598 3848 anno
628 3792 732 3846 584
764 3794 850 3848 hic
871 3793 1220 3864 consignarit,
1262 3810 1420 3864 quam
1447 3793 1585 3848 libro
1616 3809 1728 3861 vin,
1756 3794 1934 3862 capite
1959 3791 2052 3858 22,

456 3899 602 3938 anno
632 3884 875 3954 sequenti
904 3884 1198 3953 contigisse
1226 3885 1555 3953 scripsisset.
1586 3883 1729 3940 ldem
1761 3892 1948 3937 auctor
1985 3883 2052 3937 ad

457 3993 658 4031 annum
691 3977 818 4045 686,
847 3978 935 4033 ubi
962 3979 1030 4032 de
1060 3978 1242 4034 Salvio
1264 3978 1612 4033 Ambianensi
1639 3977 1900 4047 episcopo
1922 3978 2052 4045 agit,

459 4065 842 4134 [inpudentiam
876 4068 1266 4137 interpolatori,
1311 4069 1384 4122 uti
1418 4077 1594 4132 vocat,
1621 4066 1954 4137 Gregoriano
1977 4069 2058 4121 al-

457 4160 660 4230 lingi-re
691 4176 798 4213 non
828 4171 1064 4226 veletur,
1109 4176 1230 4214 eum
1265 4175 1514 4214 asserens
1554 4160 1847 4214 mendacem
1870 4169 1917 4213 et
1938 4175 2056 4229 per-

456 4260 653 4323 iurum,
693 4256 786 4324 qui
821 4256 1138 4323 interposito
1167 4265 1508 4312 sacramento
1533 4257 1814 4326 juraverit.
1847 4271 1911 4310 ea
1931 4272 2052 4324 qua:

455 4348 556 4401 sub
586 4347 829 4418 Gregorii
863 4351 1079 4402 nomine
1109 4348 1384 4404 intrudere
1411 4349 1595 4415 audet,
1623 4348 1694 4402 ab
1723 4348 1840 4416 ipso
1865 4346 2050 4403 Salvio

455 4441 732 4507 Alliigensi
763 4454 823 4494 se
850 4440 1136 4505 didicisse,
1182 4442 1426 4511 quamvis
1468 4440 1583 4494 haic
1622 4440 1736 4510 ipsa
1782 4456 1847 4493 ex
1887 4440 2050 4509 gestis

2161 3241 2229 3296 de
2276 3255 2542 3311 quoquam
2591 3239 2876 3310 nequidem
2926 3239 3164 3308 cogitare
3216 3239 3366 3294 licet.
3420 3237 3591 3293 Immo
3644 3255 3763 3294 nare

2158 3332 2338 3387 omnia
2367 3332 2730 3386 narrationem
2753 3340 2981 3401 arguunt
3009 3345 3188 3384 veram
3209 3340 3264 3386 et
3289 3331 3580 3385 sinceram.
3608 3329 3763 3385 Adde

2162 3427 2301 3492 quod
2331 3425 2403 3480 ibi
2434 3426 2678 3497 Gregorii
2721 3426 2910 3496 genius
2935 3432 2990 3478 et
3019 3424 3218 3495 stylus,
3251 3423 3474 3493 ejusque
3502 3424 3753 3494 loquendi

2159 3515 2304 3570 modi
2343 3515 2560 3585 genuini
2588 3523 2892 3570 occurrant.
2929 3512 3250 3569 Econtrario
3281 3528 3408 3569 vero
3447 3514 3608 3570 Gesta
3639 3531 3760 3585 quae

2159 3607 2323 3664 Salvii
2373 3608 2748 3664 Ambianensis
2799 3622 2993 3663 nomen
3053 3607 3378 3676 praeferunt,
3423 3608 3493 3664 ab
3540 3617 3762 3665 auctore

2158 3700 2530 3755 consarcinata
2577 3709 2705 3754 sunt
2743 3715 2922 3754 rerum
2965 3699 3189 3769 ignaro,
3242 3700 3335 3769 qui
3378 3700 3760 3770 episcoporum

2159 3791 2598 3847 Ambianensium
2630 3794 2828 3848 seriem
2859 3791 3158 3863 ignoravit,
3201 3801 3444 3861 tempora
3480 3794 3762 3862 perturba-

2158 3884 2265 3950 vit,
2310 3882 2440 3935 l'alsa
2468 3884 2686 3948 retulit,
2732 3898 2926 3951 resque
2953 3898 2983 3934 a
3014 3890 3202 3937 nostro
3243 3881 3428 3938 Salvio
3474 3883 3759 3951 Alhigensi

2157 3972 2460 4028 certissime
2488 3985 2691 4044 gestas,
2726 3975 2841 4042 ipso
2871 3973 3142 4030 indicante
3165 3974 3402 4039 Cointio,
3448 3988 3549 4029 suo
3576 3975 3762 4030 Salvio

2161 4075 2367 4121 temere
2396 4066 2704 4136 adscripsit.
2735 4065 2851 4134 Ipse
2873 4068 3016 4121 enim
3058 4066 3298 4123 Salvium
3331 4067 3607 4121 llonorato
3631 4081 3758 4121 suc-

2158 4160 2389 4215 cessisse
2429 4161 2683 4230 scripsit:
2713 4159 2853 4214 inter
2896 4170 3184 4232 utrumque
3229 4169 3407 4215 tamen
3438 4163 3552 4231 ipse
3579 4161 3748 4216 Coin-

2158 4250 2263 4306 tius
2305 4263 2535 4322 quatuor
2578 4251 2860 4323 episcopos
2901 4253 3275 4311 intercessisse
3320 4255 3536 4312 fatetur.
3570 4256 3758 4311 Hono-

2157 4356 2331 4398 ratum
2385 4342 2726 4400 Theodorico
2797 4346 3101 4400 monarclne
3159 4346 3526 4418 syncbronum
3585 4348 3753 4414 lat-it,

2157 4445 2344 4490 eontra
2373 4435 2571 4490 Cointii
2601 4437 2768 4506 ipsius
2798 4438 3096 4502 calculum,
3147 4442 3237 4509 qui
3275 4455 3472 4492 annum
3505 4438 3610 4495 580
3640 4439 3752 4494 llo-

453 4534 674 4586 alterius
687 4531 857 4586 Salvii
879 4533 1231 4602 excerpserit,
1248 4535 1335 4602 qui
1363 4533 1803 4588 Ambianensium
1827 4532 2052 4587 antistes

2163 4527 2330 4580 norati
2361 4537 2661 4582 extremum
2713 4527 2880 4583 fuisse
2914 4529 3223 4594 contendit,
3269 4541 3322 4585 et
3350 4530 3754 4586 Theodericum

456 4623 552 4674 fuit
581 4625 782 4677 saeculo
830 4625 1099 4692 sequenti.
1133 4623 1258 4679 llaec
1292 4624 1382 4678 ille
1409 4641 1425 4677 :
1448 4624 1541 4679 sed
1589 4624 1705 4679 haec
1732 4633 2045 4693 argumenti

456 4715 653 4766 nullius
682 4728 803 4768 esse
834 4715 1040 4769 roboris
1072 4716 1278 4785 absque
1322 4717 1541 4784 negotio
1569 4717 1923 4770 demonstrari
1956 4731 2050 4784 po-

452 4813 579 4858 test.
623 4805 753 4860 Nam
801 4808 975 4877 primo
1019 4808 1264 4862 codicum
1293 4808 1585 4864 auctoritas
1633 4808 1788 4864 nobis
1827 4809 2049 4862 omnino

453 4893 628 4957 favet,
662 4904 718 4949 ut
750 4895 863 4967 jam
895 4912 1041 4966 saape
1065 4897 1332 4966 diximus,
1365 4913 1486 4952 cum
1534 4903 1735 4953 multos
1777 4900 2046 4970 integros,

452 4988 674 5057 optima:
702 5001 860 5056 notae,
890 5002 944 5048 et
966 4992 1188 5061 majoris
1209 4993 1562 5059 antiquitatis,
1581 4997 1740 5047 unico
1760 4991 2047 5047 Cointiano

454 5083 725 5149 mutilato,
755 5085 1034 5153 scriptoris
1063 5084 1268 5139 incuria
1299 5084 1487 5139 vitiato
1507 5126 1521 5147 ,
1551 5096 1604 5139 et
1635 5087 1900 5155 sequioris
1927 5085 2048 5150 arvi,

449 5191 810 5242 opponanius.
851 5177 1054 5232 Deinde
1086 5177 1227 5230 nulla
1259 5189 1339 5231 est
1368 5177 1508 5246 apud
1552 5177 1876 5247 Gregorium
1909 5177 2052 5231 inter

449 5276 611 5332 caput
641 5266 662 5318 1
697 5266 816 5321 libri
849 5282 923 5324 vn
971 5277 1026 5321 et
1054 5278 1214 5336 caput
1243 5267 1316 5320 22
1355 5267 1474 5321 libri
1518 5270 1794 5336 sequentis
1834 5268 2049 5336 opposi-

450 5357 544 5411 Iio.
580 5357 730 5412 Licet
757 5358 898 5414 enim
933 5361 1105 5428 primo
1128 5363 1246 5415 loco
1270 5361 1470 5416 dixerit
1492 5361 1729 5417 Salvium
1761 5360 1855 5415 hoc
1883 5376 2043 5423 anno,

449 5447 500 5500 id
529 5459 613 5502 est
641 5449 776 5515 58-5,
815 5451 1044 5516 obiisse,
1090 5463 1144 5506 et
1173 5455 1344 5508 altero
1372 5464 1485 5523 post
1525 5454 1719 5506 obitum
1760 5453 1924 5509 Saleii
1953 5454 2046 5506 hoc

447 5555 618 5606 anno,
651 5539 702 5593 id
744 5551 828 5596 est
858 5540 982 5610 528.),
1022 5542 1192 5596 Desidl
1217 5553 1387 5597 ratum
1420 5544 1802 5615 Albigensihus
1831 5545 2044 5611 episco-

451 5646 577 5699 pum
631 5632 793 5687 luisse
823 5634 1035 5698 datum,
1069 5636 1200 5688 nihil
1231 5650 1362 5689 sane
1404 5636 1548 5690 aliud
1580 5651 1645 5690 ex
1689 5636 1803 5691 istis
1833 5635 2042 5690 duobus

447 5723 714 5792 capitibus
761 5725 901 5782 inter
941 5741 1000 5782 se
1030 5729 1240 5783 collatis
1271 5728 1446 5796 colligi
1481 5739 1690 5797 potest,
1735 5744 1894 5793 quam
1928 5728 2042 5784 Sd-

2158 4633 2264 4672 non
2291 4619 2390 4674 nisi
2432 4629 2550 4688 post
2579 4634 2750 4673 annos
2773 4630 2989 4675 centum
3023 4621 3388 4676 monarchiam
3420 4620 3754 4680 Francorum

2154 4713 2450 4769 obtinuisse
2494 4713 2709 4779 scribit,
2749 4712 2904 4783 cujus
2947 4715 3163 4770 decimo
3203 4716 3362 4771 tertio
3411 4717 3559 4786 regni
3602 4731 3750 4773 anno

2156 4806 2371 4861 Salvius
2441 4807 2494 4861 i
2573 4806 2824 4861 thronum
2887 4808 3335 4864 Ambianensium
3410 4810 3747 4866 conscendit.

2157 4897 2358 4954 Deinde
2398 4899 2538 4955 idem
2579 4909 2768 4953 auctor
2811 4909 2996 4956 narrat
3022 4900 3375 4956 Mummolnm
3417 4900 3705 4957 Patricium
3731 4943 3751 4969 ,

2152 5002 2305 5060 capta
2352 4991 2572 5047 civitate
2599 5001 2656 5046 et
2678 4993 2871 5046 dirutis
2903 5007 3074 5046 muris
3098 5033 3114 5057 ,
3163 4994 3362 5047 multos
3397 4993 3638 5061 captivos
3692 4995 3746 5048 in

2157 5082 2469 5151 Hispaniam
2515 5083 3033 5152 transmisisse,qui
3088 5083 3308 5148 Salvio,
3347 5081 3570 5151 iubente
3598 5099 3746 5153 rege,

2154 5173 2344 5228 redditi
2377 5173 2617 5228 luerunt.
2651 5177 2718 5227 At
2765 5173 2880 5228 hinc
2908 5183 2966 5227 ut
2993 5175 3062 5228 de
3091 5173 3477 5228 Ambianorum
3502 5174 3746 5242 civitate,

2151 5276 2242 5320 aut
2274 5267 2341 5321 de
2362 5266 2544 5322 Salvio
2573 5267 2690 5336 i-jus
2715 5267 2974 5336 episcopo
2998 5264 3103 5320 dici
3137 5265 3365 5333 possint,
3398 5254 3584 5322 vetant
3609 5275 3748 5321 tem-

2151 5372 2365 5425 porum,
2399 5372 2747 5427 personarum
2791 5365 2848 5411 et
2876 5358 3114 5412 locorum
3139 5357 3584 5412 circumstantiae.
3617 5360 3750 5426 Quze

2150 5451 2332 5504 omnia
2382 5451 2586 5519 optime
2632 5457 2939 5518 congruunt
2996 5448 3040 5502 si
3090 5447 3160 5505 de
3206 5449 3424 5505 civitate
3469 5450 3745 5518 Albigensi

2153 5542 2556 5612 intelligantur,
2597 5557 2759 5612 quam
2809 5547 3014 5595 certum
3046 5551 3162 5608 est,
3212 5552 3402 5598 sancto
3448 5543 3627 5598 Salvio
3670 5542 3750 5597 vi-

2153 5645 2310 5691 vente
2335 5651 2364 5689 a
2404 5633 2690 5689 Munnnolo
2718 5641 3037 5702 occupatam
3081 5632 3276 5700 luisse,
3307 5642 3366 5687 ut
3396 5643 3514 5703 post
3545 5630 3749 5700 Grego-

2151 5728 2288 5784 rium
2333 5737 2576 5784 nostrum
2603 5723 2816 5794 scripsit
2845 5723 2960 5796 ipse
2984 5722 3247 5783 Cointius.
3288 5722 3436 5781 Unde
3465 5721 3620 5778 lateri
3650 5737 3726 5779 eo
