4040 6186
491 383 562 442 99
1952 379 2347 439 ΡΙὶίΕΡΑΪΙυ.
3655 383 3738 437 ΜΟ

497 596 604 664 pita
634 595 740 648 52:
772 594 823 646 in
856 593 992 647 libro
1023 604 1152 645 vero
1181 591 1299 657 ipso
1338 601 1689 645 numerantur
1731 589 1834 655 56,
1885 599 2079 652 praeter

495 686 601 740 alia
634 683 830 754 quibus
871 683 1049 737 nullus
1092 681 1385 752 pradigitur
1423 682 1627 737 titulus.
1672 681 1833 736 Index
1877 682 1995 736 libri
2028 697 2085 736 tv

497 778 659 831 habet
679 775 853 842 capita
896 772 1002 841 35,
1049 789 1171 827 cum
1213 787 1399 826 eorum
1441 773 1777 838 summariis,
1811 783 1866 827 et
1902 783 2081 830 tamen

496 867 610 935 ipse
643 865 778 921 liber
803 864 1007 919 desinit
1037 863 1091 918 in
1119 863 1296 918 media
1345 874 1497 931 parte
1537 863 1729 933 capitis
1772 864 1830 917 II
1858 904 1874 929 ,
1912 864 2083 919 edito-

497 971 613 1008 rum
645 955 732 1012 Ili.
765 954 873 1010 Nec
899 954 1073 1009 codex
1103 965 1186 1011 est
1218 955 1438 1010 mutilus
1466 964 1558 1009 aut
1583 954 1928 1026 imperfectus
1947 1000 1962 1023 ,
1988 955 2083 1011 sed

501 1047 749 1113 rt-oxime
781 1058 896 1115 post
926 1046 1246 1116 Gregorium
1277 1047 1524 1116 sequitur
1551 1047 1879 1102 Chronicum
1924 1048 2083 1119 Hegi-

500 1138 657 1191 nonis
681 1137 870 1192 eadem
902 1154 1061 1192 manu
1091 1149 1394 1193 exaratum.
1444 1139 1506 1192 Ili
1548 1148 1728 1193 autent
1768 1149 1892 1194 sunt
1926 1143 2086 1211 quin-

422 1277 423 1280 η
497 1245 605 1294 que
641 1228 868 1284 codices
910 1243 1047 1298 quos
1077 1229 1351 1283 consuluit
1395 1228 1678 1283 tLointius:
1720 1230 1863 1285 unde
1895 1231 2088 1284 merito

497 1321 852 1391 i-ouqueritur
897 1324 982 1375 vir
1012 1321 1291 1386 etttditus,
1338 1337 1445 1375 non
1490 1324 1590 1374 nisi
1632 1321 1846 1377 codices
1889 1321 2088 1392 imper-

498 1415 670 1468 lectos
700 1413 1048 1484 Gregorianae
1081 1415 1328 1469 llistoria:
1356 1429 1386 1468 a
1416 1429 1476 1470 se
1505 1416 1649 1470 visos
1679 1416 1861 1472 fuisse.

569 1506 694 1560 193.
725 1507 924 1562 Sextus
960 1506 1144 1576 itaque
1171 1507 1340 1561 codex
1371 1506 1437 1561 ad
1467 1522 1625 1577 quem
1652 1508 1899 1576 Gregorii
1922 1523 2086 1577 Opera

493 1599 825 1652 contulimus
845 1639 859 1661 ,
893 1609 977 1653 est
1007 1599 1324 1653 mona5terii
1351 1599 1637 1655 Beccettsis
1659 1600 1710 1654 iit
1737 1601 2086 1662 Normannia.

498 1689 568 1742 ab
594 1687 753 1742 annis
782 1689 893 1743 lere
919 1689 1027 1743 700
1064 1701 1337 1744 exat-atus.
1387 1689 1528 1744 Nihil
1563 1695 1616 1745 in
1649 1706 1714 1745 (ιο
1742 1694 1956 1760 penitus
1993 1692 2089 1748 de-

493 1781 764 1835 sideratur
818 1791 1012 1850 praater
1079 1786 1308 1851 primam
1367 1779 1609 1851 Gregorii
1669 1783 2087 1852 pnelatiouent;

401 508 404 510 '
492 514 706 572 gestmo
731 489 926 554 octavo
956 495 1262 566 respondet.
1293 495 1460 552 Iudex
1495 494 1619 552 libri
1648 511 1682 552 tl
1715 505 1960 551 recenset
1991 511 2083 549 οτι-
2112 501 2160 559 Α
2190 501 2280 569 qui
2312 498 2725 555 eminentissimi
2758 496 3044 554 cardinztlis
3077 498 3128 553 iu
3162 512 3272 553 rem
3308 495 3614 552 litterariam
3646 509 3744 550 stn-

2187 591 2276 644 dio
2306 591 2447 645 ultro
2475 591 2869 659 obsecundaus,
2921 591 3117 645 nullam
3165 589 3447 643 occasione
3472 607 3500 638 ιι
3547 600 3745 657 prater-

2187 683 2348 738 mittit
2377 683 2597 749 nostris,
2632 695 3045 753 nostrorumque
3075 681 3266 735 studiis
3315 681 3588 749 suppetias
3630 680 3747 735 alle-

2188 772 2361 827 tendi.
2427 773 2683 828 Ultimum
2738 773 2969 844 denique
3018 789 3082 828 ex
3139 771 3458 826 bibliotheca
3520 770 3745 825 Vaticana

2190 866 2814 921 I’alatirtacizmmodavit
2845 867 3240 921 illustrissimus
3265 865 3326 917 ι).
3352 862 3660 918 Laurentius
3683 864 3746 918 de

2189 957 2485 1028 Zaccagnis
2528 959 2735 1028 primus
2771 959 3037 1013 Vaticanze
3075 957 3413 1012 bibliotheca:
3444 958 3707 1025 praefectus
3731 997 3747 1022 ,

2193 1048 2266 1102 ob
2295 1049 2436 1103 edita
2467 1064 2628 1119 opera
2661 1050 2792 1104 viris
2822 1050 3071 1104 omnibus
3102 1048 3352 1103 litteratis
3398 1059 3554 1103 notus
3575 1089 3588 1113 ,
3617 1050 3753 1104 nobis

2190 1155 2321 1194 vero
2347 1149 2603 1208 pratterea
2633 1140 2702 1195 ob
2731 1140 3008 1196 liberalem
3041 1140 3093 1194 in
3124 1139 3299 1194 studia
3324 1147 3506 1192 nostra
3533 1139 3748 1196 animum

2191 1231 2474 1300 plurimum
2517 1231 2993 1286 commendandus.
3047 1231 3103 1285 In
3157 1231 3259 1286 hoc
3307 1239 3484 1284 autem
3537 1231 3750 1296 codice,

2190 1320 2318 1373 olim
2350 1322 2660 1377 monasterii
2690 1324 2859 1377 sancti
2910 1322 3119 1377 Nazarii
3155 1321 3646 1385 Laureshatnensis,
3675 1323 3755 1392 qui

2195 1410 2261 1464 ab
2291 1414 2448 1466 annis
2477 1411 2694 1468 circiter
2723 1414 2829 1467 800
2855 1415 3086 1484 scriptus
3112 1413 3323 1469 videtur
3342 1452 3358 1474 ,
3391 1414 3553 1466 lltlllia
3583 1414 3759 1470 desunt

2194 1506 2393 1572 p-tssim
2425 1506 2682 1576 capitula,
2716 1507 2765 1562 id
2796 1518 2876 1563 est
2904 1523 2966 1564 ea
2995 1509 3213 1564 omnino
3241 1514 3450 1580 eadem,
3481 1531 3593 1584 qua:
3613 1515 3760 1585 supra

2194 1597 2244 1650 in
2270 1596 2530 1653 'l'huaneo
2560 1614 2654 1654 seu
2684 1597 2995 1655 Colbertino
3021 1601 3317 1660 desiderari
3346 1607 3754 1662 observavimus.

2193 1690 2267 1744 11ιί
2300 1698 2355 1746 et
2384 1690 2519 1746 liber
2548 1706 2721 1746 nonus
2748 1707 2869 1746 cum
2902 1693 3118 1749 decimo
3147 1695 3512 1767 contunditur,
3560 1711 3612 1755 et
3641 1701 3758 1756 Freo

2193 1779 2394 1849 degarii
2424 1779 2753 1836 Cbronicum
2802 1783 2903 1837 sub
2951 1785 3104 1838 titulo
3137 1786 3254 1842 libri
3289 1789 3482 1844 decimi
3536 1790 3764 1847 Ilistorire

503 1872 772 1942 scriptura
806 1872 962 1941 plana
991 1882 1077 1927 est
1116 1879 1172 1927 et
1204 1873 1425 1942 aequalis
1467 1882 1626 1938 atque
1661 1875 1879 1940 ottitttm
1921 1884 2080 1928 notas.
2117 1880 2162 1938 Β
2194 1871 2533 1940 Gregoriauat
2563 1884 3003 1940 repmsentatur.
3054 1875 3195 1932 Nihil
3238 1893 3365 1935 vero
3393 1896 3454 1936 ea
3504 1883 3571 1937 de
3621 1898 3677 1937 re
3717 1885 3764 1938 in

493 1966 798 2035 Septimum
827 1965 1120 2022 habuimus
1148 1981 1214 2020 ex
1246 1970 1579 2022 monasterio
1608 1966 1757 2036 Regii
1798 1969 1994 2021 montis
2036 1970 2086 2021 iu

493 2059 714 2115 ἀίωωεί
747 2057 1116 2114 Bellovacensi
1146 2056 1367 2112 Ordinis
1399 2058 1807 2122 Cistereiensis,
1842 2059 1931 2126 qui
1960 2074 2080 2111 orn-

497 2165 596 2204 ncs
639 2151 862 2203 omnino
901 2147 1148 2218 Gregorii
1191 2145 1440 2203 Iiistorire
1483 2148 1649 2203 libros
1687 2149 2086 2219 complectitur,

496 2249 692 2309 pra-ter
735 2239 941 2309 aliquot
989 2239 1164 2294 ultimi
1209 2238 1330 2293 libri
1377 2249 1624 2293 extrema
1672 2242 1884 2308 capita,
1927 2256 2087 2309 quat,

495 2335 700 2388 avulsis
752 2333 958 2400 aliquot
1011 2346 1044 2386 e
1097 2330 1285 2386 codice
1345 2330 1521 2398 foliis,
1577 2333 1791 2387 desunt.
1848 2332 2088 2387 Vidimus

497 2402 746 2481 oetavum
794 2421 1037 2479 codicem
1069 2423 1121 2477 in
1152 2421 1476 2477 bibliotheca
1514 2422 1894 2479 Vindocinensi
1933 2424 2090 2479 char-

499 2529 742 2581 tacenm,
770 2525 824 2570 et
863 2514 1080 2572 caeteris
1120 2516 1507 2579 recentiorem,
1542 2524 1600 2570 ut
1645 2525 1769 2585 pote
1796 2515 1888 2587 qui
1917 2531 2090 2570 annos

497 2610 606 2666 200
660 2623 920 2680 superare
975 2623 1082 2664 non
1141 2608 1402 2666 videtur:
1453 2611 1696 2665 continet
1747 2611 2090 2666 solummodo

497 2705 736 2772 quinque
775 2699 984 2770 priores
1029 2699 1230 2766 libros,
1273 2700 1367 2756 sed
1413 2702 1637 2756 omnino
1685 2701 1956 2772 integros,
1997 2717 2086 2758 ex-

501 2804 655 2864 cepta
704 2795 952 2865 Gregorii
1000 2794 1168 2863 prima
1215 2795 1550 2865 prrelationc.
1595 2795 1756 2851 Libro
1797 2811 1829 2850 ν
1869 2793 2093 2866 subjun-

498 2894 698 2954 guutur
721 2888 953 2953 capitula
985 2885 1102 2940 libri
1154 2900 1229 2938 vt.
1272 2885 1338 2940 At
1367 2885 1565 2941 librutn
1596 2886 1770 2954 ipsum
1800 2901 1860 2942 se
1888 2886 2092 2943 habere

513 2988 619 3028 nou
653 2975 892 3040 potuisse
923 2975 1272 3044 conqueritur
1304 2975 1556 3044 scriptor,
1593 2985 1929 3049 testaturque
1961 2994 2091 3050 opus

499 3080 622 3120 esse
649 3066 1008 3137 dignissimum
1028 3109 1041 3131 ,
1071 3085 1166 3138 pro
1194 3069 1462 3124 scribentis
1489 3069 1648 3126 simul
1677 3079 1724 3125 et
1753 3072 1980 3153 materiis
2005 3073 2089 3126 die

500 3159 714 3228 gnitatc.

2193 1963 2430 2029 priorum
2474 1961 2731 2016 librorum
2778 1965 2920 2019 notis
2966 1969 3350 2038 marginalibus
3406 1972 3470 2026 ad
3532 1973 3762 2043 Gregorii

2193 2061 2394 2106 textum
2443 2053 2865 2124 observavimus,
2899 2060 3040 2127 quod
3095 2059 3260 2131 bujus
3289 2063 3487 2118 codicis
3539 2069 3766 2122 notitiam

2195 2146 2430 2200 nondum
2465 2157 2589 2201 tunc
2639 2147 2804 2202 Roma
2836 2165 3232 2220 acceperamus.
3271 2154 3475 2211 Similis
3507 2157 3628 2212 huic
3653 2174 3761 2216 csse

2195 2239 2411 2295 videtur
2440 2240 2610 2294 codex
2645 2243 2956 2296 monasterii
2987 2245 3156 2298 sancti
3187 2246 3457 2302 Truditnis
3489 2250 3541 2303 itt
3575 2249 3738 2304 llasba

2193 2333 2299 2397 nia,
2336 2333 2388 2386 in
2421 2348 2548 2402 quo,
2578 2335 2650 2386 uti
2682 2333 2934 2389 obsi-rvat
2962 2335 3286 2393 Gorlel‘ridus
3317 2338 3686 2397 lIenschenius
3713 2343 3762 2399 in

2195 2420 2485 2492 prmmissis
2510 2422 2577 2476 ad
2614 2423 2784 2477 Vitam
2816 2425 2986 2480 sancti
3024 2426 3299 2496 Sigiberti,
3333 2428 3493 2484 multa
3547 2433 3766 2501 capitula

2192 2515 2408 2569 desunt.
2441 2514 2709 2570 Caeterum
2772 2516 2949 2585 plures
2999 2519 3136 2574 alios
3184 2519 3394 2574 codices
3425 2521 3652 2577 vidimus
3673 2564 3690 2588 ,
3721 2532 3772 2577 et

2191 2605 2405 2676 quidem
2437 2606 2863 2676 antiquissimos,
2894 2608 2984 2677 qui
3046 2611 3299 2665 nortnrtlla
3331 2612 3571 2682 Gregorii
3605 2613 3770 2670 llislo—

2196 2696 2289 2750 riae
2320 2693 2616 2764 fragmenta
2645 2697 2745 2751 sub
2776 2695 2940 2752 variis
2977 2699 3140 2753 titulis
3181 2704 3616 2769 complectuntur
3645 2704 3773 2758 :sed

2195 2801 2290 2841 eos
2318 2801 2416 2840 suo
2447 2788 2586 2852 loco,
2621 2789 2665 2842 si
2701 2789 2834 2843 forte
2855 2789 3056 2858 aliquid
3080 2790 3458 2848 observatione
3480 2795 3695 2864 digitum
3721 2813 3771 2849 ιιι

2193 2877 2273 2931 eis
2303 2877 2622 2944 occurrerit,
2653 2889 2744 2931 aut
2776 2881 2827 2934 in
2883 2881 3059 2936 indice
3093 2898 3223 2941 mss.
3267 2884 3512 2939 codicum
3560 2887 3776 2942 inferius

2197 2968 2417 3024 laudare
2447 2969 2694 3024 sumciat.

2271 3058 2395 3116 I25.
2461 3059 2539 3116 Ea
2606 3077 2768 3132 porro
2838 3064 3131 3136 fragmenta
3198 3082 3317 3124 esse
3388 3073 3776 3127 contemni-mla

2201 3168 2360 3208 nemo
2385 3153 2602 3220 dixerit,
2647 3170 2768 3209 cum
2816 3157 3121 3211 uoutrario
3176 3165 3398 3214 nurlturtt
3450 3164 3660 3218 valeant
3712 3166 3780 3218 ad

557 3249 701 3307 .124.
744 3249 852 3306 Nec
881 3250 1010 3306 εδιίε
1059 3248 1163 3307 fuit
1191 3252 1498 3309 Gallicanos
1541 3253 1756 3309 codices
1797 3255 2085 3322 ονοινετες
2116 3255 2160 3316 c
2194 3247 2618 3302 conﬁrmandum
2671 3263 2978 3318 germanum
3036 3250 3278 3322 Gregorii
3348 3265 3572 3313 textum.
3637 3256 3773 3312 Cum

504 3344 680 3396 visum
703 3352 788 3397 est
815 3344 976 3396 etiam
1003 3344 1288 3401 consulere
1322 3345 1554 3400 Italicos.
1582 3346 1697 3413 Qua
1730 3349 1779 3400 in
1813 3361 1870 3402 re
1897 3363 2090 3416 suppe-

503 3434 610 3489 tias
639 3434 794 3488 nobis
823 3435 1004 3489 attulit
1047 3435 1113 3491 ιι.
1149 3435 1208 3491 Ρ.
1264 3437 1326 3492 Ι).
1358 3435 1613 3491 Claudius
1660 3437 2040 3507 Stephanotius
2067 3476 2083 3501 ,

505 3526 947 3597 Congrcgationis
991 3539 1186 3584 nostra:
1235 3530 1288 3584 in
1332 3532 1476 3585 curia
1513 3530 1748 3584 Romana
1781 3543 2090 3600 procurator

503 3620 793 3688 generalis,
828 3620 923 3690 qui
969 3622 1140 3676 varias
1173 3622 1450 3686 lectiones,
1480 3622 1692 3689 aliaque
1736 3621 1804 3676 ad
1848 3637 1961 3679 rem
1996 3640 2090 3676 tto-

501 3720 670 3766 stram
700 3711 1079 3780 conducentia,
1109 3729 1205 3783 pro
1233 3729 1333 3768 suo
1360 3730 1511 3770 more
1542 3714 1837 3770 liberaliter
1863 3731 1926 3769 ex
1961 3717 2091 3770 urbe

508 3803 680 3860 Itonia
709 3806 1032 3862 tramtnistt.
1067 3805 1275 3861 Primus
1303 3823 1369 3862 ex
1399 3807 1672 3864 codicibus
1706 3808 1919 3874 Italicis,
1939 3812 2091 3874 cujus

502 3899 747 3954 notitiam
779 3908 833 3955 et
886 3899 1147 3954 lectiones
1177 3902 1353 3954 varias
1383 3902 1689 3969 accepimus
1714 3941 1728 3966 ,
1761 3902 1806 3956 is
1863 3901 1976 3970 ipse
2006 3915 2089 3955 est

502 3991 839 4057 Casiuensis,
871 4007 1028 4062 quem
1064 3992 1116 4046 itt
1148 3990 1312 4047 Sacro
1362 3991 1539 4046 Monte
1568 4007 1597 4045 a
1629 4007 1687 4046 se
1734 4002 1789 4045 et
1817 4007 1914 4046 suo
1944 3994 2091 4047 SOt‘iO

509 4084 770 4139 Mrchacle
799 4099 931 4154 gerit
955 4098 1058 4138 auo
1108 4084 1278 4137 visunt
1312 4083 1490 4138 laudat
1541 4095 1724 4139 noster
1754 4085 2092 4140 blabillonius

507 4176 723 4230 Itineris
757 4175 924 4230 Italici
958 4191 1074 4245 pag.
1115 4175 1214 4229 I23
1239 4218 1253 4242 ,
1288 4173 1525 4247 Gregorii
1573 4175 1886 4231 Turonensis
1921 4177 2092 4232 llrsto-

505 4268 664 4332 riam,
695 4284 809 4336 qua:
837 4269 889 4319 iu
923 4268 1184 4321 nonnullis
1211 4269 1274 4320 ab
1301 4268 1451 4322 editis
1478 4266 1670 4335 differt.
1703 4269 1807 4322 llas
1835 4269 2093 4325 didereu-

508 4362 614 4414 tias
642 4374 766 4414 cum
813 4367 1044 4430 quatuor
1081 4360 1348 4429 capitibus
1375 4401 1390 4424 ,
1422 4375 1542 4431 qua:
1584 4372 1741 4416 antea
1788 4362 1905 4416 solo
1939 4363 2094 4417 titulo

503 4461 630 4506 uota
659 4459 834 4519 erant,
867 4452 980 4506 suis
1009 4452 1141 4507 locis
1169 4451 1381 4507 damus.
1417 4452 1553 4507 Iluic
1595 4453 1825 4509 addendi
1869 4456 1974 4509 duo
2005 4474 2069 4511 co

502 4546 650 4601 dices
679 4560 745 4600 ex
779 4546 953 4602 Gallia
985 4547 1036 4600 itt
1073 4545 1279 4601 Italiam
1312 4561 1341 4600 a
1363 4544 1638 4601 Christina
1676 4546 1886 4602 Succia:
1912 4555 2091 4618 regina

2196 3339 2342 3392 enittt
2372 3349 2622 3407 excerpta
2653 3341 2756 3394 sint
2791 3351 2848 3396 ut
2886 3342 2940 3397 in
2970 3344 3160 3397 ofﬁciis
3194 3347 3418 3415 publicis
3447 3347 3775 3418 legerentur,

2197 3441 2273 3484 tot
2299 3441 2424 3485 sunt
2455 3447 2630 3486 rerum
2660 3433 2900 3488 veritatis
2927 3451 3046 3504 qua:
3078 3435 3130 3490 iu
3163 3439 3240 3490 eis
3271 3449 3557 3494 narrantur
3587 3450 3781 3508 testes,

2195 3531 2324 3590 quot
2356 3521 2571 3576 luerunt
2602 3521 2856 3578 Ecclesia:
2910 3541 3027 3595 qme
3056 3541 3117 3580 ea
3168 3526 3218 3580 in
3252 3527 3568 3584 lectionibus
3614 3532 3786 3586 ol'llcii

2193 3612 2358 3667 divini
2390 3614 2736 3682 adeptarunt.
2773 3615 2905 3668 Hinc
2936 3632 3058 3670 cum
3114 3633 3164 3670 tn
3197 3619 3466 3688 plerisque
3514 3619 3786 3690 ejusmodi

2194 3706 2506 3776 fragmentis
2527 3706 2710 3763 Sermo
2729 3708 2792 3761 de
2814 3710 3032 3763 transitu
3052 3712 3217 3763 sancti
3244 3711 3456 3766 Martini
3484 3716 3790 3768 inveniatur

2195 3800 2504 3872 inscriptus,
2538 3801 2588 3854 irt
2639 3803 2811 3870 iisque
2867 3805 3117 3857 omnibus
3147 3815 3364 3860 sanctus
3395 3806 3640 3871 antistes,
3688 3807 3787 3861 Αι-

2194 3893 2294 3944 tico
2321 3901 2369 3944 et
2401 3892 2628 3946 Cwiario
2654 3892 2950 3948 consulibus
2977 3937 2992 3958 ,
3033 3897 3097 3949 ad
3149 3911 3370 3966 sttperos
3409 3898 3608 3953 abiisse
3657 3916 3795 3955 eun-

2193 3993 2399 4038 stanter
2448 3985 2673 4048 dicatur,
2729 3987 2870 4040 sicut
2917 3986 3117 4040 habent
3157 4003 3347 4041 omnes
3399 3990 3623 4043 omnino
3676 3998 3792 4044 tti-

2194 4077 2364 4143 editi,
2396 4092 2557 4146 quam
2601 4077 2783 4145 scripti
2823 4078 3039 4134 codices
3091 4081 3343 4137 Historiae
3395 4080 3750 4153 Gregorianze
3782 4128 3796 4148 ,

2195 4168 2316 4236 quis
2346 4167 2672 4222 irtftciabitur
2711 4169 2846 4223 hanc
2885 4184 3005 4224 esse
3033 4186 3214 4225 veram
3247 4182 3302 4226 et
3349 4171 3620 4228 sinceram
3652 4175 3794 4230 Gre-

2196 4257 2334 4327 gorii
2365 4259 2652 4314 lectionem
2673 4300 2688 4324 ,
2718 4275 2876 4329 quam
2906 4262 2974 4314 ab
3001 4263 3157 4316 annis
3189 4264 3465 4333 plusquam
3495 4266 3602 4321 90“.)
3628 4267 3804 4320 variae

2196 4350 2449 4406 Ecclesia:
2477 4351 2880 4407 adhibuerunt?
2919 4353 3144 4409 Codices
3173 4358 3314 4410 enim
3345 4369 3541 4429 praeter
3557 4367 3808 4416 ca-teros

2201 4446 2432 4501 vidimus
2452 4446 2588 4501 duos
2608 4445 2724 4516 ejus
2745 4447 3101 4518 antiquitatis,
3128 4465 3287 4504 n..um
3320 4452 3528 4506 scilicet
3551 4469 3620 4508 ex
3654 4456 3807 4507 Cor-

2200 4539 2401 4594 beiensi
2419 4539 2760 4606 bibliotheca,
2776 4544 3004 4596 aitet-um
3031 4543 3081 4596 in
3103 4545 3333 4598 archivis
3345 4545 3585 4601 et'c'e~i(B
3609 4551 3810 4602 cathe-

506 4641 894 4708 transpurtati,
950 4657 1176 4710 quorum
1227 4654 1412 4697 nosmr
1451 4643 1833 4712 Stephanotius
1880 4647 2087 4715 copiam

2197 4629 2362 4686 dralis
2393 4630 2817 4702 Andegavensis,
2844 4633 3246 4690 characteribus
3280 4636 3394 4692 fere
3416 4640 3812 4710 Merovingicis

506 4736 712 4790 habuit.
747 4737 901 4791 Prior
928 4777 944 4802 ,
973 4738 1062 4808 qui
1111 4741 1314 4794 sarculo
1342 4740 1552 4794 decimo
1593 4742 1827 4809 scriptus
1873 4741 1967 4796 fuit
1995 4782 2011 4808 ,
2038 4750 2094 4795 et

501 4829 742 4897 quidem,
775 4830 848 4883 nti
880 4828 1113 4896 videtur,
1146 4830 1197 4883 in
1219 4833 1547 4885 monasterio
1572 4835 1740 4888 sancti
1768 4833 2089 4889 Launomari

509 4923 805 4988 lilesensis,
841 4920 1001 4978 hodie
1047 4931 1294 4976 servatur
1323 4921 1375 4976 in
1422 4922 1674 4978 Vaticana
1723 4923 2092 4989 bibliotheca,

503 5030 572 5069 ex
610 5015 753 5069 dono
784 5013 1076 5070 Alexandri
1123 5014 1262 5082 VIII,
1307 5025 1578 5084 totatnque
1630 5016 1913 5071 Ilistoriam
1948 5033 2090 5070 com-

509 5108 786 5176 plectitur,
812 5109 1052 5178 exceptis
1083 5106 1396 5177 praefatione
1426 5120 1475 5164 r-t
1510 5112 1696 5164 ttltitno
1729 5112 1848 5165 libri
1884 5128 1913 5166 x
1944 5114 2089 5182 capi-

505 5209 582 5252 te.
620 5201 822 5254 Desunt
849 5201 1010 5255 etiam
1038 5201 1281 5269 quaedam
1323 5202 1376 5256 itt
1408 5214 1602 5272 quarto
1637 5204 1793 5270 libro,
1838 5220 1903 5260 ex
1936 5221 2090 5259 ama-

509 5293 729 5347 nto-usis
758 5294 1034 5348 oscitantis
1063 5335 1079 5360 ,
1110 5295 1199 5366 qui
1231 5295 1432 5364 aliquot
1477 5294 1692 5365 paginas
1722 5311 1916 5352 vacuas
1965 5299 2089 5351 ιιι-Ιί-

505 5373 628 5441 quit
649 5390 665 5439 ;
685 5381 742 5426 et
769 5372 872 5425 alia
903 5387 1098 5442 pauca,
1125 5387 1250 5444 quae
1271 5374 1464 5428 avulso
1490 5390 1599 5429 uno
1631 5383 1725 5428 aut
1760 5376 1932 5431 altero
1958 5376 2090 5432 folio

506 5465 914 5519 desiderantur.
938 5465 1090 5519 Alter
1115 5466 1308 5528 codex,
1327 5466 1420 5536 qui
1445 5465 1574 5519 olim
1604 5465 1669 5520 ad
1694 5468 2084 5523 monasterium

507 5555 866 5610 Floriacense
897 5555 1184 5624 pertinuit,
1223 5557 1456 5611 habetur
1488 5557 1541 5610 in
1590 5556 1913 5611 bibliotheca
1949 5561 2084 5614 emi-

507 5652 819 5709 nenti'ssimi
839 5651 1135 5706 cardinalis
1151 5651 1410 5706 Ottoboni
1435 5670 1448 5718 ;
1478 5653 1635 5722 cujus
1654 5652 1917 5708 beneﬂcio
1940 5653 2085 5708 hunc

507 5747 751 5801 codicem
779 5754 833 5800 et
861 5746 987 5809 alia,
1030 5761 1372 5814 qumottttque
1418 5745 1577 5799 nobis
1611 5747 1918 5799 necessaria
1966 5745 2083 5802 fuc-

510 5846 660 5905 l'tlltl,
695 5837 1063 5908 suppeditavit
1116 5835 1179 5888 γ.
1225 5836 1307 5888 CI.
1367 5835 1694 5890 Francisrtts
1733 5836 2078 5905 Blancltittus,

2198 4721 2396 4774 simulo
2421 4732 2612 4776 octavo
2632 4722 2843 4777 labente
2870 4733 3135 4779 exaratos.
3163 4725 3314 4782 Unde
3337 4727 3458 4782 licet
3482 4731 3534 4784 in
3566 4731 3720 4784 notis
3737 4735 3812 4784 ad

2198 4814 2358 4866 istum
2384 4811 2629 4883 Gregorii
2656 4813 2828 4869 locum
2853 4815 2983 4869 satis
3010 4816 3163 4870 nobis
3191 4818 3361 4872 visum
3388 4820 3547 4875 luerit
3581 4833 3811 4878 textunt

2196 4911 2513 4959 auctortate
2543 4921 2676 4960 mss.
2704 4905 2941 4959 omnium
2971 4909 3308 4975 continuare,
3339 4925 3561 4982 remque
3592 4913 3670 4968 de
3700 4934 3825 4966 mr-

2201 5005 2318 5048 tero
2345 4995 2487 5050 circa
2531 5007 2832 5052 extr-emunt
2880 4998 3051 5052 sancti
3098 4999 3308 5054 Martini
3357 5017 3555 5056 annum
3582 5045 3597 5067 ,
3634 5021 3822 5074 quem

2202 5085 2292 5138 alii
2321 5085 2442 5140 aliis
2471 5087 2626 5141 annis
2654 5089 2962 5156 assignant,
2996 5091 3047 5144 in
3100 5091 3279 5146 medio
3325 5094 3397 5146 rel
3423 5109 3528 5163 nqu
3567 5111 3630 5150 re
3659 5112 3678 5161 ;
3712 5112 3826 5149 ex-

2203 5178 2382 5247 pensis
2412 5186 2589 5234 tanten
2623 5190 2810 5248 postea
2856 5180 3164 5250 diligentius
3195 5182 3436 5250 Gregorii
3491 5184 3656 5247 locis,
3699 5184 3822 5238 hoc

2217 5281 2422 5328 certum
2447 5289 2571 5329 esse
2600 5275 3060 5342 existimavimus,
3080 5275 3371 5331 Martinum
3402 5276 3560 5347 juxta
3589 5279 3832 5348 Grego-

2211 5363 2279 5417 rii
2308 5375 2566 5426 mentem,
2592 5366 2765 5418 Attico
2790 5375 2839 5419 et
2868 5364 3106 5421 Ca'sar'io
3130 5369 3457 5431 consulibus,
3487 5370 3836 5426 excessisse

2209 5468 2241 5508 e
2259 5454 2392 5516 vita,
2424 5455 2764 5525 proindeque
2788 5472 2934 5511 anno
2956 5459 3198 5528 vulgaris
3227 5476 3347 5514 aera:
3368 5460 3494 5525 397,
3524 5475 3644 5528 quo
3682 5476 3839 5515 cott-

2212 5553 2320 5598 stat
2342 5546 2589 5600 Atticum
2610 5557 2662 5601 et
2677 5548 2976 5602 Caesarium
2997 5553 3256 5607 consules
3302 5552 3490 5606 fuisse.
3515 5552 3570 5606 Id
3597 5553 3839 5622 quippe

2217 5637 2410 5705 repetit
2443 5636 2736 5708 Gregorius
2771 5641 2821 5693 in
2856 5639 2996 5696 libro
3022 5643 3089 5698 de
3128 5642 3404 5698 Miraculis
3438 5645 3619 5718 sancti
3657 5643 3840 5698 Mar-

2215 5726 2336 5791 tini,
2378 5728 2629 5799 hancque
2651 5731 2912 5801 epocbam
2949 5733 3075 5790 aliis
3105 5735 3514 5790 characteribus
3550 5734 3842 5789 chrono-

2217 5818 2410 5887 logicis
2445 5820 2757 5890 confirmat,
2798 5840 2921 5880 cuttt
2954 5835 3204 5882 sant-tum
3257 5825 3552 5882 Martinam
3593 5827 3845 5883 abiisse
