4070 6186
403 341 502 396 101

1870 329 2256 387 ΡίὶιΕΙ·’ΛΊΙΟ.

3587 329 3690 391 $03

398 453 580 511 scribit
610 453 837 507 secundo
869 450 1090 506 Honorii
1121 452 1444 521 imperatoi-is
1489 467 1625 506 anno
1650 495 1663 513 ,
1698 449 1787 520 qtti
1833 449 1993 502 etiam
2025 447 2071 502 A
2101 455 2268 514 petmr
2292 447 2662 502 molitio-tonis
2685 450 3008 505 anathemate
3027 463 3299 506 damna!“
3337 453 3544 512 existat.
3577 455 3688 510 Vo-

398 563 545 602 anno
573 544 681 600 397
711 545 1035 613 respondet;
1069 557 1268 600 etcum
1313 546 1629 614 l’erpetuum
1653 543 1990 612 sexagesimo

397 646 595 707 quarto
628 646 750 706 post
783 638 994 693 Martini
1025 639 1234 693 obitum
1283 654 1424 693 anno
1457 640 1508 693 in
1541 638 1791 694 thronum
1821 639 1992 692 Turo-

397 745 621 785 nensem
668 729 907 786 subiisse
947 739 1339 786 commemorat
1379 747 1394 787 :
1430 732 1570 801 quod
1631 747 1762 786 sane
1804 747 1988 785 verum

400 838 508 876 non
567 829 756 886 esset,
830 825 874 875 si
929 822 1068 877 ultra
1149 837 1348 877 annum
1403 823 1720 893 pra-dictum
1778 823 1987 878 Martini

397 917 574 969 exitus
623 915 974 981 differretur,
1015 916 1283 986 siquidem
1353 917 1648 984 Perpetuus
1693 933 1837 972 anno
1886 916 1984 970 461

399 1006 703 1061 Turonensi
753 1009 983 1062 concilio
1013 1007 1246 1074 pra'fuit.
1269 1007 1477 1083 (ἔπειθε-ει
1509 1017 1820 1077 argumenta
1856 1025 1992 1078 pra:-

399 1099 664 1165 tertnitlo,
691 1117 809 1166 quae
841 1101 978 1165 apud
1021 1111 1271 1155 auctores
1298 1104 1541 1164 vulgatos
1581 1101 1868 1154 habentur.
1903 1104 1988 1164 At,

401 1191 640 1261 inquies,
674 1189 967 1260 Gregorius
1022 1193 1071 1243 in
1120 1192 1497 1246 Min-culorum
1530 1192 1682 1246 libris
1727 1208 1895 1246 annos
1927 1193 1994 1243 ab

399 1282 548 1338 exitu
588 1284 758 1336 sancti
817 1282 1026 1336 Martini
1058 1283 1123 1335 ad
1165 1297 1317 1336 suum
1352 1299 1519 1352 usque
1550 1291 1782 1352 tempus,
1828 1282 1879 1336 id
1913 1293 1993 1336 est

401 1373 473 1427 ad
503 1388 705 1427 annum
735 1372 1067 1428 Cbildcberti
1107 1373 1247 1440 regis
1289 1381 1620 1438 currentem,
1649 1388 1754 1444 quo
1779 1372 1996 1427 scribe-

400 1463 495 1520 bat
544 1465 712 1519 semel
759 1475 812 1518 et
864 1465 1053 1519 iterum
1085 1477 1439 1532 computans,
1471 1465 1755 1518 manifeste
1797 1464 1996 1518 indicat

399 1555 685 1609 Martiuum
728 1571 870 1610 anno
924 1555 1026 1611 100
1076 1558 1139 1608 ad
1186 1557 1353 1610 cmlos
1428 1558 1761 1611 convolasse.
1806 1554 1997 1609 Fateor

401 1643 545 1700 hanc
589 1645 756 1700 fuisse
803 1646 1046 1716 Gregorii
1097 1657 1328 1701 mentem
1360 1646 1408 1702 si
1452 1646 1572 1702 huic
1603 1650 1716 1716 ejus
1745 1661 1996 1718 compqu

399 1743 631 1799 stemus,
681 1736 822 1803 quod
852 1736 1019 1792 secuti
1054 1747 1178 1790 sunt
1212 1752 1317 1791 non
1368 1738 1516 1806 pauci
1571 1740 1882 1808 sequiornm
1933 1754 1997 1792 ac

2099 551 2188 590 eos
2219 554 2337 605 qua:
2388 537 2598 592 detrita:
2645 551 2768 593 sunt
2821 542 3140 596 lletuensem
3187 543 3575 611 designabant,
3607 546 3685 601 tttl

2095 628 2362 698 suspicor,
2395 629 2703 695 ecclesiam,
2729 631 2813 686 cui
2869 634 3063 687 multos
3110 635 3246 688 alios
3277 636 3492 692 codices
3521 638 3684 692 Uda-

2097 720 2238 771 ricns
2269 721 2514 783 contulit,
2551 732 2605 776 ιιι
2651 740 2714 777 ex
2745 724 3014 780 similibus
3045 729 3289 781 codicum
3309 730 3683 798 inscriptioni-

2099 811 2194 863 bus
2227 822 2391 880 patet,
2423 816 2511 884 qui
2543 816 2706 869 etiam
2739 833 2879 871 nunc
2912 817 2965 871 in
3016 820 3336 874 bibliotheca
3371 827 3680 893 metropoli-

2097 909 2236 954 tame
2271 904 2556 957 llemot-nm
2588 906 2831 960 ecclesia:
2881 921 3268 964 :tSset'Vattltlr:
3301 913 3395 966 sed
3429 922 3484 967 et
3511 918 3685 970 eccle-

2097 994 2172 1045 sia
2207 997 2375 1048 sancti
2404 996 2679 1052 Michaelis
2723 998 2795 1051 ibi
2823 1000 2984 1053 etiam
3035 1016 3175 1055 nunc
3221 1002 3273 1055 in
3303 1003 3683 1059 canonicorutu

2096 1085 2335 1140 claustro
2366 1086 2629 1140 subsisnt.

2173 1175 2293 1231 127.
2338 1177 2536 1234 Praeter
2565 1180 2934 1236 Golber:inum
2988 1183 3228 1238 codicem
3265 1201 3422 1253 supra
3477 1202 3658 1246 metuo

2101 1279 2297 1332 ratum,
2333 1278 2440 1323 tres
2491 1271 2626 1325 alios
2671 1289 2733 1326 ex
2781 1275 2970 1328 eadem
3007 1277 3039 1328 Ι)
3065 1276 3332 1331 1)·ιυιιιυεει
3383 1280 3688 1347 habuimus,

2100 1361 2190 1428 qui
2233 1361 2436 1422 aliquot
2487 1362 2861 1420 Miraculorum
2913 1368 3078 1423 libros
3120 1387 3146 1421 a
3194 1371 3456 1443 Gregorio
3503 1384 3689 1428 nostro

2099 1454 2270 1508 editos
2298 1456 2769 1525 complectuntur;
2821 1476 2887 1515 ex
2936 1462 3126 1530 quibus
3167 1481 3302 1518 unus
3333 1481 3364 1522 e
3413 1467 3689 1522 Tutelensi

2101 1550 2329 1604 ecclesia
2362 1558 2620 1609 alvei-tus
2645 1572 2832 1610 omnes
2863 1557 3020 1613 habet
3049 1571 3244 1627 praiter
3270 1561 3418 1617 Vitas
3448 1563 3692 1620 Patrum.

2103 1639 2373 1706 Totidem,
2408 1659 2516 1697 uno
2547 1645 2613 1699 de
2644 1645 3058 1704 Confessoribus
3089 1662 3336 1720 excepto,
3372 1654 3539 1710 l.bros
3563 1672 3690 1711 con-

2100 1735 2234 1788 tittet
2262 1745 2506 1792 vetuSIus
2535 1740 2702 1793 codex
2756 1741 2927 1795 Sancti
2969 1742 3179 1797 Martini
3230 1747 3367 1813 apud
3419 1747 3690 1814 Turonos,

399 1829 760 1881 recentiorum
806 1840 1104 1896 temporum
1158 1839 1426 1884 auctores.
1458 1828 1532 1883 Ex
1581 1829 1665 1882 his
1712 1830 1991 1884 Albericns
2026 1838 2069 1896 Β
2103 1828 2257 1895 cujus
2278 1839 2330 1882 et
2361 1829 2608 1896 alterius,
2637 1848 2667 1885 e
2698 1834 3024 1888 catltedralis
3073 1838 3246 1892 sancti
3273 1837 3482 1893 Gatiatti
3511 1841 3690 1895 eccle-

399 1918 588 1972 Trium
662 1917 910 1972 Pontium
977 1920 1030 1974 in
1099 1919 1387 1989 Campania
1438 1920 1734 1974 monachus
1799 1921 1994 1989 quovis

401 2010 644 2078 periculo
685 2010 736 2063 id
767 2025 826 2064 se
852 2011 1194 2078 proba'urutn
1247 2012 1460 2078 recipit,
1499 2011 1824 2078 adhibetque
1856 2011 1996 2065 inter

403 2101 511 2154 alia
553 2100 662 2155 duo
708 2101 796 2155 ilTa
837 2101 1080 2170 Gregorii
1144 2111 1458 2171 argumenta
1489 2143 1506 2167 ,
1550 2111 1662 2156 tum
1710 2102 1778 2156 ab
1832 2102 1993 2156 Attici

406 2201 465 2247 et
492 2192 712 2247 Caesarii
762 2194 1066 2262 consulatu,
1099 2203 1208 2249 tum
1256 2210 1285 2248 a
1318 2195 1556 2250 secundo
1602 2211 1744 2249 anno
1776 2194 1994 2249 llonorii

404 2286 778 2352 imperatoris,
828 2287 969 2356 quod
1022 2297 1307 2355 utrumque
1354 2287 1421 2341 ad
1472 2303 1670 2341 annum
1719 2287 1825 2342 400
1872 2304 1996 2342 a-ra:

401 2378 726 2432 Christianae
758 2390 993 2434 revocat.
1037 2379 1102 2432 At
1145 2389 1354 2433 certum
1396 2387 1480 2432 est
1512 2387 1796 2448 utrumque
1853 2394 1994 2431 anno

403 2473 510 2527 397
540 2472 852 2532 convenire.
885 2471 1245 2540 stautlumqne
1293 2471 1468 2537 tetius
1513 2479 1652 2524 notae
1701 2469 1996 2524 chronolo-

403 2563 537 2631 gica!
568 2578 595 2613 a
629 2561 886 2631 pra-dicto
914 2562 1198 2616 consulatu
1230 2571 1279 2616 et
1313 2559 1555 2617 secundo
1586 2560 1805 2614 Honorii
1855 2575 1996 2614 anno

404 2654 620 2722 petitae,
653 2669 814 2723 quam
845 2655 998 2708 alteri
1030 2670 1059 2708 a
1093 2652 1353 2722 Gregorio
1385 2654 1604 2722 prolata:
1628 2651 1696 2706 ab
1726 2652 1882 2706 annis
1913 2669 1998 2706 re-

405 2748 496 2818 gni
527 2746 882 2802 Childeberti.
932 2749 1112 2817 Longe
1160 2750 1304 2801 cnim
1352 2747 1553 2800 certior
1586 2755 1641 2799 et
1669 2744 1999 2814 eXpIOr-atinr

405 2850 495 2894 est
526 2840 674 2909 prior
706 2839 795 2893 illa
827 2836 1171 2908 computandi
1219 2838 1356 2892 ratio
1384 2853 1412 2891 a
1451 2837 1751 2902 consulatu,
1782 2851 1940 2904 quam
1968 2850 1998 2890 a

407 2931 676 3000 Gregorio
705 2931 1046 2986 adinvcntatn
1071 2946 1192 2986 esse
1215 2944 1550 3000 nequaquam
1582 2929 1872 2983 verisimile
1893 2937 1998 2994 est,

407 3022 503 3078 sed
535 3024 711 3092 potius
740 3038 808 3077 ex
845 3024 1074 3093 antiquis
1107 3021 1360 3077 Ecclesia:
1389 3038 1501 3076 sua:
1545 3023 1732 3076 aliisve
1777 3017 2002 3089 publicis

409 3118 778 3173 monumentis
809 3117 876 3172 ab
916 3133 981 3172 eo
1014 3119 1370 3186 de~nmptant.
1407 3118 1553 3172 llanc
1584 3132 1714 3170 vero
1755 3116 2000 3170 consula-

2099 1919 2193 1970 sine
2229 1919 2574 1986 bibliotheca,
2608 1924 2782 1977 varias
2828 1926 3084 1982 lectiones
3113 1944 3141 1980 a
3194 1939 3377 1983 nostro
3409 1931 3689 1986 Edmundo

2102 2009 2373 2066 Martenne
2394 2014 2720 2082 accepimus.
2754 2018 2895 2070 Duos
2919 2034 2950 2073 e
2978 2020 3436 2078 Glaromontensis
3464 2024 3684 2097 collegii

2103 2097 2418 2180 i’arisiensis
2446 2102 2699 2159 Ludovici
2731 2105 2902 2176 Magni
2934 2107 3255 2167 bibliotheca
3290 2114 3570 2170 nobiseum
3595 2133 3687 2172 so-

2100 2189 2188 2241 l'ta
2234 2205 2331 2244 sua
2373 2193 2703 2250 humanitate
2758 2202 3178 2257 communicavit
3235 2203 3301 2258 ll.
3352 2206 3412 2261 P.
3451 2208 3692 2265 Joannes

2104 2281 2428 2339 llardninus.
2479 2285 2703 2342 Unicum
2736 2303 2766 2344 e
2793 2291 2994 2345 celebri
3041 2293 3214 2348 sancti
3258 2294 3488 2353 Victoiis
3537 2300 3691 2354 Pari-

2108 2374 2304 2430 siensis
2333 2376 2680 2449 bibliotheca,
2713 2385 2868 2438 nobis
2916 2387 3278 2455 suppeditavit
3309 2388 3372 2444 V.
3405 2390 3488 2446 Gl.
3522 2391 3695 2448 Hero-

2104 2464 2306 2520 vallius
2331 2467 2572 2536 ejusdem
2605 2471 2706 2526 loci
2738 2473 3029 2530 cauonicus
3062 2478 3343 2548 regularis.
3381 2499 3484 2536 non
3516 2483 3693 2541 minus

2103 2558 2310 2622 paterni
2339 2559 2390 2613 in
2420 2559 2627 2616 litteras
2650 2567 2852 2636 amoris
2874 2583 3035 2636 quant
3064 2571 3298 2626 nominis
3326 2571 3520 2629 heres.
3557 2574 3692 2631 Uni-

2102 2661 2223 2702 cum
2258 2648 2384 2705 item
2412 2653 2719 2720 accepimus
2762 2672 2828 2712 ex
2866 2658 3190 2716 bibliotheca
3236 2663 3652 2723 Getnmeticensi
3675 2706 3693 2734 .

2102 2737 2328 2794 alterum
2351 2757 2413 2796 ex
2449 2741 2800 2814 Floriaccnsi,
2822 2751 3032 2804 tertium
3051 2768 3116 2806 ex
3145 2751 3424 2822 Beceensi,
3441 2768 3695 2826 quartum

2101 2843 2166 2882 ex
2197 2841 2383 2885 sancto
2418 2831 2696 2891 Vincentio
2733 2839 3128 2898 Cenomanensi
3152 2885 3169 2910 ,
3199 2856 3426 2914 quatuor
3459 2863 3588 2904 vero
3615 2866 3685 2905 ex

2104 2933 2284 2976 no~tra
2309 2927 2480 2981 Sancti
2510 2927 2765 2984 Germani
2795 2932 3114 2990 bibliotheca
3139 2936 3445 2994 habuimus.
3473 2940 3688 2998 Nullum

2103 3011 2364 3084 integrum
2417 3031 2447 3071 e
2495 3017 2660 3089 Regia
2710 3021 3030 3080 bibliotheca
3066 3027 3323 3095 vidimus,
3373 3033 3470 3086 sed
3517 3035 3691 3089 multa

2105 3105 2664 3165 variorutn'librorutn
2716 3113 3010 3183 fragmenta
3038 3159 3057 3183 ,
3086 3136 3208 3172 cum
3241 3138 3348 3174 uno
3396 3129 3691 3194 exemplari

409 3223 498 3265 tus
527 3222 706 3265 notam
747 3212 837 3266 ubi
882 3228 999 3264 cntu
1034 3210 1190 3265 annis
1237 3225 1420 3280 regum
1450 3209 1616 3263 voluit
1641 3224 1957 3278 comparare
1979 3247 1997 3275 ,

2108 3199 2340 3250 omnium
2368 3199 2382 3252 l
2410 3201 2629 3254 brorum
2661 3203 2727 3257 de
2761 3206 3050 3269 Miraculis,
3075 3210 3218 3263 edito
3238 3213 3478 3282 quidem,
3509 3217 3609 3272 sed
3631 3220 3686 3273 in

409 3303 575 3359 facile
604 3319 786 3359 errare
819 3304 989 3373 potuit
1041 3304 1092 3357 in
1144 3303 1232 3358 illa
1283 3311 1585 3373 temporum
1625 3302 1995 3356 obscuritate:

409 3413 534 3454 cum
566 3396 727 3453 hodie
755 3412 967 3465 quoque
1006 3396 1058 3450 in
1089 3396 1190 3451 hac
1218 3395 1549 3450 eruditorum
1583 3395 1698 3448 luce
1727 3392 1840 3447 luce
1868 3409 1998 3447 con-

410 3490 599 3545 cordia
646 3505 753 3544 non
801 3489 916 3544 sine
945 3490 1157 3558 negotio
1187 3488 1305 3543 iniri
1340 3490 1528 3558 possit.
1555 3486 1687 3540 Cum
1722 3487 1901 3556 itaque
1947 3487 1998 3541 in

411 3586 677 3637 alterutro
726 3582 1056 3637 aberraverit
1104 3581 1394 3651 Gregorius
1422 3622 1439 3646 ,
1485 3579 1889 3650 haudquaquam
1951 3578 2002 3631 in

412 3675 741 3746 assignando
765 3678 1045 3730 consulatu
1068 3676 1348 3730 aberrasse
1367 3677 1667 3728 censendus
1688 3683 1770 3727 est
1794 3689 1808 3726 :
1833 3672 2002 3725 adeo-

412 3785 522 3839 que
551 3767 774 3824 credere
802 3783 906 3822 non
929 3768 1192 3831 dubitem,
1223 3766 1391 3820 sancti
1426 3763 1637 3819 Martini
1669 3765 1872 3820 obitum
1900 3775 2004 3818 sta-

414 3860 675 3915 tuendum
718 3874 837 3915 esse
885 3875 1030 3914 anno
1064 3857 1192 3923 59'),
1233 3858 1318 3912 cui
1362 3860 1696 3912 consulatum
1750 3857 1909 3911 Attici
1952 3864 2010 3910 et

413 3951 638 4006 CmSarii
669 3951 962 4008 convenire
992 3962 1205 4018 recepta
1236 3949 1502 4006 sententia
1527 3962 1609 4005 est
1658 3951 1798 4006 inter
1825 3951 2009 4006 crudi--

416 4057 524 4100 tos.
553 4045 658 4099 Sed
685 4045 794 4115 jam
827 4045 1192 4114 praefationem
1222 4059 1627 4114 prosequamur.

496 4137 618 4191 126.
664 4137 813 4192 llaud
840 4136 1032 4191 minori
1061 4138 1306 4191 codicum
1339 4152 1562 4191 numero
1603 4137 1681 4192 usi
1728 4134 1922 4189 fuimus
1955 4136 2005 4190 in

417 4231 748 4287 adornandis
778 4218 1026 4300 Gregorii
1072 4229 1227 4284 libris
1253 4230 1320 4283 de
1368 4228 1634 4284 Miracnlis
1679 4238 2011 4293 sanctorum,

417 4340 487 4379 ex
513 4324 710 4394 quibus
738 4333 868 4384 tres,
897 4331 952 4378 et
981 4321 1197 4391 quidem
1228 4323 1295 4378 ab
1324 4324 1479 4376 annis
1504 4325 1719 4378 circiter
1747 4324 1850 4376 800
1871 4325 2006 4376 scri-

422 4419 502 4488 pti
527 4459 545 4485 ,
574 4432 763 4472 omnes
786 4421 1007 4470 omnino
1039 4416 1206 4470 libros
1237 4416 1440 4471 habent
1464 4416 1667 4485 optima
1697 4432 1856 4470 manu
1884 4433 1980 4471 ext

419 4521 590 4565 ratos.
631 4508 890 4570 Primum,
923 4523 1044 4564 cum
1075 4507 1199 4560 aliis
1239 4523 1398 4575 supra
1427 4519 1480 4561 et
1528 4507 1664 4562 infra
1697 4508 2009 4562 memoratis

2103 3290 2258 3358 cujus
2309 3295 2550 3363 margine
2600 3299 2762 3352 variae
2816 3301 3075 3358 lectiones
3125 3321 3290 3360 manu
3340 3307 3400 3362 V.
3431 3308 3513 3364 Cl.
3548 3311 3696 3369 Petri

2113 3381 2306 3467 Pitbmi
2342 3385 2630 3458 descripta:
2664 3391 2860 3460 passim
2890 3407 3197 3450 occurrunt.
3232 3397 3495 3460 Praeterea
3518 3404 3697 3460 varias

2103 3476 2363 3559 lectiones
2395 3480 2676 3538 habuimus
2700 3522 2719 3549 ,
2751 3499 2886 3554 quas
2927 3503 2958 3541 e
3004 3487 3213 3544 duobus
3243 3491 3520 3550 codicibus
3560 3511 3694 3554 meo.

2105 3569 2324 3639 collegit
2374 3572 2456 3626 vir
2487 3574 2708 3628 illustiis
2758 3579 3033 3634 memoria:
3063 3580 3295 3637 Jacobus
3344 3584 3649 3643 Sanbovius
3676 3631 3695 3657 ,

2114 3665 2394 3733 presbyter
2417 3675 2470 3719 et
2499 3665 2689 3721 doctor
2732 3668 3055 3728 Sorbonieus
3085 3713 3100 3736 ,
3133 3677 3215 3728 vel
3242 3691 3340 3729 suo
3368 3678 3584 3734 nomine
3607 3696 3698 3736 ce-

2110 3752 2296 3807 lebris.
2341 3755 2490 3810 Alias
2525 3757 2782 3814 lectiones
2809 3775 2874 3814 ex
2905 3763 3091 3818 codice
3122 3764 3369 3820 [latitatio
3410 3770 3697 3827 Christum

2109 3846 2306 3913 regina:
2358 3846 2565 3902 Suecia:
2610 3848 2871 3905 debemus
2921 3852 3273 3923 Stephanotio
3322 3871 3552 3927 nostro,
3603 3864 3698 3932 qui

2112 3937 2284 3992 codex
2315 3953 2504 3994 omnes
2548 3941 2716 3996 fet-me
2745 3943 3118 4002 llliraculorum
3151 3951 3316 4004 libros
3341 3957 3699 4022 comprehcn-

2111 4032 2208 4085 dit.
2244 4033 2376 4089 lluic
2402 4034 2703 4105 jungendus
2747 4040 2917 4095 codex
2957 4041 3247 4101 Vaticanus
3284 4062 3316 4102 ο
3349 4048 3584 4105 Palatina
3619 4055 3699 4106 bi-

2115 4127 2382 4184 bliotheca
2432 4147 2696 4188 annorum
2737 4139 2886 4203 suo,
2922 4139 3016 4207 qui
3064 4140 3192 4194 olim
3245 4141 3344 4196 fttit
3387 4149 3701 4203 mooa-terii

2117 4219 2536 4290 “cingat-tensis
2586 4226 2638 4277 itt
2684 4227 2878 4279 Suvevia
2904 4268 2920 4292 ,
2975 4229 3026 4283 in
3055 4244 3166 4299 quo
3211 4231 3438 4287 habetur
3469 4235 3604 4291 liber
3632 4237 3708 4292 de

2118 4314 2306 4370 Gloria
2335 4317 2730 4377 coniessorutn.
2760 4319 2998 4378 Cteteros
3029 4340 3126 4393 pro
3162 4339 3426 4394 apportun
3452 4338 3561 4382 tate
3588 4330 3706 4384 suis

2118 4410 2250 4464 locis
2280 4409 2637 4476 laudabimus,
2669 4413 2804 4468 sicut
2835 4423 2889 4469 et
2936 4430 3032 4470 eos
3071 4417 3162 4472 nui
3205 4420 3288 4472 vel
3337 4419 3474 4473 vitas
3504 4420 3703 4490 aliquot

2117 4502 2416 4573 singulares
2460 4503 2807 4560 solummodo
2829 4506 3128 4576 continent,
3163 4517 3256 4563 aut
3283 4519 3431 4565 certe
3457 4517 3704 4580 (pinsitam
3729 4492 3741 4498 ’

422 4617 455 4656 e
486 4600 808 4655 bibliotheca
839 4599 1171 4668 Colbertina,
1203 4598 1359 4654 nobis
1385 4601 1799 4655 communicavit
1835 4601 1894 4654 V.
1939 4601 2002 4654 (Σ.
2041 4581 2090 4640 Ῐ)
2118 4593 2409 4663 singularia
2439 4597 2636 4664 capita.
2666 4595 2746 4650 Ad
2775 4612 2910 4666 quos
2953 4613 3084 4652 vero
3111 4599 3329 4654 codices
3355 4601 3549 4673 singuli
3579 4605 3702 4659 libri

428 4694 735 4762 Stephanus
786 4693 1072 4756 llaluaius;
1108 4693 1402 4748 secundum
1435 4710 1502 4747 ex
1538 4692 1860 4749 bibliotheca
1904 4711 2012 4748 ma-

424 4786 560 4855 joris
590 4786 832 4838 ecclesiae
883 4784 1297 4846 Bellovacensis,
1351 4794 1535 4838 assent
1557 4795 1683 4839 ente
1715 4787 1966 4840 vem-rabi
1996 4785 2012 4838 i

427 4881 697 4946 Capitulo,
732 4879 884 4933 nobis
914 4877 1275 4946 suppeditavit
1310 4877 1370 4928 Ι).
1404 4879 1469 4931 de
1514 4876 1720 4946 Neuilly
1767 4879 2011 4945 ejusdem

431 4974 675 5028 ecclesiae
705 4973 1016 5026 canonicos.
1050 4972 1287 5025 Tertium
1317 4971 1544 5040 denique
1572 4985 1639 5027 ex
1671 4970 2011 5026 Laudunensi

427 5064 684 5129 ecclesia,
711 5074 904 5133 agente
948 5063 1346 5132 sapientissimo
1376 5063 1493 5116 viro
1540 5062 1604 5117 υ.
1649 5061 1834 5128 Leleu,
1882 5079 2014 5117 eou—

427 5154 894 5225 sentieutibusqne
916 5154 1127 5209 caeteris
1157 5153 1555 5209 venerabilibus
1597 5155 1869 5209 canonicis
1895 5171 2013 5208 mu-

429 5263 522 5302 tuo
551 5246 878 5316 accepimus,
911 5247 976 5301 ad
1018 5248 1169 5314 cujus
1197 5249 1396 5301 calcem
1443 5246 1554 5299 haec
1585 5246 1845 5300 habentur
1868 5264 1882 5300 :
1908 5245 2012 5298 Ex-

428 5337 579 5404 plirit
619 5335 750 5387 liber
797 5343 1012 5386 octavus
1045 5333 1282 5400 feliciter.
1317 5331 1623 5383 Adolardus
1656 5329 2012 5382 subdiaconus

429 5425 647 5493 srripsit
674 5425 834 5477 istum
859 5422 1088 5476 codicem
1119 5423 1173 5475 in
1196 5423 1390 5476 honore
1412 5420 1704 5474 beatissimi
1736 5417 2012 5471 Michaelis

431 5517 756 5586 archangeli.
783 5517 839 5571 In
871 5517 1044 5571 altero
1075 5527 1251 5570 autem
1286 5515 1414 5568 folio
1448 5513 1642 5581 legitur
1669 5512 1782 5564 haec
1801 5509 2012 5580 epigra-

431 5609 539 5679 phe
571 5627 584 5663 :
619 5608 770 5661 Hunc
800 5608 1048 5678 indignus
1089 5608 1243 5661 levita
1279 5606 1471 5660 libram
1509 5603 1793 5659 Odolricus
1826 5603 2014 5656 obtulit

431 5698 543 5751 Deo
573 5707 622 5750 et
648 5707 850 5752 sancta
887 5697 1193 5751 Mariw.....
1226 5712 1374 5766 quem
1407 5696 1457 5748 si
1485 5695 1600 5764 quis
1622 5693 1851 5764 quolibet
1884 5695 2017 5760 inge-

429 5794 521 5844 nio
553 5788 855 5852 abstulerit,
883 5791 1017 5842 iram
1051 5788 1144 5843 Dei
1166 5789 1531 5856 omnipotentis
1554 5788 1813 5850 incurrat,
1839 5797 2011 5856 εῖναι·-

2116 4684 2294 4738 collati
2329 4685 2552 4751 lucrint,
2575 4685 2796 4740 inferius
2817 4689 2868 4742 in
2903 4688 3081 4744 Indice
3111 4692 3414 4759 partienlari
3438 4695 3703 4750 dicemus.

2191 4777 2318 4833 128.
2357 4775 2468 4832 Nec
2495 4777 2687 4832 minori
2717 4794 2845 4834 cura
2877 4782 3046 4835 varias
3077 4781 3322 4852 Gregorii
3350 4802 3575 4848 operum
3598 4790 3706 4842 edi-

2117 4870 2288 4924 tiones
2319 4871 2690 4940 inquisivimtts
2720 4883 2773 4927 et
2798 4876 3114 4935 evolvimns.
3147 4893 3268 4931 enm
3301 4887 3508 4935 certum
3537 4880 3608 4934 sit
3638 4897 3705 4935 ex

2116 4959 2385 5030 ejusmodi
2416 4963 2565 5018 libris
2594 4965 2732 5018 inter
2776 4981 2839 5021 se
2865 4968 3076 5020 collatis
3108 4984 3486 5040 notmunquam
3537 4973 3707 5025 multa

2121 5052 2303 5107 haberi
2337 5069 2495 5121 posse
2524 5057 2588 5107 ad
2619 5056 2925 5109 illustrauda
2961 5069 3197 5111 veterum
3240 5075 3417 5128 opera.
3451 5061 3705 5115 Omnium

2118 5161 2293 5198 autem
2319 5146 2465 5214 prior
2486 5145 2936 5218 Gregoriieditio,
2956 5165 3113 5218 quattt
3137 5151 3349 5213 quidem
3372 5157 3708 5220 noverimus,

2115 5231 2341 5289 Parisiis
2359 5234 2413 5289 in
2441 5235 2615 5290 lucem
2644 5237 2846 5306 prodiit
2866 5255 3011 5293 anno
3051 5239 3180 5294 1511
3207 5256 3271 5295 ει
3292 5239 3518 5298 Joannis
3538 5241 3703 5298 Parvi

2123 5322 2360 5384 ollicina.
2392 5326 2541 5380 curis
2570 5326 2884 5400 llieronymi
2920 5330 3215 5386 Clicbtovei
3244 5331 3699 5404 Neoportuensis,

2123 5416 2215 5482 qui
2245 5416 2390 5469 illaut
2417 5415 2707 5472 Guillelmo
2727 5418 2903 5475 Parvo
2924 5424 3283 5492 nuncupavit.
3303 5423 3702 5496 Gomplectitur

2121 5512 2341 5570 autem,
2413 5509 2700 5577 praemissa
2757 5509 3009 5583 Gregorii
3069 5517 3245 5570 nostri
3301 5515 3467 5581 Vita,
3528 5520 3702 5572 libros

2121 5593 2261 5649 duos
2289 5595 2356 5650 de
2384 5595 2565 5652 Gloria
2597 5599 2899 5671 Martyrum
2936 5612 2989 5658 et
3018 5614 3257 5676 quatuor
3284 5607 3351 5663 de
3385 5607 3699 5664 Virtutibus

2121 5687 2298 5739 sancti
2319 5685 2534 5743 Martini
2553 5707 2675 5743 cum
2703 5693 2931 5761 cpistola
2953 5696 3020 5750 de
3043 5707 3245 5765 septem
3268 5698 3694 5759 Dormienlihns.

2133 5794 2251 5845 quae
2281 5780 2510 5850 cpistola
2557 5785 2608 5837 in
2641 5784 2760 5841 aliis
2801 5788 2965 5841 etiam
3017 5789 3179 5843 editis
3214 5788 3478 5861 Gregorio
3507 5800 3702 5846 nostro
