4070 6186
365 334 466 390 109

1786 317 2178 379 ΡΠΛΞΡΑΊΊΟ.

3559 322 3660 380 ΗΟ

358 455 492 510 beati
524 413 852 522 omni,
898 446 1081 504 decii
1118 455 1166 502 et
1193 445 1463 519 cujusdam
1499 443 1760 514 Sapientis
1786 459 1876 497 seu
1915 454 1962 496 et
1993 444 2041 503 Α
2067 454 2336 513 anonymo
2365 439 2663 507 tribuendi,
2695 441 2784 510 Qui
2831 439 2931 498 sub
2973 439 3168 497 Carolo
3210 440 3400 510 Magno
3430 440 3659 509 vixerit;

357 547 582 610 lsidori,
626 543 884 610 iurataque
917 548 967 594 et
993 537 1228 609 Gregorii
1260 536 1538 592 Chronicas
1573 552 1605 589 a
1644 535 1823 588 mundi
1851 535 1958 588 ori-

357 637 478 709 gine
512 648 816 704 percurrens
856 645 1017 701 usque
1054 628 1329 682 decedente
1373 641 1528 696 regno
1565 624 1960 689 Guntchramui,

359 728 444 781 Itis
468 726 694 795 quinque
715 721 982 779 Cltronicis
1003 718 1161 789 hujus
1195 717 1469 772 libelli.....
1510 717 1724 770 inserui.
1765 714 1963 769 Trans-

365 829 486 873 oeto
521 829 747 887 namque
793 812 1030 886 Gregorii
1089 810 1351 865 uolumine
1394 820 1679 880 temporum
1729 820 1963 880 σθαι...

359 924 478 979 σιω
503 916 678 978 postea
701 906 824 959 mihi
849 906 1053 975 {uerunt
1081 902 1356 972 cognita...
1388 900 1600 971 legendo
1622 901 1775 953 simul
1797 908 1846 953 et
1873 910 1968 952 au-

359 999 579 1062 diendo,
613 998 766 1051 etiam
793 995 1013 1050 videndo
1041 1001 1226 1047 cuncta
1249 1007 1363 1062 qua
1393 991 1704 1056 certiﬁcatus
1730 993 1963 1061 cognovi,

361 1092 416 1144 in
444 1091 606 1162 huius
635 1090 798 1145 libelli
821 1088 1076 1142 solamine
1099 1087 1320 1142 scribere
1345 1102 1446 1140 non
1471 1084 1609 1140 silui.
1646 1084 1814 1154 Hujus
1841 1099 1968 1138 vero

361 1180 702 1238 collectionis
730 1182 951 1250 integra
972 1193 1136 1234 unum
1164 1186 1222 1232 et
1245 1176 1495 1233 eumdem
1521 1191 1642 1232 esse
1665 1186 1964 1242 auctorem,

364 1284 567 1344 praeter
595 1272 965 1342 praefationem
994 1280 1050 1327 et
1079 1269 1294 1325 codices
1323 1277 1590 1334 vetustos,
1633 1269 1819 1338 probat
1849 1270 1969 1324 ubi-

363 1381 473 1435 que
499 1365 624 1437 styli
655 1364 1015 1428 uniformitas,
1045 1361 1186 1416 idem
1218 1361 1592 1428 epitomatoris
1617 1362 1827 1430 genius,
1858 1376 1970 1415 ser-

367 1472 461 1512 uio
485 1457 683 1526 ubique
703 1455 928 1526 aequalis
947 1462 1004 1509 et
1024 1453 1126 1508 sibi
1144 1453 1358 1515 similis,
1391 1453 1442 1508 id
1457 1463 1540 1509 est
1563 1454 1796 1508 incultus
1815 1453 1971 1521 plane

365 1565 431 1602 ac
454 1549 739 1613 barbarus,
766 1547 977 1616 quoties
997 1557 1184 1600 auctor
1203 1560 1303 1599 suo
1327 1560 1422 1600 ore
1450 1545 1706 1615 loquitur,
1735 1560 1835 1601 nec
1853 1559 1972 1601 rer-

367 1641 459 1696 bis
487 1639 656 1694 utitur
683 1640 892 1694 alienis.
926 1637 1227 1693 Vat-ietates
1255 1652 1386 1692 vero
1416 1636 1550 1705 illze,
1581 1651 1714 1708 quas
1752 1637 1804 1692 in
1836 1637 1975 1692 assi-

367 1731 604 1803 gnandis
637 1730 867 1801 singulis
893 1730 1044 1786 libris
1066 1729 1282 1784 codices
1305 1730 1466 1784 etiam
1496 1730 1846 1786 vetustissimi
1877 1729 1971 1783 lia-

2066 540 2229 599 atque
2255 545 2375 586 eam
2409 530 2512 585 sub
2541 529 2643 586 hoc
2672 530 2829 586 titulo
2866 532 3040 600 reipsa
3071 530 3341 600 vulgavit;
3374 547 3534 602 quem
3563 548 3658 590 se—

2067 631 2221 676 cutus
2252 620 2603 693 Marquardus
2642 620 2947 688 Frcberus,
2992 625 3316 679 Chronicum
3359 625 3462 680 sub
3502 629 3662 682 unico

2067 712 2372 780 Fredegarii
2403 714 2622 770 nomine
2647 715 2713 768 ad
2748 716 2885 767 idem
2911 724 3122 784 tempus
3153 717 3521 772 continuatum
3549 718 3663 774 edi-

2069 808 2168 860 dit.
2203 804 2398 858 Verum
2441 804 2598 860 aliam
2639 807 2757 861 iniit
2805 806 2942 860 viam
2974 809 3218 862 Andreas
3246 808 3537 874 Cliesnius,
3574 811 3662 880 qui

2072 907 2218 952 tomo
2251 900 2267 953 Ι
2302 898 2549 954 Historiae
2588 900 2858 954 Francicai
2896 901 3220 970 scriptorum
3262 902 3401 956 idem
3434 902 3663 957 Chronic

2071 1006 2194 1046 cum
2241 991 2465 1046 inseruit
2503 992 2602 1046 sub
2640 992 2944 1061 Fredegarii
2988 994 3227 1056 nomine,
3260 995 3401 1064 quod
3440 995 3663 1064 jubente

2071 1082 2466 1138 Cbildebrando
2492 1083 2698 1154 Pippini
2723 1093 2914 1152 patruo
2934 1084 3190 1151 scriptum
3225 1087 3343 1151 fuit,
3367 1094 3423 1140 et
3442 1097 3666 1142 curante

2071 1174 2370 1244 Nibelungo
2400 1175 2642 1244 ejusdem
2669 1174 3047 1231 Cbildebrandi
3072 1178 3180 1231 lilio
3199 1178 3265 1231 ad
3293 1177 3500 1247 Pippini
3525 1194 3669 1233 moro

2075 1282 2180 1328 tem
2208 1274 2599 1336 continuatum,
2634 1273 2784 1342 quasi
2816 1274 3102 1344 primarius
3131 1277 3362 1342 scriptor
3392 1276 3665 1345 Fredega-

2073 1366 2186 1418 rius
2227 1363 2550 1419 Chronicum
2606 1365 2735 1419 illud
2789 1367 3049 1435 integrum
3096 1368 3474 1423 Cliildebrandi
3513 1369 3666 1438 jussu

2073 1456 2349 1524 scripserit
2381 1471 2549 1525 usque
2578 1456 2642 1509 ad
2687 1456 2894 1526 Pippini
2936 1459 3398 1528 iuauguratiouem
3420 1502 3436 1527 ,
3466 1460 3669 1529 ipsum-

2073 1563 2177 1617 que
2203 1557 2388 1618 postea
2419 1557 2512 1602 aut
2541 1548 2679 1602 idem
2713 1549 3090 1618 Fredegarius,
3122 1561 3213 1604 aut
3242 1550 3377 1606 alius
3404 1552 3576 1622 quivis
3601 1552 3669 1607 ad

2073 1639 2313 1706 ejusdem
2346 1639 2490 1709 regis
2515 1639 2718 1694 obitum
2751 1639 3048 1710 Nibelungo
3074 1641 3296 1710 jubente
3323 1646 3669 1712 protraxerit.

2075 1730 2144 1784 At
2174 1730 2338 1785 falsus
2369 1740 2452 1788 est
2480 1737 2560 1788 vir
2586 1733 2857 1802 eruditus,
2899 1734 3155 1804 deceptus
3197 1737 3545 1804 inscriptione
3571 1753 3664 1791 co.

369 1825 527 1891 bent,
569 1839 636 1878 ex
678 1823 1088 1877 amanuensium
1119 1822 1347 1887 incuria.
1379 1831 1436 1876 ut
1459 1822 1568 1890 iam
1595 1822 1858 1890 diximuS.
1890 1823 1972 1878 vi-
2007 1823 2052 1884 Β
2077 1827 2210 1882 dicis
2241 1826 2532 1894 Petaviani,
2569 1843 2725 1894 quam
2759 1827 3002 1882 dedimus
3031 1829 3277 1883 columna
3311 1828 3438 1894 685,
3465 1844 3531 1884 ex
3563 1846 3668 1898 qua

370 1918 576 1972 dentur
605 1914 958 1986 processisse.
989 1913 1257 1969 Cieterum
1287 1912 1390 1967 etsi
1423 1913 1624 1968 nullum
1657 1912 1974 1984 scriptorem

374 2009 709 2078 Hieronymo
738 2005 1092 2061 vetustiorem
1133 2005 1313 2059 laudet
1362 2004 1454 2068 ille
1495 2012 1718 2070 auctor,
1755 2015 1824 2059 ex
1869 2018 1978 2074 quo

369 2116 528 2157 suam
549 2099 922 2156 collectionem
942 2097 1418 2156 consarciuaverit.
1443 2096 1773 2165 antiquiores
1796 2102 1975 2150 tamen

372 2193 710 2261 excerpsisse
747 2206 835 2247 res
863 2191 930 2247 ab
958 2202 1025 2246 eo
1068 2199 1295 2243 narratae
1334 2190 1583 2257 probant,
1615 2203 1736 2244 cum
1777 2187 1975 2242 iulium

375 2283 692 2340 Africanum
712 2325 729 2352 ,
756 2299 819 2339 ex
849 2299 956 2353 quo
987 2283 1151 2336 multa
1179 2280 1450 2349 excerpsit
1479 2279 1760 2348 Eusebius,
1790 2279 1978 2334 Hiero-

375 2376 558 2448 nymi,
607 2382 701 2430 aut
743 2373 960 2429 Eusebii
1000 2388 1158 2443 quem
1209 2372 1565 2440 Hieronymus
1613 2370 1974 2437 continuavit,

373 2467 599 2521 nomine
625 2460 1103 2533 compri-liend-sse
1133 2470 1285 2516 extra
1315 2460 1536 2514 dubium
1563 2472 1684 2516 esse
1713 2460 1970 2515 videatur.

375 2559 558 2623 Quare
587 2555 863 2624 antiquum
903 2552 1136 2622 aliquem
1173 2562 1445 2606 auctorem
1475 2550 1640 2605 alium
1670 2549 1740 2605 ab
1766 2549 1974 2605 Africa-

375 2665 470 2716 no,
503 2648 594 2718 qui
625 2655 870 2717 tempore
900 2645 1192 2701 Alexandri
1221 2645 1413 2700 Severi
1443 2643 1659 2708 vixerit,
1701 2653 1760 2698 ut
1803 2640 1974 2698 visunt

376 2752 460 2797 est
491 2741 621 2796 viris
651 2739 856 2808 aliquot
881 2739 1109 2794 eruditis
1149 2746 1268 2807 post
1298 2736 1584 2792 llenrieum
1613 2737 1882 2792 Canisium
1925 2743 1979 2790 et

377 2832 619 2887 Harcum
647 2829 977 2897 Welserum,
1009 2829 1296 2884 admittere
1327 2843 1432 2883 non
1463 2829 1679 2884 videtur
1725 2841 1980 2884 necessa-s

378 2926 557 2991 ri‘nm;
611 2939 915 2996 quanquam
966 2931 1163 2990 praeter
1205 2922 1409 2978 iulium
1457 2921 1801 2987 Africanum,
1846 2920 1978 2976 alios

377 3032 596 3088 quoque
633 3027 882 3071 auctores
911 3013 1131 3071 Cra-cos
1172 3014 1499 3068 recentiores
1544 3011 1612 3067 ab
1649 3025 1716 3068 eo
1758 3021 1978 3066 auctore

381 3110 640 3165 collectos
661 3108 824 3162 fuisse
837 3106 1108 3162 existimat
1131 3105 1430 3160 iladnauus
1447 3103 1716 3159 Valesius.
1734 3102 1788 3158 id
1813 3117 1974 3156 unum

2078 1916 2292 1985 quidem
2345 1916 2650 1985 Fredegarii
2709 1914 3038 1971 Chronicum
3095 1916 3478 1974 Childcbrandi
3523 1921 3670 1974 curis

2077 2022 2119 2062 c-
2145 2010 2468 2071 ntinuatum,
2500 2016 2591 2061 aut
2617 2017 2763 2063 certe
2806 2009 3207 2064 continuatores
3253 2011 3306 2064 in
3349 2026 3510 2064 unum
3551 2027 3672 2067 cor-

2080 2115 2178 2170 pus
2220 2100 2468 2154 redactos
2507 2099 2672 2154 fuisse
2710 2098 2892 2154 inferri
2943 2110 3186 2170 poterat,
3233 2116 3338 2158 ton
3379 2117 3506 2158 vero
3545 2113 3671 2159 tunc

2079 2192 2331 2261 primitus
2361 2191 2747 2262 conscriptum.
2781 2193 3160 2262 Fredegarium
3192 2194 3332 2249 enim
3353 2239 3367 2262 ,
3397 2195 3479 2250 vel
3525 2194 3672 2266 quis-

2077 2283 2198 2350 quis
2226 2292 2309 2337 est
2351 2283 2486 2336 alius
2516 2283 2765 2339 Cbronici
2811 2284 2970 2352 hujus
3013 2294 3232 2351 aui-tor,
3274 2284 3674 2342 Childebr-udo

2077 2376 2433 2444 antiquiorem
2475 2375 2676 2442 fuisse,
2715 2385 2771 2431 et
2807 2375 3132 2433 Chronicum
3180 2392 3334 2432 suum
3378 2393 3521 2434 anno
3570 2379 3670 2436 (iii

2075 2468 2410 2524 conclusisse
2448 2465 2559 2537 jam
2604 2468 2897 2537 probi-runt
2939 2469 3036 2523 viri
3086 2469 3284 2524 eruditi
3324 2470 3670 2528 validissimis

2077 2559 2397 2625 rationibus,
2427 2575 2458 2628 q
2502 2574 2561 2613 as
2590 2573 2690 2614 nos
2723 2560 2808 2615 ltie
2839 2560 3072 2615 breviter
3101 2562 3546 2632 perstringemus,
3575 2563 3672 2616 ad-

2078 2652 2204 2707 ditis
2230 2653 2433 2723 aliquot
2462 2652 2825 2721 argumentis,
2857 2668 2976 2722 qua:
3006 2668 3151 2719 rem,
3193 2661 3252 2708 ut
3290 2655 3505 2725 quidem
3544 2653 3676 2712 milii

2078 2744 2308 2810 videtur,
2341 2743 2650 2799 conficient.

2151 2834 2276 2889 N5.
2319 2833 2626 2904 Fredegarii
2658 2832 2979 2890 Chronicum
3011 2835 3148 2889 ultra
3188 2850 3386 2890 annum
3422 2835 3666 2892 Cblodo-

2082 2927 2162 2982 vei
2187 2926 2418 2998 junioris
2445 2926 2498 2988 4,
2525 2927 2574 2981 id
2597 2935 2680 2982 est
2702 2927 2940 2996 vulgaris
2964 2943 3084 2982 :era:
3107 2926 3206 2982 641
3234 2943 3340 2982 non
3369 2929 3671 2998 pertigisse,

2080 3029 2240 3088 atque
2270 3021 2408 3074 adeo
2436 3021 2486 3074 iu
2519 3023 2693 3090 capite
2722 3023 2789 3074 90
2820 3020 3046 3076 desiisse
3073 3018 3337 3074 evincitur
3375 3034 3441 3075 ex
3481 3019 3672 3074 codice

2081 3113 2354 3168 Sirmondi
2399 3127 2493 3168 seu
2519 3114 2955 3177 Claromontano,
2987 3111 3075 3180 qui
3104 3113 3244 3166 circa
3283 3111 3423 3166 istud
3458 3120 3676 3182 tempus

381 3202 518 3258 eerti
549 3204 650 3256 bac
680 3201 734 3255 in
766 3216 824 3256 re
851 3200 1010 3255 statui
1042 3207 1247 3269 potest,
1293 3199 1436 3252 hunc
1475 3206 1746 3251 auctorem
1776 3197 1964 3268 collic-

2080 3217 2328 3262 exaratos
2356 3215 2457 3260 est.
2503 3207 2661 3273 idque
2694 3204 2946 3273 probatur
2987 3218 3090 3256 non
3124 3211 3328 3256 tantum
3360 3219 3424 3257 ex
3453 3204 3675 3257 cltarac-

381 3297 586 3351 tionem
614 3308 768 3350 suam
791 3308 858 3349 ex
894 3291 1201 3363 Hieronymi
1229 3289 1500 3345 Chronico
1521 3286 1746 3356 aliisque
1783 3296 1972 3341 aucto-

380 3385 554 3451 ribus,
579 3399 716 3454 quos
744 3399 811 3440 ex
851 3382 972 3452 ejus
1011 3380 1324 3452 pra-fatone
1369 3379 1729 3444 laudavimus,
1765 3377 1977 3448 potissi-

381 3494 532 3534 mum
559 3478 873 3540 adornasse,
907 3475 1161 3531 admixtis
1191 3484 1368 3529 tamen
1398 3472 1594 3540 passim
1626 3485 1688 3525 ex
1713 3470 1832 3524 aliis
1851 3484 1978 3524 auc~

382 3569 593 3625 uiribus
617 3567 708 3640 qui
738 3569 790 3622 in
819 3567 936 3638 ejus
964 3579 1155 3622 manus
1184 3575 1463 3630 venerant,
1493 3564 1914 3619 narrationibus.

459 3681 583 3740 ΗΞ.
607 3681 776 3754 Major
795 3692 961 3748 esset,
984 3687 1040 3737 et
1059 3678 1274 3751 quidem
1306 3679 1528 3751 majoris
1555 3679 1810 3734 momenti
1836 3678 1978 3733 circa

382 3777 695 3831 Collectoris
742 3783 953 3829 aetatem
981 3772 1302 3839 difﬁcultas,
1359 3772 1460 3826 nisi
1507 3771 1616 3840 jam
1657 3786 1687 3825 a
1723 3770 1934 3825 Valesio
1960 3812 1974 3835 ,

379 3867 623 3932 Goiutio,
644 3875 697 3922 et
717 3865 836 3920 aliis
857 3865 986 3920 viris
1005 3863 1228 3920 eruditis
1248 3863 1508 3918 illustrata
1538 3863 1746 3917 fuisset.
1770 3862 1980 3917 Etenim

380 3972 508 4014 cum
539 3957 849 4028 Fredegarii
876 3957 1204 4012 Chronicum
1229 3956 1280 4011 in
1306 3955 1466 4010 variis
1496 3952 1772 4011 codicibus
1801 3953 1866 4008 ad
1902 3969 1984 4008 va-

381 4055 466 4109 ria
499 4065 742 4122 tempora
776 4051 1148 4122 protendatur,
1191 4050 1387 4104 mirum
1419 4063 1524 4103 non
1556 4058 1636 4104 est
1666 4049 1711 4102 si
1744 4057 1848 4102 non
1887 4061 1981 4102 ea-

386 4147 512 4202 dem
541 4145 781 4200 omnium
809 4143 910 4198 fuit
935 4143 1003 4199 de
1023 4143 1141 4214 ejtls
1168 4141 1403 4197 auctoris
1428 4150 1586 4195 aetate
1612 4140 1898 4195 sententia.
1925 4140 1980 4194 In

387 4238 666 4309 plerisque
703 4236 898 4305 editis,
941 4235 1028 4291 ubi
1068 4235 1169 4290 sub
1204 4233 1326 4288 libri
1372 4246 1424 4288 xt
1472 4233 1716 4288 Historia:
1747 4233 1982 4287 Franco—

387 4347 534 4400 rum,
568 4344 657 4384 aut
688 4343 838 4386 certe
865 4327 1190 4398 Appendicls
1220 4327 1286 4381 ad
1313 4324 1556 4398 Gregorii
1591 4325 1883 4380 Historiam
1913 4325 1981 4379 ti-

393 4423 523 4477 tulis
550 4430 748 4486 exstat,
779 4434 948 4491 usque
973 4420 1040 4475 ad
1069 4418 1247 4474 Caroli
1277 4417 1501 4473 Martelli
1529 4426 1754 4471 mortem
1783 4418 1983 4486 pertin-

2080 3299 2209 3354 tcris
2247 3298 2495 3369 quadrati
2543 3298 2710 3351 forma
2755 3303 2811 3350 et
2857 3293 3165 3366 tnaju~culis
3201 3295 3428 3361 litteris,
3475 3296 3673 3364 quibus

2079 3393 2314 3458 scriptus
2341 3395 2442 3450 est.
2473 3401 2659 3440 verum
2688 3386 2848 3440 etiam
2879 3399 2943 3439 ex
2983 3382 3088 3439 illis
3130 3384 3290 3440 rebus
3317 3399 3436 3454 qure
3465 3385 3521 3440 in
3552 3388 3670 3454 ipso

2079 3484 2444 3534 continentur.
2478 3477 2610 3531 Nam
2638 3477 2912 3546 catalogus
2942 3475 3251 3545 pontiﬁcum
3283 3475 3668 3544 Romanorum.

2080 3573 2193 3643 qui,
2224 3583 2283 3627 ut
2311 3585 2470 3640 supra
2497 3569 2845 3635 dicebamus,
2877 3567 2930 3622 in
2962 3568 3134 3638 primo
3161 3569 3495 3625 collectionis
3535 3571 3675 3627 libro

2081 3664 2312 3718 insertus
2339 3671 2445 3724 est,
2472 3661 2663 3716 desinit
2689 3661 2741 3714 in
2767 3661 3078 3730 Theodoro,
3098 3661 3186 3731 qui
3210 3661 3462 3716 Romanis
3486 3662 3677 3718 Eccles-

2082 3760 2176 3810 siie
2205 3757 2273 3810 ab
2303 3769 2450 3810 anno
2478 3753 2583 3806 6H
2621 3754 2686 3807 ad
2729 3752 2832 3808 6i9
2876 3754 3106 3822 praefuit.
3153 3752 3454 3824 Sequentes
3494 3766 3672 3812 autem

2086 3850 2366 3921 pontifices
2390 3849 2456 3903 ad
2490 3847 2817 3902 Hadrianum
2850 3846 2867 3900 Ι
2899 3856 3270 3916 recensentur,
3316 3849 3412 3904 sed
3439 3849 3572 3916 alia,
3616 3860 3670 3906 ct

2083 3941 2298 4011 quidem
2331 3941 2490 4010 paulo
2523 3938 2808 3995 recentiori
2857 3954 3038 3993 manu.
3069 3938 3350 3995 Consentit
3389 3941 3678 4010 imperato-

2086 4049 2201 4087 rum
2229 4031 2592 4086 Romanorum
2615 4031 2804 4098 series,
2839 4047 2958 4102 qua:
2981 4031 3048 4085 ad
3080 4031 3414 4102 trigesimum
3447 4032 3677 4102 primunt

2087 4123 2316 4180 ileraclii
2342 4124 2551 4193 imperii
2577 4138 2801 4188 annum,
2835 4124 2886 4177 id
2918 4132 3003 4177 est
3026 4123 3093 4178 ad
3129 4124 3364 4194 vulgaris
3409 4141 3532 4180 airze
3570 4127 3671 4181 (ibi

2084 4217 2397 4282 deducitur,
2427 4232 2488 4270 ac
2532 4214 2756 4286 proinde
2799 4215 2865 4270 ad
2896 4217 3066 4286 ipsum
3109 4216 3406 4272 Citlodovei
3440 4217 3677 4288 junioris

2085 4322 2285 4361 annum
2323 4317 2596 4377 quartum,
2641 4321 2748 4378 quo
2775 4306 3100 4362 Chronicum
3134 4307 3408 4363 terminari
3459 4321 3680 4365 conten-

2086 4400 2284 4456 dimus.
2312 4399 2390 4454 Ad
2423 4400 2560 4455 idem
2589 4396 2761 4454 ferme
2787 4408 2996 4467 tempus
3022 4415 3110 4455 res
3142 4400 3440 4470 HiSpanicaa
3469 4402 3677 4458 descri-

389 4515 489 4586 git.
520 4513 881 4569 Consentium
911 4511 1127 4568 codices
1169 4520 1278 4566 tres
1316 4508 1538 4579 scripti,
1581 4509 1672 4579 qui
1720 4509 1845 4563 illud
1871 4551 1887 4578 ,
1927 4517 1974 4561 ut

2090 4496 2284 4550 buntur
2314 4509 2382 4548 ex
2413 4493 2602 4548 lsidori
2627 4491 2897 4547 Chronico
2939 4509 2952 4545 :
2998 4494 3152 4561 cujus
3186 4493 3422 4547 clausula
3449 4533 3465 4558 ,
3515 4509 3678 4564 quam

387 4578 535 4678 ἔερε
557 4607 811 4673 diximus,
842 4606 944 4662 sub
971 4605 1090 4661 libri
1121 4604 1314 4660 decimi
1340 4578 1586 4658 ilistorize
1605 4578 1852 4670 Gregorii
1875 4600 1982 4654 Tu-
2013 4578 2063 4640 υ
2088 4602 2246 4656 supra
2275 4599 2340 4641 ex
2365 4585 2555 4640 eodem
2585 4584 2771 4639 codice
2795 4583 3096 4678 retulimus.
3142 4599 3340 4638 annum
3367 4583 3437 4640 40
3463 4583 3684 4640 Chloen-

225 4754 230 4758 .
303 4727 340 4769 έ-
389 4699 640 4754 ronensis
669 4698 887 4753 nomine
915 4703 1326 4766 repraesentant.
1359 4694 1398 4749 li
1423 4703 1546 4748 sunt
1566 4692 1734 4747 codex
1765 4691 1988 4747 Colber‘

220 4807 235 4869 ς
271 4830 277 4834 ι
309 4823 326 4844 ,ο
393 4794 574 4857 tinos,
616 4788 709 4861 qui
757 4789 860 4845 sub
898 4788 1140 4844 Thuanei
1191 4786 1409 4841 nomine
1450 4783 1680 4841 celebris
1718 4792 1802 4838 est
1847 4781 1986 4852 apud

389 4892 689 4958 Cointiunt;
725 4891 861 4945 alter
888 4904 954 4945 ex
988 4887 1244 4942 Vaticana
1273 4885 1633 4952 bibliotheca;
1678 4893 1733 4940 et
1774 4883 1985 4949 tertius,

389 4977 437 5039 si
471 4995 648 5038 tamen
677 4997 707 5036 a
742 4981 997 5037 Vaticano
1018 4975 1430 5049 distinguendus
1454 4978 1545 5042 sit,
1569 4976 1897 5031 Natat-ianus
1921 4992 1984 5029 ex

394 5084 718 5141 bibliotheca
749 5082 1172 5153 Archipalatina,
1225 5091 1332 5152 quo
1358 5095 1417 5136 se
1446 5089 1599 5135 usum
1634 5079 1796 5133 iuISse
1825 5089 1986 5132 testa-

392 5201 480 5246 tur
510 5186 858 5254 Marquardus
887 5185 1155 5242 Freherus
1184 5200 1198 5237 :
1230 5182 1426 5254 quibus
1456 5198 1620 5249 unus,
1660 5182 1761 5239 nisi
1805 5177 1982 5247 fallor,

391 5289 674 5349 addendos
700 5300 785 5345 est
812 5304 877 5344 ex
908 5285 1231 5343 Canisiauis.
1263 5287 1330 5342 At
1362 5300 1484 5341 cum
1516 5286 1628 5354 ipse
1656 5283 1901 5340 Canisius
1934 5284 1985 5337 in

392 5394 617 5449 aiteroe
642 5391 757 5446 suis
795 5389 1073 5446 codicibus
1110 5387 1438 5442 Chronicum
1483 5385 1627 5441 istud
1662 5386 1729 5439 ad
1779 5383 1987 5454 l’ippitti

392 5504 624 5552 mortem
656 5508 822 5562 usque
848 5498 1155 5560 porrectum
1184 5487 1510 5554 invenisset,
1550 5502 1654 5540 nou
1682 5486 1854 5540 solum
1885 5485 1986 5539 ad-

389 5597 653 5652 ditionetu
679 5595 835 5649 istam
859 5601 1004 5648 tomo
1027 5591 1068 5645 ll
1095 5591 1339 5645 lectionis
1362 5588 1598 5657 antiquae
1621 5585 1865 5649 inseruit,
1891 5587 1986 5640 sed

389 5699 558 5755 etiam
589 5696 713 5751 inde
750 5693 980 5764 sumpsit
1019 5692 1356 5747 occasionem
1404 5699 1573 5744 totum
1618 5689 1720 5743 iioc
1755 5688 1986 5744 Chroni-

390 5814 542 5858 cum.
577 5797 743 5852 inuno
767 5806 821 5853 et
847 5805 1013 5852 totam
1048 5791 1351 5864 Fredegarii
1382 5791 1752 5848 collectionem
1784 5791 1988 5846 auctori

2091 4685 2154 4738 rii
2187 4682 2329 4750 regis
2354 4680 2572 4744 indicat,
2603 4679 2653 4733 id
2677 4689 2759 4733 est
2779 4677 2981 4733 Citriin
3013 4677 3139 4732 625.
3183 4679 3436 4736 Eamdem
3482 4681 3684 4736 codicis

2091 4775 2457 4846 antiquitatem
2489 4774 2825 4828 demonstrat
2849 4784 3002 4825 vetus
3034 4772 3330 4842 inscriptio,
3364 4790 3486 4844 quas
3515 4775 3566 4829 iu
3596 4775 3698 4843 ul-,

2092 4871 2216 4924 tima
2249 4867 2438 4940 pagina
2468 4866 2872 4922 citaracteribus
2898 4865 3277 4937 Merovingicis
3302 4869 3544 4938 apposita
3573 4879 3682 4934 est,

2091 4961 2183 5015 sed
2214 4958 2536 5030 fugientibus
2574 4959 2768 5014 litteris
2811 4959 2882 5012 ob
2917 4967 3236 5015 vetustatem
3281 4974 3418 5030 pene
3453 4961 3681 5028 detrita,

2092 5053 2244 5122 cujus
2272 5052 2525 5121 reliquias
2557 5051 2643 5106 Itic
2669 5051 2979 5108 describere
3005 5052 3175 5107 visum
3200 5061 3303 5106 est.
3337 5051 3539 5107 Invenit
3570 5052 3678 5104 Lu-

2091 5146 2252 5196 cerias
2279 5144 2531 5214 presbeter
2560 5155 2799 5197 monaros
2823 5143 3038 5197 domm.
3075 5153 3306 5198 θυιδαμ...
3336 5159 3426 5213 per
3449 5143 3550 5196 ista
3568 5160 3684 5197 cro-

2092 5251 2250 5299 neca,
2303 5243 2349 5287 et
2379 5248 2468 5304 per
2496 5236 2600 5288 alia
2640 5249 2970 5290 croneco.....
3015 5235 3151 5303 quod
3187 5244 3515 5304 septaogenta
3553 5236 3682 5290 anni

2091 5337 2442 5383 sunt..........
2473 5341 2560 5381 sus
2595 5328 2730 5396 quod
2769 5338 2941 5381 sextus
2985 5327 3233 5380 miliarias
3576 5346 3685 5385 esse

2093 5419 2314 5485 explitos
2337 5420 2626 5489 conputauit
2656 5421 2790 5490 ipsos
2820 5435 2982 5472 annos
3023 5419 3076 5471 in
3115 5433 3387 5486 upcn......
3429 5421 3483 5474 in
3510 5421 3680 5475 indic-

2091 5511 2227 5564 tione
2274 5511 2494 5564 exsiente
2535 5511 2684 5564 tertia
2954 5524 2986 5562 ο
3032 5518 3216 5579 quarto
3247 5509 3538 5582 Dagoberio
3567 5529 3686 5582 reg-

2092 5611 2266 5658 trante.
2317 5602 2393 5658 Ex
2425 5604 2617 5674 quibus
2661 5602 2973 5670 fragmentis
3016 5603 3351 5672 colligimus,
3399 5603 3683 5660 Lucerium

2093 5695 2242 5753 il'um
2267 5700 2585 5753 monachum
2609 5711 2870 5752 annorum
2899 5711 3161 5751 summam
3185 5691 3528 5766 couiputasse
3547 5713 3684 5752 anno

2093 5798 2276 5859 quarto
2307 5791 2598 5860 Dagoberti,
2630 5791 2908 5845 indictione
2938 5805 3027 5847 sui
3056 5791 3234 5860 :quod
3265 5791 3332 5846 de
3358 5789 3682 5859 Dagobcrto.
