4040 6186
567 306 660 360 ΗΙ
1989 301 2374 363 PREFATIO.
3713 323 3799 378 tte

555 437 663 478 non
703 421 894 492 primo,
928 417 1020 473 sed
1067 417 1246 483 tertio,
1276 431 1434 487 quem
1463 416 1553 473 alii
1599 416 1896 474 secundum
1933 418 2137 488 dicunt,
2169 426 2213 482 Α
2241 419 2398 476 detur
2421 436 2450 475 a
2480 422 2935 492 consarcinatore,
2968 433 3025 479 ut
3054 424 3278 495 hiatum,
3309 427 3399 498 qui
3444 429 3593 484 inter
3621 431 3799 490 Frede-

556 516 696 570 ltaud
723 516 884 570 dubie
924 513 1324 581 intelligendum
1353 521 1468 580 est,
1515 515 1667 583 cujus
1710 528 1882 569 annus
1918 524 2142 583 quartus
2244 515 2373 581 garii
2403 513 2724 570 Cbronicum
2753 527 2810 572 et
2833 519 3083 574 secunda;
3111 519 3276 587 partis
3301 533 3577 578 auctorem
3605 525 3799 597 interja-

548 623 673 666 cum
700 625 842 666 anno
867 607 1065 662 Christi
1093 607 1198 661 713
1225 607 1500 662 coincidit.
1532 606 1866 675 Proindeqne
1891 605 1992 660 hoc
2026 607 2144 676 ipso
2240 606 2414 670 cebat.
2443 606 2739 676 suppleret.
2773 607 2851 662 Ad
2884 608 2934 662 id
2963 623 3090 664 usus
3119 620 3207 666 est
3231 611 3323 667 ille
3351 615 3653 671 auctoribus
3675 621 3802 672 anti-

555 720 696 760 anno
720 705 829 774 jam
859 704 1092 772 script-us
1114 711 1230 759 erat
1258 703 1424 757 codex
1455 703 1919 768 Claromontanus,
1965 704 2018 758 id
2057 713 2144 759 est
2239 698 2359 767 quis
2382 699 2616 767 quidem,
2648 699 2742 753 sed
2781 697 3036 754 fabulosis
3067 719 3082 755 :
3110 702 3258 758 unde
3300 718 3388 758 res
3428 707 3698 773 plurimum
3737 710 3799 764 ab

556 798 859 866 priusquam
889 793 1192 863 Fredegarii
1221 791 1552 848 Cbronicum-
1570 793 1994 850 continuaretur.
2022 794 2142 849 Ca-

2239 802 2381 842 anno
2411 787 2515 841 642
2556 789 2621 842 ad
2664 788 2792 855 68‘),
2839 806 2978 860 quos
3015 794 3416 858 complectitur.
3439 799 3654 856 confuse
3679 802 3801 856 reie-

557 897 726 941 terum
743 885 985 941 eamdem
1010 885 1409 955 inscriptionem
1431 887 1482 940 in
1501 887 1686 941 codice
1705 886 2134 951 Claromontano,
2239 889 2450 933 runtur.
2480 880 2721 935 Soetmda
2755 896 2877 950 pars
2899 897 3016 950 qum
3045 882 3234 952 incipit
3260 887 3434 954 capite
3462 890 3529 943 97
3551 890 3797 948 desinit-in

552 985 642 1032 aut
664 986 810 1032 certe
834 978 885 1032 in
914 978 1084 1033 altero
1123 979 1280 1033 simili
1317 978 1525 1033 viderat
1561 978 1836 1047 Philippus
1864 979 2134 1044 Labbeus,
2239 969 2416 1026 media
2443 979 2593 1036 ι’θτιθ
2623 972 2814 1041 επρίιῖε
2842 973 2962 1040 109,
2995 974 3079 1027 hi6
3110 976 3287 1030 verbis
3315 975 3553 1047 Regnum
3582 980 3799 1037 Franco-

553 1071 642 1139 qui
667 1070 719 1124 in
737 1069 970 1139 epitome
990 1070 1367 1139 chronologioa
1389 1070 1457 1125 ad
1480 1085 1677 1125 annum
1699 1072 1823 1137 715,
1849 1086 1908 1127 se
1935 1071 2138 1127 vidisse
2236 1079 2383 1128 tum;
2407 1063 2562 1132 cuius
2583 1074 2769 1117 auctor
2796 1079 2881 1119 res
2911 1065 3244 1133 [tutissimum
3273 1068 3326 1122 in
3353 1073 3624 1127 Austrasia
3642 1084 3803 1143 gestas

551 1171 776 1217 testatur
802 1163 1080 1231 antiquum
1109 1162 1348 1216 codicem
1389 1177 1492 1216 ms.
1542 1164 1600 1216 in
1641 1178 1746 1231 quo
1785 1163 2005 1219 indictio
2041 1177 2136 1217 IIII
2238 1153 2304 1206 ab
2327 1168 2468 1207 anno
2494 1155 2598 1208 680
2625 1153 2692 1209 ad
2722 1153 2824 1208 756
2855 1167 3058 1224 narrat,
3081 1159 3376 1228 etquidem
3403 1163 3534 1217 satis
3553 1174 3802 1220 accurate.

553 1265 738 1306 mense
780 1252 1018 1321 Angusto
1073 1268 1192 1308 cum
1237 1267 1380 1308 anno
1425 1261 1618 1323 quarto
1658 1253 1942 1324 Dagoberti
1997 1255 2136 1325 regis

2311 1254 2470 1300 tatem
2503 1261 2655 1300 suam
2689 1247 2864 1315 prodit
2888 1251 3064 1317 capite
3095 1250 3220 1316 109,
3251 1251 3339 1309 ubi
3365 1267 3626 1308 annorum
3651 1258 3806 1312 curri-
3893 1278 3906 1292 ν

549 1342 842 1409 εοιηροείἐ
874 1349 1008 1397 (παι,
2237 1336 2354 1389 cnla
2385 1336 2649 1405 replicans
2672 1381 2689 1406 ,
2734 1352 2795 1394 se
2841 1338 3092 1396 kalendis
3125 1342 3262 1408 ipsis.
3283 1343 3524 1400 Januarii
3565 1349 3687 1404 anni.
3711 1350 3806 1402 735

625 1434 748 1486 H4.
782 1433 896 1485 Alia
928 1443 1049 1486 sunt
1081 1433 1296 1501 insuper
1319 1433 1509 1487 indicia
1542 1449 1646 1488 non
1674 1450 1995 1503 pauca,qna3
2022 1435 2134 1489 sin-

2236 1431 2473 1486 scribere
2499 1431 2719 1497 indicat,
2745 1433 2834 1502 qui
2857 1448 3030 1489 annus
3046 1436 3194 1503 juxta
3219 1446 3460 1492 nostr-um
3481 1443 3801 1509 computandi

548 1538 728 1578 cerum
767 1523 1065 1593 Fredegarii
1098 1517 1419 1578 Cln'onicum
1463 1525 1516 1578 in
1553 1527 1728 1594 capite
1774 1526 1842 1581 90
1885 1527 2135 1582 desinere
2240 1523 2458 1578 modum
2488 1537 2517 1576 a
2547 1523 2803 1579 Januario
2831 1525 3092 1594 incipiens
3118 1527 3220 1580 756
3247 1531 3453 1583 censeri
3478 1529 3653 1585 debet.
3684 1532 3806 1587 Pars

547 1615 688 1670 haud
719 1619 820 1670 obs
852 1633 945 1673 ure
974 1619 1259 1672 insinuant.
1296 1618 1424 1672 Nam
1453 1627 1506 1673 et
1532 1619 1620 1672 alii
1664 1620 1876 1674 codices
1922 1621 2009 1688 qui
2052 1631 2132 1674 ιο·
2238 1614 2393 1669 milia
2416 1630 2443 1668 ει
2469 1614 2644 1683 capite
2680 1616 2776 1670 109
2811 1616 2876 1670 ad
2911 1617 3014 1672 “8
3040 1619 3411 1687 coutinuatur,
3458 1622 3509 1676 id
3548 1633 3627 1676 est
3656 1624 3719 1678 ab
3747 1639 3809 1680 co

548 1714 653 1760 tam
685 1709 986 1778 Fredegarii
1015 1709 1383 1764 collectionem
1405 1712 1699 1778 continent,
1724 1713 1827 1765 etsi
1853 1715 2133 1766 coutiuua-
2237 1715 2480 1776 tempore
2507 1725 2614 1779 quo
2643 1709 2790 1778 prior
2817 1709 2998 1774 desiit,
3029 1710 3096 1764 ad
3130 1710 3335 1779 Pippini
3362 1713 3504 1781 regis
3535 1715 3807 1785 inaugura-

545 1809 687 1853 tores
713 1799 981 1856 Chronico
1009 1801 1320 1870 SUlljtlfIl‘lOS
1345 1802 1652 1868 exhibeant,
1675 1804 1930 1873 quasdam
1953 1816 2128 1860 tamen
2161 1791 2206 1852 Β
2237 1799 2456 1864 tionem,
2484 1815 2604 1869 qua:
2633 1816 2777 1855 anno
2803 1801 2909 1856 752
2936 1803 3072 1856 facta
3102 1811 3206 1860 est.
3243 1803 3390 1862 lianc
3415 1806 3568 1872 jussu
3598 1808 3806 1861 Chlide-

544 1889 839 1958 prmferuut
867 1903 1040 1958 notas,
1073 1909 1192 1961 qua:
1220 1894 1430 1948 diversa
1460 1908 1581 1949 esse
1609 1909 1771 1963 Opera
1797 1897 2041 1951 innnunt.
2072 1895 2129 1950 ln
2233 1890 2420 1946 brandi
2443 1893 2684 1962 ejusdem
2707 1893 2847 1963 regis
2872 1895 3045 1963 patrui
3081 1897 3330 1965 scriptam
3361 1896 3524 1954 fuisse
3559 1898 3662 1964 iam
3702 1915 3808 1953 mo-

545 1984 628 2038 bis
661 1985 989 2042 Boherianus
1019 1987 1184 2042 codex
1218 1988 1448 2057 spatium
1473 1989 1690 2058 aliquod
1718 1991 1856 2044 inter
1881 2000 2042 2060 caput
2061 1990 2132 2046 90
2233 1983 2465 2048 ηυίιηυεο
2490 1999 2553 2037 εκ
2578 1985 2741 2040 veleri
2773 1985 3144 2053 ίηεετίριίοτδθς
3169 1987 3310 2042 unde
3332 1988 3492 2042 etiam
3515 1988 3583 2041 ab
3601 1998 3809 2045 “dum

541 2086 594 2130 et
623 2077 1025 2132 continuatores
1069 2079 1304 2148 reliquit.
1339 2079 1476 2146 Quin
1516 2088 1570 2134 et
1609 2081 1660 2133 in
1692 2079 1922 2150 capitum
1955 2080 2131 2137 indice
2231 2075 2421 2143 aequali
2451 2088 2570 2129 eam
2599 2075 2763 2130 (“i380
2787 2087 3060 2130 θιᾶτῦιδῐη
3087 2077 3412 2148 con-Mimas.
3443 2079 3664 2148 “alium
3685 2095 3809 2135 vero

541 2181 647 2222 non
682 2168 830 2236 plura
870 2184 1026 2238 quam
1062 2171 1130 2225 90
1158 2171 1476 2224 indicantur.
1512 2170 1712 2226 Eadem
1745 2171 1904 2225 habet
1933 2171 2129 2226 Frede-
2231 2179 2349 2233 quae
2373 2174 2670 2233 sequuntur
2695 2165 2760 2220 ad
2793 2165 3004 2235 Pippini
3033 2167 3258 2233 obitum.
3299 2184 3405 2238 Quo
3434 2178 3545 2225 tota
3571 2170 3809 2227 collectio

540 2265 670 2332 μτῆ
695 2259 857 2318 editio
883 2276 912 2313 a
945 2261 1260 2330 Marquardo
1289 2261 1526 2316 Frebero
1551 2261 1826 2317 adornata.
1853 2263 2129 2320 Aimoinus
2230 2257 2554 2323 absolvitur,
2593 2257 2744 2326 jussu
2785 2258 3064 2330 Nibelungi
3108 2260 3486 2318 Childebrandi
3554 2265 3641 2320 filii
3679 2280 3809 2320 con-

541 2359 697 2427 plura.
725 2372 829 2411 non
857 2357 1086 2422 viderat,
1113 2365 1166 2409 ut
1192 2354 1443 2409 observat.
1473 2354 1841 2410 ltenschenius
1872 2357 1926 2410 in
1951 2355 2126 2412 Vitam
2230 2348 2428 2415 scripta
2457 2347 2621 2402 fuisse
2651 2347 2850 2404 indicat
2866 2351 3052 2405 eadem
3072 2353 3369 2420 inscriptio.
3405 2357 3483 2408 An
3515 2368 3641 2408 vero
3670 2355 3803 2410 idem

538 2452 708 2507 sancti
748 2449 996 2518 Sigibeni
1029 2457 1173 2503 torno
1209 2448 1225 2501 |
1271 2447 1547 2502 Februarii
1568 2487 1584 2512 ,
1627 2447 1716 2502 ubi
1746 2457 1798 2503 ει
1829 2448 2010 2502 laudat
2036 2463 2128 2504 co-
2231 2437 2346 2504 ipse
2375 2437 2448 2492 sit
2473 2449 2681 2504 auctor,
2709 2438 2800 2510 qui
2831 2449 2940 2496 tum
2962 2441 3368 2507 Childebrandi,
3395 2452 3504 2498 tum
3536 2445 3805 2515 Nibelungi

541 2543 716 2599 dicem
749 2540 1244 2596 MelchiorisGolda
1280 2539 1315 2593 ti
1356 2540 1424 2593 ab
1452 2541 1607 2594 anuis
1631 2541 1844 2596 circiter
1864 2541 1969 2597 600
1992 2557 2124 2597 con-
2225 2531 2374 2600 iussu
2405 2531 2714 2600 scripserit.
2746 2547 2809 2588 ex
2858 2534 3208 2603 inscriptione
3247 2537 3485 2592 dixinare
3515 2554 3618 2593 non
3647 2539 3764 2594 licet
3793 2578 3813 2607 .

538 2635 830 2703 scriptum,
877 2633 928 2685 in
974 2648 1081 2702 quo
1121 2631 1444 2686 Chronicum
1501 2631 1808 2702 Fredegarii
1863 2635 2128 2702 capitibus
2231 2636 2330 2678 nec
2359 2623 2563 2678 rescire
2592 2625 2818 2679 multum
2846 2625 3088 2684 interest.
3119 2628 3167 2682 Is
3195 2636 3280 2683 est
3320 2630 3541 2684 forsitan
3569 2630 3697 2699 ipse,
3723 2632 3814 2702 qui

537 2728 754 2781 omnino
782 2725 850 2779 90
879 2723 1237 2791 concluditur,
1270 2725 1512 2792 apposita
1537 2724 1696 2778 etiam
1735 2725 1940 2795 vulgari
1978 2727 2125 2782 clauo
2231 2712 2327 2766 ⁵³³⁵
2353 2729 2541 2769 omnes
2566 2715 3000 2774 cominualioues-
3036 2720 3086 2774 ίη
3127 2735 3288 2774 ¹¹¹³¹¹¹η
3331 2736 3526 2791 corpus
3575 2723 3771 2793 νεάεεῑι
3793 2767 3814 2796 9

538 2820 655 2876 suta
684 2818 912 2888 explicit,
947 2830 1066 2885 qua:
1093 2830 1227 2885 opus
1256 2814 1548 2884 perfectum
1580 2815 1799 2872 indicat,
1833 2813 1964 2870 Atia;
1997 2816 2123 2871 item
2226 2805 2477 2874 adjuncta
2516 2823 2583 2866 ex
2623 2808 2802 2864 Gestis
2841 2810 3166 2867 Francorum
3209 2823 3259 2867 et
3290 2815 3570 2884 Anonymo
3611 2816 3812 2888 Diony-

537 2918 660 2967 sunt
686 2909 1114 2965 contionaturum
1142 2921 1172 2960 a
1204 2906 1378 2976 primo
1401 2906 1651 2961 Cbronici
1680 2909 1942 2976 scriptore
1972 2906 2125 2963 diffe—
2227 2897 2379 2954 κίειηο
2409 2901 2575 2969 prima
2606 2910 2758 2971 parte
2779 2945 2794 2969 ,
2825 2918 2892 2958 ne
2935 2903 3073 2959 inter
3103 2905 3486 2976 Fredegarium
3528 2918 3584 2963 et
3622 2924 3815 2964 secun-

537 3000 742 3056 ηηιίω,
774 2999 1130 3068 Fredegari.”
1156 3013 1243 3053 res
1265 3007 1442 3068 gestas
1475 3014 1568 3065 per
1587 3013 1756 3052 annos
1782 3015 1966 3070 regum
1992 2999 2126 3056 Bur.
2227 2990 2354 3045 dum
2383 2991 2813 3049 continuatorem
2847 2995 3028 3050 hiatus
3053 3006 3199 3051 esset
3225 3013 3488 3054 annorum
3521 3001 3732 3070 triginta
3761 3013 3819 3058 et

535 3091 743 3162 gaudia;
781 3091 1109 3160 dimissa-at,
1151 3105 1580 3160 unamquamque
1620 3105 1720 3145 suo
1761 3091 1882 3147 loco
1919 3102 1977 3148 et
2021 3109 2123 3150 δυο
2228 3099 2445 3140 novem.
2475 3088 2635 3143 Certe
2663 3089 2712 3143 id
2764 3090 2988 3146 innucre
3033 3092 3242 3147 \ldeltll'
3285 3107 3428 3162 sape
3475 3094 3682 3149 laudata
3729 3097 3817 3150 in-

534 3197 776 3254 tempore
799 3186 1060 3240 referens.
1091 3187 1186 3238 Ast
1213 3184 1302 3253 qui
1337 3184 1538 3249 primus
1561 3195 1680 3252 post
1708 3193 1868 3254 caput
1894 3185 1961 3239 90
1989 3200 2114 3241 cou-
2151 3164 2196 3228 (ἶ
2225 3178 2466 3249 δετίριὶο.
2518 3180 2582 3234 Et
2622 3182 2839 3250 Quidam
2868 3199 3056 3239 omnes
3105 3186 3199 3238 has
3224 3185 3604 3241 cbrOnicorum
3636 3199 3820 3255 partes

533 3279 792 3345 tinuuvit,
839 3277 1205 3348 compluribus
1234 3277 1471 3345 omissis,
1512 3277 1810 3345 posthabita
1856 3293 2118 3334 annorum
2228 3284 2392 3323 υιιιιιῐι
2425 3271 2663 3328 Ιιίείοτίίε
2705 3289 2900 3344 corpus
2934 3276 3045 3344 ἰδίη
3091 3279 3290 3333 “cum
3335 3295 3475 3334 ηοηο
3514 3282 3820 3338 οοιιΐθοῖεεθ

532 3383 582 3427 ιι
613 3386 796 3441 regum
827 3373 994 3435 serie,
1043 3371 1205 3424 multa
1257 3369 1308 3421 in
1356 3384 1517 3422 unum
1564 3369 1825 3437 congerit.
1866 3369 2119 3439 Sigiberti
2229 3369 2374 3428 Ιιθῑθι
2399 3379 2463 3417 εἰ
2493 3365 2680 3421 “dite
2707 3367 2943 3433 δικωπεῖν
2975 3385 3003 3422 ³
3034 3370 3296 3427 “anno”
3325 3374 3442 3439 θῘυθ
3477 3374 3576 3429 Ιοοί
3609 3393 3820 3447 ναίειν·-

531 3473 678 3536 gesta
709 3478 827 3531 qua:
856 3461 1210 3529 ft'rcdegarius
1243 3457 1550 3513 inchoarat.
1576 3459 1788 3527 penitus
1815 3461 2035 3529 omittit,
2066 3468 2115 3516 et
2226 3455 2329 3508 Silo
2356 3456 2454 3510 sub
2481 3459 2688 3514 exitum
2715 3462 2898 3516 sareuli
2931 3463 3056 3516 noni
3085 3463 3149 3517 ad
3175 3466 3346 3521 sancti
3379 3467 3616 3536 Eugcndi
3641 3473 3820 3540 sepul.

531 3571 596 3610 ne
622 3569 787 3608 unum
815 3551 1028 3617 quidem
1058 3549 1281 3605 verbum
1310 3549 1378 3605 de
1405 3547 1520 3619 ejus
1548 3549 1695 3603 obitu
1722 3549 1900 3617 habet,
1933 3560 2026 3604 aut
2051 3550 2120 3606 de
2224 3559 2374 3600 crum
2403 3548 2616 3615 oblato,
2664 3567 2770 3620 quo
2806 3553 2858 3607 in
2890 3555 3074 3610 codice
3107 3555 3159 3609 hi
3193 3572 3381 3612 omnes
3405 3561 3818 3617 cootinuatort-s

534 3646 627 3702 filii
672 3648 791 3714 ejus
823 3643 1108 3714 Dagoberti
1151 3641 1385 3706 fortuna,
1423 3640 1513 3710 qui
1557 3639 1846 3695 Grimoaldi
1891 3642 2120 3698 factione
2223 3635 2381 3692 simul
2401 3636 2571 3707 juncti
2593 3642 2927 3698 exhibentur.
2946 3645 3706 3708 Sicetiamcosexhihentduo
3723 3657 3818 3708 a'ii

531 3739 582 3794 in
613 3739 846 3795 Scotiam
880 3745 1291 3804 transportatus,
1321 3744 1375 3790 et
1425 3746 1606 3804 pOStea
1633 3751 1661 3788 a
1715 3739 1864 3806 regnl
1929 3751 2119 3805 proce-
2223 3733 2462 3798 codices,
2483 3731 2811 3788 Boherianus
2832 3736 3032 3791 scilicet
3049 3739 3266 3808 optima:
3285 3751 3424 3794 nota:
3447 3744 3515 3795 ab
3537 3745 3821 3802 annisGi‘O

531 3831 680 3886 ribus
709 3836 1011 3892 revocatus,
1057 3840 1278 3895 regnum
1322 3835 1600 3896 paternum
1642 3825 1947 3895 aliquandiu
1977 3827 2118 3881 obti-
2222 3824 2474 3894 scriptus.
2499 3834 2553 3879 et
2573 3824 2705 3879 alter
2723 3839 2931 3892 eorum,
2955 3843 3017 3882 ex
3039 3828 3235 3898 quibus
3255 3829 3496 3887 Canisius
3519 3833 3824 3892 editionem

531 3927 666 3982 nuit.
692 3924 773 3979 Ad
807 3924 922 3978 lucc
946 3937 1208 3978 annorum
1239 3922 1348 3976 fere
1373 3931 1587 3975 centum
1617 3935 1702 3974 res
1729 3930 1914 3991 gestas
1941 3921 2117 3990 magni
2222 3932 2374 3974 suam
2404 3917 2706 3974 adornavit.
2740 3919 3060 3976 Chronicum
3094 3931 3272 3979 tamen
3304 3925 3614 3997 Fredegarii
3659 3943 3822 3984 seor-

531 4017 789 4074 momenti
819 4027 1048 4085 quatuor
1076 4024 1168 4070 aut
1193 4015 1428 4084 quinque
1456 4014 1682 4082 pagellis
1710 4015 1989 4070 conclusit.
2018 4015 2118 4082 Qui
2222 4008 2323 4064 sim
2352 4022 2384 4064 a
2413 4009 2527 4063 suis
2557 4010 3049 4079 contionatoribus,
3085 4013 3249 4067 immo
3275 4023 3330 4069 et
3358 4017 3595 4086 singulas
3625 4023 3818 4074 conli-

531 4124 662 4164 vero
683 4123 806 4165 eum
835 4109 1002 4162 secuti
1024 4116 1150 4161 sunt
1177 4105 1268 4161 alii
1287 4107 1706 4169 continuatores,
1731 4107 1821 4175 qui
1845 4121 1943 4161 suo
1963 4109 2117 4178 quis-
2225 4103 2493 4158 nuationis
2521 4114 2699 4172 partes
2727 4105 2829 4160 sub
2856 4106 2966 4159 suis
3011 4122 3252 4178 quasque
3297 4112 3463 4165 titulis
3509 4112 3785 4172 edidimu:
3806 4156 3824 4180 ,

531 4218 636 4272 que
666 4202 824 4256 modo
853 4215 939 4254 res
963 4209 1141 4266 gestas
1162 4204 1565 4252 enarraverunt.
1595 4196 1793 4251 Horum
1822 4197 2027 4267 aliquos
2051 4213 2117 4252 ex
2224 4212 2290 4250 ne
2316 4205 2393 4249 tot
2416 4205 2692 4251 auctorum
2715 4198 2960 4253 confusio
2988 4199 3275 4258 lectoribus
3301 4206 3570 4274 negotium
3594 4205 3825 4275 aliquod

531 4296 804 4352 Anstrasia
860 4294 1023 4347 fuisse
1080 4291 1267 4362 probat
1319 4289 1554 4343 maxima
1613 4290 1664 4343 in
1723 4285 2118 4346 Austrasiorum
2224 4288 2532 4344 facesseret.
2568 4289 2818 4343 Ultimam
2852 4306 2981 4345 vero
3012 4302 3239 4361 partem,
3284 4310 3400 4363 qua:
3443 4295 3584 4350 nulla
3627 4295 3826 4350 hacte-

531 4403 683 4454 reges
711 4395 766 4440 et
793 4385 1066 4455 principes
1099 4381 1405 4450 propensio.
1445 4379 1688 4443 Denique
1720 4380 1849 4434 nihil
1880 4380 1950 4436 de
1979 4381 2117 4434 Lun-
2225 4395 2322 4434 nus
2351 4379 2582 4447 capitum
2611 4380 2874 4435 divisione
2901 4382 3148 4436 distincta
3183 4384 3298 4448 fuit,
3323 4385 3373 4437 in
3402 4386 3548 4438 varia
3575 4387 3828 4456 capitula

529 4477 885 4546 gohardorum
917 4483 977 4529 et
1002 4472 1318 4528 Gotthorum
1370 4471 1603 4538 regibus,
1647 4470 1872 4538 aliisque
1913 4469 2118 4523 vicina-
2222 4472 2293 4525 ob
2321 4472 2602 4541 legentium
2636 4471 2973 4526 commodum
3008 4474 3189 4543 partiri
3223 4477 3395 4529 visum
3427 4487 3526 4530 eat.

531 4586 648 4623 rum
685 4568 927 4638 gentium
962 4564 1289 4634 principibus
1322 4562 1539 4625 habent,
1570 4577 1800 4631 quorum
1852 4570 2028 4615 tamen
2059 4555 2200 4618 se—D
2297 4564 2420 4618 146.
2466 4563 2542 4618 Ex
2578 4564 2660 4618 his
2693 4575 2866 4618 autem
2895 4565 3143 4621 omnibus
3173 4582 3290 4630 qua:
3319 4565 3570 4634 diximus,
3606 4567 3830 4624 Frede-

528 4665 660 4716 riem
691 4671 744 4715 et
774 4659 1065 4727 insigniora
1098 4657 1233 4711 facta
1266 4655 1470 4710 referre
1501 4654 1706 4710 solebat
1741 4652 2114 4722 Fredegarius.
2223 4657 2359 4725 garii
2402 4667 2612 4712 aetatem
2652 4657 2902 4726 colligere
2947 4673 3051 4713 non
3098 4658 3384 4714 admodum
3427 4660 3648 4716 difﬁcile
3691 4664 3828 4717 erit,

604 4752 722 4808 “5.
755 4751 888 4806 Cum
921 4751 1099 4817 itaque
1137 4759 1385 4803 constare
1415 4747 1648 4812 debeat,
1689 4747 1956 4801 sincerum
1987 4745 2122 4801 Fre-
2222 4747 2353 4802 Cum
2387 4747 2529 4802 enim
2569 4747 2890 4802 Cbronicum
2938 4747 3052 4817 ejus
3100 4763 3242 4803 amo
3288 4752 3382 4804 64f
3433 4752 3828 4819 concludatur,

528 4844 728 4916 degarii
748 4842 1071 4898 Chronicutn
1094 4841 1234 4896 ultra
1253 4840 1426 4908 capita
1447 4841 1516 4894 90
1537 4841 1782 4908 protendi
1808 4855 1912 4894 non
1937 4855 2114 4910 posse,
2222 4838 2547 4906 passimque,
2566 4847 2620 4892 et
2649 4837 2978 4906 potixsimum
3013 4841 3062 4892 in
3091 4841 3418 4905 prtefatione,
3444 4853 3731 4896 assereret
3761 4859 3832 4898 ea

528 4938 700 4994 visum
729 4945 812 4990 est
842 4934 1014 5003 ipsum
1048 4935 1146 4989 hac
1175 4933 1226 4987 in
1259 4941 1442 4986 nostra
1483 4932 1716 4987 editione
1743 4946 1772 4984 a
1802 4933 1915 4986 suis
1942 4933 2112 4987 conti-
2219 4942 2339 4995 qua:
2370 4929 2612 4983 audietat
2640 4931 2753 4997 ipse
2797 4938 2850 4983 et
2891 4931 3123 4992 viderat,
3155 4941 3246 4985 aut
3273 4944 3416 4986 certe
3447 4932 3649 5000 legerat
3678 4972 3696 4998 ,
3738 4937 3834 4988 vel

527 5028 873 5091 nuatoribus,
926 5027 1089 5079 immo
1109 5034 1163 5079 et
1206 5024 1352 5093 ipsos
1398 5023 1798 5078 continuatores
1841 5023 2107 5090 diversos,
2217 5017 2432 5072 aliunde
2471 5021 2779 5086 certiﬁcatus
2825 5016 3145 5090 cognoverat
3193 5037 3252 5076 se
3295 5037 3416 5077 esse
3459 5024 3836 5092 scripturum,

527 5121 618 5190 qui
648 5130 802 5175 antea
833 5120 884 5172 in
914 5133 1074 5172 unum
1117 5117 1600 5180 confundebantur,
1646 5116 1713 5167 ab
1757 5115 1982 5170 invicem
2027 5129 2113 5170 se—
2223 5124 2380 5163 nemo
2409 5121 2491 5162 est
2521 5112 2608 5178 qui
2638 5111 2860 5165 inficiari
2893 5114 3057 5180 possit
3082 5129 3201 5167 eum
3243 5116 3436 5166 saeculo
3469 5119 3712 5182 septimo
3750 5119 3838 5174 la-

527 5225 772 5266 eernere.
802 5209 1042 5275 Quatuor
1072 5208 1122 5260 in
1149 5217 1325 5271 partes
1354 5205 1607 5262 Cltronici
1645 5205 1952 5275 Frcdcgarii
1983 5221 2112 5259 con-
2219 5200 2378 5256 bente
2408 5202 2672 5255 floruisse.
2710 5200 2879 5255 Vitam
2912 5205 3106 5273 quippe
3137 5204 3200 5257 ad
3234 5221 3428 5258 almum
3475 5207 3678 5260 saltem
3717 5208 3841 5263 (358

528 5300 874 5356 tinuationcm
908 5297 1248 5352 dividendam
1278 5311 1399 5351 esse
1431 5310 1733 5358 censemus,
1779 5294 1920 5362 quod
1963 5306 2110 5364 patet
2219 5295 2542 5360 protraxisse
2570 5293 2866 5363 colligimus
2896 5309 2960 5348 ex
2989 5296 3165 5363 capite
3209 5295 3319 5359 48',
3373 5296 3460 5348 ubi
3509 5297 3840 5353 Samonem

530 5399 642 5444 tum
669 5403 734 5444 ex
763 5388 883 5454 styli
913 5390 1242 5451 diversitate,
1283 5395 1389 5439 tum
1421 5400 1486 5440 ex
1517 5385 1620 5438 alio
1651 5395 1707 5438 et
1735 5384 1840 5438 alio
1874 5399 1960 5439 res
1988 5400 2106 5453 ges-
2215 5385 2496 5451 quemdam
2529 5387 2910 5454 negotiatorem
2943 5385 3206 5441 Francum
3234 5389 3283 5439 in
3306 5387 3571 5441 Sclaviam
3605 5388 3840 5442 abiisse

531 5494 615 5538 tas
643 5481 925 5538 enarrandi
957 5481 1138 5546 modo,
1169 5481 1333 5534 immo
1370 5487 1422 5532 et
1461 5493 1527 5533 ex
1566 5476 1884 5543 scriptorum
1925 5487 2103 5542 aetate,
2219 5485 2479 5530 memorat
2505 5490 2646 5530 anno
2667 5475 2925 5530 Cltlotarii
2958 5476 3048 5542 40,
3077 5477 3128 5532 id
3155 5488 3242 5532 est
3267 5492 3390 5532 certe
3422 5477 3657 5547 \ulgaris
3685 5478 3840 5547 635,

530 5589 650 5644 qua:
679 5587 1058 5640 nonnunquam
1102 5571 1384 5625 indicatur.
1431 5567 1560 5622 Pars
1602 5568 1744 5635 prior
1771 5576 1928 5634 caput
1957 5569 2019 5622 91
2052 5577 2108 5623 et
2215 5568 2391 5636 ibique
2420 5567 2645 5622 electum
2677 5568 2729 5621 in
2761 5583 2942 5638 regem
2970 5582 3138 5622 annos
3166 5568 3237 5623 35
3267 5569 3581 5637 imperasse.
3614 5569 3704 5623 Et
3745 5571 3840 5626 h:s

531 5670 769 5740 quinque
816 5667 1089 5737 sequentia
1142 5662 1536 5731 complectitur,
1588 5660 1822 5714 minimae
1869 5661 2106 5714 omnium
2213 5665 2375 5718 etiam
2397 5674 2512 5727 qua:
2535 5659 2766 5712 diximus
2787 5658 2854 5712 de
2886 5659 3228 5727 Fredegario,
3253 5659 3428 5727 colligi
3455 5659 3641 5724 debet,
3673 5659 3848 5714 hunc

532 5759 861 5816 auctoritatis
913 5767 971 5811 ut
1001 5764 1122 5821 pote
1151 5769 1269 5822 qua:
1301 5763 1415 5821 post
1446 5753 1577 5807 alias
1619 5763 1793 5818 partes
1822 5749 2000 5806 addita
2032 5750 2113 5806 vi-
2218 5759 2487 5804 auctorem
2524 5765 2715 5817 magno
2737 5749 2784 5803 in
2811 5751 2979 5819 pretio
3001 5749 3136 5818 apud
3170 5748 3308 5803 viros
3342 5749 3582 5803 eruditos
3602 5749 3854 5804 haben—
