4070 6186
407 409 502 466 HS

1823 399 2217 454 PR/EFATIO.

3560 391 3662 448 ll?-

402 525 550 580 ttum.
569 530 624 570 ut
645 523 766 586 pote
787 511 1227 577 vetustissimum,
1247 509 1510 563 oculatum
1525 517 1578 562 et
1605 509 1836 573 unicum,
1855 509 1986 563 dcti-
2012 517 2056 569 Α
2089 525 2270 563 coram
2298 509 2482 563 Vitlt'l‘e
2508 524 2571 563 ac
2599 508 2850 564 evolvere
2881 507 3047 576 licuit,
3078 509 3339 568 beneﬂcio
3363 511 3442 568 Cl.
3469 516 3570 572 viri
3596 519 3660 574 ῐ).

401 615 578 666 ciente
601 607 890 677 Gregorio,
923 607 1095 674 gentis
1139 615 1333 658 nostra:
1373 605 1606 658 historiae
1643 606 1983 672 scriptorem.

407 699 559 756 Unde
595 699 641 752 si
686 698 778 766 qui
807 705 1048 752 auctores
1091 695 1227 747 forte
1265 701 1568 759 occurrant,
1585 693 1678 760 qui
1703 707 1826 747 eum
1847 707 1986 761 a-gre

405 790 677 845 laudatum
706 786 945 849 voluere,
977 783 1059 838 vel
1088 783 1155 836 de
1197 783 1313 851 ejus
1352 784 1680 836 collectionis
1725 783 1985 846 rrioribus

403 880 559 936 libris
600 875 927 945 intelligendi
971 884 1114 940 sunt,
1161 882 1252 926 aut
1299 884 1446 928 certe
1492 875 1613 943 styli
1667 873 1984 936 barbariem,

405 969 737 1037 modumque
770 983 858 1022 res
886 965 1168 1020 cnarrandi
1211 965 1364 1034 plane
1405 965 1704 1030 impolitum
1742 965 1983 1020 attende—

405 1070 554 1122 runt,
588 1059 670 1113 vel
696 1058 924 1124 denique
954 1055 1273 1110 Chronicutn
1296 1056 1411 1123 ejus
1434 1055 1498 1111 ad
1525 1054 1731 1123 Pippini
1763 1065 1988 1108 mortem

405 1165 580 1220 usque
609 1149 884 1218 perugis~e
914 1147 1377 1201 existimaverunt.
1439 1145 1647 1199 Etenim
1677 1145 1721 1199 si
1769 1145 1835 1198 de
1882 1146 1992 1197 sin-

403 1255 533 1294 cero
563 1239 678 1308 ejus
702 1238 970 1293 Chronico
999 1249 1209 1306 agatur,
1239 1235 1402 1304 quod,
1436 1247 1494 1289 ut
1523 1235 1888 1306 probavimus,
1917 1235 1994 1287 ul-

405 1341 490 1387 tra
520 1331 756 1388 Flaocati
787 1340 1012 1386 mortem
1054 1328 1228 1396 capite
1256 1328 1324 1383 90
1361 1327 1586 1384 relatam
1625 1342 1732 1384 non
1774 1339 1990 1394 prmen-

405 1427 574 1489 ditur,
606 1440 764 1479 nemo
793 1435 874 1478 εει
904 1422 993 1492 qui
1036 1422 1206 1489 ipsum
1250 1420 1476 1489 probare
1518 1434 1621 1474 non
1663 1419 1879 1474 debeat.
1921 1420 1992 1470 Ita

403 1517 570 1571 sentit
599 1514 898 1568 Hadrianus
922 1511 1186 1574 Valesius,
1216 1509 1306 1579 qui
1332 1525 1453 1564 cum
1485 1511 1714 1579 primum
1741 1508 1993 1563 Chronici

405 1610 812 1662 continuatures
857 1618 887 1658 a
939 1602 1259 1671 Fredegario
1307 1617 1413 1655 non
1463 1600 1815 1664 distinxisset,
1872 1599 1995 1670 styli

405 1699 528 1770 ejus
555 1697 800 1753 barbarie
837 1693 1096 1761 oll'eusus,
1140 1689 1424 1761 rerumque
1462 1692 1779 1760 scriptarum
1819 1689 1995 1746 breti-

406 1801 674 1856 tate,eum
698 1803 804 1841 non
825 1786 982 1840 modo
1005 1785 1273 1839 indoctum
1297 1783 1679 1853 pronuntiavit,
1696 1784 1786 1837 sed
1809 1789 1993 1847 ctam,

2089 599 2301 653 Bohcrii
2345 600 2413 654 de
2459 599 2758 665 Saviuiaco,
2802 601 2890 668 qui
2943 601 3109 669 patris
3139 610 3192 656 et
3238 603 3322 657 avi
3372 605 3424 659 in
3458 608 3667 665 litteras

2087 691 2287 746 amoris
2306 705 2410 745 non
2437 691 2612 744 minus
2635 705 2789 760 quam
2809 701 3124 745 czeterarum
3154 693 3335 748 dotum
3359 710 3662 762 successor,

2089 796 2209 835 eum
2238 780 2469 835 Parisios
2499 782 2694 848 attulit,
2719 782 2974 848 nobisque
3000 781 3250 836 utendum
3283 788 3665 843 commodavit.

2089 872 2352 939 Tertium,
2381 873 2471 941 qui
2517 873 2568 926 in
2617 873 2937 927 bibliotheca
2971 873 3280 930 Colbertina
3336 890 3666 944 asservatur,

2095 962 2156 1016 V.
2189 963 2269 1018 Cl.
2301 961 2576 1033 Stephano
2625 963 2844 1018 Baluzio
2897 963 3281 1018 humanissime
3334 968 3666 1024 concedente

2091 1054 2418 1120 accepimus.
2437 1054 2693 1118 Quartum
2713 1053 2945 1123 denique
2967 1070 2997 1108 e
3022 1056 3467 1113 Laureshamensi
3496 1063 3668 1114 sancti

2091 1142 2299 1197 Nazarii
2327 1143 2652 1198 monasterio
2691 1144 2741 1197 iit
2775 1143 3084 1212 vaticanam
3113 1146 3489 1202 bibliothecam
3521 1150 3669 1204 dela-

2096 1245 2228 1298 tum,
2251 1247 2370 1287 cum
2389 1233 2548 1288 editis
2567 1234 2794 1289 contulit
2817 1245 2998 1290 noster
3018 1234 3246 1292 domnus
3273 1238 3527 1294 Claudius
3551 1242 3672 1295 Ste-

2096 1325 2404 1393 phanotius,
2432 1326 2731 1380 indefessus
2767 1325 3066 1381 studiorum
3098 1339 3400 1384 nostrorum
3429 1330 3666 1400 adjutor.

2098 1415 2190 1468 His
2227 1415 2502 1469 codicibus
2531 1415 2760 1470 addendi
2789 1415 2893 1469 duo
2922 1432 2987 1471 ex
3019 1419 3209 1487 quibus
3237 1418 3485 1475 Canisius
3521 1437 3670 1477 suam

2097 1506 2454 1571 Thoromachi,
2485 1516 2541 1562 ut
2579 1517 2752 1574 vttcat,
2801 1510 3150 1564 collectionem
3191 1513 3485 1566 historicum
3522 1516 3674 1567 citro-

2095 1599 2462 1668 nographicam
2503 1599 2688 1665 edidit,
2722 1610 2773 1655 et
2807 1601 2994 1656 tertius
3020 1617 3051 1657 e
3084 1603 3322 1657 Palatina
3354 1603 3673 1659 bibliotheca

2096 1707 2125 1744 a
2165 1691 2404 1746 Frehero
2447 1692 2676 1746 collatus
2709 1709 2722 1746 :
2755 1708 2890 1758 quos
2945 1709 3153 1758 omnes,
3195 1711 3259 1749 ac
3294 1697 3558 1751 editiones
3589 1712 3676 1749 va-

2098 1785 2205 1836 rias
2225 1799 2356 1850 quas
2385 1784 2774 1852 consuluimus,
2806 1786 2942 1841 infra
2974 1787 3025 1841 in
3055 1788 3310 1856 peculiari
3333 1788 3509 1843 indice
3532 1788 3678 1843 codi.

405 1891 467 1934 ut
517 1892 639 1948 pate
685 1878 874 1946 lingua:
921 1873 1120 1928 Latinae
1170 1873 1612 1944 grommaticreque
1654 1873 1892 1943 ignarum
1935 1888 1997 1924 ac
2033 1873 2071 1930 Β
2099 1889 2218 1927 cum
2251 1874 2675 1930 recensebimus.

407 1972 564 2041 plane
592 1971 868 2025 barbarum
899 1982 1056 2036 usque
1083 1967 1154 2019 ad
1185 1965 1450 2032 [astidium
1472 1973 1516 2017 et
1539 1964 1798 2017 horrorem
1825 1962 1996 2032 legen-

406 2064 559 2125 tium,
592 2073 817 2114 exosum
849 2055 1051 2110 habuit.
1080 2055 1150 2112 At
1181 2053 1517 2123 postmodum
1551 2067 1608 2106 re
1631 2051 1885 2106 attentius
1915 2051 1996 2105 in-

403 2159 616 2219 specta,
646 2165 765 2205 cum
789 2144 1368 2204 codicisSrmondiani
1399 2159 1502 2214 ope
1525 2144 1846 2199 Chronicum
1875 2143 1999 2199 Fre-

402 2239 614 2312 degarii
644 2241 913 2297 sincerum
942 2253 970 2290 a
991 2237 1200 2292 caneris
1227 2237 1568 2300 secrevisset,
1593 2237 1644 2290 in
1676 2235 1862 2290 laudes
1883 2244 1994 2289 sta-

407 2336 505 2390 tim
557 2332 864 2402 Fredegarii
912 2332 1130 2400 erupit,
1181 2330 1379 2398 rejecta
1421 2329 1474 2382 iu
1507 2329 1768 2396 temporis
1805 2329 1995 2383 vitium

406 2426 646 2480 auctoris
674 2425 725 2478 in
758 2422 989 2478 dicendo
1019 2432 1072 2477 et
1099 2422 1366 2476 narrando
1395 2420 1656 2475 brevitate
1685 2437 1698 2473 :
1735 2416 2000 2489 Fredega-

407 2522 539 2583 rius,
571 2518 758 2585 inquit,
785 2517 859 2570 ita
895 2525 966 2570 est
996 2514 1246 2569 Historia:
1287 2523 1474 2568 ηοειτω
1509 2514 1841 2576 necessarius,
1871 2521 1926 2565 ut
1953 2513 1998 2566 si

406 2618 638 2675 tempora
664 2605 913 2660 Cltlotarii
941 2606 1177 2672 minutis,
1213 2603 1488 2675 Dttgobcrti
1531 2618 1592 2655 ac
1635 2601 1912 2656 Chlodovti
1934 2598 1999 2654 ΙΙ

409 2708 533 2754 nota
557 2697 740 2751 habere
765 2696 1016 2762 volumus,
1050 2712 1260 2765 prorsus
1292 2711 1352 2749 eo
1391 2710 1564 2748 carere
1598 2709 1700 2747 non
1726 2696 1996 2764 possimus.

412 2788 635 2844 Fatetur
657 2787 781 2842 alibi
809 2787 1014 2842 nullum
1045 2786 1209 2840 fuisse
1236 2785 1407 2856 gentis
1437 2793 1632 2841 nostra:
1660 2784 1998 2849 historicum,

411 2879 503 2947 qui
529 2878 648 2946 ejus
674 2877 833 2932 verba
875 2891 1002 2933 suos
1043 2877 1095 2931 in
1137 2877 1549 2932 conmentarios
1587 2892 1693 2932 non
1734 2877 2000 2933 retulerit.

411 2970 656 3039 Denique
686 2984 806 3025 cum
837 2970 900 3022 ad
931 2985 1128 3023 annum
1153 2968 1252 3023 641
1286 2969 1337 3023 iu
1366 2953 1600 3024 Historia
1631 2982 1810 3023 rerum
1835 2967 2002 3022 Fran-

412 3070 650 3122 cicarum
695 3067 1043 3136 pervenisset.
1094 3067 1416 3137 Fredegario
1461 3068 1566 3122 Sibi
1595 3067 1877 3124 deﬁciente
1921 3068 2002 3123 sic

413 3162 761 3231 conqueritur
790 3178 803 3215 :
838 3161 1182 3232 Fredegarius
1213 3161 1548 3216 scholasticus
1579 3178 1671 3215 nos
1699 3163 1752 3215 in
1779 3178 1837 3215 eo
1865 3177 2002 3214 anno

2176 1967 2294 2020 148.
2327 1966 2499 2021 Pauca
2535 1975 2826 2035 supersunt
2853 1982 2972 2036 quae
3001 1967 3066 2022 de
3105 1969 3464 2023 monumentis
3494 1968 3545 2022 in
3571 1972 3677 2037 Ap-

2099 2058 2324 2128 pendice
2349 2059 2415 2113 ad
2449 2058 2604 2126 hujus
2627 2059 2916 2113 voluminis
2944 2060 3144 2114 calcem
3168 2060 3508 2128 superaddita
3531 2062 3678 2115 dica-

2099 2165 2239 2215 mus,
2264 2164 2386 2204 cum
2407 2164 2594 2205 eorum
2617 2150 2856 2204 omnium
2883 2149 3039 2204 inde:
3077 2165 3174 2203 suo
3202 2152 3320 2205 loco
3345 2150 3672 2219 proferatur.

2100 2242 2174 2295 Ea
2208 2257 2339 2297 vero
2363 2241 2652 2310 selegimus
2671 2257 2744 2297 ex
2789 2244 3013 2296 vetustis
3062 2242 3372 2297 auctoribus
3413 2253 3468 2298 et
3514 2243 3678 2296 variis

2091 2333 2454 2390 Historiarum
2493 2333 2922 2400 colleCtionihus,
2951 2347 3072 2402 quae
3103 2345 3192 2386 aut
3219 2350 3248 2390 u
3280 2334 3543 2405 Gregorio
3578 2351 3678 2389 no-

2095 2435 2214 2479 stro
2247 2425 2555 2491 laudantur,
2582 2435 2674 2478 aut
2723 2425 2945 2479 multum
2990 2433 3212 2494 prosunt
3261 2425 3329 2478 ad
3374 2440 3532 2494 opera
3564 2427 3682 2493 ejus

2096 2514 2440 2578 illustranda,
2467 2530 2498 2570 e
2525 2515 2717 2585 quibus
2740 2515 2986 2584 pauciora
3013 2514 3281 2585 quideme
3303 2515 3516 2570 mss.de
3543 2529 3683 2570 novo

2099 2615 2251 2660 eruta
2280 2613 2428 2671 sunt,
2449 2606 2544 2660 sed
2577 2606 2834 2675 pleraque
2861 2605 2927 2660 d
2959 2613 3198 2661 vetustos
3224 2605 3438 2661 codices
3465 2605 3682 2670 collata,

2102 2705 2158 2752 et
2205 2697 2398 2765 passim
2427 2697 2709 2753 emendata
2745 2713 2760 2750 :
2792 2712 2857 2752 ex
2888 2697 3080 2767 quibus
3107 2711 3237 2752 mss.
3277 2712 3414 2753 unus
3442 2705 3527 2753 est
3553 2700 3684 2752 Cor-

2099 2787 2358 2853 beiensis,
2393 2796 2552 2842 attate
2577 2787 2818 2858 Gregorii
2848 2797 3119 2844 exaratos.
3147 2787 3383 2858 Denique
3408 2787 3686 2857 subjunsi-

2104 2894 2224 2934 ntus
2252 2879 2465 2934 brevem
2491 2879 2812 2936 conditionis
2831 2879 3134 2934 monasterii
3151 2880 3327 2934 nostri
3352 2880 3523 2933 sancti
3547 2877 3685 2932 Ger—

2105 2972 2303 3026 mania
2343 2971 2515 3026 Pratis
2547 2971 2848 3036 historiam,
2876 2971 3018 3041 quod
3062 2970 3192 3024 illud
3235 2969 3307 3024 sit
3350 2967 3685 3028 Cbildeberti

2105 3060 2244 3128 regis
2287 3059 2704 3114 illustrissimum
2740 3059 2952 3128 pietatis
2982 3075 3045 3115 ac
3071 3060 3453 3115 muniﬁcentia:
3492 3076 3686 3114 monu-

2106 3161 2370 3216 mentum,
2416 3149 2468 3203 in
2515 3148 2669 3219 cujus
2698 3149 2915 3205 basilica
2962 3150 3076 3220 ipse
3111 3165 3229 3205 curn
3272 3151 3540 3205 nonnullis
3569 3149 3688 3204 aliis

413 3255 667 3319 destituit,
699 3254 968 3307 historicus
993 3269 1085 3324 pro
1111 3263 1262 3321 captu
1307 3253 1516 3307 illorum
1557 3263 1842 3324 temporum
1879 3252 2004 3308 dili-
2033 3247 2078 3311 C
2109 3243 2322 3314 regibus
2350 3243 2679 3310 sepulturam
2723 3243 2900 3297 habet.
2929 3242 3043 3297 Eri
3073 3245 3236 3298 etiam
3281 3243 3446 3297 incidi
3472 3242 3682 3298 curavi-

416 3363 563 3415 gens,
596 3356 649 3399 ut
678 3356 845 3413 relate,
877 3346 953 3399 sic
989 3347 1291 3400 auctoritate
1327 3345 1575 3416 Gregorio
1613 3349 1909 3416 prosim-us,
1954 3356 2002 3401 et

415 3440 471 3494 in
503 3456 690 3508 magna
718 3440 964 3492 bonorum
986 3449 1255 3491 auctorum
1282 3440 1460 3508 inepia
1497 3439 1639 3493 utilis
1676 3455 1738 3492 ac
1775 3455 2005 3493 necessa-

415 3533 549 3595 rius,
579 3547 668 3583 nec
693 3547 1047 3600 usquequaque
1071 3531 1482 3594 contemnendus,
1515 3534 1660 3600 cujus
1708 3530 1920 3583 brevitas
1954 3540 2005 3584 et

418 3629 809 3677 cateratontnia
845 3627 966 3677 vitia
1010 3626 1316 3693 temporibus
1353 3624 1596 3693 imputari
1646 3623 1846 3678 debent.
1880 3624 2004 3678 Haec

418 3715 531 3781 ille,
583 3718 666 3770 cui
727 3717 880 3771 facile
933 3719 1266 3773 subscribent
1296 3719 1489 3788 quivis-
1526 3730 1765 3774 veterum
1822 3735 2000 3775 rerum

421 3807 802 3862 Francicarum
832 3811 1027 3864 sinceri
1065 3821 1352 3866 amatores.

496 3899 620 3952 147.
652 3899 706 3954 In
733 3901 1067 3956 emendando
1115 3911 1296 3958 autem
1346 3901 1696 3972 Fredegario,
1727 3902 2004 3958 codicibus

419 3991 800 4059 manuscriptis
833 3992 1167 4060 potissimum
1192 4002 1421 4062 quatuor
1450 3996 1528 4047 usi
1551 3994 1766 4048 fuimus.
1794 3995 2004 4049 Primus

421 4098 490 4135 ex
521 4080 647 4147 illis,
675 4082 843 4135 codex
867 4082 1048 4137 Jacobi
1073 4083 1343 4138 Sirmontli
1377 4086 1534 4154 vulgo
1560 4086 1876 4154 appellatus,
1909 4087 2006 4140 ho-

423 4174 513 4228 die
543 4175 595 4228 in
625 4175 947 4229 bibliotheca
976 4174 1196 4246 Collegii
1229 4177 1546 4232 Parisiensis
1575 4178 1698 4232 Soc.
1740 4178 1869 4233 Jesu
1902 4177 2007 4231 Lu-

420 4267 600 4322 dovici
630 4267 802 4336 Magni
829 4278 1156 4332 asservatur,
1185 4284 1291 4337 quo
1324 4269 1477 4322 nobis
1504 4284 1599 4338 pro
1625 4283 1720 4323 sua
1761 4271 2007 4324 humani-

423 4369 556 4427 tate,
585 4372 838 4429 quantum
868 4359 1042 4424 libuit,
1067 4360 1318 4415 utendum
1352 4361 1596 4429 permisit
1633 4362 1696 4416 Β.
1733 4363 1792 4416 Ρ.
1845 4362 2007 4417 Joan-

424 4468 524 4507 nes
567 4451 890 4518 llarduinus,
922 4466 1151 4519 eumque
1192 4461 1248 4506 ut
1297 4462 1421 4521 pote
1460 4455 1690 4508 auctoris
1735 4464 1914 4523 aetate,
1949 4462 2008 4508 ut

421 4559 586 4612 Supra
632 4542 883 4608 diximus,
915 4541 1171 4611 scriptum
1217 4542 1622 4612 diligentissime
1652 4549 1718 4597 de
1744 4545 1911 4598 verbo
1938 4544 2004 4598 ad

2107 3351 2227 3390 mus
2256 3334 2463 3390 iconem
2494 3335 2681 3388 tumuli
2713 3335 3084 3405 Fredegundis
3114 3336 3334 3405 reginte,
3366 3341 3528 3404 atque
3556 3334 3688 3387 alias

2109 3427 2262 3483 istius
2290 3429 2392 3481 aevi
2422 3426 2701 3496 reliquias,
2731 3441 2853 3496 qua:
2900 3427 3125 3481 multum
3161 3426 3446 3482 conferunt
3473 3426 3540 3481 ad
3569 3426 3688 3481 illu-

2106 3519 2381 3576 strandum
2409 3534 2593 3588 eorum
2620 3528 2920 3589 temporum
2943 3518 3241 3574 historiam.

2179 3629 2302 3686 M9.
2331 3629 2447 3686 Jam
2479 3629 2692 3685 tandem
2733 3630 2855 3684 linis
2890 3631 3243 3700 imponendus
3271 3639 3350 3686 est
3382 3629 3685 3685 Praefationi

2108 3736 2330 3791 nostrae,
2387 3724 2616 3779 fortasse
2668 3723 2977 3794 prolixiori;
3012 3732 3171 3795 atque
3215 3723 3526 3780 exhibenda
3571 3724 3690 3778 Vita

2107 3820 2278 3874 sancti
2308 3815 2554 3888 Gregorii
2586 3817 2821 3887 episcopi
2843 3816 3195 3882 Turonensis,
3229 3817 3430 3888 absque
3456 3817 3693 3871 auctoris

2108 3910 2324 3964 nomine
2347 3909 2457 3980 jam
2485 3908 2650 3973 edita,
2682 3923 2801 3978 quae
2831 3909 2881 3962 in
2907 3909 3179 3962 nonnullis
3210 3908 3444 3977 antiquis
3485 3907 3688 3962 codici-

2106 4003 2209 4057 bus
2235 4001 2407 4056 Odoni
2439 4000 2616 4054 abbati
2646 3999 2913 4055 tribuitur.
2943 3999 3033 4054 Sic
3055 4000 3199 4054 enim
3227 3999 3279 4052 in
3303 3999 3489 4053 codice
3518 4000 3687 4052 sancti

2107 4093 2275 4161 Sergii
2300 4091 2699 4148 Andecavensis
2719 4092 3046 4157 inscribitur,
3070 4089 3324 4160 Prologus
3349 4091 3525 4143 ἀοιηηί
3549 4089 3691 4143 Odo-

2109 4188 2188 4239 nis
2213 4185 2425 4239 abbatis.
2461 4183 2721 4250 Omnium,
2748 4191 2851 4238 etc.
2878 4181 3070 4251 Incipit
3100 4183 3201 4234 vita
3225 4181 3360 4234 edita
3405 4181 3468 4233 ob
3513 4179 3692 4234 Odone

2109 4277 2306 4331 abbate.
2338 4275 2483 4331 Idem
2523 4275 2579 4329 in
2626 4275 2732 4329 line
2775 4273 3053 4343 repetitur.
3102 4273 3253 4327 llunc
3293 4286 3420 4326 vero
3449 4271 3690 4326 Odonem

2109 4383 2215 4423 non
2240 4368 2404 4422 alium
2428 4381 2549 4422 esse
2579 4375 2827 4435 putamus
2857 4379 2885 4418 a
2914 4372 3101 4418 sancto
3141 4363 3328 4419 Odone
3349 4362 3686 4416 Cluniacensi

2111 4464 2322 4528 abbate,
2357 4462 2447 4533 Qui
2489 4461 2629 4530 apud
2656 4459 3072 4516 Gaesarodunum
3102 4459 3373 4512 Turonum
3423 4456 3686 4511 educatus

2112 4571 2174 4611 ac
2202 4554 2292 4609 ditt
2315 4563 2688 4617 conversatus,
2734 4551 2890 4606 facile
2916 4551 3106 4605 adduci
3149 4551 3320 4619 potuit
3349 4549 3417 4604 ad
3447 4547 3692 4604 scriben-

422 4635 648 4689 verbum
671 4633 1012 4688 contulimus.
1048 4635 1352 4688 Secundum
1383 4634 1670 4690 habuimus
1716 4651 1782 4691 ex
1810 4636 2006 4692 biblio—
2035 4627 2087 4685 D
2113 4649 2233 4702 dam
2261 4649 2432 4703 Vitam
2459 4649 2627 4703 sancti
2649 4647 2925 4711 antistitis,
2952 4647 3061 4715 jam
3095 4657 3218 4698 ιυηο
3240 4644 3306 4699 δά
3335 4643 3497 4714 pedes
3519 4643 3693 4697 sancti

425 4732 578 4783 theca
621 4725 968 4782 illustrissimi
1000 4727 1101 4780 viri
1131 4727 1345 4781 Bo—hcrii
1373 4731 1422 4782 in
1467 4729 1772 4784 Divionensi
1813 4740 2004 4784 senatu

423 4822 667 4889 pra-sidis
708 4819 935 4874 inlulati.
968 4820 1120 4874 llunc
1161 4821 1398 4876 codicem
1432 4838 1551 4876 cum
1583 4823 1738 4878 editis
1778 4823 2006 4890 primum

425 4913 648 4968 contulit
672 4921 855 4966 noster
885 4911 1113 4966 domnus
1140 4913 1254 4966 Otto
1283 4914 1585 4985 Clergerius
1617 4914 1838 4970 Divione
1863 4916 2004 4984 apud

424 5016 671 5061 Sanctum
715 5005 1044 5072 Beniguum;
1077 5005 1169 5061 sed
1201 5015 1385 5075 postea
1433 5009 1719 5073 ipsummet
1764 5007 2003 5063 codicem

2115 4738 2322 4793 Martini
2361 4740 2414 4793 in
2452 4739 2568 4807 ejus
2617 4737 2827 4792 basilica
2873 4735 3088 4806 sepulti,
3119 4749 3277 4804 quam
3321 4749 3387 4788 ex
3432 4731 3676 4802 ejusdem

2113 4827 2358 4899 Gregorii
2384 4827 2599 4898 scriptis
2628 4828 2768 4883 forte
2804 4827 3018 4895 collegit
3048 4826 3358 4896 priusquam
3390 4823 3541 4879 ﬁeret
3569 4836 3692 4876 mo-

2115 4925 2342 4990 nachus,
2374 4935 2499 4976 cum
2519 4921 2695 4976 adhuc
2737 4930 2879 4976 esset
2921 4918 3161 4976 basilicae
3193 4915 3528 4973 Martinianum
3552 4925 3692 4984 pra-

2114 5021 2306 5068 centor
2328 5021 2382 5068 et
2409 5012 2715 5068 scholarum
2749 5011 3024 5080 Magister.
