4070 6186
456 455 1139 830 ⁸νΙΤΑ
1218 648 1230 655 ·
1299 607 1998 821 SANC’.

2106 616 2229 825 Ἰ
2366 449 3613 834 GBEGORIl

1401 1021 1917 1182 EPISGOPI
2014 1023 2715 1184 TURONENSIS

1213 1335 1480 1420 PER
1557 1331 2161 1418 ODONEM
2238 1330 2930 1422 ABBATEM.

1712 1707 2420 1892 aﬂrolomts.

484 1992 736 2052 Omnium
758 1992 975 2064 quidem
1001 2000 1310 2046 sanctorum
1327 1989 1448 2059 jure
1471 1988 1728 2044 memoria
1759 1996 2066 2055 veneratur,
2087 1989 2182 2043 sed
2199 2000 2295 2042 eos
2319 1989 2547 2056 primmu
2580 1987 2765 2044 ﬁdeles
2793 1986 3169 2054 honoriﬁcam,
3186 1988 3277 2058 qui
3301 1985 3384 2042 vel
3411 1987 3654 2043 doctrina
3669 2027 3686 2052 ,

421 2085 506 2143 vel
534 2085 787 2154 exemplo
812 2083 1024 2139 caeteris
1051 2081 1251 2138 clarius
1275 2081 1551 2137 eﬂulsere.
1581 2079 1747 2134 Porro
1772 2093 1939 2136 unum
1965 2094 2032 2136 es
2058 2078 2142 2134 bis
2168 2080 2380 2135 beatum
2412 2081 2728 2150 Gregorium
2750 2080 3035 2138 Turonicaa
3065 2081 3212 2138 sedis
3236 2080 3698 2151 archiepiscopum

414 2176 600 2242 fuisse,
632 2190 864 2246 eumque
885 2174 986 2229 bac
1009 2172 1226 2244 gemina
1255 2171 1381 2227 dote
1404 2170 1807 2240 resplenduisse
1832 2183 1938 2224 non
1967 2183 2127 2237 parva
2158 2169 2480 2226 documenta
2519 2172 2768 2241 produnt.
2800 2171 2966 2242 Cujus
2992 2171 3244 2227 nimirum
3277 2179 3425 2242 gesta
3467 2170 3552 2224 vel
3581 2184 3699 2238 par-

414 2267 511 2334 tim
542 2266 847 2324 necessario
875 2265 1272 2329 describuntur,
1302 2277 1372 2328 ne
1397 2261 1540 2317 fama
1561 2263 1694 2316 tanti
1717 2261 1817 2315 viri
1836 2261 2161 2332 quandoque
2183 2261 2474 2319 dubietatis
2494 2263 2685 2321 nebula
2714 2264 3034 2320 tusearetur.
3055 2264 3124 2320 Et
3142 2265 3356 2336 quidem
3379 2265 3507 2320 satis
3530 2262 3699 2323 estad

414 2356 536 2428 ejus
579 2358 803 2430 gloriam
831 2358 972 2428 quod
1002 2354 1300 2421 Christum,
1330 2353 1417 2409 cui
1448 2354 1663 2424 placere
1707 2353 1981 2422 quaesivit,
2012 2353 2286 2409 conscium
2320 2354 2481 2410 habet
2510 2355 2562 2409 in
2603 2354 2854 2422 excelso,
2887 2356 2979 2410 sed
3012 2364 3189 2412 tamen
3220 2367 3275 2414 et
3305 2356 3392 2412 bic
3422 2356 3574 2411 nefas
3611 2365 3697 2411 est

415 2451 560 2509 illius
605 2453 790 2509 laudes
816 2462 1014 2518 tacere,
1041 2450 1131 2521 qui
1174 2460 1254 2505 tot
1279 2459 1589 2508 sanctorum
1617 2448 1824 2504 studuit
1853 2448 2037 2504 laudes
2068 2448 2366 2518 propalare.
2392 2448 2522 2517 Quae
2550 2450 2759 2505 scilicet
2789 2450 2983 2506 relatio
3010 2451 3265 2523 quantula
3294 2452 3417 2519 erit,
3457 2467 3557 2508 nec
3582 2452 3699 2520 eius

417 2545 647 2616 insignia
689 2558 748 2603 ut
777 2557 902 2602 sunt
932 2545 1186 2615 proferet,
1218 2543 1472 2614 quoniam
1522 2542 1768 2611 plurimis
1814 2556 1934 2612 quae
1975 2539 2230 2611 opinione
2261 2541 2508 2598 feruntur
2533 2543 2771 2609 omissis,
2799 2558 2965 2613 pauca
2997 2545 3240 2614 quadam
3273 2561 3394 2617 qua
3438 2561 3504 2602 ex
3550 2546 3700 2602 libris

418 2637 539 2712 ejus
565 2641 933 2708 approbantur
959 2639 1294 2708 attingimus.
1327 2635 1479 2706 Quod
1501 2636 1548 2692 si
1572 2636 1693 2706 quis
1718 2634 1946 2691 Iudaico
1970 2649 2123 2689 more
2151 2632 2304 2703 signa
2336 2632 2614 2703 requirens
2642 2643 2887 2690 sanctum
2914 2636 3211 2706 quemlibet
3235 2638 3511 2707 signorum
3530 2653 3698 2707 quan-

418 2735 569 2788 titate
596 2736 835 2800 metitur,
876 2733 1003 2805 quid
1034 2733 1102 2788 de
1131 2733 1283 2787 beata
1311 2730 1407 2786 Dei
1447 2729 1744 2796 Genitrice,
1773 2729 1854 2784 vel
1894 2728 1965 2784 de
2006 2741 2342 2799 praecursore
2384 2727 2592 2784 Joanne
2644 2728 2889 2786 censebit
2916 2730 2972 2784 εἲ
2993 2729 3191 2786 Sanius
3222 2732 3400 2802 itaque
3428 2731 3698 2789 discernat

420 2824 564 2896 quod
585 2825 638 2880 in
672 2824 951 2881 tremendo
980 2823 1067 2878 die
1111 2821 1292 2877 multis
1339 2820 1429 2891 qui
1461 2821 1612 2890 signa
1656 2819 1903 2875 fecerunt
1929 2819 2255 2889 reprobatis,
2287 2818 2338 2872 hi
2359 2820 2448 2888 qui
2479 2834 2645 2888 opera
2667 2821 2890 2890 justitiae
2915 2823 3104 2878 sectati
3149 2832 3271 2879 sunt
3304 2824 3372 2880 ad
3415 2825 3694 2881 dexteram

417 2917 636 2984 superni
667 2915 869 2969 Judicis
893 2910 1364 2980 soli'colligentur.
1396 2909 1510 2965 Non
1543 2910 1709 2979 igitur
1737 2909 2022 2980 praesulem
2054 2917 2294 2964 nostrum
2321 2923 2352 2962 a
2377 2917 2529 2978 gestu
2553 2911 2935 2969 miraculorum
2955 2916 3416 2982 commendamus,
3445 2917 3695 2986 quamvis

414 3021 471 3066 et
499 3012 588 3066 illa
615 3026 722 3066 non
753 3009 1078 3068 omnimodis
1104 3006 1462 3080 deerunt,sed
1491 3007 1634 3087 quod
1665 3006 1810 3064 mitis
1836 3015 1892 3063 et
1923 3005 2142 3074 humilis
2170 3007 2336 3064 corde
2359 3005 2633 3064 Christum
2657 3007 2897 3067 imitatus
2922 3010 3082 3068 fuerit
3108 3011 3483 3068 demonstrare
3508 3027 3696 3084 aggre-

419 3104 633 3162 diamur
657 3102 710 3158 δ.

1778 3155 1812 3171 ,ι

484 3259 530 3316 1.
557 3259 847 3332 Gregorius
876 3257 1081 3316 Celtico
1106 3259 1396 3317 Galliarum
1429 3267 1601 3315 tractu
1628 3259 1725 3313 fuit
1750 3266 1991 3323 exortus,
2023 3261 2075 3322 Α
2099 3258 2164 3314 rii
2196 3258 2468 3329 parentela
2493 3259 2839 3328 proﬂuxerat,
2859 3263 2974 3316 haec
3003 3271 3299 3330 senatores,
3322 3261 3438 3319 hac
3469 3261 3687 3333 iudices

412 3353 723 3409 Arvernica:
754 3352 988 3423 regionis
1028 3352 1299 3422 indigena,
1332 3361 1479 3420 patre
1507 3352 1800 3417 Florentio,
1832 3363 2003 3408 matre
2106 3359 2160 3405 et
2188 3348 2445 3420 quidquid
2473 3349 2543 3404 de
2571 3349 2762 3404 ordine
2795 3350 3170 3418 primariorum
3193 3351 3422 3412 dixerim
3455 3351 3693 3422 profere-

412 3444 752 3503 Armentaria
786 3452 1116 3512 procreatus.
1148 3444 1213 3498 Et
1239 3444 1284 3498 si
1317 3442 1443 3513 quid
1495 3442 1692 3499 divina:
1720 3446 2003 3512 generosi-
2104 3439 2216 3495 bat.
2247 3438 2302 3494 ld
2332 3454 2464 3496 sane
2492 3439 2562 3498 de
2590 3440 2899 3509 parentibus
2923 3441 3125 3498 dictum
3157 3443 3247 3509 sit,
3274 3452 3331 3496 ut
3357 3445 3482 3511 quia
3509 3443 3689 3497 Domi-

413 3538 511 3592 tati
561 3546 771 3592 terrena
821 3535 1073 3590 conducit
1121 3533 1397 3599 nobilitas,
1431 3544 1681 3602 parentes
1711 3533 1830 3604 ejus
1877 3550 1998 3591 cum
2103 3549 2205 3591 nus
2221 3535 2273 3589 in
2294 3535 2640 3605 generatione
2657 3535 2799 3605 iusta
2821 3544 2924 3602 est,
2952 3535 3018 3590 ad
3052 3535 3263 3592 laudem
3287 3535 3528 3606 Gregorii
3554 3549 3682 3605 pro-

413 3626 574 3696 rebus
603 3626 914 3695 locupletes,
944 3632 1054 3686 tum
1081 3641 1294 3696 quoque
1323 3625 1591 3682 natalibus
1631 3625 1900 3684 fulserunt
1924 3627 1995 3681 il-
2104 3625 2272 3691 liciat,
2303 3625 2446 3698 quod
2476 3625 2530 3682 ei
2558 3641 2658 3684 sua
2699 3628 2983 3698 progenies
3035 3627 3190 3683 titulo
3241 3627 3541 3683 sanctitatis
3591 3642 3689 3682 co-

414 3719 633 3784 lustres.
666 3717 772 3774 Sed
801 3719 943 3787 quod
977 3718 1147 3788 pluris
1172 3727 1276 3787 est,
1303 3718 1503 3774 muniis
1526 3718 1723 3774 divinas
1763 3721 2000 3776 servitu-
2108 3721 2287 3779 lumna
2307 3721 2552 3778 videatur
2566 3717 2617 3773 ά.
2637 3719 2806 3790 Hujus
2827 3735 2997 3790 genus
3025 3730 3078 3776 et
3105 3721 3333 3792 patriam
3363 3720 3692 3778 Fortunatus

413 3813 483 3866 tés
507 3811 737 3882 quadam
758 3811 1011 3877 peculiari
1031 3811 1317 3866 devotione
1344 3810 1415 3864 ita
1445 3810 1760 3866 videbantur
1780 3812 1999 3877 annexi,
2101 3824 2534 3868 commemorans
2560 3811 2672 3882 (lib.
2705 3827 2822 3879 vin,
2857 3827 2965 3870 car.
3000 3811 3117 3882 l7),

419 3912 478 3960 ut
506 3903 746 3974 quisquis
772 3918 836 3958 es
869 3903 950 3958 his
971 3901 1306 3973 irreligiosus
1327 3902 1603 3966 existeret,
1615 3901 1737 3970 jure
1765 3901 1998 3971 degener

2243 3985 2250 3988 Α
2271 3923 2441 3988 Forte
2463 3922 2835 3985 (inquimdecus
2850 3926 3075 3988 generis,
3086 3924 3443 3988 Turonicensls
3464 3934 3590 3986 apex

415 4004 717 4066 nutaretur,
750 3993 815 4047 ad
837 3993 980 4063 quod
1009 3993 1356 4048 astrueudmn
1401 3992 1656 4062 quiddam
1685 3992 1753 4048 de
1782 3993 2000 4062 propin-
2227 3984 2432 4047 Alribus
2455 3990 2688 4038 Arvernis
2713 3984 2916 4036 veniens
2939 3984 3077 4035 mons
3100 3986 3238 4036 altior
3264 3988 3403 4047 ipsis.

413 4085 694 4156 quioribus
718 4085 1045 4147 inseramus.
1081 4086 1263 4156 Itaque
1288 4084 1551 4155 Georgius
1574 4095 1597 4123 θ
1627 4084 1893 4155 quondam
1916 4101 2003 4144 se-

414 4189 571 4249 nator
599 4178 920 4248 Leucadiam
949 4176 1106 4240 duxit
1128 4193 1348 4234 uxorem
1371 4177 1515 4244 ;bazc
1543 4177 1612 4234 de
1637 4176 1808 4246 stirpe
1831 4177 2000 4232 Vectii

416 4271 640 4342 Epagati
662 4270 1204 4341 descenderat,quem
1235 4269 1497 4327 Eusebius
1524 4269 1578 4333 in
1607 4269 1794 4337 quinto
1818 4269 1995 4326 llisto-

415 4364 616 4427 riarum
643 4362 778 4419 libro
803 4362 1043 4434 Lugduni
1073 4378 1310 4432 passum,
1336 4377 1398 4417 ac
1429 4360 1569 4416 inter
1599 4361 1836 4432 reliquos
1872 4370 2000 4416 tunc

418 4455 674 4527 temporis
708 4463 892 4516 narrat
918 4454 1205 4526 gloriosius
1233 4455 1602 4525 agoniaatum.
1632 4451 1763 4520 Quae
1799 4452 1999 4508 Leocao
2347 4455 2432 4506 Est
2454 4454 2542 4504 tibi
2569 4451 2840 4516 Gregorius
2869 4452 3024 4514 palma
3047 4464 3228 4502 corona
3251 4465 3422 4503 novus.

417 4549 507 4614 dia
535 4548 744 4619 peperit
767 4558 1012 4615 sanctum
1037 4548 1247 4606 Gallum
1275 4545 1589 4614 Arvernicae
1618 4543 1762 4600 sedis
1783 4543 1996 4614 episco-
2177 4539 2252 4594 lta
2295 4538 2456 4596 nobili
2499 4539 2669 4607 stirpe
2700 4538 3031 4600 nobilissima
3073 4537 3253 4606 prolis
3284 4550 3588 4607 emergens,
3631 4543 3690 4591 ut

424 4653 550 4708 pum
576 4648 734 4709 atque
751 4640 1083 4696 Florentium
1099 4640 1256 4710 hujus
1281 4639 1435 4709 pueri
1457 4638 1783 4709 genitorem.
1800 4637 1876 4691 De
1904 4637 2004 4692 hoc
2033 4648 2080 4710 Β
2108 4645 2228 4687 rosa
2255 4632 2497 4701 quaedam
2533 4643 2634 4684 suo
2666 4628 2846 4698 stipite
2875 4628 3098 4698 gratior,
3119 4626 3285 4682 decus
3311 4625 3690 4697 generositatis

423 4743 601 4788 autem
620 4713 1024 4801 Florentio,\sed
1041 4743 1096 4790 et
1115 4734 1181 4789 de
1202 4732 1536 4792 Armentaria
1550 4739 1742 4797 matre,
1763 4729 1830 4793 de
1844 4727 2003 4784 Petro
2101 4729 2316 4780 auctum
2349 4721 2400 4775 in
2427 4732 2676 4790 parentes
2699 4719 2914 4773 refudit.
2951 4719 3016 4774 Et
3044 4718 3288 4788 quamvis
3306 4717 3415 4788 jam
3444 4718 3686 4790 mysterii

421 4837 636 4893 quoque
657 4821 822 4878 fratre
850 4821 1104 4893 ejus,nec
1130 4839 1236 4877 non
1260 4832 1316 4878 et
1329 4824 1396 4880 de
1423 4839 1588 4879 uxore
1612 4822 1806 4884 lustini
1821 4835 1998 4878 sorore

2106 4812 2355 4883 majestas
2395 4812 2449 4866 in
2477 4809 2784 4865 nominibus
2815 4824 2922 4863 non
2950 4817 3224 4878 quaeratur
3245 4851 3260 4875 ,
3290 4819 3470 4864 tamen
3495 4807 3604 4873 hic,
3629 4817 3688 4863 ut

2173 4093 2252 4149 Ad
2279 4103 2503 4148 matrem
2526 4108 2737 4164 quoque
2763 4093 2881 4164 ejus
2911 4094 3028 4160 (lib.
3060 4111 3116 4162 ι,
3146 4110 3307 4147 carm.
3330 4092 3447 4164 Si),

2229 4207 2366 4256 Felix
2393 4207 2467 4256 bis
2489 4208 2679 4256 meritis
2694 4208 2786 4255 sibi
2813 4207 3113 4257 Maccbalsea
3140 4207 3216 4256 vel
3241 4207 3370 4268 orbi,

2226 4271 2345 4332 Qua!
2365 4275 2556 4332 septem
2577 4269 2758 4332 palmas
2777 4269 2902 4318 caelo
2917 4271 3186 4320 transmisit
3208 4269 3271 4328 ab
3295 4267 3445 4332 alvo;

2224 4331 2297 4393 fl‘u
2319 4328 2515 4393 quodue
2543 4328 2678 4390 prole
2706 4336 2884 4393 potens
2902 4338 3043 4393 recte
3063 4332 3377 4393 Armentaria
3396 4328 3535 4392 felix.

2225 4391 2352 4443 Petti
2370 4392 2500 4443 clara
2527 4397 2612 4440 tuo
2628 4391 2788 4453 geniti
2816 4391 3113 4453 circumdata
3138 4391 3316 4449 fructu,

415 4915 634 4993 ej_us,ac
655 4913 863 4982 duabus
888 4913 1134 4984 neptibus
1151 4913 1419 4975 Heustena
1441 4913 1709 4978 videlicet,
1727 4911 2002 4968 etJustina

422 5008 593 5064 beata:
627 5006 963 5078 Radegundis
1003 5006 1286 5076 discipula,
1316 5005 1439 5067 libri
1470 5004 1848 5066 miraculorum
1880 5004 2004 5057 talia

421 5096 798 5167 referunt,per
825 5113 945 5166 quae
974 5097 1108 5154 fides
1138 5097 1350 5152 illorum
1372 5105 1427 5151 et
1455 5095 1645 5150 merita
1680 5109 1786 5148 non
1816 5092 1993 5163 exigui

419 5191 676 5246 momenti
708 5190 872 5252 fuisse
924 5191 1324 5260 dignoscantur.
1357 5189 1481 5244 Hazc
1515 5195 1693 5242 autem
1739 5183 1997 5240 Arvernis

417 5283 548 5356 [ΕΑ.
569 5282 876 5357 Arveruia],
899 5300 1020 5357 quae
1042 5300 1208 5356 puero
1233 5283 1457 5356 genialis
1474 5281 1668 5337 humus
1690 5280 1809 5347 fuit,
1835 5277 1998 5335 relie-

418 5383 629 5431 menter
657 5378 785 5431 olim
817 5387 976 5446 caput
998 5378 1282 5440 extulerat,
1310 5377 1383 5432 ita
1405 5385 1464 5432 ut
1489 5373 1832 5434 senatoribus
1853 5369 2000 5425 velut

417 5469 546 5525 urbs
569 5467 794 5538 Tarpeia
820 5467 915 5542 [lt.
945 5467 1132 5540 Roma]
1166 5468 1501 5539 pmpolleret
1530 5483 1543 5518 :
1575 5464 1747 5520 abhis
1789 5461 1992 5531 Grego-

502 5640 527 5671 ⁸
550 5628 755 5692 Germ..
787 5640 1007 5685 censent.
1037 5629 1216 5698 δεῖς..
1240 5627 1542 5680 censebitur.
1577 5623 1769 5698 Sanus.

498 5701 526 5743 δ
552 5702 651 5770 Ed.
673 5712 726 5771 et
750 5702 900 5769 Con,
945 5693 1371 5766 demonstremus.
1421 5700 1627 5762 Get‘m.,
1675 5693 1994 5747 demonstra-

413 5789 606 5830 minus.

1225 5919 1316 5936 ηερ-οι
1331 5919 1362 5925 “
1384 5919 1397 5926 ο

2104 4906 2264 4962 rebus
2294 4912 2560 4967 assertum
2587 4911 2692 4969 est,
2724 4901 3014 4972 Gregorius
3059 4900 3390 4970 competenti
3421 4899 3686 4969 praesagio

2104 4997 2430 5065 nominatur.
2448 4995 2536 5053 Sic
2563 4995 2708 5049 enim
2738 4993 2959 5054 Grzecus
2979 4993 3285 5063 vigilantem
3321 4992 3575 5062 appellat,
3602 4994 3688 5048 hic

2108 5091 2336 5160 denique
2366 5102 2472 5143 non
2497 5087 2670 5142 solum
2701 5084 2911 5141 tertiam
2936 5084 3192 5151 vigiliam,
3225 5085 3320 5140 sed
3341 5084 3482 5154 quod
3513 5081 3687 5153 majus

2105 5189 2190 5236 est
2211 5179 2525 5244 secundam,
2549 5176 2797 5247 quodque
2826 5174 3101 5232 rarissime
3142 5175 3346 5239 videas,
3378 5174 3684 5230 observavit

2108 5283 2162 5330 ct
2187 5273 2408 5346 primam
2437 5287 2450 5323 :
2483 5279 2537 5325 et
2575 5270 2697 5339 quia
2741 5268 2922 5338 iugum
2970 5268 3178 5322 Domini
3208 5268 3276 5320 ab
3317 5266 3683 5322 adolescentia

2108 5367 2356 5438 portavit,
2409 5363 2628 5420 sedebat
2671 5361 2780 5436 [ΑΙ.
2826 5361 3053 5434 sedebit}
3097 5363 3267 5425 solus,
3298 5369 3359 5415 ut
3387 5362 3461 5414 ait
3492 5360 3685 5417 Hiere-

2111 5462 2269 5525 mias,
2295 5457 2381 5512 vel
2407 5463 2553 5512 certe
2592 5468 2759 5524 prope
2798 5452 3100 5513 Martinam.
3134 5452 3203 5509 Ut
3246 5464 3423 5509 autem
3451 5453 3685 5508 aetatula

2179 5629 2202 5658 ο
2231 5618 2320 5674 Sic
2363 5627 2517 5688 recte,
2555 5617 2765 5688 Serg.;_
2800 5615 2873 5688 ita
2928 5617 3072 5688 enim
3119 5615 3395 5688 dicebatur
3433 5612 3680 5686 Gregorii

2103 5704 2255 5750 avus,
2287 5704 2338 5742 ei
2372 5699 2454 5742 est
2481 5686 2721 5754 Gregorii
2755 5686 2934 5741 lectio.
2972 5686 3133 5752 I'Iditi,
3165 5686 3462 5755 Gregorius.

2173 5756 2200 5796 ἀ
2233 5756 2436 5825 Germ.,
2466 5759 2604 5833 quod
2623 5775 2786 5816 sua...
2816 5774 2876 5819 eo,
2898 5758 3229 5818 calumniae
3248 5759 3464 5816 videtur.
