4070 6186
331 331 430 385 H7

1171 331 1413 387 SANCTI
1452 327 1780 388 GREGORII
1825 327 2125 384 I'IPISCOPI
2166 327 2594 388 τυκυκεκδιε.
2636 331 2815 389 V'ITA.

3505 336 3602 396 H8

326 444 495 498 robur
519 441 759 506 admisit,
783 442 1084 497 litterarum
1109 444 1303 499 studiis
1329 445 1690 512 mancipatur,
1720 443 1775 496 in
1798 456 1916 512 qut-
1952 451 2000 503 Α
2027 456 2199 508 primo
2243 439 2420 497 fumus
2463 442 2647 498 odoris
2675 444 2872 519 [Germ
2907 445 3043 500 odor
3090 444 3243 522 furni]
3288 445 3340 502 in
3389 450 3609 506 naribus

327 536 432 587 bus
459 547 493 588 e
511 532 709 599 iuidem
733 532 925 588 studiis
949 534 1195 602 primitus
1221 535 1322 590 sub
1343 535 1499 591 Gallo
1516 535 1796 602 episcopo,
1823 548 1921 587 suo

326 624 590 680 videlicet
616 633 829 694 patruo,
859 638 1053 680 sensus
1090 625 1235 680 illius
1265 626 1564 680 teneritudo
1590 625 1813 680 coaluit.

401 715 469 771 ll.
500 714 636 771 Cum
664 730 796 785 ergo
829 716 940 785 iam
969 716 1024 771 in
1052 716 1325 773 discendis
1365 728 1612 773 notarum
1642 719 1923 774 characte-

324 808 483 864 ribtts
533 815 807 876 ageretur,
834 808 978 864 hunc
1005 809 1187 863 divina
1234 809 1519 879 dispositio
1545 809 1798 866 virtutum
1829 827 1923 865 au-

325 899 517 970 spiciis
549 897 1168 969 initiavit,sanctamque
1195 901 1313 969 ejus
1341 901 1614 956 infantiam
1643 904 1919 972 signorum

324 991 652 1047 ostensione
679 990 1002 1047 nobilitavit.
1036 992 1168 1047 Nam
1193 1005 1345 1063 pater
1364 993 1485 1066 ejus
1516 994 1682 1050 nimia
1715 996 1922 1050 valetu-

322 1085 455 1138 dine
484 1083 914 1153 comprehensus
961 1085 1156 1140 lectulo
1195 1086 1517 1151 decubahat,
1547 1087 1753 1143 intimis
1779 1089 1918 1142 ossi-

325 1175 430 1230 bus
469 1175 634 1231 ardor
683 1175 882 1242 furere,
930 1176 1249 1248 podagricus
1293 1178 1484 1232 humor
1515 1178 1646 1234 foris
1689 1177 1920 1235 intume-

321 1282 502 1336 scere,
534 1283 702 1339 vapor
743 1269 928 1324 aridus
955 1285 1047 1326 ora
1095 1272 1578 1341 perurgere'caapit
1605 1313 1619 1336 ,
1649 1285 1772 1326 cum
1799 1272 1920 1342 qui-

323 1362 453 1415 dam
499 1377 668 1430 puero
711 1364 788 1416 vir
818 1377 916 1432 per
946 1364 1208 1417 visionem
1238 1379 1504 1432 apparens
1538 1363 1742 1418 diceret
1772 1382 1787 1418 :
1821 1363 1922 1419 Le-

323 1451 473 1521 gi~ti,
496 1453 590 1516 ait,
623 1454 813 1508 librum
847 1453 973 1507 Jesu
1013 1454 1193 1508 Nave?
1222 1455 1307 1509 cui
1350 1452 1482 1508 ille:
1518 1454 1684 1522 Nihil,
1721 1454 1917 1524 inquit,

320 1541 471 1595 aliud
515 1543 814 1598 litterarum
849 1553 1044 1613 praeter
1071 1555 1223 1599 notas
1250 1545 1494 1610 attendo,
1520 1560 1745 1614 quarum
1777 1559 1920 1600 nunc

317 1635 587 1691 exercitio
611 1636 940 1692 constrictus
968 1637 1198 1708 aflligor.
1223 1637 1354 1693 Nam
1379 1638 1467 1694 hic
1493 1639 1630 1693 liber
1657 1640 1704 1693 si
1725 1641 1793 1694 sit
1823 1654 1919 1709 pe-

319 1730 476 1784 nitus
513 1729 723 1800 ignoro.
754 1730 936 1786 Etille
969 1748 982 1784 :
1015 1731 1186 1794 Vade,
1218 1731 1412 1801 inquit,
1445 1731 1527 1786 fac
1555 1731 1816 1786 hastulam
1847 1747 1913 1786 ex

2025 533 2194 603 patris
2223 535 2455 601 reﬂavit,
2488 537 2733 605 protinus
2759 538 2937 593 ornnis
2983 537 3076 593 ille
3122 548 3302 594 tumor
3347 540 3610 611 dolorque

2025 625 2292 682 discessit.
2323 627 2377 681 Si
2409 643 2657 699 maguum
2689 637 2774 684 est
2819 643 2884 683 os
2931 629 3206 686 Zacharia
3240 630 3464 687 Joannis
3495 648 3610 689 me-

2025 714 2132 768 ritu
2156 715 2316 770 fuisse
2346 725 2666 783 reseratum,
2698 731 2797 772 nec
2823 717 3101 775 modicum
3135 720 3318 790 utique
3355 732 3439 776 est
3479 723 3608 777 Flo-

2025 806 2259 860 rentium
2291 809 2618 876 uouseuiel,
2637 810 2731 864 sed
2763 808 2846 864 bis
2875 825 2968 879 per
2998 811 3165 864 filium
3187 826 3309 866 esse
3335 820 3607 869 curatum.

2023 895 2316 952 Senserant
2352 914 2416 953 ex
2459 899 2562 954 hoc
2601 900 2762 956 iidem
2799 911 3048 970 parentes
3077 903 3227 972 quod.
3259 903 3452 960 dextro
3482 905 3603 975 pedi

2025 988 2303 1056 potissime
2321 989 2451 1046 forei
2474 993 2785 1058 tnuixurus;
2815 1009 2916 1048 ttec
2937 994 3183 1062 ignorare
3209 1005 3452 1064 poterant
3477 996 3606 1067 quin

2024 1080 2171 1137 illum
2201 1081 2379 1138 divina
2407 1083 2691 1152 dispositio
2716 1086 3112 1142 dexterioribus
3138 1087 3336 1143 offlciis
3363 1089 3603 1156 aptavis-

2025 1183 2128 1230 set.
2153 1175 2322 1242 Quem
2347 1185 2524 1232 tamen
2556 1195 2661 1232 non
2693 1181 2948 1236 continuo
2999 1181 3366 1248 tatonderunt,
3409 1182 3606 1253 ipsius,

2025 1275 2081 1318 ut
2111 1280 2252 1332 reor,
2284 1281 2564 1322 assensum
2593 1268 2645 1322 in
2693 1271 3043 1340 suscipiendo
3090 1271 3347 1328 clericatu
3382 1283 3606 1343 prresto-

2025 1355 2215 1423 lantes,
2248 1356 2543 1413 litterarum
2594 1368 2774 1416 tamen
2812 1362 3008 1417 studiis
3043 1363 3331 1418 instantius
3369 1361 3607 1435 applica-

2023 1447 2195 1501 batur.

2096 1539 2158 1594 γ.
2187 1541 2377 1596 Adhuc
2405 1541 2583 1613 itaque
2611 1544 2803 1612 laicus,
2830 1554 2944 1601 tam
2987 1563 3157 1604 sensu
3184 1563 3344 1620 quam
3375 1563 3606 1618 corpore

2019 1630 2350 1700 adoleverat,
2369 1648 2490 1687 cum
2511 1635 2693 1690 subito
2720 1637 2770 1692 vi
2799 1637 3218 1695 niiniaifebrium
3248 1655 3311 1696 ac
3335 1639 3602 1696 stomachi

2023 1721 2210 1788 pituita
2241 1724 2688 1792 comprehensus,
2719 1727 2883 1798 cmpit
2914 1730 3146 1799 graviter
3173 1742 3458 1799 aegrotare,
3484 1732 3602 1786 Ian-

318 1819 477 1891 tigno
503 1836 624 1891 qua;
656 1823 826 1890 possit,
864 1821 965 1876 hoc
1006 1822 1249 1892 recipere
1295 1837 1512 1888 nomen,
1553 1824 1916 1893 “aptumque
1946 1822 1994 1883 Β
2019 1830 2155 1885 guor
2200 1831 2296 1885 per
2341 1818 2460 1874 dies
2503 1819 2902 1890 ingravescere,
2953 1824 3290 1880 medicinalis
3340 1826 3600 1879 industria

315 1904 389 1966 'ex
422 1920 728 1968 atramento
783 1913 886 1969 sub
924 1916 1130 1982 paterni
1161 1916 1351 1984 capitis
1383 1917 1551 1970 fulcro
1579 1916 1871 1971 collocabis
1897 1934 1910 1969 :

320 2005 470 2074 quod
499 2006 545 2060 si
575 2005 788 2072 feceris,
819 2007 924 2061 erit
949 2007 998 2062 ei
1030 2008 1358 2077 praesidium.
1380 2007 1532 2062 Mane
1561 2007 1724 2076 facto,
1757 2009 1914 2064 matri

319 2095 471 2163 quod
493 2095 701 2150 viderat
730 2095 1016 2155 indicavit:
1046 2109 1290 2154 senserat
1312 2099 1566 2153 nimirum
1592 2101 1762 2154 sancti
1783 2114 1916 2169 puer

321 2187 528 2256 ingenii
560 2203 670 2243 non
695 2203 818 2254 suo,
848 2187 944 2244 sed
985 2190 1172 2244 matris
1192 2189 1412 2259 judicio,
1442 2205 1555 2244 rem
1576 2205 1700 2245 esse
1722 2201 1917 2260 geren-

321 2281 475 2336 dam.
502 2281 657 2336 Tunc
681 2281 768 2336 illa
792 2282 949 2352 jubet
978 2281 1242 2338 visionem
1270 2282 1513 2351 implere.
1557 2282 1776 2338 Factum
1808 2293 1914 2350 est,

323 2384 383 2431 et
414 2385 567 2445 pater
587 2375 657 2431 de
685 2384 960 2432 memento
985 2375 1274 2431 convaluit.
1305 2374 1443 2444 Quid
1466 2389 1598 2432 sane
1621 2376 1913 2432 rationabi-

322 2464 432 2520 Iius
460 2480 620 2536 quam
674 2480 870 2522 nomen
916 2465 1045 2523 Jesu
1093 2469 1178 2524 vel
1210 2468 1411 2537 lignum
1457 2467 1526 2521 ad
1560 2467 1915 2538 reparandam

325 2556 644 2625 sospitatem
674 2559 1034 2629 congrueret?

397 2646 488 2700 ιιι.
514 2647 770 2704 Parentes
819 2649 958 2719 ejus,
988 2657 1048 2705 nt
1078 2664 1268 2707 revera
1297 2650 1511 2708 nobiles
1551 2658 1728 2719 erant,
1774 2661 1827 2708 et
1860 2651 1914 2708 in

323 2736 630 2808 Burgundia
655 2738 835 2795 diﬂ'usl
859 2739 1128 2796 latifundii
1161 2743 1764 2810 possessores.Sanctus
1785 2759 1916 2799 vero

323 2829 589 2897 Nicetius,
619 2830 702 2885 vir
726 2831 889 2886 totius
930 2831 1230 2903 religionis,
1269 2835 1360 2901 qui
1403 2833 1748 2905 Lugdttuensi
1778 2849 1918 2905 prte-

322 2931 445 2977 erat
473 2923 709 2989 civitati,
734 2938 854 2977 cum
879 2924 1116 2994 prmdicti
1143 2934 1392 2992 parentes
1411 2942 1534 2980 eum
1553 2928 1847 2984 vicinarcnt
1861 2937 1914 2996 ι,

325 3028 554 3084 put-rum
589 3013 906 3083 Gregorium
938 3014 1037 3070 sibi
1074 3014 1229 3083 jubet
1269 3015 1458 3072 acciri.
1489 3018 1661 3086 Quem
1695 3028 1918 3074 sanctus

323 3106 411 3160 vir
457 3119 636 3160 coram
690 3107 922 3176 positum
978 3107 1364 3178 aliquantisper
1412 3110 1825 3177 contemplatus,
1861 3117 1916 3164 et

2018 1907 2150 1960 nihil
2179 1909 2458 1976 proficere.
2478 1909 2648 1978 Quem
2679 1921 2900 1981 patruus
2923 1912 3106 1969 Gallus
3136 1915 3444 1986 frequenter
3474 1917 3602 1972 visi-

2017 1996 2182 2060 tabat,
2214 2000 2443 2068 genitrix
2473 2016 2603 2055 vero
2630 2013 2687 2056 ut
2719 2014 2892 2057 mater
2921 2020 3042 2059 eum
3075 2006 3328 2061 lamentis
3356 2007 3602 2074 assidua-

2016 2085 2130 2140 bat.
2159 2087 2266 2142 Sed
2315 2104 2435 2143 cum
2461 2089 2572 2159 jam
2601 2091 2670 2146 de
2701 2090 2936 2146 humano
2961 2094 3163 2149 auxilio
3191 2096 3596 2165 desperaretur,

2015 2178 2230 2234 ctelitus
2277 2179 2604 2236 adolescenti
2648 2193 2955 2252 suggestum
2981 2194 3062 2240 est
3090 2186 3232 2256 quod
3271 2200 3332 2241 se
3355 2187 3422 2241 ad
3461 2187 3604 2242 divi-

2016 2285 2144 2325 num
2183 2270 2476 2327 conferret.
2504 2272 2676 2342 Rogat
2701 2274 2864 2345 igitur
2885 2285 2943 2330 ut
2961 2275 3027 2330 ad
3057 2277 3366 2345 sepulcrum
3395 2278 3458 2336 S.
3486 2277 3599 2334 Illi-

2015 2364 2115 2429 dii,
2144 2374 2261 2419 erat
2305 2367 2448 2420 enim
2486 2366 2657 2434 juxta.
2684 2368 2883 2435 portari
2920 2369 3164 2424 deberet.
3195 2370 3299 2426 Sed
3327 2372 3379 2427 ei
3408 2384 3598 2440 parum

2016 2458 2237 2529 profuit,
2266 2459 2390 2528 quia
2419 2472 2582 2514 causa
2606 2459 2953 2515 differebatur
2971 2477 3092 2532 qua:
3122 2476 3215 2540 per
3238 2462 3367 2518 illud
3395 2462 3600 2519 incom-

2017 2549 2234 2604 modum
2275 2551 2638 2620 quaerebatur.
2673 2551 2824 2608 Domi
2852 2563 3160 2623 reportatus
3187 2559 3258 2610 ita
3287 2556 3454 2625 ctrpit
3481 2564 3602 2626 post

2015 2641 2294 2710 paululunt
2313 2643 2657 2710 tormentari,
2691 2654 2746 2698 ut
2774 2655 3055 2714 putaretur
3078 2645 3146 2701 ad
3168 2648 3370 2702 exitum
3393 2648 3597 2720 urgeri.

2021 2730 2248 2786 Vexatio
2271 2736 2488 2787 tandem
2513 2733 2636 2790 fecit
2656 2749 2872 2789 causam
2899 2735 3145 2807 intelligi,
3169 2738 3484 2792 consolatur
3503 2751 3600 2793 eos

2015 2824 2108 2895 qui
2156 2838 2218 2879 se
2260 2823 2483 2892 ﬂebant,
2516 2825 2745 2882 dicens:
2777 2827 2858 2882 Ad
2901 2828 3205 2898 sepulcrum
3253 2829 3393 2884 beati
3436 2828 3598 2884 Illidii

2016 2931 2105 2972 me
2123 2917 2294 2973 semel
2315 2917 2495 2973 adhuc
2520 2917 2756 2986 deferte;
2793 2919 2925 2975 tldes
2948 2935 3064 2974 mea
3091 2929 3197 2988 est,
3227 2922 3368 2990 quod
3393 2931 3447 2976 et
3469 2923 3599 2977 mihi

2016 3009 2332 3079 sospitatem
2374 3021 2429 3066 et
2475 3011 2625 3066 vobis
2670 3027 2795 3066 mox
2840 3013 3114 3081 praestabit
3160 3013 3420 3068 laetitiam.
3451 3012 3605 3070 Tunc

2017 3117 2149 3157 vero
2197 3102 2308 3158 illic
2357 3102 2692 3174 deportatus,
2724 3118 2857 3160 voce
2884 3120 2988 3173 qua
3029 3114 3244 3174 poterat
3295 3106 3597 3162 orationem

326 3195 516 3251 nescio
538 3195 667 3267 quid
693 3196 932 3252 divinum
962 3198 1014 3251 in
1046 3213 1112 3252 eo
1139 3209 1553 3262 commentatus,
1583 3200 1743 3270 jussit
1771 3202 1910 3255 hunc
1937 3189 1988 3255 Ω
2017 3194 2173 3260 fudit.
2202 3193 2479 3263 spondens
2511 3193 2633 3264 quia
2663 3195 2708 3249 εἰ
2742 3197 2810 3249 ab
2839 3195 2940 3250 hoc
2965 3198 3220 3267 contagio
3249 3198 3598 3267 liberaretur,

325 3288 396 3342 ad
426 3304 508 3358 se,
538 3289 753 3358 jacebat
778 3290 921 3344 enim
951 3289 1003 3342 in
1030 3289 1246 3355 lectulo,
1280 3290 1444 3345 levari
1469 3309 1482 3344 :
1516 3307 1579 3345 ac
1610 3292 1749 3346 velut
1772 3290 1800 3330 1³
1827 3307 1920 3361 pa-

328 3381 496 3436 radisi
543 3382 769 3438 colonus
816 3384 1098 3438 concivem
1150 3384 1254 3438 sibi
1304 3385 1537 3440 futurum
1571 3386 1916 3456 praesagiens,

330 3473 475 3527 ulnis
506 3473 785 3528 astrictum
827 3475 991 3545 erepit
1015 3473 1326 3543 confovere,
1357 3491 1479 3530 cum
1509 3476 1748 3545 quidem,
1778 3474 1918 3542 quod

329 3564 665 3618 reticendum
697 3580 803 3619 non
851 3574 953 3627 est,
996 3565 1068 3619 ita
1098 3565 1338 3622 collohio
1362 3581 1423 3619 se
1455 3576 1621 3618 totum
1655 3565 1916 3631 contexit,

331 3666 386 3707 ut
417 3669 516 3709 nec
546 3656 770 3711 summis
800 3655 982 3727 digitis
1030 3672 1253 3727 puerum
1286 3657 1339 3711 in
1385 3656 1529 3711 nudo
1559 3657 1914 3724 contingeret.

331 3745 446 3801 lloc
473 3763 605 3802 sane
639 3748 905 3804 castitatis
946 3751 1250 3820 exemplum
1307 3749 1475 3805 isdem
1530 3765 1660 3820 puer
1707 3751 1919 3805 adultus

328 3837 672 3892 auditoribus
697 3838 812 3893 suis
840 3837 1152 3908 frequenter
1176 3841 1550 3908 ingerebat,ex
1572 3842 1670 3896 hac
1697 3843 1916 3910 perfecti

331 3927 570 3983 hominis
595 3928 804 3984 cautela
833 3930 1067 3985 suadens
1096 3944 1188 3985 eos
1210 3930 1488 4001 colligere,
1514 3941 1770 4000 quantum
1813 3932 1919 3986 fra-

330 4019 466 4089 giles
494 4018 700 4091 quique
719 4020 949 4077 debeant
972 4021 1170 4090 leporis
1207 4031 1438 4076 attactus
1470 4024 1640 4078 vitare
1673 4035 1719 4078 ε.
1759 4024 1921 4079 Dene-

329 4113 468 4167 dixit
495 4129 625 4185 ergo
669 4129 919 4185 puerum,
960 4123 1015 4169 et
1051 4113 1377 4186 imprecatus
1408 4115 1482 4170 illi
1521 4130 1774 4185 prospera
1804 4117 1920 4172 suis

334 4204 544 4257 remisit
568 4217 716 4260 eum.

404 4298 492 4351 IV.
528 4299 752 4354 Biennio
799 4314 928 4353 vero
960 4307 1082 4366 post
1125 4298 1442 4353 miraculum
1493 4299 1634 4368 quod
1677 4299 1916 4356 diximus

331 4388 502 4446 ferme
552 4401 764 4461 exacto,
791 4391 902 4459 jam
937 4400 1265 4444 memoratus
1306 4373 1627 4446 ’Flurcntius
1673 4392 1911 4446 recidivo

334 4481 591 4548 languore
611 4477 637 4516 ἀ
675 4490 960 4551 captatur:
993 4481 1300 4535 accenditur
1333 4480 1518 4550 febris,
1552 4485 1915 4540 intumescunt

2019 3287 2304 3342 clericatus
2331 3285 2575 3341 habitum
2595 3286 2871 3357 suscipere
2901 3303 3002 3343 nec
3030 3303 3252 3359 prorsus
3278 3301 3601 3347 moraretur.

2023 3380 2263 3445 Dixerat,
2295 3389 2354 3435 et
2394 3380 2564 3434 sensit
2619 3381 2866 3447 protinus
2908 3381 3191 3437 discedere
3238 3383 3462 3446 febrem,
3491 3393 3545 3439 et
3573 3399 3603 3440 a

2022 3473 2241 3526 naribus
2266 3471 2383 3542 ejus
2410 3471 2565 3540 copia
2595 3469 2875 3540 sanguinis
2900 3471 3195 3538 deﬂuente,
3217 3473 3292 3528 sic
3311 3475 3488 3528 omnis
3511 3471 3602 3528 illa

2022 3564 2273 3619 valetudo
2303 3565 2589 3634 disparuit,
2626 3579 2691 3618 ac
2716 3565 2760 3619 si
2791 3565 3000 3635 legatus
3029 3565 3246 3635 quidam
3277 3580 3337 3620 re
3364 3581 3460 3636 pro
3500 3580 3604 3637 qua

2020 3664 2243 3711 venerat
2291 3657 2534 3722 obtenta,
2584 3654 2867 3711 discedere
2916 3655 3243 3712 festinaret:
3277 3661 3348 3712 ita
3395 3673 3604 3714 comam

2020 3748 2293 3817 deposuit,
2342 3758 2396 3802 et
2445 3763 2504 3803 se
2549 3747 2748 3803 divinis
2801 3747 3074 3818 obsequiis
3121 3763 3188 3805 ex
3238 3758 3353 3805 toto
3397 3751 3604 3805 manci-

2023 3839 2181 3908 pavit.

2099 3930 2182 3984 Vl.
2211 3928 2344 3986 Cum
2387 3945 2516 3986 vero
2543 3941 2762 3988 sanctus
2796 3933 2982 3988 Gallus
3016 3933 3081 3987 ad
3108 3932 3388 3989 emeritam
3434 3932 3606 3989 beata

2022 4020 2150 4075 vitae
2198 4035 2453 4077 coronam
2497 4032 2800 4090 vocaretur,
2829 4024 2911 4078 vir
2943 4024 3151 4079 Domini
3198 4025 3384 4080 Avitus
3423 4024 3606 4081 adole-

2020 4122 2256 4166 scentem
2287 4114 2543 4182 suscepit,
2575 4115 2665 4184 qui
2694 4131 2813 4170 cum
2835 4118 2953 4185 ejus
2981 4117 3251 4188 ingenium
3288 4132 3608 4188 morumque

2023 4203 2389 4259 habitudinem
2427 4207 2837 4274 explorat'isset,
2869 4210 3245 4280 magistrorum
3272 4211 3620 4282 diligentiam;

2021 4296 2285 4362 adhibuit,
2310 4300 2370 4351 et
2413 4308 2608 4366 quanta
2643 4301 2723 4354 vel
2770 4301 2936 4367 ipsius
2987 4302 3269 4368 industria,
3300 4305 3384 4359 vel
3412 4319 3601 4359 eorum

2021 4389 2277 4446 sedulitas
2303 4393 2586 4448 velocitate
2618 4404 2843 4464 poterat,
2873 4397 2938 4450 ad
2969 4411 3146 4451 arcem
3174 4396 3450 4468 sapientiae
3477 4413 3605 4466 pro-

2020 4480 2186 4536 vexit.
2211 4482 2334 4537 Haec
2366 4484 2416 4536 in
2448 4483 2565 4538 Vita
2604 4483 2808 4552 praefati
2841 4483 2997 4540 lllidii
3027 4487 3281 4554 reperies.
3307 4485 3475 4540 Porro
3513 4501 3608 4541 au-

333 4573 516 4640 pedes,
551 4572 703 4626 dolor
730 4573 1001 4641 pessimus
1025 4574 1188 4642 pedes
1227 4573 1519 4643 intorquet;
1559 4576 1911 4644 perendinata
1945 4560 1998 4622 D
2026 4578 2131 4625 tem
2160 4571 2215 4626 in
2255 4573 2528 4628 discendis
2557 4574 2852 4630 litterarum
2892 4575 3085 4631 studiis
3105 4590 3169 4630 ea
3195 4590 3255 4631 se
3279 4576 3606 4633 discretione

333 4664 496 4731 pestis
549 4662 821 4717 hominem
868 4664 1213 4727 contriverat,
1241 4663 1352 4733 jam
1387 4681 1524 4733 pene
1573 4667 1922 4723 conclavatus

327 4751 564 4821 jacebat.
597 4751 800 4808 Interea
852 4769 983 4823 puer
1013 4754 1145 4808 vidit
1177 4754 1372 4809 iterum
1405 4758 1456 4809 in
1486 4771 1679 4812 somno
1725 4773 1916 4828 perso-

331 4861 452 4898 nam
481 4858 608 4901 sese
652 4854 900 4900 utrumne
946 4845 1141 4900 librum
1176 4847 1356 4902 Tobiae
1399 4850 1667 4920 cognitum
1698 4850 1919 4910 haberet

333 4936 774 5004 interrogantem.
828 4937 1125 5005 Respondit
1165 4954 1180 4990 :
1232 4937 1602 5008 Nequaquam.
1642 4940 1744 5005 Qui
1795 4943 1915 4997 ait:

330 5025 559 5082 Noveris
588 5027 732 5082 hunc
775 5028 938 5083 fuisse
966 5043 1197 5095 czecunt,
1221 5037 1384 5098 atque
1418 5045 1512 5097 per
1536 5029 1702 5084 ﬁliuni
1733 5045 1799 5086 ex
1837 5033 1919 5101 je-

329 5131 458 5171 cnre
488 5118 650 5187 piscis
678 5118 870 5187 angelo
892 5119 1185 5173 comitante
1214 5129 1457 5173 curatum
1488 5137 1500 5172 :
1536 5129 1592 5175 tu
1636 5122 1798 5191 igitur
1831 5124 1919 5178 fac

331 5211 605 5277 similiter,
634 5220 688 5264 et
714 5210 1006 5265 salvabitur
1049 5210 1260 5279 genitor
1290 5221 1433 5268 tuus.
1461 5211 1586 5267 llaec
1634 5213 1727 5269 ille
1759 5216 1916 5270 matri

331 5300 515 5354 retulit
551 5318 563 5352 :
594 5315 712 5370 qua:
742 5300 1030 5355 confestim
1075 5315 1274 5370 pueros
1303 5300 1368 5353 ad
1408 5316 1622 5356 amnem
1671 5303 1868 5357 direxit
1899 5320 1914 5358 :

329 5391 494 5461 piscis
523 5395 752 5464 capitur,
773 5409 891 5459 qua:
918 5393 986 5447 de
1015 5392 1134 5461 ejus
1160 5392 1300 5448 extis
1317 5393 1468 5462 jussa
1493 5391 1708 5450 fuerant
1730 5398 1918 5464 prunis

329 5484 700 5554 imponuntur.
733 5483 850 5540 Non
900 5481 1090 5541 fefellit
1117 5484 1331 5541 virtutis
1385 5493 1633 5555 eventus,
1663 5496 1720 5544 ut
1767 5491 1910 5545 enim

429 5668 451 5696 ι
467 5652 676 5718 Geram,
697 5653 830 5723 ejus.
855 5650 1031 5720 εει-ς..
1059 5649 1105 5706 εἱ
1125 5649 1488 5723 uicinarentur.

426 5723 643 5790 ὕδρης..
668 5718 736 5774 ad
758 5738 814 5775 se
838 5718 1074 5777 accedere
1116 5718 1320 5801 jacrbat
1345 5722 1478 5776 enim
1509 5720 1570 5777 in.
1593 5719 1802 5789 lectulo,
1827 5736 1909 5778 ve-

331 5796 483 5852 ωε...
511 5809 825 5864 ρητσσςαηδ.

2027 4664 2286 4732 exercuit,
2329 4674 2388 4721 ut
2412 4676 2637 4736 utraque
2680 4666 2951 4722 nimietate
2991 4678 3246 4723 careret:
3279 4683 3378 4723 nec
3423 4680 3609 4738 poeta—

2025 4771 2146 4812 rum
2177 4760 2378 4814 naanias
2400 4774 2465 4814 ex
2496 4768 2613 4814 toto
2637 4761 2904 4828 horreret,
2928 4776 3027 4817 nec
3047 4751 3244 4829 tamen,
3263 4772 3319 4819 ut
3340 4765 3608 4833 plerisque

2028 4868 2145 4908 mos
2187 4866 2290 4920 est,
2322 4854 2389 4909 iis
2434 4853 2769 4910 indecentius
2825 4855 3058 4923 harrens,
3104 4872 3288 4912 earum
3340 4857 3608 4913 lenocinia

2027 4954 2208 5000 mente
2243 4945 2609 5002 ancillaretur.
2641 4946 2789 5002 Fecit
2827 4948 2982 5002 enim,
3003 4949 3143 5017 quod
3171 4949 3401 5014 suﬂ‘ecit,
3435 4949 3606 5004 aciem

2026 5036 2207 5091 cordis
2233 5037 2396 5094 veluti
2413 5038 2481 5092 ad
2510 5039 2793 5107 quamdam
2825 5049 2998 5094 cotem
3030 5041 3259 5106 exacuit,
3277 5048 3329 5094 et
3361 5040 3436 5093 ita
3448 5052 3590 5109 quas

2025 5126 2094 5182 ab
2125 5126 2389 5198 Egyptiis
2420 5142 2542 5182 vasa
2574 5143 2734 5184 aurea
2780 5138 3149 5199 promutuans,
3183 5139 3236 5184 et
3265 5129 3611 5184 ad-eremum

2025 5235 2129 5289 qua
2156 5221 2298 5292 imas.
2322 5218 2450 5292 quo]
2477 5236 2676 5277 manna
2700 5224 3018 5277 comederet.
3037 5220 3365 5291 demigraus,
3395 5220 3449 5274 in
3479 5235 3605 5289 per-

2023 5313 2327 5367 scrutandis
2353 5313 2659 5368 divinarum
2693 5314 3086 5384 Scripturarum
3130 5312 3488 5381 potentatibus
3518 5312 3603 5366 in-

2024 5401 2202 5458 travit.
2225 5402 2376 5470 Quod
2405 5404 2519 5471 ipse
2539 5404 2609 5459 de
2635 5418 2694 5459 se
2727 5405 2952 5474 loquens
2980 5401 3216 5458 ostendit
3237 5401 3461 5458 dicens:
3487 5401 3602 5457 Non

2022 5506 2124 5565 ego
2149 5493 2368 5550 Saturni
2393 5495 2592 5566 fugam,
2625 5512 2731 5551 non
2754 5495 2979 5552 lunonis
2999 5496 3157 5562 iram,
3177 5510 3283 5551 non
3312 5495 3460 5553 lovis
3487 5504 3598 5551 stne

2098 5663 2121 5692 °
2157 5652 2281 5721 Ed.,
2304 5653 2518 5708 debeant
2545 5660 2709 5708 tactus
2730 5652 2906 5708 vitare.

2093 5722 2120 5761 ἀ
2151 5723 2255 5781 Alii
2284 5738 2410 5782 mss.
2421 5764 2438 5793 ,
2469 5724 3104 5795 redivivo.,Ed.,retfivivo
3131 5725 3308 5783 dolore
3333 5733 3594 5798 {dplde
