4040 6186
498 315 610 376 123

1426 317 1671 379 8ΑΝοΤ1
1712 318 2044 383 ςῐιεϐοίιιι
2084 317 2390 379 EPISCUPI
2432 319 2857 379 TURONENSIS

3671 323 3771 382 iu

497 434 554 492 in
577 433 937 506 descriptione
964 432 1341 489 miraculorum
1363 431 1437 490 ita
1458 433 1704 506 dirigitur
1731 444 1779 502 ⁸,
1801 443 1860 491 ιιι
1888 435 2082 491 merito
2111 436 2162 496 Α
2192 435 2330 504 puit,
2360 442 2418 488 ut
2456 449 2554 488 nec
2578 449 2639 490 ea
2669 448 2790 504 quas
2815 434 2925 506 jam
2955 434 3383 508 apprehenderat
3409 437 3548 492 ultra
3579 453 3682 495 nec
3706 438 3775 494 ad

499 526 755 583 lectorem
780 525 1011 582 delectet
1041 540 1058 579 :
1086 526 1131 580 si
1160 525 1376 596 quidem
1405 537 1462 581 ut
1488 526 1756 583 discretus
1783 538 1839 583 et
1868 527 2085 584 humilis

495 629 752 687 corporea
783 615 1172 671 medicamenta
1211 615 1312 672 sibi
1362 615 1652 672 adhibebat
1687 616 1958 688 primitus,
1986 619 2085 675 sed

493 716 696 777 quanto
719 706 806 762 illa
832 706 1085 762 humilius
1111 707 1426 776 expetebat,
1453 706 1726 777 indignum
1753 723 1813 763 se
1835 706 2085 778 judicans

493 798 580 852 cui
613 797 818 852 medela
861 811 958 865 per
995 797 1314 852 miraculum
1344 797 1460 852 dari
1488 796 1794 864 debuisset,
1827 807 1978 853 tanto
2003 799 2086 852 di-

491 885 617 940 vina
644 886 862 955 largitas
891 886 1033 941 hunc
1055 885 1121 941 ad
1153 888 1319 942 aolarn
1342 901 1455 941 sua:
1485 887 1739 956 potentia:
1759 887 2079 943 medicinam

493 977 832 1033 reservabat.
855 977 1094 1049 Contigit
1119 979 1406 1049 aliquando
1435 985 1496 1035 ut
1519 979 1678 1034 solita
1707 979 1849 1036 beati
1875 980 2084 1037 Martini

491 1070 691 1124 virtute
717 1071 787 1125 ab
813 1072 970 1125 unius
995 1073 1252 1138 temporis
1281 1070 1470 1127 dolore
1495 1081 1803 1138 sanaretur,
1832 1073 1920 1129 cui
1963 1082 2086 1143 post

492 1162 766 1235 paululum
809 1165 1064 1234 cogitatio
1104 1180 1200 1236 per
1227 1165 1596 1221 insidiatorem
1642 1166 1802 1222 subiit
1853 1166 2080 1236 injecta,

491 1256 635 1326 quod
668 1254 850 1324 pulsus
878 1256 967 1311 ille
992 1271 1246 1312 venarum
1274 1257 1551 1326 sanguinis
1583 1266 1763 1328 posset
1787 1257 2084 1316 minutione

490 1345 690 1402 sedari.
723 1347 858 1403 Dum
903 1348 956 1403 id
984 1349 1124 1419 apud
1154 1348 1212 1404 s‘e
1255 1349 1531 1416 volveret,
1564 1351 1844 1405 amborum
1877 1361 2084 1422 tempo-

491 1452 613 1495 rum
656 1453 805 1495 venaa
847 1441 1162 1509 prosiliunt,
1193 1450 1479 1497 renovatus
1517 1442 1672 1498 dolor
1708 1443 1985 1499 ardentius
2011 1443 2081 1499 ir-

491 1527 733 1598 rumpit,
779 1529 872 1584 sed
927 1528 1019 1584 ille
1060 1529 1304 1584 concitus
1340 1529 1407 1585 ad
1461 1530 1738 1587 basilicam
1791 1541 2080 1604 properat,

487 1618 702 1673 veniam
733 1618 877 1689 prius
917 1633 1013 1691 pro
1038 1620 1362 1692 cogitatione
1405 1631 1670 1691 precatur,
1699 1621 1898 1679 dehinc
1942 1624 2080 1694 palla

492 1712 664 1768 sancti
693 1713 925 1782 sepulcri
951 1721 1112 1783 caput
1141 1711 1333 1785 attigit,
1364 1721 1420 1769 et
1449 1715 1590 1770 illico
1612 1729 1776 1770 sanus
1795 1716 2078 1773 abscessit.

2195 525 2462 580 modicum
2484 529 2725 582 ustulare
2747 537 2952 597 posset.

2258 635 2422 692 XVII.
2461 635 2633 694 Causa
2679 635 2860 695 fuerat
2886 654 2990 710 qua
3020 639 3288 698 Remense
3332 639 3777 712 oppidumadire

2187 725 2466 796 debuerit,
2511 743 2742 801 cumque
2787 731 2857 787 ab
2911 731 3102 804 Egidio
3158 732 3413 802 pontiﬂce
3467 734 3776 793 humanitus

2189 816 2376 875 fuisset
2404 833 2682 892 exceptus,
2717 823 2914 880 ibidem
2947 835 3108 879 noctu
3140 825 3372 894 quievit,
3395 824 3450 881 in
3480 829 3772 884 crastinum

2188 921 2321 963 vero
2367 909 2711 968 illucescente
2759 913 3035 969 Dominica
3075 915 3144 970 ad
3192 914 3476 970 ecclesiam
3521 917 3774 989 episeopo

2187 997 2551 1055 collocuturns
2579 1003 2744 1057 venit.
2770 1003 2906 1059 Cum
2932 1005 3052 1074 ejus
3077 1004 3366 1061 adventum
3397 1006 3450 1061 in
3482 1011 3774 1066 secretario

2186 1091 2610 1160 prastolaretur,
2641 1093 2858 1150 nolebat
2896 1097 3038 1150 enim
3070 1095 3124 1151 in
3154 1099 3381 1153 ecclesia
3422 1099 3600 1169 loqui,
3633 1104 3775 1172 Sygo

2186 1178 2588 1239 referendarius
2617 1184 2888 1254 quondam
2935 1185 3196 1258 Sigiberti
3239 1190 3382 1260 regis
3411 1190 3477 1243 ad
3526 1205 3647 1247 eum
3680 1206 3775 1248 ac-

2184 1272 2382 1339 cessit,
2427 1289 2585 1344 quem
2628 1276 2720 1333 ilIe
2761 1278 3058 1334 osculatum
3104 1278 3297 1335 sedere
3329 1279 3480 1350 juxta
3524 1296 3584 1337 se
3628 1281 3772 1337 fecit.

2187 1361 2323 1418 Dum
2350 1364 2734 1438 aliquantisper
2753 1381 2939 1426 secum
2965 1371 3480 1442 sermocinarentur,
3506 1385 3560 1430 et
3591 1374 3682 1430 ille
3703 1375 3773 1432 de

2183 1470 2279 1512 ore
2305 1456 2549 1530 Gregorii
2583 1461 2859 1530 penderet,
2880 1463 3058 1519 subito
3082 1465 3227 1520 auris
3251 1465 3390 1535 ejus,
3413 1481 3533 1536 qua:
3562 1467 3767 1538 pridem

2184 1551 2573 1625 obsurduerat,
2602 1570 2725 1612 cum
2769 1558 3003 1628 quodam
3044 1559 3249 1628 crepitu
3292 1559 3492 1632 [Germ
3521 1562 3770 1635 strepitu]

2183 1656 2420 1698 reserata
2449 1656 2552 1702 est.
2579 1646 2674 1703 Ille
2699 1649 2906 1716 gratias
2931 1651 3096 1720 coepit
3137 1666 3318 1720 agere,
3349 1663 3404 1708 et
3442 1653 3570 1724 quid
3597 1655 3646 1710 ei
3677 1669 3773 1724 per

2183 1731 2503 1803 Gregorium
2547 1737 2841 1805 praestitum
2876 1739 2944 1795 sit
2987 1741 3351 1799 manifestare.
3393 1742 3501 1799 Sed
3544 1746 3626 1800 vir
3663 1746 3769 1800 Do-

564 1823 680 1879 ιν.
723 1824 910 1888 Multa,
935 1821 1133 1892 fateor,
1164 1824 1217 1881 in
1243 1825 1488 1881 laudibus
1510 1827 1844 1883 diversorum
1858 1828 1971 1900 jam
1992 1829 2078 1883 (Ε-
2113 1818 2159 1880 Β
2183 1823 2349 1891 mini,
2378 1837 2654 1883 consuete
2682 1844 2788 1883 non
2828 1831 3115 1888 immemor
3142 1832 3474 1903 humilitatis,
3504 1836 3773 1895 hominem

489 1924 764 1987 gesserat,
794 1916 889 1971 sed
935 1918 1181 1986 quamvis
1210 1933 1397 1972 amore
1444 1918 1660 1974 Martini
1706 1919 2076 1978 vehementius

487 2004 809 2073 lnferveret,
843 2008 909 2062 ad
941 2023 1004 2063 ea
1037 2016 1213 2064 tamen
1245 2023 1366 2078 quas
1391 2008 1460 2064 de
1487 2012 1606 2078 ejus
1634 2012 1910 2069 miraculis
1935 2013 2074 2069 scri-

485 2097 663 2156 benda
686 2109 875 2165 erant,
906 2115 967 2156 se
998 2101 1302 2159 nullatenus
1327 2103 1545 2174 dignum
1569 2105 1876 2175 judicabat,
1903 2106 2077 2165 donec

486 2188 575 2247 bis
598 2199 652 2246 et
682 2200 764 2245 ter
794 2206 889 2260 per
916 2205 1166 2261 soporem
1194 2193 1518 2261 admonitus,
1553 2197 1598 2251 si
1629 2206 1833 2253 taceret
1868 2200 2076 2257 crimen

483 2280 764 2341 incurrere
793 2287 1110 2343 minaretur.
1147 2288 1385 2359 Denique
1427 2292 1723 2345 oratorium
1752 2294 1922 2347 sancti
1952 2294 2075 2351 Ste-

487 2375 651 2447 phani
701 2377 842 2445 quod
873 2378 926 2433 in
968 2378 1226 2434 suburbio
1256 2374 1339 2434 es't
1366 2380 1602 2450 jusserat
1647 2382 1954 2454 prolongari
1973 2424 1990 2450 ,
2022 2394 2077 2439 et

483 2467 654 2524 altare
675 2480 733 2524 ut
762 2479 877 2525 erat
903 2471 1168 2543 integrum
1197 2471 1248 2527 in
1273 2481 1430 2528 antea
1459 2475 1796 2543 promoveri,
1824 2477 1918 2531 sed
1949 2477 2074 2547 quia

484 2561 620 2618 nihil
647 2561 715 2619 de
742 2564 1056 2634 pignoribus
1089 2564 1286 2620 ibidem
1313 2568 1547 2635 reperit.
1577 2581 1738 2624 unum
1769 2583 1837 2624 ex
1867 2570 2078 2626 abb‘ati-

486 2651 608 2716 bus,
648 2662 707 2708 ut
752 2655 994 2724 ejusdem
1049 2657 1300 2727 martyris
1350 2657 1607 2728 reliquias
1649 2660 1963 2727 exhiberet,
2008 2664 2074 2718 ad

485 2744 816 2816 episcOpium
835 2787 851 2812 ,
877 2747 1084 2804 clavem
1113 2758 1290 2805 tamen
1330 2750 1532 2807 oblitus
1561 2751 1790 2819 direxit,
1821 2755 1912 2826 qui
1950 2770 2080 2826 cap-

484 2851 602 2892 sam
647 2838 954 2894 obseratam
988 2841 1262 2910 reperiens
1297 2841 1425 2913 quid
1455 2842 1657 2900 faceret
1680 2843 1958 2901 dubitabat
1985 2865 1999 2900 :
2029 2850 2073 2902 si

483 2931 550 2984 ad
594 2931 906 3000 episcOpum
940 2947 1035 3002 pro
1061 2935 1215 2990 clave
1259 2935 1495 3000 rediret,
1528 2951 1801 2992 morosum
1850 2949 1996 3006 erat;
2029 2941 2077 2996 si

482 3037 698 3093 capsam
726 3023 1052 3080 exhibuiSset
1069 3065 1086 3090 ,
1109 3026 1180 3081 ob
1202 3027 1492 3083 multorum
1522 3027 1742 3098 pignora
1767 3039 2074 3087 sanctorum

482 3129 603 3182 quae
651 3114 722 3170 ibi
768 3116 1202 3183 continebantur,
1255 3117 1544 3173 molestum
1583 3118 1634 3174 ei
1680 3132 1801 3175 esse
1849 3120 2074 3177 sciebat.

2177 1913 2247 1969 ab
2275 1913 2376 1970 hac
2400 1917 2761 1975 aestimatione
2781 1920 3083 1978 subducere
3107 1923 3322 1979 nitens:
3353 1925 3506 1994 Noli,
3530 1927 3636 1992 ait,
3663 1927 3758 1983 dul

2175 2005 2394 2062 cissime
2443 2007 2554 2078 lib,
2583 2009 2712 2065 mihi
2743 2011 2944 2082 aliquid
2992 2015 3180 2084 gratias
3224 2015 3451 2085 referre,
3491 2017 3586 2074 sed
3618 2019 3774 2074 beato

2176 2097 2402 2154 Martino
2433 2115 2530 2168 per
2556 2101 2712 2172 cujus
2744 2102 3022 2175 reliquias,
3055 2106 3182 2162 licet
3212 2107 3482 2180 indignus,
3512 2125 3647 2178 quas
3677 2112 3774 2168 de-

2177 2187 2313 2256 fero,
2341 2189 2445 2245 tibi
2475 2191 2688 2247 auditus
2716 2203 2802 2249 est
2829 2194 3077 2251 redditus
3105 2204 3162 2253 et
3189 2197 3426 2257 surditas
3450 2200 3700 2272 depulsa.

2249 2299 2432 2357 XVIII.
2470 2303 2649 2361 Virtus
2679 2322 2908 2378 namque
2937 2309 3214 2368 cbaritatis
3241 2313 3296 2368 in
3327 2313 3420 2369 illo
3449 2317 3772 2386 praemine-

2178 2391 2269 2449 bat
2297 2394 2434 2450 adeo
2461 2405 2521 2451 ut
2548 2398 2680 2466 ipsis
2707 2400 2938 2456 inimicis
2964 2403 3213 2460 allectum
3239 2404 3544 2464 dilectionis
3565 2409 3773 2479 impen-

2177 2485 2369 2553 deret,
2403 2496 2463 2541 nt
2506 2492 2758 2559 sequenti
2811 2493 3012 2560 patebit
3059 2496 3328 2565 exemplo.
3355 2497 3598 2563 Quodam
3625 2501 3771 2558 enim

2178 2585 2424 2646 tempore
2451 2579 2649 2635 factum
2672 2591 2756 2638 est
2773 2623 2788 2650 ,
2812 2593 2869 2639 ut
2888 2585 2956 2640 ad
2980 2587 3339 2643 venerabilem
3368 2599 3591 2647 matrem
3619 2608 3772 2649 suam

2154 2669 2234 2724 in
2288 2669 2648 2741 Burgundiam
2682 2684 3020 2746 properaret.
3051 2676 3107 2732 in
3138 2679 3306 2750 sylvis
3335 2694 3465 2736 vero
3507 2681 3768 2754 abiegnis,

2178 2778 2298 2834 qua:
2349 2775 2500 2822 trans
2533 2766 2808 2823 Verberim
2841 2767 2869 2809 ιι
2899 2768 3119 2825 ﬂuvium
3167 2774 3287 2827 sita:
3331 2781 3486 2838 sunt,
3535 2775 3772 2833 latrones

2177 2859 2435 2927 lncurrit,
2473 2859 2567 2930 qui
2597 2869 2748 2916 tanto
2781 2862 2984 2932 impetu
3012 2877 3175 2928 super
3201 2863 3512 2922 comitatum
3541 2866 3660 2938 ejus
3689 2868 3769 2924 ir-

2177 2964 2338 3006 ruere
2371 2953 2473 3006 nisi
2501 2963 2627 3007 sunt
2645 2995 2662 3020 ,
2691 2963 2750 3012 ut
2779 2969 2886 3009 non
2919 2955 3079 3010 modo
3108 2971 3203 3012 eos
3231 2957 3555 3028 exspoliare,
3587 2960 3684 3016 sed
3713 2969 3770 3016 et

2177 3045 2429 3099 occidere
2455 3045 2593 3101 velle
2621 3055 2961 3116 putarentur.
2979 3047 3219 3114 Quorum
3241 3051 3448 3104 assultu
3475 3049 3769 3128 Gregorius

2178 3138 2367 3192 terreri
2400 3153 2506 3194 non
2537 3142 2740 3210 potuit,
2770 3141 2859 3210 qui
2891 3141 3141 3210 praesidio
3188 3142 3400 3198 Martini
3437 3145 3769 3215 circumsep-

483 3203 618 3260 Cl'm
647 3207 808 3306 Ῐῌίῑιπ
836 3209 1067 3306 allud“se
1113 3209 1392 3306 ιιαῗείθεθίο
1422 3219 1482 3264 ιιι
1509 3210 1690 3265 (“Villa
1720 3214 1891 3281 ενδιίι
1937 3226 2069 3306 ϐοεξ-
2101 3193 2149 3256 C
2180 3239 2264 3282 tus
2295 3193 2606 3294 incedebat,-
2635 3193 2945 3299 cuj'us‘morx
2960 3193 3519 3306 ﬂagitans
3559 3236 3629 3291 ita
3661 3193 3768 3292 sibi

483 3299 806 3366 peratricem
863 3312 925 3354 se
975 3296 1235 3369 Gregorio
1288 3308 1599 3365 testaretur,
1648 3315 1864 3370 capsam
1922 3303 2072 3357 exsi-

482 3388 736 3445 lientibus
786 3391 1054 3462 repagulis
1097 3389 1290 3458 aspicit
1331 3399 1647 3446 reseratam.
1677 3391 1827 3446 Tunc
1873 3397 2073 3463 gratias

480 3495 666 3549 agens,
694 3480 947 3548 reliquias
973 3496 1079 3535 non
1103 3481 1222 3535 sine
1243 3479 1599 3537 admiratione
1626 3482 1913 3538 multorum
1939 3483 2073 3541 Gre-

481 3572 633 3641 gorio
659 3569 886 3637 detulit,
915 3571 1005 3641 qui
1035 3586 1282 3627 reversus
1307 3586 1521 3642 capsam
1551 3581 1610 3626 ut
1639 3573 1928 3644 reliquerat
1957 3576 2060 3631 ob-

481 3668 721 3716 aeratam
752 3659 982 3716 invenit.
1605 3679 1612 3682 ·

533 3771 693 3844 _XVI.
738 3772 898 3827 Multa
944 3769 1159 3842 quidem
1198 3771 1513 3843 Gregorius,
1542 3789 1662 3844 quae
1706 3774 1913 3846 insequi
1956 3777 2074 3834 lon-

480 3876 605 3934 gum
637 3871 814 3929 esset,
849 3863 902 3917 in
946 3862 1120 3916 salute
1163 3862 1526 3931 languentium
1569 3865 1914 3934 operabatur,
1950 3883 2072 3939 qua:

481 3962 659 4009 tamen
681 3953 784 4009 sub
803 3953 1024 4009 obtentu
1045 3962 1352 4010 sanctorum
1372 3996 1388 4020 ,
1414 3972 1642 4026 quorum
1667 3959 1924 4030 reliquias
1951 3979 2073 4033 per-

479 4045 608 4102 inde
659 4046 898 4113 ferebat,
939 4060 968 4098 a
1014 4046 1129 4102 suis
1179 4047 1389 4102 meritis
1442 4049 1731 4106 excludere
1781 4052 2067 4110 nitebatur.

479 4135 614 4192 Cum
662 4136 879 4207 quidem
927 4135 1041 4190 haec
1088 4143 1239 4192 tanto
1265 4139 1452 4192 verius
1499 4153 1592 4206 per
1633 4140 1806 4209 ipsum
1841 4141 2068 4212 ﬂebant,

479 4241 680 4300 quanto
710 4230 825 4300 ipse
873 4229 1127 4284 humilius
1169 4231 1288 4285 aliis
1337 4231 1640 4297 tribuebat,
1686 4241 1744 4288 ut
1790 4243 1875 4289 est
1915 4233 2068 4289 illud.

480 4322 614 4378 Cum
656 4321 942 4390 aliqua-do
974 4337 1068 4390 per
1096 4322 1235 4376 viam
1275 4324 1589 4393 graderctur
1633 4334 1688 4379 et
1733 4341 1947 4382 crucem
1978 4342 2074 4381 au-

479 4430 624 4471 ream
649 4428 770 4470 cum
795 4412 1032 4484 reliquiis
1059 4414 1229 4470 beatae
1256 4413 1433 4468 Marias
1474 4429 1687 4483 semper
1714 4415 1956 4484 virginis,
1983 4416 2069 4473 vel

478 4508 622 4564 beati
672 4507 884 4562 Martini
912 4506 1054 4561 collo
1081 4515 1355 4576 gestaret,
1389 4505 1529 4560 haud
1564 4506 1745 4576 procul
1790 4521 1818 4563 a
1851 4509 1935 4561 via
1975 4522 2071 4561 cu-

474 4601 687 4674 jusdam
719 4615 918 4670 pattpt'l'
939 4613 966 4655 s
993 4598 1336 4667 hospitiolum
1387 4597 1636 4654 incendio
1658 4598 1920 4669 conspicit
1942 4615 2071 4656 con-

465 4691 730 4748 cremari.
779 4691 904 4744 Erat
944 4700 1154 4754 autem,
1189 4701 1245 4744 ut
1283 4697 1367 4746 est
1411 4691 1464 4745 in
1507 4692 1695 4746 usibus
1734 4706 2067 4763 pauperum,

478 4785 622 4841 foliis
650 4794 811 4854 atque
836 4783 1171 4838 surculorum
1200 4784 1438 4850 cremiis,
1472 4784 1672 4855 ignium
1703 4785 1957 4842 videlicet
1983 4787 2067 4843 fo-

479 4876 696 4941 mentis,
725 4882 1055 4928 coutectnm.
1086 4873 1195 4927 llac
1223 4873 1453 4942 illacque
1481 4877 1644 4932 miser
1667 4892 1791 4932 cum
1821 4893 1988 4935 uxore
2010 4888 2066 4936 et

476 4967 659 5026 liberis
702 4967 966 5023 cursitare
1008 4977 1064 5023 et
1110 4977 1376 5036 strepere.
1405 4983 1600 5039 aquam
1645 4972 1936 5040 advehere,
1968 4973 2063 5028 sed

478 5064 855 5133 nequicquam.
885 5058 1003 5115 iam
1044 5059 1272 5114 ﬂamma:
1303 5063 1726 5130 pra-:valuerant,
1767 5077 1868 5120 nec
1915 5072 2068 5134 pote-

477 5161 600 5208 rant
627 5152 876 5224 mitigari.
905 5151 1059 5207 Tunc
1087 5165 1215 5206 vero
1238 5150 1530 5222 Gregorius
1559 5155 1821 5221 accurrit,
1851 5164 1906 5210 et
1935 5171 2066 5211 cou-

475 5253 560 5300 tra
590 5243 925 5299 ﬂammarum
954 5243 1145 5313 globos
1185 5255 1402 5297 crucem
1447 5243 1707 5310 elevavit,
1738 5259 1969 5315 moxque
2010 5245 2063 5299 in

475 5343 697 5404 aspectu
723 5344 1031 5390 sanctarum
1063 5332 1410 5404 reliquiarum
1437 5333 1509 5388 ita
1541 5340 1686 5389 totus
1715 5334 1849 5403 ignis
1877 5337 2064 5390 obstu-

550 5501 574 5531 "
605 5493 783 5561 Serg.,
812 5492 930 5546 Hoc
972 5509 1107 5561 πρε
1147 5492 1298 5562 [iebat
1337 5492 1542 5560 quando
1571 5501 1659 5546 aut
1703 5493 1970 5560 (nonaliter
2009 5493 2063 5548 in

472 5565 777 5620 discretione
800 5563 1161 5617 miraculorum
1181 5566 1253 5616 ita
1275 5563 1544 5632 digeritur,
1575 5572 1628 5616 ut
1646 5603 1661 5628 ,
1687 5571 1794 5617 etc.

551 5634 580 5676 δ
613 5634 869 5705 Papyrius
895 5634 1070 5705 lasso
1114 5633 1242 5705 lt‘gtl
1288 5633 1529 5705 Ararim;
1557 5636 1652 5705 sed
1685 5633 2056 5705 nestraglectro

2175 3324 2365 3379 adesse
2389 3337 2642 3394 expertus
2663 3337 2776 3393 est,
2807 3339 2865 3383 ut
2891 3329 3130 3386 latrones
3151 3332 3569 3403 velociusquam
3594 3349 3768 3390 eruer-

2175 3426 2358 3471 serant
2404 3413 2584 3486 fugam
2641 3419 2858 3475 inirent.
2891 3423 2958 3474 At
3004 3421 3299 3489 Gregorius
3343 3437 3471 3478 usus
3509 3434 3766 3481 consueta

2177 3507 2375 3576 pietate
2410 3519 2459 3574 ο,
2493 3524 2593 3564 nec
2639 3511 2690 3565 in
2744 3512 3144 3580 perturbatione
3195 3513 3457 3579 turbatus,
3501 3513 3765 3583 fugientes

2174 3612 2422 3667 revocat,
2467 3603 2532 3658 ad
2579 3604 2756 3659 cibum
2787 3614 2844 3660 et
2884 3613 3067 3674 potum
3120 3605 3365 3661 inimicos
3409 3605 3620 3662 invitat.
3651 3608 3762 3664 Sed

2173 3690 2426 3746 crederes
2472 3707 2569 3761 eos
2613 3695 2841 3749 fustibus
2884 3695 3002 3764 agi,
3033 3704 3090 3766 et
3135 3695 3333 3751 invitos
3360 3712 3530 3767 equos
3575 3708 3762 3754 contra

2174 3789 2580 3859 possibilitatem
2609 3792 2907 3846 calcaribus
2940 3793 3147 3863 urgeri,
3183 3802 3242 3846 ut
3281 3808 3382 3848 nec
3412 3806 3758 3850 revocantem

2172 3879 2362 3937 audire
2409 3891 2652 3950 possent.
2696 3882 2771 3936 Ita
2801 3882 3092 3953 Gregorius
3133 3886 3382 3954 supernis
3410 3887 3629 3942 auribus
3663 3903 3756 3942 os-

2173 3979 2359 4027 tensus
2389 3981 2471 4026 est
2501 3972 2726 4036 vicinus,
2753 3981 2809 4028 et
2837 3973 3090 4042 operibus
3120 3975 3397 4029 charitatis
3427 3977 3683 4031 intentus.

2244 4059 2387 4116 XIX.
2408 4059 2568 4117 Fides
2597 4071 2652 4116 et
2673 4061 2894 4118 devotio
2916 4063 3091 4133 populi
3125 4063 3281 4118 valde
3321 4079 3415 4134 per
3441 4064 3760 4133 Gregorium

2173 4153 2580 4220 succrescebat;
2608 4161 2664 4208 at
2695 4155 2961 4225 malignus
2992 4155 3158 4211 hostis
3192 4172 3297 4210 non
3330 4157 3540 4213 modico
3568 4158 3761 4215 dolore

2175 4245 2560 4314 torquebatur:
2594 4245 2737 4300 unde
2766 4245 2963 4300 factum
2991 4255 3107 4312 est,
3141 4255 3200 4300 ut
3229 4248 3335 4302 vim
3363 4263 3475 4304 sua:
3505 4250 3754 4320 maligni-

2173 4338 2297 4391 tatis
2337 4336 2479 4392 ferre
2507 4352 2612 4391 non
2645 4338 2940 4406 sustinens,
2971 4339 3055 4393 vel
3087 4339 3342 4409 pastoris,
3372 4341 3457 4395 vel
3486 4341 3660 4411 gregis
3695 4343 3758 4396 ti-

2171 4426 2381 4482 duciam
2428 4430 2630 4497 apertis
2669 4429 2892 4485 vocibus
2931 4429 3245 4486 demetttare
3293 4443 3600 4488 conaretur.
3642 4434 3761 4502 Ipsa

2175 4535 2405 4592 namque
2430 4521 2632 4576 Natalis
2656 4522 2866 4577 Domini
2907 4522 2996 4578 die
3039 4536 3161 4577 cum
3207 4523 3495 4593 Gregorius
3539 4525 3761 4593 pontifi-

2173 4614 2290 4669 cale
2319 4615 2346 4652 ά
2378 4616 2570 4669 festum
2616 4615 2671 4669 in'
2699 4613 2978 4683 principali
3027 4613 3269 4682 basilica,
3300 4615 3439 4668 sicut
3481 4628 3598 4669 mos
3643 4625 3760 4682 est,

2171 4707 2487 4763 solemniter
2515 4708 2789 4763 celebrare
2819 4707 3167 4775 procederet,
3193 4708 3411 4777 quidam
3435 4724 3496 4764 er
3523 4723 3758 4778 energu-

2172 4797 2345 4852 menis
2373 4798 2609 4852 atrocior
2636 4797 2847 4852 exteris
2873 4798 3040 4864 coepit
3069 4798 3294 4850 nimium
3325 4797 3674 4864 debacchari,
3702 4809 3761 4854 et

2170 4891 2517 4962 sequentibus
2559 4890 2641 4944 vel
2683 4890 3020 4945 obviantibus
3063 4889 3254 4954 turbis,
3286 4906 3405 4959 qua:
3435 4889 3756 4961 Gregorium

2171 4990 2475 5050 sepserant,
2503 4996 2562 5036 se
2582 4980 2799 5036 obvium
2827 4982 3107 5050 ingerens:
3129 4979 3369 5049 Frustra,
3397 4982 3598 5051 inquit,
3624 4981 3760 5036 Mar-

2171 5072 2264 5127 tini
2292 5072 2477 5127 limina
2510 5069 2717 5141 petitis,
2749 5071 3015 5125 incassum
3070 5071 3186 5140 ejus
3216 5071 3386 5126 aedem
3419 5070 3597 5136 aditis,
3631 5071 3759 5140 quia

2167 5178 2264 5219 vos
2294 5173 2510 5226 propter
2549 5163 2713 5218 multa
2740 5162 2962 5217 crimina
3006 5163 3296 5233 dereliquit
3321 5178 3336 5217 :
3365 5177 3492 5219 ecce
3520 5177 3616 5219 vos
3657 5165 3758 5218 ab-

2169 5257 2397 5312 horrens
2447 5255 2632 5311 Romae
2677 5255 2940 5310 mirabilia
2991 5253 3134 5309 facit.
3185 5254 3311 5330 ilice
3346 5263 3401 5308 et
3446 5255 3552 5308 alia
3601 5253 3754 5323 plura

2171 5347 2396 5414 cunctis,
2430 5357 2489 5402 ut
2531 5354 2686 5402 erant
2723 5345 3044 5416 constipati,
3075 5346 3287 5417 pepulis
3317 5345 3475 5402 verba
3505 5345 3757 5403 diabolus

2242 5511 2267 5541 ε
2299 5499 2428 5555 Mss.
2454 5498 2521 5564 2,
2545 5515 2642 5553 usu
2670 5509 2924 5555 consuetae
2953 5499 3172 5569 pietatis.

2240 5569 2476 5640 ‘Serg.,
2521 5570 2852 5642 principalem
2883 5574 3160 5642 festum."
3193 5572 3526 5627 solemnisare
3567 5589 3754 5642 proce-

2167 5636 2327 5715 deret.
2358 5636 2566 5715 Germ,
2595 5636 2892 5715 Gregorius
2919 5641 2983 5715 in
3021 5643 3293 5715 principali
3336 5636 3578 5711 basilica
3614 5645 3747 5700 sicut

473 5706 666 5784 melior
689 5702 756 5760 ex
789 5705 906 5776 ipso
925 5702 1208 5775 Gregorio,
1230 5704 1319 5775 qui
1351 5704 1494 5761 hunc
1523 5704 1743 5762 ﬂuvium
1773 5703 2050 5762 Bcrberi
2158 5713 2311 5769 moris
2341 5721 2414 5768 est
2443 5702 2772 5775 misitmisit:
2798 5702 3109 5784 procederet.

479 5775 732 5851 appellat.
