4070 6186
343 373 454 431 125

1891 357 1949 414 Vl
1964 358 2050 415 TA

3516 349 3622 409 126
3699 353 3702 356 ⁴

342 483 651 544 lusibllabat
678 499 692 548 ι
721 481 788 536 ad
817 495 975 552 quam
1006 494 1193 538 vocem
1234 494 1343 536 non
1391 477 1562 533 solum
1609 476 1930 532 rusticorum
1963 482 2014 538 Α
2038 475 2121 533 vel
2154 489 2384 546 proprtze
2430 475 2618 531 salutis
2663 485 2825 533 causa
2872 471 3082 545 Ionius
3127 469 3472 545 procedebat.
3504 469 3618 525 Ali-

342 578 510 634 eorda
539 575 912 639 exturbantur,
945 571 1040 629 sed
1071 580 1129 629 et
1153 573 1351 639 clerus,
1380 571 1505 642 quin
1535 577 1591 624 et
1637 569 1751 635 ipse
1799 568 1933 624 Gre-

342 671 530 740 gorius
577 681 777 737 pavore
817 665 1140 721 concutitur.
1186 663 1550 736 Ingredieutes
1587 669 1766 715 autem
1814 675 1936 716 cum

343 760 479 816 ﬂetu
528 772 725 829 magno
755 756 1067 822 basilicam,
1114 770 1305 810 omnes
1352 754 1657 823 pavimento
1705 761 1938 822 prostcro

346 859 576 915 nuntur,
616 859 836 904 orantes
863 857 918 902 ut
951 844 1124 902 sancti
1153 845 1252 901 viri
1283 845 1619 915 pmsentiam
1659 858 1937 898 mereren-

349 952 462 997 tur.
494 939 721 1008 Quidam
749 953 898 1003 vero,
927 937 1012 992 cui
1043 946 1167 992 ante
1197 944 1308 991 tres
1335 949 1505 989 annos
1534 933 1708 988 amba:
1753 947 1941 987 manus

345 1048 476 1088 cum
518 1047 628 1086 uno
673 1030 808 1100 pede
855 1037 1270 1092 contraxerant,
1316 1036 1439 1082 ante
1485 1034 1725 1080 sanctum
1774 1024 1943 1079 altare

350 1141 478 1179 cum
504 1123 725 1192 reliquis
756 1129 1057 1191 prostratus
1097 1117 1238 1174 beati
1271 1117 1484 1173 Martini
1535 1116 1792 1171 auxilium
1823 1129 1946 1185 pre-

350 1216 594 1279 cabatur,
618 1214 710 1284 qui
737 1211 916 1268 subito
946 1210 1109 1266 nimia
1135 1209 1280 1265 febre
1305 1206 1666 1264 circumdatus
1689 1213 1942 1273 tanquam

354 1312 411 1364 in
444 1307 678 1378 equuleo
707 1305 1056 1376 torquebatur
1086 1312 1361 1357 extensus.
1408 1299 1556 1355 Inter
1601 1298 1716 1353 haec
1759 1306 1944 1352 sancta

356 1400 618 1456 solemnia
648 1398 996 1470 gerebantur,
1026 1408 1255 1463 cumque
1297 1401 1516 1446 sanctus
1561 1389 1804 1460 pontifex
1852 1388 1947 1441 lle-

357 1494 505 1549 tibus
526 1493 784 1547 insistens
804 1488 945 1544 beati
974 1486 1184 1542 Martini
1215 1484 1614 1556 prastolaretur
1633 1483 1947 1545 adventum,

356 1587 542 1643 divino
573 1583 833 1656 mysterio
860 1582 999 1652 palla
1025 1580 1136 1652 jam
1165 1595 1229 1636 ex
1260 1593 1410 1634 more
1438 1585 1719 1646 cooperto,
1748 1573 1951 1647 langui-

355 1679 461 1734 dus
486 1678 554 1731 ad
588 1676 803 1748 plenum
833 1673 1137 1731 restituitur
1179 1669 1418 1727 sanitati.
1447 1669 1626 1736 Quare
1657 1666 1950 1737 Gregorius

361 1767 655 1824 admodum
711 1766 926 1836 gavisus
981 1762 1334 1831 omnipotenti
1397 1760 1505 1817 Deo
1557 1758 1755 1830 gratias
1805 1756 1949 1827 agit,

2038 567 2250 639 quando
2291 567 2450 638 igitur
2491 568 2795 638 sepulcrum
2825 565 2966 622 beati
3007 565 3193 620 Ililarii
3224 562 3621 634 supplicaturus

2036 663 2233 729 adivit,
2261 677 2382 718 cum
2422 663 2488 717 ad
2519 661 2791 718 visendam
2821 675 3032 732 quoque
3067 670 3307 715 sanctam
3337 657 3625 726 Radegun-

2039 754 2160 810 dem
2186 753 2424 823 reginam
2449 754 2691 810 divertit.
2719 752 2936 808 Factum
2958 759 3041 806 est
3066 758 3241 805 autem
3273 763 3394 803 cum
3420 747 3473 802 bi
3494 747 3624 814 duo,

2039 853 2296 915 tanquam
2324 845 2515 899 incolae
2553 843 2815 914 paradisi,
2847 857 3029 897 secum
3059 841 3128 896 de
3155 837 3466 896 cmlestibus
3496 851 3628 893 con-

2041 938 2424 1002 fabularentur,
2451 937 2630 991 oleum
2655 935 2796 1006 quod
2822 944 2946 989 ante
2970 935 3188 1004 pignora
3217 940 3415 987 sanctae
3453 930 3630 986 crucis

2041 1031 2288 1099 guttatim
2321 1029 2432 1084 illic
2455 1027 2694 1083 deﬂuere
2722 1026 2964 1092 solebat,
2997 1026 3073 1080 sic
3102 1025 3154 1078 in
3190 1023 3425 1078 adventu
3456 1021 3629 1092 ponti-

2045 1119 2160 1175 ficis
2188 1130 2401 1175 auctum
2443 1128 2560 1183 est,
2594 1128 2652 1172 ut
2680 1113 2817 1170 infra
2849 1117 3004 1170 unius
3037 1116 3181 1169 borze
3219 1114 3448 1181 spatium
3492 1112 3632 1166 ultra

2049 1227 2214 1267 unum
2244 1210 2536 1266 sextarium
2582 1209 2901 1266 exundaret.
2943 1207 3110 1264 Porro
3150 1223 3270 1263 cum
3321 1205 3434 1259 haec
3477 1203 3634 1258 beata

2046 1305 2228 1373 regina
2254 1305 2322 1358 ad
2349 1302 2547 1372 Regem
2575 1309 2721 1356 esset
2750 1299 3068 1356 accersenda
3098 1298 3392 1364 ctelorum,
3421 1293 3505 1349 vir
3529 1292 3635 1348 Βο-

2049 1395 2180 1451 mini
2222 1395 2512 1464 Gregorius
2552 1392 2618 1448 de
2662 1393 2783 1462 ejus
2827 1390 3051 1447 transitu
3101 1387 3342 1444 nuntium
3383 1385 3634 1455 accepit:

2050 1501 2280 1556 cumque
2307 1487 2390 1541 illa
2415 1486 2525 1556 jam
2546 1500 2612 1539 eo
2634 1491 2948 1539 accurrente
2973 1481 3255 1551 migrasset
3272 1520 3286 1544 ,
3309 1485 3490 1534 sancta
3517 1474 3636 1547 ejus

2052 1576 2291 1632 membra
2319 1576 2606 1645 sepultura:
2645 1573 2862 1628 locavit.
2889 1573 3005 1640 Quo
3031 1570 3246 1641 quidem
3289 1577 3529 1638 tempore
3555 1567 3639 1622 al-

2054 1675 2170 1722 tare
2190 1667 2501 1723 soletnniter
2523 1663 2817 1731 benedixit,
2837 1660 3147 1733 operculum
3167 1668 3347 1716 tamen
3363 1659 3642 1730 episcopo,
3733 1647 3736 1650 ’

2056 1759 2144 1830 qui
2178 1767 2305 1814 tunc
2341 1761 2479 1813 forte
2504 1759 2730 1825 deerat,
2760 1755 3073 1812 reservavit.

358 1857 645 1926 oculisque
674 1855 1032 1926 lacrytnarum
1065 1853 1237 1907 imbre
1264 1850 1501 1920 suffusis,
1530 1851 1584 1905 in
1623 1850 1722 1904 bac
1750 1848 1817 1903 ad
1850 1863 1950 1915 po-
1983 1845 2030 1910 B
2127 1849 2318 1905 XXIII.
2350 1849 2520 1904 Causa
2553 1850 2722 1904 fuerat
2752 1862 2856 1919 qua
2889 1846 3215 1901 Garumnam
3246 1841 3463 1899 fluvium
3487 1842 3640 1914 juxta

359 1949 550 2020 pulum
580 1961 710 2002 voce
740 1945 978 2015 prorupit
1006 1960 1021 1999 :
1052 1943 1237 1998 Timor
1263 1958 1292 1997 a
1318 1942 1572 1998 cerdilms
1598 1940 1815 2008 vestris,
1846 1940 1953 1994 fra-

362 2049 500 2104 tres,
532 2036 824 2100 abscedat,
851 2034 977 2105 quia
1008 2033 1284 2088 nobiscum
1331 2031 1521 2086 beatus
1549 2027 1830 2085 confessor
1875 2027 1956 2081 itt-

365 2130 606 2193 ltabitat,
651 2141 752 2181 nec
781 2125 1002 2180 omnino
1046 2122 1252 2179 credite
1295 2121 1531 2186 diabolo,
1559 2120 1650 2191 qui
1690 2118 1759 2174 ab
1803 2117 1958 2174 initio

366 2219 602 2276 mendax
623 2228 709 2274 est
729 2229 784 2272 et
811 2216 862 2270 in
894 2215 1121 2272 veritate
1149 2228 1257 2268 non
1280 2212 1446 2267 stetit.
1470 2208 1608 2267 Cum
1634 2209 1752 2265 hac
1771 2217 1826 2265 et
1851 2208 1955 2263 alia

364 2320 529 2375 verba
560 2315 918 2374 consolatoria
963 2313 1264 2369 astantibus
1294 2310 1515 2365 inferret
1539 2351 1554 2372 ,
1595 2308 1836 2364 omnium
1877 2306 1960 2360 Iu-

364 2419 489 2466 ctus
519 2411 768 2464 laxantur
796 2407 850 2461 in
875 2406 1127 2476 gaudium
1147 2441 1164 2470 ,
1195 2402 1469 2469 multoque
1489 2399 1777 2454 alacriores
1799 2411 1958 2468 quam

367 2511 634 2557 venerant
661 2499 729 2554 ad
772 2513 867 2553 sua
900 2511 992 2566 per
1031 2493 1317 2552 Martiuum
1348 2503 1506 2562 atque
1532 2489 1846 2559 Gregorium
1876 2501 1963 2542 re-

367 2594 727 2749 “xitum
749 2695 876 2734 vero
899 2676 1102 2733 Natalis
1127 2675 1335 2731 Domini
1367 2673 1692 2730 mentionem
1714 2671 1961 2740 fecimus,

371 2775 502 2846 quid
531 2773 818 2842 aliquando
844 2771 897 2826 in
929 2771 1028 2825 hac
1058 2770 1148 2824 die
1179 2768 1411 2839 poutilicl
1453 2777 1637 2822 nostro
1682 2765 1965 2835 contigerit

373 2879 764 2922 memoremus.
791 2862 924 2918 Nam
956 2862 1010 2916 in
1041 2868 1385 2916 sacrosancta
1419 2859 1578 2929 hujus
1603 2855 1966 2913 solemnitatis

374 2956 728 3032 [Al.uatalis]
775 2964 936 3011 nocte
983 2953 1242 3024 pridianis
1290 2951 1480 3023 vigiiiis
1529 2950 1796 3020 fatigatus,
1843 2962 1965 3003 cum

2061 1941 2341 1996 Illaviense
2367 1949 2603 1995 castrum
2655 1950 2990 1995 transmeare
3034 1937 3314 2003 debuerit,
3353 1935 3449 1991 sed
3498 1936 3641 1991 idem

2059 2031 2251 2086 fluvius
2281 2031 2355 2085 ita
2380 2040 2507 2086 tunc
2539 2031 2865 2085 intumuerat
2886 2070 2901 2092 .
2938 2038 2996 2084 ut
3024 2027 3353 2082 intuentibus
3381 2042 3486 2082 non
3517 2042 3644 2096 par-

2058 2139 2182 2179 vum
2227 2122 2507 2178 horrorem
2543 2122 2830 2176 incuteret.
2860 2119 2976 2176 Non
3008 2120 3166 2189 longe
3212 2127 3389 2174 autem
3427 2127 3647 2173 sanctus

2062 2218 2334 2272 Romanus
2366 2215 2649 2285 presbyter
2678 2213 2993 2283 requiescit,
3024 2224 3183 2281 quem
3217 2220 3419 2276 uoster,
3449 2220 3506 2266 ut
3535 2212 3647 2267 vita

2061 2308 2176 2377 ejus
2208 2305 2492 2376 perhibet,
2525 2303 2787 2358 Martinus
2819 2300 3121 2357 tumulavit.
3161 2299 3295 2354 Cum
3341 2299 3501 2368 Igitur
3527 2302 3650 2357 hinc

2065 2404 2300 2476 procella
2347 2414 2661 2465 ventorum,
2707 2401 2854 2456 illinc
2896 2409 3107 2456 montes
3133 2400 3432 2466 undarum,
3459 2397 3651 2467 ingens

2065 2494 2357 2564 periculum
2404 2494 2718 2563 navigatum
2747 2493 3103 2558 minarentur,
3132 2491 3319 2546 oculos
3347 2489 3414 2544 ad
3450 2488 3650 2545 ctelum

2064 2589 2294 2658 erigens,
2323 2596 2378 2642 et
2423 2586 2490 2641 ad
2533 2585 2813 2642 ecclesiam
2861 2583 3100 2654 praedicti
3143 2582 3370 2638 Romani
3417 2579 3652 2637 subinde

2065 2681 2384 2747 respiciens,
2409 2679 2548 2735 adeo
2578 2693 2739 2734 omne
2769 2679 2988 2748 polagus
3015 2693 3143 2734 mox
3172 2676 3563 2746 complanavit,
3597 2684 3654 2731 ut

2067 2772 2390 2842 compressis
2420 2771 2741 2842 fragoribus,
2775 2771 2906 2839 ripas
2942 2769 3100 2826 alteri
3131 2768 3248 2825 sine
3293 2767 3533 2838 periculo
3563 2782 3654 2823 ve-

2069 2865 2310 2921 heretur.

2143 2956 2332 3014 XXIV.
2376 2956 2659 3012 Sexdecim
2693 2969 2863 3010 annos
2897 2954 2983 3010 hic
3011 2954 3063 3009 in
3097 2953 3408 3024 episcopatu
3448 2970 3648 3025 exege-

375 3052 656 3124 paululum
695 3062 756 3103 se
783 3047 961 3103 cubitu
990 3046 1315 3110 collocaret,
1345 3043 1425 3098 vir
1469 3043 1686 3113 quidam
1735 3041 1802 3095 ad
1842 3054 1969 3096 eum
2071 3058 2197 3118 rat,
2225 3063 2347 3103 cum
2379 3048 2690 3117 aequivocus
2718 3045 2839 3117 ejus
2878 3047 2969 3101 ille
3005 3060 3230 3117 magnus
3271 3045 3562 3116 Gregorius
3603 3045 3656 3101 in

375 3143 623 3201 concitus
643 3143 808 3207 venit,
829 3140 1051 3196 dicens:
1071 3139 1262 3208 Surge,
1284 3145 1557 3192 revertere
1572 3135 1639 3189 ad
1658 3134 1966 3190 ecclesiam.
2071 3137 2199 3195 sede
2219 3137 2512 3208 apostolica
2543 3137 2888 3207 subrogatur.
2919 3133 3194 3204 Siquidem
3217 3135 3433 3205 opinata
3463 3151 3549 3192 res
3575 3147 3656 3192 est

379 3236 474 3293 Ille
514 3233 944 3305 expergefactus,
969 3232 1178 3300 signum
1208 3227 1386 3284 crucis
1426 3227 1642 3281 sibimet
1669 3224 1967 3293 imponens,
1995 3218 2044 3282 C
2074 3229 2216 3298 quod
2247 3228 2449 3284 dudum
2479 3227 2620 3283 alter
2647 3226 2800 3282 alteri
2830 3226 3085 3297 peculiari
3105 3228 3178 3282 sit
3202 3227 3434 3282 amicitia
3465 3227 3656 3283 devin-

378 3328 575 3385 iterum
617 3326 964 3382 obdormivit.
989 3323 1100 3380 Nec
1125 3323 1332 3378 destitit
1361 3322 1442 3376 vir
1473 3321 1582 3385 ille,
1624 3320 1751 3389 quin
1793 3319 1970 3372 bomi-
2074 3330 2211 3376 ctus.
2244 3320 2354 3376 Nec
2376 3320 2648 3375 immerito
2667 3361 2683 3384 ,
2712 3334 2834 3375 cum
2865 3319 3009 3376 hunc
3041 3319 3370 3374 Fortunatus
3393 3319 3657 3389 Gregorio

381 3434 507 3474 nem
550 3417 788 3474 secundo
815 3423 1060 3471 moneret
1087 3431 1101 3467 :
1132 3414 1230 3469 sed
1259 3427 1381 3468 cum
1414 3411 1622 3467 excitus
1665 3423 1885 3480 gravem
1911 3422 1971 3464 se
2074 3420 2348 3481 comparet
2375 3409 2734 3477 Nasianzeno,
2763 3418 3018 3481 tanquam
3042 3408 3133 3464 ille
3155 3408 3311 3463 datus
3332 3408 3404 3464 sit
3426 3408 3655 3474 Orienti,

382 3512 563 3567 adhuc
582 3512 840 3578 sentiret,
871 3522 1061 3564 rursus
1084 3503 1432 3562 obdormivit.
1462 3503 1596 3559 Tum
1623 3517 1752 3558 vero
1778 3503 1866 3557 ille
1891 3502 1972 3556 vir

388 3605 554 3660 tertio
603 3603 848 3666 veniens,
882 3599 1113 3655 maxillae
1141 3597 1260 3667 ejus
1302 3597 1510 3667 alapam
1560 3594 1862 3663 impressit,
1893 3593 1973 3648 di-

382 3714 515 3753 cens
546 3713 562 3752 :
594 3697 670 3752 En
703 3708 757 3750 tu
787 3695 1025 3761 reliquos
1055 3693 1120 3747 ad
1151 3691 1361 3761 vigilias
1388 3691 1678 3745 admonere
1704 3689 1890 3754 debes,
1917 3698 1972 3744 et

387 3790 573 3843 tandiu
603 3802 798 3858 sapore
825 3783 1180 3853 deprimerisl
1201 3777 1318 3846 Qua
1347 3781 1638 3852 Gregorius
1680 3795 1813 3836 voce
1853 3796 1974 3851 per-

382 3880 567 3933 oulsus
598 3875 800 3945 pernici
830 3875 1118 3929 velocitate
1157 3873 1222 3928 ad
1250 3871 1534 3927 ecclesiam
1565 3881 1645 3927 est
1675 3884 1969 3941 regressus.

386 3969 538 4024 Adeo
563 3967 814 4036 supernis
840 3966 1011 4020 oculis
1057 3971 1242 4034 gratus
1284 3962 1530 4028 exstitit,
1569 3973 1626 4016 ut
1657 3976 1757 4018 nec
1786 3961 1974 4016 huma-

386 4064 556 4117 nitate
587 4067 812 4130 cogente
853 4056 1231 4128 negligentiam
1273 4055 1382 4125 pati
1428 4053 1718 4124 permissus
1762 4055 1833 4109 sit
1861 4069 1974 4113 suae

386 4153 600 4209 salutis.

458 4243 602 4299 XXI.
637 4242 819 4298 Visum
841 4250 923 4296 est
955 4240 1055 4294 hoc
1085 4241 1322 4296 inserere
1351 4237 1567 4294 lectioni
1590 4238 1825 4307 qualiter
1850 4252 1973 4293 eum

389 4336 532 4392 Deus
575 4347 802 4403 arguere
833 4331 1093 4398 voluerit,
1126 4346 1194 4386 ne
1222 4330 1309 4387 vel
1351 4330 1578 4384 aliorum
1607 4329 1822 4386 levitate
1852 4345 1972 4398 pec-

388 4435 559 4483 caret.
591 4425 722 4480 Nam
762 4439 882 4479 cum
932 4425 1071 4479 ltunc
1100 4439 1128 4478 a
1158 4427 1446 4492 desperato
1487 4421 1743 4492 languore
1787 4421 1972 4477 beatus

2076 3504 2361 3561 Romensis
2389 3513 2568 3559 autem
2607 3502 2847 3558 Meridiei
2867 3544 2884 3566 .
2915 3512 3000 3558 ast
3030 3503 3115 3560 bic
3138 3513 3323 3559 noster
3355 3504 3655 3562 Occidenti.

2073 3597 2204 3652 Cum
2235 3595 2398 3668 igitur
2428 3596 2528 3652 iste
2574 3609 2728 3650 sacra
2769 3597 3152 3665 Apostolorum
3197 3595 3380 3651 limina
3414 3598 3657 3664 expetis-

2073 3700 2155 3744 set
2183 3697 2232 3756 ι,
2263 3702 2450 3757 magna
2480 3702 2600 3743 cum
2625 3687 2924 3743 reverentia
2950 3695 3168 3742 sanctus
3189 3701 3310 3742 eum
3343 3702 3475 3757 papa
3496 3700 3657 3742 exce-

2077 3781 2171 3850 pit,
2194 3796 2354 3852 quem
2383 3780 2449 3834 ad
2475 3780 2613 3834 beati
2654 3779 2796 3834 Petri
2821 3777 3230 3834 Confessionem
3275 3777 3657 3845 iutrodncens,

2073 3893 2106 3933 e
2137 3879 2305 3933 latere
2335 3874 2464 3948 [Ed.
2501 3875 2567 3930 ad
2599 3873 2790 3946 altare]
2813 3874 3083 3938 constitit,
3118 3873 3438 3943 praestolans
3475 3872 3655 3943 quoad

2073 3978 2335 4038 surgeret.
2371 3966 2587 4022 Interim
2621 3977 2835 4032 autem,
2866 3975 2926 4020 ut
2955 3975 3069 4021 erat
3102 3965 3316 4036 ingenio
3359 3964 3662 4034 profundis-

2073 4062 2263 4127 simus,
2286 4069 2550 4116 secretam
2585 4059 2676 4114 Dei
2706 4058 3167 4127 dispensationem
3195 4056 3500 4122 admirans,
3531 4071 3662 4111 con-

2075 4151 2352 4206 siderabat
2394 4151 2448 4205 in
2478 4149 2787 4219 bujnsmodi
2816 4150 3119 4213 hominem,
3143 4155 3260 4204 erat
3286 4149 3427 4203 enim
3456 4155 3661 4201 statura

2075 4241 2274 4304 brevis,
2305 4248 2506 4294 tantam
2536 4241 2762 4310 gratiam
2794 4240 3008 4295 etelitus
3031 4238 3370 4307 profluxisse.
3392 4238 3544 4305 Quod
3569 4238 3661 4292 illo

2075 4349 2197 4388 mox
2227 4331 2481 4387 divinitus
2512 4331 2849 4400 persentiens
2870 4372 2885 4396 ,
2917 4339 2976 4386 et
3011 4331 3080 4385 ab
3108 4331 3356 4385 oratione
3395 4344 3655 4401 surgens,

2078 4423 2392 4494 placidoque
2421 4432 2479 4478 ut
2505 4433 2623 4480 erat
2649 4423 2795 4478 vultu
2823 4422 2889 4476 ad
2915 4436 3104 4491 papam
3134 4422 3449 4491 respiciens.
3476 4420 3660 4475 Domi-

391 4517 648 4572 Martinus
690 4516 763 4570 ita
807 4522 1050 4581 satiaret,
1095 4522 1154 4568 ut
1191 4513 1258 4567 ad
1307 4514 1588 4568 ecclesiam
1639 4512 1690 4566 in
1734 4511 1970 4568 crastino
2078 4537 2199 4585 nus,
2224 4521 2414 4590 inquit,
2445 4520 2570 4575 fecit
2601 4533 2724 4586 nos,
2752 4529 2934 4573 etnon
2958 4516 3058 4585 ipsi
3081 4531 3213 4580 nos;
3241 4514 3382 4568 idem
3405 4513 3461 4567 in
3485 4512 3664 4582 parvis

389 4617 734 4678 properaret,
766 4623 834 4662 ne
863 4622 922 4662 se
966 4607 1018 4661 in
1065 4605 1344 4661 solemuiis
1375 4606 1657 4660 missarum
1689 4603 1968 4674 fatigaret,
2001 4599 2055 4658 D
2079 4611 2162 4678 qui
2195 4620 2249 4664 et
2277 4609 2332 4664 in
2360 4609 2588 4678 magnis.
2619 4607 2864 4674 Cumque
2885 4606 2938 4661 id
2967 4621 3079 4661 sua
3103 4603 3419 4674 cogitationi
3441 4610 3663 4657 sanctus

392 4701 481 4754 uni
516 4699 947 4770 presbyterorum
977 4699 1090 4752 haec
1109 4698 1383 4754 celebrare
1413 4699 1682 4766 praecepit.
1710 4696 1820 4753 Sed
1849 4711 1969 4752 cum
2080 4717 2210 4770 papa
2235 4699 2544 4769 responderi
2568 4705 2939 4768 cognosceret,
2964 4696 3080 4766 ipsa
3107 4710 3202 4749 sua
3233 4693 3661 4763 depreltensione

393 4793 674 4864 presbyter
724 4791 910 4847 nescio
954 4790 1082 4861 quid
1132 4792 1332 4846 rustice
1375 4789 1563 4844 festiva
1607 4790 1713 4863 [ΑΙ.
1759 4788 1972 4863 festina]
2078 4792 2313 4862 gavisus,
2339 4790 2565 4860 gvatiam
2597 4803 2757 4859 quam
2789 4787 3049 4843 hactenus
3071 4788 3127 4842 in
3150 4785 3410 4857 Gregorio
3432 4784 3665 4841 miraba-

393 4885 552 4940 verba
583 4883 961 4954 depromeret,
990 4881 1235 4938 nonnulli
1262 4881 1333 4937 de
1352 4881 1824 4938 circumstantibus
1849 4897 1974 4938 eum
2081 4895 2186 4949 tur,
2219 4885 2272 4938 in
2311 4897 2501 4951 magna
2540 4882 2890 4938 veneratione
2936 4880 3194 4950 deinceps
3236 4880 3434 4937 habere
3466 4879 3661 4949 carpit,

396 4978 626 5034 irridere
672 4983 990 5047 coeperunt,
1037 4975 1277 5031 dicentes
1322 4975 1513 5031 melius
1565 4975 1727 5031 fuisse
1773 4985 1973 5042 tacere,
2078 4977 2370 5044 sedemque
2397 4976 2725 5031 Turonicam
2752 4973 2827 5030 ita
2857 4974 3157 5029 nobilitavit
3176 4981 3236 5027 ut
3255 4988 3475 5028 auream
3498 4972 3665 5026 cica-

391 5083 553 5138 quam
597 5069 679 5124 sic
721 5069 922 5125 inculte
968 5067 1136 5136 loqui.
1163 5065 1334 5121 Nocte
1362 5074 1540 5120 autem
1573 5065 1815 5121 insecuta
1843 5064 1978 5118 vidit
2082 5067 2324 5122 tltedram
2357 5067 2613 5133 donaret,
2653 5081 2775 5137 qum
2817 5067 2958 5137 apud
3004 5064 3280 5135 prafalam
3316 5064 3498 5120 sedem
3528 5062 3660 5136 [Ed.

390 5161 566 5216 virum
595 5162 864 5216 dicentem
907 5161 1042 5224 sibi,
1075 5160 1145 5216 de
1183 5159 1454 5229 mysteriis
1497 5158 1588 5213 Dei
1637 5173 1970 5229 nequaquam
2083 5157 2290 5229 urbem]
2321 5158 2374 5214 in
2409 5168 2681 5228 posterum
2708 5168 3037 5214 servaretur.

391 5250 794 5321 disputandum.
842 5251 989 5306 Satis
1034 5250 1231 5305 dehinc
1280 5248 1419 5318 apud
1464 5264 1584 5303 eum
1633 5248 1873 5303 constitit
1909 5263 1976 5302 ne
2154 5249 2322 5305 XXV.
2362 5247 2482 5305 Jam
2514 5265 2644 5305 vero
2681 5249 2868 5304 beatus
2910 5249 3167 5304 Martinus
3197 5246 3341 5301 hunc
3376 5245 3656 5301 alumnum

393 5343 589 5397 stultos
617 5353 667 5397 et
713 5341 894 5398 faciles
933 5351 1060 5396 ante
1087 5355 1146 5396 se
1177 5340 1511 5410 permitteret
1552 5339 1622 5394 de
1667 5339 1840 5394 beatis
1881 5354 1973 5394 so-
2082 5355 2236 5395 suum
2261 5355 2638 5412 usquequaque
2663 5341 3034 5410 magnificans,
3062 5341 3109 5395 ei
3133 5353 3191 5395 se
3213 5339 3499 5409 propitium
3525 5338 3662 5393 mul-

395 5435 612 5490 lemniis
637 5434 965 5490 obtrectare.
2082 5433 2150 5487 tis
2182 5431 2355 5487 modis
2398 5431 2894 5496 demonstraverat,
2941 5430 3037 5487 sed
3078 5439 3137 5486 ut
3165 5431 3422 5500 operibus
3456 5431 3573 5498 ejus
3600 5445 3664 5487 se

464 5525 632 5582 XXII.
672 5524 880 5593 Saepius
921 5533 1100 5579 autem
1142 5522 1223 5578 vir
1274 5520 1514 5588 Domini,
1544 5521 1683 5577 sicut
1726 5535 1884 5577 verus
1922 5530 1976 5575 et
2081 5541 2293 5595 quoque
2322 5533 2725 5594 cooperatorem
2755 5523 3086 5586 ostenderet,
3107 5523 3396 5594 aliquanqu
3423 5537 3663 5593 praesen-

397 5618 569 5689 gregis
588 5625 646 5672 et
670 5617 865 5672 suimet
893 5616 1192 5683 consultor,
1228 5615 1312 5671 vel
1339 5615 1674 5670 subditorum
1719 5614 1973 5682 utilitate,
2084 5619 2212 5676 tiam
2257 5633 2410 5673 suam
2434 5657 2450 5683 ,
2495 5617 2619 5673 licet
2649 5615 3005 5683 invisibilem,
3044 5631 3147 5672 suo
3180 5631 3287 5687 quo
3324 5614 3490 5670 videri
3523 5613 3663 5670 solet

472 5785 498 5814 ι
539 5776 650 5830 lloc
671 5777 776 5830 iter
800 5791 941 5829 anno
967 5775 1070 5830 594
1100 5789 1128 5828 a
1160 5773 1422 5840 Gregorio
1460 5782 1765 5839 susceptum
1806 5771 1971 5828 fuisse
2079 5771 2261 5842 gorius
2283 5771 2500 5839 Magnus
2526 5769 2632 5839 jam
2656 5777 2770 5827 erat
2799 5768 3064 5841 pontifex,
3089 5769 3143 5826 in
3171 5766 3360 5826 Galliis
3389 5763 3660 5837 exegith

403 5846 630 5906 videtur.
655 5848 788 5906 Nam
818 5862 985 5904 annos
1024 5857 1131 5906 tres
1164 5848 1560 5922 praecedentes,
1595 5844 1786 5911 quibus
1831 5845 1966 5902 (ἐι-θ-
2084 5840 2222 5919 Vitia
2246 5844 2388 5918 PaL,
2412 5852 2519 5899 etc.
