4040 6186
510 319 608 378 193

505 430 816 505 splendore.
842 420 1187 485 manifestare
1214 415 1466 486 dignatus
1492 420 1595 505 est.
1624 408 1757 505 Nam

507 497 575 593 es
622 514 986 590 promptuario
1025 505 1443 582 prtedecessuris
1490 502 1575 558 sui
1627 498 1766 569 apud
1815 497 2090 593 Turonem

1407 288 1735 357 GRBGOMI
1775 282 2083 347 EPISCOPI
2130 274 2560 339 TUBONENSIS
2610 271 2792 329 Vl‘l‘A.

1785 400 2085 460 oratorium
2113 397 2165 462 Δ
2189 407 2310 467 qua:
2354 391 2501 448 illum
2550 388 2623 447 ita
2666 386 2878 457 privato
2905 379 3102 437 aﬂectu
3130 375 3398 448 diligunt,
3436 379 3498 467 ut
3525 368 3743 467 etiam-
3762 370 3834 467 in

3682 250 3830 325 aes

2191 462 2375 543 nostra
2405 492 2674 552 tempore,
2703 475 2918 550 quando
2953 472 3188 529 cbaritas
3217 470 3444 525 nimium
3468 464 3584 534 jam
3633 462 3837 518 tetri.

513 554 1228 672 gnrectalt‘ugsfre'l’iqnias
1253 597 1420 654 sancti
1444 554 1716 652 Saturnini
1748 587 2003 657 martyris
2029 598 2094 639 ac
2188 579 2381 651 gescit,
2404 576 2599 672 multos
2620 582 2726 629 tam
2744 576 2907 672 gente
2932 580 3093 672 quam
3121 564 3299 672 lingua
3319 563 3537 632 ignotos

515 704 695 761 damni
746 695 957 755 Martini
991 710 1018 748 a
1047 691 1268 747 basilica
1309 695 1589 753 susceptas
1618 696 1741 736 cum
1771 677 1975 750 ingenti
2006 690 2095 731 ve-

517 794 795 851 neratione
818 785 1113 844 deferebat.
1142 782 1269 835 Erat
1296 770 1437 835 enim
1464 774 1801 830 sacerdotum
1827 779 1883 827 et
1905 769 2101 824 levita-

520 902 638 943 rum
671 885 723 941 in
752 879 888 939 albis
910 877 1148 934 vestibus
1175 890 1279 929 non
1304 870 1557 925 minimus
1578 866 1804 930 chorus,
1820 873 1876 921 et
1897 861 2093 917 civium

526 978 908 1032 honoratorum
935 969 1072 1025 ordo
1102 965 1390 1037 praeclarus
1409 1004 1423 1029 ,
1454 961 1547 1017 sed
1574 958 1844 1047 et‘populi
1876 954 2101 1014 secundi

524 1067 724 1143 [Germ.
754 1059 1049 1134 smcularis]
1080 1059 1287 1114 ordinis
1315 1070 1539 1126 magnus
1557 1058 1876 1118 conventus,
1896 1048 2108 1107 radiau-

526 1141 667 1217 tibus
696 1154 1009 1213 solemniter
1037 1151 1242 1215 cereis,
1276 1148 1527 1204 crucibus
1557 1147 1609 1201 in
1649 1144 1820 1200 altum
1857 1141 2106 1199 sublatis.

528 1248 661 1307 Cum
693 1249 765 1302 ita
790 1245 1068 1301 veniretur
1097 1240 1164 1298 ad
1192 1239 1421 1301 ostium,
1451 1234 1705 1292 terribilis
1733 1233 1906 1305 fulgor
1934 1231 2111 1287 cellu-

530 1342 638 1399 lam
668 1326 846 1393 subito
870 1334 1196 1409 perfundens
1221 1329 1460 1386 omnium
1501 1326 1692 1382 oculos
1729 1323 1899 1381 nimio
1936 1321 2118 1394 splen-

533 1433 665 1488 dore
681 1426 1015 1500 perstrinxit,
1034 1424 1125 1494 qui
1152 1422 1352 1477 diutius
1377 1420 1579 1475 durans
1602 1417 1704 1473 hac
1729 1416 1958 1485 illacque
1977 1413 2120 1470 sicut

536 1524 717 1596 fulgur
744 1518 1094 1585 discurrebat,
1119 1530 1307 1573 omnes
1329 1512 1497 1569 nimio
1521 1524 1718 1582 pavore
1746 1506 1976 1578 perculsi
1999 1506 2121 1562 solo

537 1614 807 1687 iacebant.
832 1612 903 1665 At
932 1608 1254 1678 Gregorius,
1295 1612 1354 1661 ut
1397 1612 1559 1658 tanta;
1586 1601 1797 1656 virtutis
1826 1598 2080 1654 conscius
2104 1638 2121 1664 ,

538 1711 855 1758 constanter
896 1713 991 1755 eos
1028 1698 1324 1753 exhortans
1354 1711 1368 1747 :
1396 1692 1605 1761 Nolite,
1639 1690 1842 1761 inquit,
1895 1691 2083 1745 timere
2104 1730 2119 1755 ,

2194 668 2590 728 sanctissimum
2620 662 2885 719 tumulum
2914 657 3189 713 conﬂuere
3213 653 3531 716 videamus,
3566 659 3633 705 ut
3671 663 3819 702 me—

2199 760 2302 817 rito
2329 760 2397 815 de
2424 757 2613 814 eodem
2649 754 2876 811 Martino
2916 749 3126 807 dicatur
3151 764 3166 803 :
3190 744 3360 815 Cujus
3390 745 3598 797 vultum
3646 739 3834 796 desi-

2200 852 2352 908 derat
2381 850 2630 906 universa
2660 856 2824 902 terra.
2846 843 3087 910 Quorum
3112 838 3298 907 utique
3316 834 3495 893 studia
3520 841 3836 897 nostram,

2203 944 2295 1015 qui
2325 942 2480 997 vicini
2507 953 2730 1007 sumus,
2766 934 3024 991 inertiam
3050 932 3174 1001 jure
3214 929 3570 987 vehunmter
3600 923 3835 979 redar-

2204 1043 2374 1106 guunt
2397 1048 2413 1091 ;
2445 1046 2551 1086 non
2579 1040 2760 1087 tamen
2787 1027 2908 1085 sine
2936 1022 3121 1078 divino
3143 1016 3522 1077 moderamine
3544 1021 3793 1071 constat
3814 1053 3836 1076 ,

2209 1125 2351 1197 quod
2374 1124 2492 1196 ejus
2514 1136 2669 1178 amor
2686 1122 2767 1177 ita
2792 1117 3034 1174 omnium
3054 1113 3219 1171 corda
3238 1109 3573 1183 penetravit,
3602 1115 3673 1163 ut
3694 1107 3839 1173 ejus

2212 1216 2473 1274 memoria
2501 1213 2650 1269 velut
2687 1209 2912 1266 alterius
2946 1207 3115 1265 Josize
3152 1214 3264 1261 tam
3306 1202 3485 1259 dulcis
3512 1201 3590 1257 sit
3629 1199 3841 1256 omni-

2216 1307 2345 1373 bus;
2380 1312 2436 1359 et
2457 1301 2600 1375 quod
2625 1316 2721 1372 per
2746 1312 2938 1356 omnes
2956 1297 3095 1352 lines
3128 1306 3288 1350 terra:
3313 1293 3386 1349 ita
3422 1290 3733 1361 spatiavit,
3771 1298 3841 1345 ut

2217 1400 2307 1455 ubi
2348 1396 2595 1453 Christus
2624 1393 2788 1451 habet
2823 1405 3052 1458 nomen,
3100 1387 3361 1452 Martinus
3400 1385 3677 1439 honorem
3724 1382 3841 1437 ha-

2220 1490 2364 1548 heat.
2386 1490 2557 1545 Datus
2575 1496 2661 1546 est
2681 1488 2761 1545 eis
2782 1494 2837 1541 et
2862 1482 3155 1551 Gregorius
3174 1481 3256 1534 vir
3271 1494 3383 1535 non
3399 1476 3582 1534 solum
3608 1474 3842 1538 sancti-

2222 1560 2355 1647 tate.
2377 1580 2472 1638 sed
2492 1588 2548 1639 et
2575 1578 2817 1635 doctrina
2834 1578 3040 1640 clarus,
3068 1587 3139 1629 ne
3164 1570 3296 1629 urbs
3316 1570 3359 1624 Τ
3366 1568 3590 1625 uronica
3613 1568 3842 1625 obseu-

2228 1677 2340 1733 ri‘or
2364 1674 2635 1730 videretur
2665 1672 2713 1727 si
2749 1670 3071 1739 scriptorum
3104 1664 3282 1721 cilicio
3304 1662 3613 1725 caruisset;
3648 1661 3832 1731 quin:-

1002 1751 1235 1860 qualiter
1248 1786 1447 1857 globus
1478 1751 1615 1854 ignis
1653 1751 1731 1839 de'
1763 1751 1938 1850 Capite
1981 1751 2123 1835 beati
2155 1771 2201 1833 B
2226 1767 2390 1860 ﬂiam
2411 1761 2694 1860 εῖευξὶειξ-
2713 1758 2913 1860 Walls]
2928 1757 3057 1860 urb?
3369 1762 3491 1860 308$
3525 1751 3836 1860 3M0?

542 1884 751 1941 Martini
776 1896 1057 1953 egressus,
1090 1879 1287 1935 ctelum
1318 1877 1462 1931 visus
1506 1884 1589 1931 est
1617 1874 2037 1938 conscendisse,
2063 1880 2127 1928 et

543 1979 615 2033 ob
644 1976 707 2031 id
758 1990 855 2029 nos
883 1990 1004 2029 cum
1050 1971 1133 2026 bis
1168 1971 1370 2025 sanctis
1417 1967 1660 2036 reliquiis
1702 1966 1875 2035 ipsum
1924 1964 2129 2020 credite

548 2068 817 2123 visitasse.
853 2062 1005 2131 Tunc
1038 2061 1272 2119 universi
1314 2060 1788 2132 magniﬁcaveruut
1834 2058 2039 2124 Deum,
2074 2065 2132 2114 et

548 2159 727 2214 senior
752 2171 872 2212 cum
900 2153 1109 2209 clericis
1138 2152 1385 2207 dicebat:
1420 2151 1739 2207 Benedictus
1769 2152 1859 2221 qui
1886 2151 2035 2207 venit
2068 2150 2127 2207 in

552 2251 769 2309 nomine
791 2247 1024 2312 Domini,
1058 2244 1200 2301 Deus
1224 2245 1483 2301 Dominus
1498 2252 1555 2300 et
1580 2244 1757 2300 illusit
1775 2243 1952 2299 nobis.

626 2404 816 2463 XXVI.
852 2405 1033 2461 ﬂues
1066 2403 1182 2456 inec
1206 2400 1274 2455 tle
1316 2408 1500 2455 nostro
1539 2401 1765 2470 prmsule
1810 2401 1951 2457 dicta
1982 2401 2132 2457 sint:

558 2514 666 2554 non
693 2496 837 2552 enim
857 2510 980 2550 eum
1006 2492 1406 2555 miraculorum,
1431 2506 1547 2559 quae
1568 2490 1728 2545 etiam
1752 2492 1996 2561 reprobis
2019 2492 2136 2547 dari

558 2589 767 2652 solent,
796 2588 951 2654 cepis
979 2584 1449 2648 commendamus,
1480 2583 1574 2638 sed
1596 2598 1701 2639 nec
1742 2584 1883 2640 banc
1921 2584 2138 2655 quidem

556 2682 784 2753 gratiam
800 2680 884 2737 illi
909 2680 1149 2736 defuisse
1168 2680 1617 2737 demonstremus.
1636 2680 1906 2735 "Caeterum
1930 2680 1998 2736 ad
2021 2680 2141 2752 ejus

560 2773 790 2842 gloriam
829 2772 1312 2828 commendandam
1343 2771 1472 2826 illud
1520 2771 1675 2826 nobis
1703 2772 1968 2836 suﬂiciat,
1996 2772 2139 2843 quod

563 2865 752 2921 humili
780 2864 943 2921 corde
972 2864 1239 2919 Christum
1267 2872 1482 2918 secutus
1511 2872 1622 2930 est,
1652 2873 1705 2919 et
1725 2864 1865 2933 quod
1890 2880 1998 2918 non
2020 2879 2142 2934 spe-

550 2956 703 3012 ravit
728 2956 1054 3033 in_pecuni:e
1079 2955 1374 3009 thesauris.
1406 2952 1521 3008 Hoc
1544 2962 1569 2990 ι
1601 2954 1785 3025 utique
1809 2963 1893 3009 εει
1924 2954 2144 3009 mirabi-

565 3044 638 3102 lia
659 3047 856 3103 lusisse
879 3045 1066 3116 :qnod
1104 3054 1163 3101 ut
1200 3045 1393 3116 partim
1436 3046 1688 3113 superius
1730 3054 2079 3110 monstratur,
2113 3062 2142 3100 a

2226 1858 2519 1913 illustratur
2540 1854 2596 1911 in
2621 1852 2795 1910 altero
2822 1848 3117 1921 Gregorio,
3159 1849 3230 1901 ita
3260 1856 3328 1901 et
3367 1843 3644 1901 Turouics
3690 1852 3835 1913 post

2228 1950 2511 2007 Martinus-
2530 1947 2827 2002 decoretur
2855 1942 2909 1997 in
2936 1942 3066 1998 isto.
3094 1940 3267 2007 Quem
3302 1937 3557 1997 videlicet
3598 1950 3707 1992 nos
3736 1934 3836 1991 vel

2228 2041 2369 2112 apud
2393 2040 2592 2103 Deum,
2624 2035 2708 2093 vel
2733 2033 2872 2104 apud
2905 2034 3121 2088 beatum
3155 2028 3444 2087 Martiuum
3488 2027 3838 2084 advocatum

2230 2130 2515 2203 quemdam
2543 2138 2704 2199 atque
2731 2134 3063 2194 sequestrem
3084 2121 3294 2177 habese
3335 2118 3715 2181 conﬁdamus.
3739 2117 3840 2173 cio

2232 2240 2339 2297 que
2365 2231 2576 2279 nostras
2609 2218 2960 2276 necessitates
2984 2215 3056 2271 ad
3069 2213 3475 2285 expediendum
3509 2211 3843 2267 committa-

2238 2330 2375 2371 mus.
2406 2314 2604 2369 Verum
2653 2310 2746 2366 ille
2793 2323 2901 2364 non
2940 2308 3044 2364 erit
3088 2306 3376 2382 immemor
3412 2305 3498 2359 vel
3546 2317 3703 2369 suae,
3749 2300 3843 2361 vel

2237 2406 2449 2467 Martini
2485 2401 2908 2469 misericordia,
2950 2414 3110 2469 quam
3152 2398 3309 2453 nobis
3356 2405 3649 2464 tamepere
3692 2394 3843 2450 insi-

2237 2515 2406 2556 nuare
2430 2495 2671 2561 curavit;
2691 2494 2891 2564 quippe
2918 2490 3011 2562 qui
3036 2491 3103 2544 ad
3129 2490 3269 2543 hanc
3294 2487 3677 2543 insinuandam
3714 2487 3842 2558 ejus

2239 2589 2496 2649 miracula
2523 2588 2768 2658 digessit,
2797 2594 2856 2641 ut
2883 2585 3082 2654 quique
3108 2582 3277 2639 futuri
3305 2582 3592 2638 audientes
3627 2590 3842 2651 quanta

2241 2694 2295 2739 et
2323 2680 2501 2754 qualia
2531 2676 2828 2735 visibiliter
2851 2684 3128 2746 operetur,
3154 2688 3323 2745 quam
3363 2673 3687 2744 desperatos
3722 2672 3842 2727 lan-

2235 2788 2436 2846 guares
2462 2781 2648 2839 sanet,
2679 2771 2749 2828 de
2775 2772 3011 2840 postntia
3032 2769 3155 2839 ejus
3194 2768 3502 2825 nullatenus
3539 2766 3835 2833 dubitent;

2241 2876 2293 2924 et
2320 2867 2366 2924 si
2398 2880 2491 2933 pro
2514 2862 2911 2935 dispensatione
2931 2870 3231 2930 tenuiorum
3252 2859 3552 2929 contigerit
3570 2872 3839 2929 corporea

2243 2957 2501 3014 miracula
2531 2968 2781 3021 cessare,
2809 2967 3028 3023 semper
3055 2961 3238 3009 tamen
3266 2950 3559 3008 «edamus
3594 2950 3750 3004 illum
3782 2951 3839 3005 in

2247 3049 2448 3104 nostris
2494 3046 2777 3104 animabus
2824 3060 2939 3102 sua:
2975 3043 3186 3109 virtutis
3224 3041 3549 3103 medicinam
3590 3040 3834 3109 operari.

563 3148 909 3209 peccatorum
946 3146 1040 3193 est
1089 3137 1278 3207 laqueo
1310 3137 1636 3191 custoditus.
1696 3124 1871 3207 Super
1926 3142 2217 3206 omnemc
2245 3139 2534 3212 Gregorius
2556 3139 2717 3209 igitur
2736 3136 2949 3193 Martini
2975 3136 3658 3199 misericordiaeconsoius,
3688 3148 3837 3189 sem-

568 3229 1010 3301 quippegioriam
1026 3240 1115 3284 est
1142 3244 1172 3281 ιι
1206 3228 1437 3298 peccatis
1476 3228 1755 3296 proiectio.
1788 3228 2063 3297 Vigesimo
2094 3238 2150 3283 et

572 3325 744 3389 pulmo
768 3319 933 3389 igitur
958 3320 1302 3389 episconatns
1338 3319 1420 3372 sui
1450 3333 1624 3385 anno,
1661 3327 1911 3388 tanquam
1956 3328 2145 3389 septe-

572 3415 1012 3469 narioannonun
1053 3426 1276 3468 numero
1305 3421 1386 3467 ter
1418 3414 1469 3466 in
1494 3413 1607 3467 title
1642 3422 1843 3468 sanctze
1872 3412 2154 3471 Trinitatis

573 3504 862 3573 «ariete,
891 3506 1168 3572 appositus
1188 3512 1271 3557 est
1300 3502 1366 3556 ad
1398 3513 1575 3571 patres
1600 3519 1749 3571 suos,
1774 3520 1881 3560 non
1915 3516 2021 3559 tam
2038 3505 2156 3562 die-

575 3610 716 3659 rum,
738 3595 868 3663 quia
880 3592 1063 3650 [ferme
1092 3594 1403 3649 tricennalis
1424 3596 1701 3652 ordinatus
1720 3604 1823 3664 est,
1849 3610 2007 3665 quam
2036 3612 2160 3667 per-
2196 3654 2199 3657 ,

576 3683 810 3738 {edisne
832 3684 1042 3752 plenus.
1056 3683 1164 3750 Qui
1191 3692 1368 3738 tamen
1384 3699 1495 3738 non
1528 3699 1905 3757 usquequaque
1946 3686 2159 3742 videtur

576 3773 792 3829 clausus
831 3775 887 3828 in
922 3775 1162 3841 tumulo,
1199 3776 1479 3830 cui-restat
1508 3787 1564 3830 ut
1592 3777 1672 3832 vel
1703 3777 1880 3848 lingua
1919 3778 2063 3833 vivat
2105 3779 2157 3834 in

570 3864 801 3920 attendo.
846 3866 914 3920 Et
958 3867 1105 3936 quia,
1133 3866 1275 3921 sicut
1301 3867 1607 3934 credimus,
1648 3867 1806 3924 beato
1840 3868 2075 3923 Martino
2108 3871 2162 3923 in

570 3956 720 4011 .cmlo
745 3965 828 4011 est
847 3955 1108 4021 sociatus,
1134 3966 1320 4011 sancto
1340 3958 1505 4010 etiam
1527 3971 1753 4025 corpore
1779 3967 1863 4012 est
1889 3957 1964 4011 illi
1994 3958 2045 4012 in
2075 3973 2164 4013 se-

570 4047 771 4117 pulcro
799 4047 1021 4102 vicinis.
1053 4048 1220 4103 Porro
1253 4049 1683 4114 Turouicenses,
1714 4064 1780 4104 ne
1814 4049 2016 4104 divinis
2042 4065 2162 4103 mu-

582 4139 806 4194 neribus
852 4139 1138 4195 vidcantur
1176 4139 1369 4209 ingrati
1394 4179 1410 4203 ,
1437 4155 1651 4211 semper
1694 4156 1917 4197 necesse
1957 4150 2075 4209 est,
2105 4150 2163 4196 ut

584 4237 879 4285 retractent
901 4240 1229 4301 quantopere
1253 4232 1362 4286 sint
1386 4244 1415 4285 a
1441 4232 1549 4287 Deo
1573 4233 1794 4287 summi.
1816 4233 1985 4287 Datus
2009 4248 2167 4287 nam-

585 4331 693 4386 (με
708 4326 792 4373 est
808 4319 891 4372 eis
910 4334 1165 4385 patronus
1188 4332 1293 4374 non
1317 4320 1740 4391 qualiscumque,
1755 4321 1856 4376 sed
1877 4321 2165 4390 Martinus,

586 4407 837 4478 dectijus
867 4407 1021 4463 laude
1060 4409 1187 4478 quid
1220 4410 1466 4479 primum
1502 4411 1593 4465 've‘l
1637 4411 1877 4481 speciale
1924 4412 2165 4480 dicatur,

2250 3246 2347 3303 per
2373 3232 2447 3286 illi
2477 3231 2545 3286 de
2580 3244 2743 3301 grege
2770 3244 2877 3289 suo
2917 3240 3166 3299 suggerat
3186 3227 3256 3293 δ,
3283 3242 3502 3297 semper
3534 3227 3690 3283 “illum
3728 3241 3837 3296 pro

2251 3332 2391 3380 Statu
2421 3322 2593 3378 sancti
2625 3321 2730 3377 loci
2755 3321 2838 3375 sui
2870 3334 2933 3375 ac
2957 3336 3051 3389 pro
3078 3320 3239 3375 totius
3264 3320 3421 3389 regni
3451 3318 3633 3377 saltue
3670 3319 3837 3374 inter-

2246 3415 2434 3486 pellet.
2464 3413 2575 3470 Nec
2604 3412 3041 3482 prastereundum
3078 3411 3350 3481 quomodo
3382 3420 3695 3467 consueta
3728 3409 3835 3466 sibi

2259 3506 2617 3562 humilitatem
2652 3506 2813 3561 etiam
2843 3508 2895 3560 in
2925 3505 3041 3575 ipsa
3075 3506 3345 3573 sepultura
3379 3520 3478 3560 sua
3506 3502 3831 3559 servaverit.

2258 3597 2391 3653 Nam
2421 3597 2473 3653 in
2497 3596 2585 3652 tali
2613 3597 2732 3654 loco
2750 3610 2811 3652 se
2840 3598 3059 3666 sepeliri
3088 3596 3240 3661 iacit,
3252 3595 3346 3650 ubi
3373 3594 3835 3664 semperomnium

2261 3688 2487 3761 pedibus
2524 3688 3055 3753 conculcaretur;et
3096 3687 3213 3757 ipsa
3236 3688 3654 3745 loci:qu
3680 3702 3835 3758 coge-

2266 3788 2385 3849 ret,
2418 3794 2488 3835 ne
2528 3792 2763 3846 unquam
2793 3776 2847 3833 in
2874 3778 3054 3847 aliqua
3084 3777 3384 3835 reverentia
3415 3778 3599 3833 haberi
3629 3786 3833 3847 posset,

2261 3870 2357 3926 sed
2385 3884 2513 3940 grex
2539 3869 2682 3925 beati
2705 3868 2911 3924 Martini
2944 3868 3068 3923 talia
3097 3882 3203 3924 non
3233 3867 3441 3933 iuncus,
3472 3871 3700 3923 unicum
3731 3867 3833 3923 Do-

2266 3960 2396 4014 mini
2423 3959 2506 4015 sui
2534 3958 2736 4014 deloco
2760 3958 2974 4021 levavit,
2993 3967 3048 4013 et
3066 3958 3215 4015 edito
3230 3958 3463 4027 pulchre
3484 3959 3751 4013 inausoleo
3766 3959 3831 4013 ad

2268 4051 2460 4106 laevam
2483 4050 2652 4104 saneti
2683 4049 2915 4117 sepulcri
2964 4048 3123 4118 digna
3155 4048 3455 4103 reverentia
3487 4047 3756 4103 collocavit
3782 4057 3828 4101 ο.

2266 4142 2409 4196 Obiit
2435 4151 2611 4196 autem
2626 4139 2834 4196 decimo
2842 4140 3028 4210 quinto
3043 4138 3297 4195 kalendas
3308 4139 3642 4205 Decembris,
3658 4139 3830 4193 videli-

2267 4232 2502 4288 cetinl'ra
2520 4233 2888 4288 Martinianum
2919 4232 3333 4298 hebdomadam,
3366 4232 3828 4287 utsolemnitatem

2272 4322 2503 4391 Martini,
2527 4339 2685 4393 quam
2719 4322 2805 4378 hic
2839 4322 2949 4393 jam
2980 4332 3247 4393 aegretans
3275 4323 3548 4379 celebrare
3574 4333 3828 4394 carpet-at,

2264 4415 2495 4472 Mavtino
2535 4415 2754 4487 junctus
2795 4414 2850 4471 in
2896 4416 3037 4472 cmlo
3082 4426 3521 4481 consummaret,
3554 4428 3824 4488 male

574 4514 732 4561 cum.
759 4508 817 4556 ut
844 4501 1098 4569 scriptum
1120 4510 1225 4565 est,
1246 4501 1372 4570 ejus
1396 4502 1623 4557 minima
1655 4503 1881 4558 aliorum
1915 4504 2163 4558 maximis
2190 4517 2246 4579 ι)
2270 4507 2497 4563 Domino
2522 4506 2650 4563 Jesu
2676 4505 2893 4561 Chr.sto
2912 4547 2928 4573 ,
2961 4507 3051 4575 qui
3080 4521 3201 4561 eum
3229 4506 3387 4562 Patre
3418 4517 3480 4565 et
3504 4508 3693 4578 Spiritu
3710 4523 3829 4564 san-

586 4591 794 4660 ιιιιῲοη
820 4607 947 4647 esse
970 4593 1315 4649 manifestam
1336 4594 1444 4663 sit,
1470 4605 1656 4651 tamen
1678 4597 1868 4668 quanti
1895 4597 2173 4653 habendus
2278 4609 2366 4655 cto
2395 4598 2528 4655 vivit
2556 4608 2611 4652 et
2637 4605 2827 4669 regnat
2860 4598 3025 4665 Deus,
3064 4612 3162 4670 per
3195 4597 3384 4657 omnia
3430 4597 3626 4657 nulla
3664 4612 3831 4655 sacu-

592 4679 665 4737 sit
688 4692 951 4738 ιθειιιιιωι-
974 4685 1263 4753 universe,
1286 4695 1343 4742 ut
1368 4689 1440 4742 ita
1459 4687 1661 4756 dicam,
1687 4688 1872 4744 mundi
1899 4690 2168 4757 nationes,

2278 4689 2471 4745 lorum.
2506 4690 2697 4743 Amen.

1442 4823 1676 4896 Explicit
1702 4826 1807 4883 vita
1849 4828 2021 4884 sancti
2060 4825 2305 4899 Gregorii
2332 4821 2732 4896 archiepiscopi
2760 4788 3111 4882 Turonensis.

665 4998 717 5080 SA
737 4996 865 5080 Qum
904 5007 1197 5080 sequuntur
1216 5015 1412 5080 Διιδτιῃ-εδ
1443 5002 1511 5067 ad
1540 5003 1736 5070 ﬁnem,
1762 5004 1954 5076 paucis
1980 5004 2164 5064 verbis

591 5077 873 5121 mtracta
901 5078 1028 5123 sunt
1055 5069 1107 5123 in
1137 5069 1534 5127 codiceGe‘rtn.

674 5133 704 5176 δ
738 5137 862 5209 Ed,
888 5155 1085 5209 semper
1106 5141 1193 5195 ille
1216 5142 1283 5195 de
1309 5158 1458 5209 grege
1481 5159 1576 5197 suo
1594 5155 1899 5199 succrescat.

678 5214 705 5247 ο
743 5207 819 5264 De
846 5207 1093 5282 sepulcro
1116 5219 1174 5270 et
1199 5207 1447 5284 relijuiis
1474 5212 1617 5270 beati
1650 5212 1900 5286 Gregorii
1934 5210 2172 5274 diximus

2267 5006 2323 5062 'll
2354 5006 2496 5060 notis
2510 5004 2810 5061 fusi-aribus
2837 5005 2944 5060 col.
2982 5006 3139 5061 ΒΜ.
3162 5004 3389 5062 Festum
3437 5004 3556 5075 ejus
3584 5008 3645 5061 ’in
3687 5014 3815 5061 vetn-

2268 5076 2522 5133 stioribus
2547 5075 2886 5149 Kalendariis
2915 5075 3412 5149 ctﬁartyrologiis
3443 5081 3557 5134 ἰνα
3586 5080 3698 5146 ipso
3733 5077 3813 5137 dic

2272 5156 2620 5207 memoratur.
2652 5146 2799 5205 Obiit
2824 5160 2969 5204 anno
2993 5144 3124 5205 595.
