4040 6186
378 304 480 359 165

1654 300 1971 357 ANNALES
2012 301 2346 359 FRANCICI.

3536 312 3631 365 Mli

373 423 621 475 Rhenum
648 420 827 500 sitam,
846 435 972 500 .qnze
1010 429 1135 474 ante
1172 433 1392 500 menses
1430 419 1643 500 circiter
1672 420 1857 500 decem
1899 421 1954 500 in
1986 420 2035 479 Α
2064 429 2143 500 ter
2171 421 2409 476 Saxones
2435 424 2631 500 quippe
2661 437 2710 481 et
2742 426 3065 500 Alemanuos
3092 444 3224 498 gens
3254 430 3367 500 ejus
3392 445 3495 486 non
3530 444 3634 487 tam

372 501 693 561 potestatem
719 491 952 545 hostium
968 499 1205 546 venerat.
1220 490 1423 544 Julian.
1450 492 1596 562 epist.
1626 492 1694 543 atl
1709 490 1770 545 S.
1800 490 1868 547 P.
1888 492 1952 560 ρ.

371 562 747 616 Atheniensem.

443 630 571 686 357.
604 630 709 684 DC.
744 628 937 683 Franci
976 631 1030 683 in
1056 628 1653 701 castelloiblenapiorum
1681 647 1713 685 a
1742 630 1957 689 Juliano

371 702 564 755 obsessi
591 712 639 755 et
663 703 729 753 ad
751 701 1058 754 deditionem
1087 700 1335 770 compulsi
1364 711 1501 753 sunt.

449 773 680 824 Ithemos
712 773 941 843 Severus
990 774 1241 843 magister
1284 770 1658 843 equitumper
1711 773 1954 843 Agrippi-

374 857 498 894 nam
531 855 716 909 pelens
738 852 791 895 et
820 840 1103 905 Juliacnm,
1125 841 1446 894 Fnsnconuu
1472 840 1825 896 validissimos
1844 840 1951 897 cn-

376 928 509 965 neos
542 915 591 965 in
625 912 897 965 sexcentis
918 912 1189 969 velitibus.
1220 922 1278 963 ut
1310 920 1492 977 postea
1531 911 1743 977 claruit,
1788 929 1950 971 vacua

371 983 641 1046 prasidiis
674 982 786 1034 loca
818 990 1086 1033 vastantes
1115 979 1339 1034 oﬂ'endit
1366 998 1388 1046 πε
1425 982 1522 1033 hac
1552 986 1951 1048 Opportunitate

372 1052 428 1104 in
458 1053 631 1105 scelus
653 1052 926 1103 audaciam
953 1051 1207 1118 erigente,
1236 1050 1375 1118 quod
1397 1050 1610 1104 Cresam
1636 1054 1952 1108 Alamanno-

369 1138 489 1175 rum
520 1122 827 1195 secessibus
844 1132 1123 1195 occupato,
1178 1121 1429 1195 nulloque
1471 1131 1680 1195 vetante
1702 1165 1714 1184 ,
1749 1124 1947 1195 expleri

367 1206 431 1246 se
477 1206 634 1257 posse
684 1191 983 1257 pra-durum
1036 1191 1313 1258 opimitate
1360 1200 1483 1242 sunt
1531 1192 1793 1249 arbitrati.
1819 1191 1945 1252 bed

368 1272 515 1335 metu
535 1263 643 1335 jam
674 1260 872 1335 reversi
900 1263 1185 1323 exercitus,
1211 1260 1564 1335 munimentis
1584 1264 1808 1335 duobus,
1828 1283 1946 1335 qua:

366 1332 495 1384 olim
528 1332 799 1400 exinanita
830 1339 969 1389 sunt.
996 1332 1287 1396 occupatis,
1314 1345 1373 1384 se
1394 1330 1566 1397 quoad
1599 1334 1709 1385 ﬁeri
1737 1330 1945 1400 poterat

369 1402 677 1454 tuebantur.
738 1399 847 1454 Hac
874 1400 1115 1453 Julianus
1162 1400 1236 1453 rei
1282 1402 1514 1453 novitate
1555 1399 1848 1469 perculsus,
1890 1420 1945 1462 et

366 1472 667 1540 conjiciens
692 1485 945 1539 quorsum
994 1478 1322 1534 erumperet,
1352 1474 1395 1523 si
1438 1470 1621 1523 iisdem
1669 1476 1945 1531 transisset

367 1543 609 1606 intactis,
644 1550 851 1593 retento
875 1540 1464 1611 militerci-rcumvallare
1484 1541 1768 1611 disposuit,
1788 1556 1938 1600 etc...

363 1611 567 1676 inedia,
599 1625 651 1665 et
682 1610 900 1683 vigiliis,
930 1618 985 1683 et
1026 1610 1400 1683 desperatione
1432 1621 1700 1677 postrema
1738 1616 1937 1683 lassati,

361 1692 554 1747 sponte
602 1696 662 1735 se
692 1682 902 1748 propria
935 1680 1200 1734 dederunt
1235 1697 1247 1731 :
1279 1682 1568 1749 statimque
1608 1684 1672 1734 ad
1716 1680 1936 1739 conlita;

361 1761 475 1803 tum
510 1751 730 1819 Augusti
758 1764 881 1803 sunt
901 1750 1067 1803 missi.
1100 1752 1179 1802 Ad
1203 1764 1338 1817 quos
1360 1750 1673 1805 eximendos
1702 1757 1936 1819 periculo

359 1821 651 1875 multitudo
678 1821 1001 1875 Fassconun
1025 1834 1260 1889 egressa,
1288 1835 1405 1872 cum
1429 1830 1613 1889 captos
1643 1827 1935 1891 comperis

360 1902 467 1955 set,
499 1900 555 1945 et
580 1900 907 1959 asportatos,
945 1891 1070 1944 nihil
1118 1891 1342 1956 amplius
1373 1905 1521 1956 ansa,
1571 1894 1842 1958 repedavit
1870 1897 1935 1949 ad

357 1977 476 2014 sua.
509 1962 706 2030 Hisque
734 1961 982 2028 perlectis
1004 1970 1217 2013 acturus
1264 1960 1493 2014 hiemem
1536 1963 1752 2018 revertit
1792 1965 1940 2020 Pari-

353 2033 468 2084 sios
495 2030 691 2085 Caesar.
721 2033 1002 2093 Ammian.,
1033 2030 1171 2083 Hist.
1202 2030 1292 2083 lib.
1328 2046 1454 2084 xvii.

432 2102 561 2157 558.
603 2101 843 2155 Julianus
889 2102 1048 2157 Saliis
1075 2112 1122 2153 et
1147 2098 1415 2154 Cltamavis
1459 2101 1643 2154 bellum
1671 2104 1843 2172 infert,
1888 2115 1936 2158 et

354 2182 555 2241 partem
583 2173 842 2227 Saliorum
865 2188 979 2242 qua:
1006 2172 1060 2224 in
1089 2172 1312 2225 Galliam
1354 2172 1609 2240 irruperat
1639 2174 1689 2225 in
1722 2176 1936 2230 deditio-

352 2259 471 2294 nem
500 2254 712 2304 accepit.

426 2313 634 2378 Quibus
683 2312 979 2381 (subsidiis)
1024 2313 1241 2379 paratis,
1290 2313 1419 2380 petit
1471 2313 1668 2375 primos
1698 2318 1932 2371 omnium

352 2381 624 2457 Fuscos,
656 2398 749 2436 eos
794 2382 1039 2457 videlicet
1078 2398 1215 2457 Quos
1256 2385 1585 2457 consuetudo
1625 2384 1813 2457 δλμυε
1842 2402 1935 2457 ap-

350 2454 596 2521 pellavit,
630 2464 799 2507 'ausos
827 2453 952 2506 olim
985 2456 1035 2505 in
1078 2451 1320 2505 Romano
1365 2454 1479 2506 solo
1518 2454 1654 2517 apud
1700 2451 1933 2510 'I‘oxian-

350 2524 527 2575 driam
558 2526 729 2578 locum
762 2524 1058 2576 habitacula
1090 2522 1189 2575 sibi
1232 2523 1391 2591 ﬁgere
1436 2523 1789 2589 pra-licenter.
1837 2526 1933 2580 Cui

348 2608 478 2645 cum
530 2594 772 2655 Tungros
826 2594 1075 2657 venisset,
1124 2595 1353 2646 occurrit
1406 2593 1599 2661 legatio
1655 2597 1933 2663 pracdicto-

349 2678 495 2723 rum,
521 2674 626 2719 etc.
652 2664 838 2718 Subito
858 2674 1076 2718 cunctos
1097 2677 1397 2731 aggressus,
1428 2673 1673 2731 tanquam
1698 2663 1934 2722 fulminis

349 2733 516 2786 turbo
549 2733 796 2802 perculsit
827 2752 838 2786 :
870 2732 1086 2801 jamque
1126 2745 1405 2800 precantes
1434 2735 1768 2802 potiusquam
1801 2738 1932 2791 resi.

349 2814 561 2858 stentes
591 2808 640 2858 in
672 2813 1023 2872 opportunam
1054 2802 1349 2858 clementia:
1380 2813 1579 2871 partem
1624 2804 1815 2859 eﬂectu
1854 2808 1932 2860 vi-

348 2876 538 2927 ctoriae
570 2874 728 2935 nexo,
754 2873 1013 2944 dedentes
1036 2889 1093 2925 se
1120 2888 1237 2926 cum
1282 2874 1472 2941 Opibus
1501 2874 1790 2944 liberisque
1814 2890 1932 2932 sus-

349 2946 514 3011 cepit.
542 2945 825 3007 Ammian.,
863 2942 1003 2998 Hist.
1036 2944 1124 2996 lib.
1152 2958 1277 2997 xvii.

422 3017 563 3079 Quin
592 3015 846 3069 adversus
874 3028 966 3067 eos
1016 3013 1291 3078 barbaros,
1324 3013 1373 3066 id
1404 3021 1487 3066 est
1520 3013 1781 3076 Fnincos,
1831 3015 1930 3070 Ss-

352 3101 471 3139 uns
517 3096 571 3139 et
616 3086 905 3139 Caunos
953 3085 1243 3138 exercitum
1290 3098 1532 3148 movens,
1570 3085 1926 3152 aspirantibus

2062 489 2163 542 lata
2210 508 2368 564 quam
2414 489 2604 559 valida,
2648 498 2786 559 apud
2831 489 3120 551 historicos
3140 489 3443 564 Germania,
3494 518 3634 556 nunc

2060 574 2187 639 vero
2225 563 2455 617 [insueta
2484 568 2748 639 vocatur),
2776 568 2844 621 ab
2866 570 3107 637 antiquo,
3140 571 3239 624 hoc
3261 582 3344 625 est
3372 563 3440 625 ab
3462 573 3633 625 infau-

2060 636 2129 706 tia
2164 646 2441 706 possessus
2470 650 2499 706 a
2545 636 2811 699 dzemone,
2854 640 2941 702 qui
2982 640 3226 693 noctibus
3254 656 3378 694 eum
3404 643 3630 706 ululare,

2060 699 2426 776 ingemiscere.
2462 702 2691 760 fremere
2717 699 2962 762 dentibus
3003 710 3373 776 compellebat,
3418 699 3631 766 secreto

2059 772 2297 845 vero__ab
2330 774 2649 839 imperatore
2696 778 3025 832 evectionem
3082 772 3250 845 petiit,
3296 772 3536 833 caussam
3576 783 3627 836 ei

2059 841 2665 917 simpliciterindicans;
2697 858 2748 899 et
2774 851 3006 914 acceptis
3032 841 3097 901 ad
3126 841 3459 904 consularem
3492 866 3626 917 quo-

2054 922 2155 976 que
2184 910 2517 985 Ealmstinum
2548 910 2753 973 litteris.
2779 910 3125 985 cum'iugenti
3157 920 3356 972 honore
3385 929 3439 974 et
3459 910 3620 974 comi-

2056 986 2163 1031 tatu
2194 982 2385 1035 Gazam
2415 986 2671 1038 deductus
2711 997 2810 1051 est,
2841 998 2957 1041 etc.,
2983 982 3361 1043 Deatnbulabat
3384 1001 3509 1042 tunc
3529 1006 3620 1043 se-

2053 1051 2235 1127 nex_in
2267 1055 2445 1127 arenis
2477 1056 2744 1127 mollibus,
2770 1060 2833 1127 et
2872 1072 3056 1110 secum
3105 1059 3170 1110 de
3199 1061 3413 1127 psalmis
3441 1059 3623 1113 nescio

2051 1120 2175 1194 quid
2204 1123 2666 1177 snbmnrmurabat
2693 1143 2705 1177 :
2734 1126 3022 1194 vidensque
3053 1120 3247 1181 tantam
3281 1130 3485 1181 turbam
3531 1146 3620 1183 ve-

2053 1189 2603 1266 nientem,substitit;
2633 1205 2685 1249 et
2717 1189 3018 1250 resalutatis
3046 1199 3313 1260 omnibus,
3358 1214 3623 1266 manuque

2048 1259 2125 1335 eis
2153 1259 2502 1325 benedicens,
2542 1274 2658 1331 post
2692 1266 2871 1319 horam
2904 1276 3128 1321 czeteros
3172 1259 3320 1322 abire
3348 1259 3623 1334 pra'cepit,

2049 1327 2194 1381 illum
2230 1346 2369 1404 _vero
2413 1327 2733 1404 cutn'servis
2763 1338 2872 1389 suis
2919 1349 2972 1390 et
3016 1327 3402 1404 apparitoribus
3447 1327 3617 1391 rvina;

2046 1411 2193 1452 nete.
2221 1400 2301 1471 Ex
2334 1402 2502 1456 oculis
2549 1406 2687 1458 enim
2735 1407 2870 1471 ejus.
2922 1417 2976 1460 ct
3021 1400 3185 1471 vultu,
3239 1424 3335 1462 cur
3379 1410 3617 1462 venisset

2043 1470 2277 1546 agnovit.
2311 1472 2495 1546 .Statim
2545 1490 2670 1542 ergo
2712 1470 2776 1529 ad
2819 1470 3284 1544 interrogationem
3327 1493 3619 1546 suspensus

2046 1535 2223 1616 homo,
2264 1542 2360 1616 vix
2395 1535 2842 1612 terratn'pctlihus
2877 1535 3117 1614 tangens,
3167 1560 3219 1602 et
3261 1535 3489 1601 immane
3529 1564 3615 1602 ru-

2042 1610 2212 1683 giens,
2260 1610 2417 1683 Syro,
2450 1630 2553 1680 quo
2585 1610 2932 1683 interrogatus
2969 1610 3166 1683 luerat,
3209 1634 3457 1672 sermone
3503 1634 3615 1671 res-

2044 1680 2246 1742 pondit.
2283 1681 2502 1754 \lideres
2532 1684 2598 1736 de
2626 1700 2719 1738 ore
2743 1680 2991 1750 barbaro,
3021 1696 3073 1740 et
3103 1680 3188 1754 qni
3219 1689 3473 1743 FRANCAM
3499 1700 3615 1741 tan-

2045 1757 2151 1827 tum
2202 1757 2254 1801 et
2305 1750 2543 1805 Latinam
2577 1756 2806 1824 linguam
2858 1766 3097 1819 noverat,
3122 1750 3260 1827 'Syra
3308 1761 3372 1811 ad
3423 1775 3610 1826 purum

2043 1818 2201 1897 verba
2234 1818 2731 1897 resonare;_nt_tion
2778 1827 2995 1891 stridor,
3046 1843 3147 1880 non
3172 1818 3455 1897 aspiratio,
3505 1846 3609 1881 non

2043 1888 2236 1967 idionia
2275 1892 2485 1961 aliquod
2520 1894 2783 1949 Palzestini
2832 1888 3043 1950 deesset
3074 1888 3292 1965 eloquii.
3324 1888 3612 1953 Conl'essus

2039 1965 2123 2008 est
2151 1965 2345 2026 itaque,
2366 1978 2497 2033 Δῳιι)
2541 1967 2590 2015 in
2622 1978 2742 2018 eum
2774 1969 3023 2021 intrasset
3070 1970 3276 2023 ordine.
3311 1971 3394 2033 Et,
3424 1982 3478 2021 tit
3526 1970 3607 2021 in-

2042 2035 2302 2104 terpretes
2330 2028 2446 2098 ejus
2468 2033 3199 2101 intelligerent,quiCrtecatn
3226 2028 3425 2091 tantum
3443 2050 3494 2091 et
3512 2040 3609 2091 La-

2041 2100 2216 2175 tinam
2257 2100 2487 2175 linguam
2518 2114 2795 2175 noverant,
2829 2100 3014 2159 Grmce
3041 2121 3252 2175 quoque
3280 2125 3399 2162 eum
3442 2110 3608 2162 inter-

2038 2170 2260 2245 rogavit.
2280 2172 2395 2245 Quo
2412 2172 2719 2227 sitniliteret
2745 2176 2794 2226 in
2826 2177 2985 2229 verba
3012 2170 3198 2229 eadem
3222 2179 3603 2245 restiondente,

2038 2238 2338 2310 multasque
2380 2240 2794 2297 incantatiuntnn
2825 2247 3151 2310 occasiones,
3180 2257 3236 2301 et
3263 2238 3606 2302 necessitates

2037 2308 2358 2387 magicorum
2393 2313 2584 2387 artium
2615 2314 2935 2387 obtendente
2980 2333 2992 2366 :
3026 2308 3145 2369 Non
3167 2332 3318 2380 curo,
3345 2320 3440 2383 ait,
3470 2335 3606 2387 quo-

2038 2382 2198 2447 l_l|0tl0
2229 2379 2526 2445 intraveris,
2573 2384 2668 2436 sed
2714 2394 2768 2437 ut
2814 2399 2994 2447 ext-as,
3046 2387 3097 2439 in
3150 2379 3363 2442 nomine
3396 2379 3604 2442 Domini

2035 2443 2162 2527 Jesu
2191 2448 2385 2527 Christi
2417 2443 2639 2527 impero.
2672 2452 2913 2527 Cumque
2941 2443 3153 2527 curatus
3183 2468 3348 2522 esset,
3393 2460 3602 2527 simpli-

2035 2520 2192 2591 citate
2215 2520 2413 2574 rustica
2426 2523 2610 2576 decem
2636 2525 2751 2578 auri
2788 2520 2947 2578 libras
2973 2526 3222 2591 ollerens,
3245 2520 3598 2584 hordeaceam

2034 2586 2102 2639 ab
2127 2603 2193 2641 eo
2226 2604 2413 2657 panem
2446 2594 2668 2660 accepit,
2698 2595 2921 2648 audiens
2951 2597 3089 2663 quod
3120 2586 3219 2666 qui
3241 2601 3327 2651 tali
3360 2600 3476 2652 cibo
3498 2601 3603 2653 ale-

2034 2668 2222 2739 rentur
2264 2675 2455 2739 aurum
2481 2677 2578 2739 pro
2609 2670 2722 2719 luto
2762 2667 3037 2720 ducerent.
3066 2669 3126 2721 S.
3159 2667 3506 2739 Hieronymus
3549 2671 3601 2723 in

2045 2724 2157 2780 Vita
2185 2728 2245 2783 S.
2281 2724 2590 2787 Hilario-nis.
2823 2754 2827 2757 ‘

2103 2796 2223 2851 565.
2250 2800 2488 2855 Julianus
2513 2805 2722 2857 interiit.
2746 2803 2991 2859 Jovianus
3012 2808 3075 2860 Α.

2065 2935 2075 2946 _
2252 2871 2532 2947 Malaricus
2576 2872 2808 2947 Francus
2850 2878 3192 2945 magisterium
3221 2895 3480 2933 armorum
3511 2896 3598 2947 per

2034 2935 2232 3013 Gallias
2254 2944 2508 3013 suscipere
2529 2956 2747 2999 recusat.
2770 2946 2851 2998 Ex
2882 2935 3169 3010 Antoniam,
3194 2950 3327 3003 llist.
3346 2951 3438 3003 lib.
3466 2935 3593 3003 xiv.

2100 3007 2713 3085 Jovianusdﬁamorilur.
2754 3014 3138 3069 Valentinianus
3160 3007 3225 3085 i/it
3269 3021 3328 3071 Α.
3364 3029 3472 3078 part
3501 3020 3599 3071 ali-

2029 3089 2149 3159 quot
2179 3083 2285 3159 dies
2348 3083 2601 3159 Valentem
2646 3086 2855 3153 fratrem
2898 3087 2963 3138 Α.
2992 3097 3128 3140 creat
3146 3083 3332 3156 {eique
3376 3090 3598 3144 Orientis

349 3156 480 3219 dtis,
507 3156 778 3223 Ssuonuu
799 3164 998 3224 partem
1025 3158 1206 3222 excepi
1238 3171 1251 3206 :
1275 3153 1574 3207 Chamavos
1597 3148 1797 3224 espuli,
1820 3168 1924 3212 etc.
1956 3148 2002 3211 C
2031 3148 2296 3224 imperium
2329 3156 2591 3224 permittit.

349 3224 553 3279 Julian.
585 3229 731 3295 epist.
760 3224 827 3276 ad
856 3224 916 3279 S.
951 3223 1017 3276 P.
1053 3226 1116 3289 ρ.
1148 3224 1519 3277 Atheniensem.

421 3295 665 3351 Julianus
714 3296 991 3350 Chamavos
1024 3295 1210 3361 partim
1246 3295 1416 3357 caedit,
1464 3303 1510 3346 et
1554 3296 1738 3361 partim
1792 3296 1929 3352 vivos

349 3375 525 3434 captos
540 3373 591 3420 in
606 3367 807 3420 vincula
822 3366 1070 3435 compegit
1090 3381 1204 3418 cum
1231 3365 1436 3418 illorum
1456 3380 1571 3435 rege
1595 3363 1646 3417 Ν
1651 3366 1923 3436 ebiogaste,

350 3439 550 3491 reddito
575 3439 621 3491 ei
645 3438 753 3503 ﬁlio
802 3438 1019 3505 captivo,
1044 3446 1091 3490 et
1133 3446 1340 3504 accepta
1368 3436 1479 3489 sola
1505 3436 1616 3501 eius
1643 3446 1804 3491 matre
1832 3437 1925 3491 ob-

348 3506 479 3578 side,
503 3524 677 3578 pacem
697 3508 833 3578 fecit.

419 3575 710 3633 Caunos
743 3576 925 3630 itidem
954 3590 1111 3630 ausos
1139 3576 1330 3631 similia
1361 3575 1599 3641 adortus,
1624 3577 1812 3632 eadem
1836 3594 1925 3634 ce-

348 3648 560 3703 leritate
606 3651 798 3716 partim
848 3647 1063 3711 cecidit,
1112 3648 1302 3715 partim
1333 3646 1529 3699 acriter
1570 3660 1925 3715 repugnantes

346 3720 604 3788 vivosque
647 3721 829 3785 capto's
861 3722 1130 3785 compegit
1174 3720 1223 3788 in
1256 3716 1492 3788 vincula,
1538 3726 1667 3780 etc.,
1699 3734 1923 3785 quorum

348 3785 537 3854 legatis
561 3791 703 3842 humi
730 3789 1007 3855 prostratis
1033 3788 1133 3841 sub
1155 3786 1425 3840 obtutious
1446 3785 1585 3855 ejus,
1618 3802 1799 3856 pacein
1824 3790 1925 3843 hoc

346 3862 534 3912 tribuit
560 3868 736 3925 pacto.
761 3873 817 3915 ut
839 3861 905 3916 ad
932 3875 1025 3913 sua
1050 3857 1287 3913 redirent
1305 3857 1617 3912 incolumes.
1639 3861 1920 3925 Arioniam,

346 3927 486 3983 llist.
518 3927 609 3983 lib.
641 3945 764 3983 xvn.

411 4001 546 4053 Cum
594 4000 835 4055 Julianus
888 4002 940 4055 in
988 4009 1181 4053 terram
1233 3996 1479 4050 hostilem
1528 3996 1835 4067 irrupiSset,
1868 4008 1922 4054 et

342 4069 971 4139 Cusuntsupplicarent
995 4081 1048 4123 ut
1072 4067 1216 4137 genti
1242 4077 1487 4135 tanquam
1506 4082 1622 4139 qua}
1636 4084 1727 4121 sua
1752 4079 1917 4135 esset,

344 4152 611 4206 parceret,
641 4137 891 4196 assensus
916 4153 1016 4201 est,
1050 4150 1103 4192 et
1133 4152 1317 4192 eorum
1350 4151 1531 4205 regem
1558 4137 1623 4189 ad
1651 4153 1709 4190 se
1738 4139 1919 4193 teuire

341 4213 518 4277 jussit.
547 4212 613 4265 Ut
638 4215 799 4275 venit,
830 4222 957 4275 etc.,
989 4225 1110 4264 esse
1136 4208 1522 4277 existimantes.
1550 4207 1733 4261 Pacem
1760 4208 1919 4277 igitur

341 4276 496 4341 feeit;
524 4291 578 4334 et
606 4282 773 4336 solam
818 4279 1099 4349 Nebogasti
1133 4286 1353 4349 matrem
1399 4276 1567 4343 petiit,
1598 4293 1754 4343 quam
1790 4276 1919 4332 bar-

341 4353 454 4403 bari
481 4350 657 4404 ftedus
678 4348 1031 4419 approbantes
1053 4348 1228 4404 statim
1258 4348 1660 4419 dederuuticum
1688 4350 1917 4417 ejusdem

339 4424 476 4489 r.-gis
509 4423 640 4486 alio,
667 4425 752 4490 qui
780 4427 829 4475 in
862 4430 953 4493 pro
971 4424 1038 4473 lio
1076 4428 1251 4487 captus
1282 4420 1466 4493 fuerat.
1503 4418 1592 4493 llis
1636 4418 1913 4493 conlectis,

2101 3220 2227 3276 566.
2253 3222 2508 3295 Charietto
2532 3222 2761 3278 Francus
2791 3242 2877 3289 per
2897 3236 3159 3295 utramque
3173 3227 3497 3283 Germaniam
3514 3248 3598 3283 co-

2030 3307 2133 3366 mes
2164 3302 2341 3366 contra
2389 3294 2703 3366 Alamannos
2758 3311 2993 3366 pugnans
3039 3294 3304 3353 occiditur.
3352 3302 3426 3354 Ex
3471 3307 3601 3355 Ant-

2030 3362 2231 3429 niiauo,
2259 3363 2393 3417 Hist.
2420 3364 2513 3418 lib.
2543 3379 2668 3418 xvn.
2760 3362 2767 3364 “
2831 3362 2848 3366 ⁷
3332 3396 3347 3427 ι

2100 3430 2227 3486 367.
2252 3432 2528 3487 Gratianus
2560 3438 2624 3488 Α.

2098 3500 2223 3557 568.
2262 3501 2450 3558 Franci
2470 3514 2516 3557 et
2549 3504 2778 3560 Saxones
2798 3515 2992 3558 vastant
3013 3506 3231 3564 Gallias.

2100 3574 2402 3629 Gallicanos
2434 3584 2630 3630 tractus
2670 3574 2866 3629 FRANCI
2897 3591 2947 3631 et
2978 3577 3220 3634 Saxones
3250 3581 3437 3635 iisdem
3468 3598 3597 3637 con.

2029 3641 2315 3726 [ἱππεῦ-..ιιιιο
2351 3645 2575 3726 quisque
2618 3660 2897 3726 erumpere
2933 3651 3103 3726 potuit
3134 3662 3269 3704 terra
3304 3656 3383 3726 vel
3434 3658 3591 3719 mari,

2030 3715 2221 3785 prtedis
2248 3715 2453 3769 acerbis
2486 3715 2872 3784 incendiisque,
2894 3729 2946 3770 et
2967 3721 3295 3785 captivorum
3320 3715 3594 3778 funeribus

2029 3784 2301 3837 hominum
2325 3786 2604 3839 violabant.
2642 3789 2829 3851 Aman,
2868 3787 2998 3839 llist.
3025 3784 3061 3845 ι.
3093 3805 3258 3845 xxvu.

2100 3854 2392 3921 Imperator
2413 3855 2611 3909 Cazsar.
2642 3856 2718 3909 Fl.
2745 3857 3601 3918 Valentinianus...Germanicus

2026 3923 2708 3998 gaXitttus,_i_\lamattnicus
2736 3926 3020 3991 Maximus,
3047 3929 3288 3985 anncus
3316 3936 3589 3998 Maximus,

2023 3994 2287 4073 Gotli'icus
2307 3996 2589 4073 Maximus,
2612 3998 2903 4073 tribunitiae
2927 4003 3199 4065 potestatis
3226 4003 3332 4067 Vll,
3363 3994 3590 4073 impera;

2026 4073 2108 4133 tor
2134 4063 2219 4129 Vl,
2249 4066 2469 4119 Consul.
2504 4066 2566 4119 ll.
2604 4066 2790 4133 Unttfr.

2093 4132 2217 4187 569.
2252 4133 2368 4188 Pax
2387 4137 2518 4189 inter
2547 4132 2802 4189 Romanos
2825 4145 2870 4189 et
2899 4135 3149 4194 Francos.

2093 4206 2218 4258 370.
2268 4204 2500 4276 Saxones
2531 4208 2646 4259 victi
2673 4223 2702 4255 a
2736 4207 2978 4261 [laritanis
3025 4210 3076 4262 in
3120 4211 3308 4276 ﬁnibus
3358 4210 3593 4267 Franco-

2021 4291 2171 4339 rum;
2202 4292 2233 4327 a
2257 4275 2437 4343 quibus
2456 4277 2652 4329 nullum
2668 4276 2913 4328 auxilium
2937 4283 3214 4346 prcstitum
3238 4292 3308 4335 est
3329 4282 3389 4336 ob
3414 4300 3585 4344 pacem

2018 4362 2132 4398 cum
2171 4346 2431 4400 Romanis.

2089 4418 2331 4487 Saxones
2359 4416 2480 4470 ρξεδί
2511 4414 2859 4487 addUsonem,
2890 4416 2941 4469 in
2974 4419 3191 4487 regione
3234 4418 3580 4474 Francorum.

339 4485 600 4545 autumno
628 4485 689 4544 ad
726 4485 881 4546 linem
927 4485 1176 4559 vergente
1210 4498 1263 4541 et
1285 4485 1481 4578 illiietp‘e
1520 4490 1731 4578 iueun‘t‘e
1761 4490 1915 4578 (liam.
1946 4518 1995 4578 Β
2022 4487 2082 4541 S.
2103 4486 2461 4578 ‘I'Iiero‘nymw
2484 4485 2837 4578 inQCltronico,
2870 4488 2993 4578 5.77.

339 4568 482 4631 enim
535 4562 816 4629 lrigebat).
852 4554 1117 4631 prolec'tus
1147 4568 1250 4613 est.
1290 4556 1373 4610 Ea:
1402 4554 1628 4625 Eunapii
1671 4554 1916 4611 Sardiani

342 4630 609 4703 Excerptis
640 4635 701 4684 de
731 4630 1082 4703 legationibus.

418 4701 543 4756 560.
590 4698 830 4756 Julianus
852 4702 1022 4755 Ctesar
1056 4699 1271 4753 Parisiis
1320 4698 1581 4766 Augustus
1607 4699 1917 4767 appellatur.

342 4772 444 4834 Qui
475 4784 789 4841 transgresso
820 4773 995 4825 Rheno
1023 4774 1278 4840 regionem
1312 4767 1629 4841 Francorum
1651 4769 1917 4841 Attuario-

340 4860 453 4895 γυνη
485 4840 740 4908 pervadit,
762 4859 845 4897 eos
870 4842 1111 4913 pro/ligat
1137 4852 1183 4895 et
1209 4840 1471 4893 orantibus
1493 4854 1668 4907 pacem
1698 4855 1761 4893 ea:
1786 4840 1916 4893 arbi-

341 4914 440 4965 trio
467 4913 630 4967 dedit.

409 4983 719 5038 lulianus...
750 4992 882 5047 etc.,
904 4999 955 5037 tn
987 4981 1207 5036 limitem
1237 4978 1536 5033 Germania:
1559 4977 1807 5033 secunda:
1828 4987 1912 5034 est

338 5066 657 5129 egressus?
674 5054 861 5107 ltheno
876 5053 1071 5107 exinde
1086 5063 1417 5129 transmisso,
1444 5052 1719 5129 regionem
1734 5051 1911 5129 subito

340 5119 573 5188 pervasit
598 5124 945 5188 Fassconuu,
970 5138 1102 5190 quos
1131 5124 1441 5176 ATTUARIOS
1467 5128 1677 5182 vocant,
1708 5119 1916 5187 inquie-

337 5205 512 5247 torum
544 5195 841 5259 hominum,
873 5195 1116 5248 licentius
1143 5195 1305 5245 etiam
1338 5200 1448 5243 tum
1488 5192 1910 5259 percursantium

336 5265 535 5340 extima
566 5265 887 5340 Galliarum,
911 5278 1044 5340 quos
1066 5262 1284 5340 adortus
1310 5260 1488 5340 subito
1513 5260 1646 5340 nihil
1678 5268 1912 5340 metuen-

336 5343 419 5387 tes
445 5333 712 5388 bostile...
743 5330 1015 5403 superavit
1036 5333 1249 5400 negotio
1266 5330 1413 5403 levi:
1445 5331 1719 5403 captistlue
1750 5330 1913 5395 pluri-

334 5406 441 5457 mis
466 5414 523 5457 et
551 5405 768 5470 occisis,
800 5401 1076 5457 erantibus
1103 5403 1223 5455 aliis
1250 5401 1339 5468 qui
1367 5401 1697 5469 superfuere,
1722 5413 1906 5467 pacem

331 5488 403 5527 ex
432 5475 657 5527 arbitrio
688 5473 853 5527 dedit.
879 5475 1161 5533 Ammian.,
1192 5470 1331 5525 Hist.
1363 5472 1452 5523 lib.
1484 5486 1571 5522 xx.

407 5541 645 5599 Francus
670 5560 732 5598 ex
751 5548 869 5597 aula
895 5544 1176 5597 Constantii
1204 5543 1268 5595 Α.
1300 5559 1329 5594 a
1350 5542 1577 5595 (tantone
1599 5556 1687 5608 per
1718 5538 1780 5593 S.
1811 5537 1908 5592 lli-

327 5614 583 5667 larionem
616 5626 687 5668 est
719 5616 977 5667 liberatus.

406 5685 733 5738 Candidatus
765 5685 1025 5760 (quidam)
1058 5680 1350 5760 constantii
1392 5679 1745 5760 impera-toris,
1780 5679 1908 5760 ruti-

332 5753 419 5808 II.)
448 5770 624 5816 coma.
657 5752 885 5812 candere
914 5756 1153 5822 corporis
1184 5754 1423 5811 indicans
1459 5752 1783 5821 provinciam
1807 5752 1911 5818 (inx

2103 4557 2499 4610 Valentinianus
2548 4558 2809 4621 Saxones,
2858 4567 2963 4609 etc.
2996 4558 3050 4610 in
3100 4557 3224 4624 ipsis
3268 4557 3586 4615 Fnanconuu

2028 4626 2220 4679 ﬁnibus
2240 4626 2521 4691 oppressit.
2549 4626 2778 4691 Orosius,
2812 4626 2849 4677 ι.
2880 4642 2970 4687 vn,
3002 4642 3047 4679 c.
3075 4627 3162 4680 52.

2096 4696 2217 4748 574.
2254 4694 2547 4747 Macrianus
2570 4696 2762 4747 occisus
2788 4712 2819 4747 a
2840 4712 2952 4764 rege
2976 4693 3318 4751 Francorum.

2096 4766 2394 4819 Macrianus
2441 4780 2533 4818 rex
2574 4765 2987 4819 Alamannorum
3021 4768 3176 4835 periit
3222 4768 3273 4821 in
3318 4768 3548 4825 FRANCIA
3584 4785 3597 4822 :

2022 4851 2177 4906 quam
2211 4835 2333 4907 dum
2359 4836 2681 4907 internecive
2722 4838 2977 4889 vastando
3022 4840 3316 4907 perrumpit
3356 4840 3583 4904 avidius,

2021 4908 2244 4975 oppetiit
2275 4905 2618 4976 Mellobaudis
2661 4906 2897 4959 bellicosi
2926 4909 3071 4976 regis
3116 4905 3321 4964 insidiis
3362 4912 3592 4965 circum-

2020 4974 2229 5031 ventus.
2254 4977 2533 5039 Ammian.,
2564 4974 2701 5028 Hist.
2732 4976 2769 5030 l.
2802 4978 2888 5031 50.

2085 5048 2211 5102 575.
2244 5044 2638 5098 Valentinianus
2668 5044 2732 5098 Δ.
2778 5048 2923 5100 obiit.
2961 5045 3349 5102 Valentinianus
3397 5050 3585 5103 Junior

2014 5116 2103 5178 Α.,
2124 5117 2208 5170 cui
2239 5113 2446 5168 Italiam
2469 5126 2515 5170 et
2542 5116 2766 5184 Africam
2794 5116 3076 5171 Gratianus
3110 5119 3174 5172 A.
3203 5120 3365 5185 dedit,
3399 5118 3593 5174 Gallits

2014 5188 2109 5239 sibi
2130 5188 2351 5240 retentis.

2087 5257 2211 5311 377.
2245 5256 2524 5310 Gratianus
2554 5256 2615 5309 Α.
2646 5254 3017 5313 Meraubaudes
3048 5258 3283 5311 Francus
3322 5274 3452 5314 coss.
3487 5260 3582 5314 Ri-

2014 5327 2272 5380 chomeres
2312 5341 2478 5379 comes
2520 5326 2913 5380 domesticorum
2949 5344 2983 5381 a
3010 5328 3259 5383 Gratiano
3288 5330 3505 5385 mittitur
3531 5332 3591 5387 in

2017 5398 2291 5451 Thraciam
2321 5404 2497 5449 contra
2525 5394 2755 5450 Gottltos.

2086 5467 2433 5520 Richomeres
2465 5464 2705 5520 FRANCUS
2731 5480 2913 5520 comes
2950 5468 3433 5526 domesticorum...
3459 5471 3581 5526 Pro-

2013 5535 2193 5591 futuro
2218 5535 2472 5600 sociatur,
2495 5546 2621 5598 etc.,
2648 5536 2900 5605 pertinaci
2925 5542 3325 5594 concertatione
3344 5543 3577 5595 nondum

2014 5608 2246 5674 lassatis,
2278 5622 2433 5675 aequo
2475 5606 2639 5660 Marte
2682 5615 2858 5673 partes
2889 5618 3059 5663 semet
3096 5610 3415 5665 altrinsecus
3444 5615 3579 5665 auli-

2012 5679 2273 5749 ctabant:
2304 5692 2403 5749 nec
2443 5677 2511 5731 de
2540 5678 2711 5745 rigore
2753 5679 2983 5744 genuino
3028 5680 3307 5749 quisquam
3340 5683 3577 5736 remitte-

2014 5750 2123 5815 bat,
2149 5746 2273 5802 dum
2321 5747 2460 5803 vires
2490 5748 2788 5799 animorum
2836 5746 3084 5809 alacritas
3109 5746 3391 5816 excitaret,
3436 5752 3553 5804 dire
