  <div class='ocr_page' id='page_1' title='image "/cluster/home/n/w/nwhite01/storage/ocr_20150623/71/hvd.32044054758750/086.png"; bbox 0 0 4070 6186; ppageno 0'>
   <div class='ocr_carea' id='block_1_1' title="bbox 336 382 3611 441">
    <p class='ocr_par' dir='ltr' id='par_1_1' title="bbox 336 382 3611 441">
     <span class='ocr_line' id='line_1_1' title="bbox 336 382 3611 441; baseline -0.004 -2"><span class='ocrx_word' id='word_1_1' title='bbox 336 382 3611 441; x_wconf 60' lang='lat' dir='ltr'>W</span> 
     </span>
    </p>
   </div>
   <div class='ocr_carea' id='block_1_2' title="bbox 532 552 3418 831">
    <p class='ocr_par' dir='ltr' id='par_1_2' title="bbox 532 552 3418 831">
     <span class='ocr_line' id='line_1_2' title="bbox 532 552 3418 831; baseline -0.002 -10"><span class='ocrx_word' id='word_1_2' title='bbox 532 593 675 821; x_wconf 85' lang='lat' dir='ltr'><strong>S.</strong></span> <span class='ocrx_word' id='word_1_3' title='bbox 780 586 1478 823; x_wconf 72' lang='lat' dir='ltr'><strong>GEORGII</strong></span> <span class='ocrx_word' id='word_1_4' title='bbox 1569 581 2479 831; x_wconf 72' lang='lat' dir='ltr'><strong>FWRENTII</strong></span> <span class='ocrx_word' id='word_1_5' title='bbox 2588 577 3418 815; x_wconf 71' lang='lat' dir='ltr'><strong>GREGMHI</strong></span> 
     </span>
    </p>
   </div>
   <div class='ocr_carea' id='block_1_3' title="bbox 838 952 3114 1125">
    <p class='ocr_par' dir='ltr' id='par_1_3' title="bbox 838 952 3114 1125">
     <span class='ocr_line' id='line_1_3' title="bbox 838 952 3114 1125; baseline 0 -7"><span class='ocrx_word' id='word_1_6' title='bbox 838 974 1759 1125; x_wconf 84' lang='lat' dir='ltr'><strong>EPISCOPI</strong></span> <span class='ocrx_word' id='word_1_7' title='bbox 1855 952 3114 1122; x_wconf 81' lang='lat' dir='ltr'><strong>TURONENSIS</strong></span> 
     </span>
    </p>
   </div>
   <div class='ocr_carea' id='block_1_4' title="bbox 652 1266 3285 1377">
    <p class='ocr_par' dir='ltr' id='par_1_4' title="bbox 652 1266 3285 1377">
     <span class='ocr_line' id='line_1_4' title="bbox 652 1266 3285 1377; baseline -0.003 -2"><span class='ocrx_word' id='word_1_8' title='bbox 652 1267 1292 1377; x_wconf 80' lang='lat' dir='ltr'><strong>HISTOBUE</strong></span> <span class='ocrx_word' id='word_1_9' title='bbox 1372 1266 2405 1377; x_wconf 74' lang='lat' dir='ltr'><strong>ECCLESIASTIC/E</strong></span> <span class='ocrx_word' id='word_1_10' title='bbox 2481 1266 3285 1373; x_wconf 80' lang='lat' dir='ltr'><strong>FRANCORUM</strong></span> 
     </span>
    </p>
   </div>
   <div class='ocr_carea' id='block_1_5' title="bbox 1331 1510 2612 1626">
    <p class='ocr_par' dir='ltr' id='par_1_5' title="bbox 1331 1510 2612 1626">
     <span class='ocr_line' id='line_1_5' title="bbox 1331 1510 2612 1626; baseline -0.002 -2"><span class='ocrx_word' id='word_1_11' title='bbox 1331 1511 1843 1626; x_wconf 73' lang='lat' dir='ltr'><strong>LIBRI</strong></span> <span class='ocrx_word' id='word_1_12' title='bbox 1945 1510 2612 1624; x_wconf 78' lang='lat' dir='ltr'><strong>DECEM.</strong></span> 
     </span>
    </p>
   </div>
   <div class='ocr_carea' id='block_1_6' title="bbox 1207 1746 2726 1800">
    <p class='ocr_par' dir='ltr' id='par_1_6' title="bbox 1207 1746 2726 1800">
     <span class='ocr_line' id='line_1_6' title="bbox 1207 1746 2726 1800; baseline -0.001 -2"><span class='ocrx_word' id='word_1_13' title='bbox 1207 1746 2726 1800; x_wconf 50' lang='lat' dir='ltr'><strong>W—</strong></span> 
     </span>
    </p>
   </div>
   <div class='ocr_carea' id='block_1_7' title="bbox 1349 1886 2576 2023">
    <p class='ocr_par' dir='ltr' id='par_1_7' title="bbox 1349 1886 2576 2023">
     <span class='ocr_line' id='line_1_7' title="bbox 1349 1886 2576 2023; baseline -0.005 -11"><span class='ocrx_word' id='word_1_14' title='bbox 1349 1886 1835 2012; x_wconf 86' lang='lat' dir='ltr'><strong>LIBER</strong></span> <span class='ocrx_word' id='word_1_15' title='bbox 1908 1899 2576 2023; x_wconf 78' lang='lat' dir='ltr'><strong>PBLMU&#39;S,</strong></span> 
     </span>
    </p>
   </div>
   <div class='ocr_carea' id='block_1_8' title="bbox 1728 2269 2188 2382">
    <p class='ocr_par' dir='ltr' id='par_1_8' title="bbox 1728 2269 2188 2382">
     <span class='ocr_line' id='line_1_8' title="bbox 1728 2269 2188 2382; baseline -0.015 -19"><span class='ocrx_word' id='word_1_16' title='bbox 1728 2269 2188 2382; x_wconf 65' lang='lat' dir='ltr'><strong>isrotegus.</strong></span> 
     </span>
    </p>
   </div>
   <div class='ocr_carea' id='block_1_9' title="bbox 404 2502 3640 2589">
    <p class='ocr_par' dir='ltr' id='par_1_9' title="bbox 404 2502 3640 2589">
     <span class='ocr_line' id='line_1_9' title="bbox 404 2502 3640 2589; baseline -0.001 -16"><span class='ocrx_word' id='word_1_17' title='bbox 404 2518 460 2589; x_wconf 82' lang='lat'><strong>5</strong></span> <span class='ocrx_word' id='word_1_18' title='bbox 491 2502 802 2587; x_wconf 71' lang='lat' dir='ltr'><strong>Scriptinrus</strong></span> <span class='ocrx_word' id='word_1_19' title='bbox 830 2512 968 2570; x_wconf 90' lang='lat' dir='ltr'><strong>bella</strong></span> <span class='ocrx_word' id='word_1_20' title='bbox 1008 2526 1191 2583; x_wconf 71' lang='lat' dir='ltr'><strong>regum</strong></span> <span class='ocrx_word' id='word_1_21' title='bbox 1216 2526 1339 2567; x_wconf 88' lang='lat' dir='ltr'><strong>cum</strong></span> <span class='ocrx_word' id='word_1_22' title='bbox 1365 2511 1615 2582; x_wconf 76' lang='lat' dir='ltr'><strong>gentibus</strong></span> <span class='ocrx_word' id='word_1_23' title='bbox 1658 2508 1920 2577; x_wconf 83' lang='lat' dir='ltr'><strong>adversis,</strong></span> <span class='ocrx_word' id='word_1_24' title='bbox 1950 2516 2002 2574; x_wconf 80' lang='grc' dir='ltr'>Α</span> <span class='ocrx_word' id='word_1_25' title='bbox 2028 2510 2129 2566; x_wconf 87' lang='lat' dir='ltr'><strong>dus</strong></span> <span class='ocrx_word' id='word_1_26' title='bbox 2159 2510 2469 2580; x_wconf 88' lang='lat' dir='ltr'><strong>redemptus</strong></span> <span class='ocrx_word' id='word_1_27' title='bbox 2521 2517 2634 2576; x_wconf 87' lang='lat' dir='ltr'><strong>est;</strong></span> <span class='ocrx_word' id='word_1_28' title='bbox 2675 2520 2728 2566; x_wconf 89' lang='lat' dir='ltr'><strong>et</strong></span> <span class='ocrx_word' id='word_1_29' title='bbox 2786 2512 3195 2581; x_wconf 64' lang='lat' dir='ltr'><strong>humanitatem,</strong></span> <span class='ocrx_word' id='word_1_30' title='bbox 3230 2531 3331 2569; x_wconf 89' lang='lat' dir='ltr'><strong>non</strong></span> <span class='ocrx_word' id='word_1_31' title='bbox 3360 2516 3640 2571; x_wconf 85' lang='lat' dir='ltr'><strong>deitatem-</strong></span> 
     </span>
    </p>
   </div>
   <div class='ocr_carea' id='block_1_10' title="bbox 328 2601 1920 2680">
    <p class='ocr_par' dir='ltr' id='par_1_10' title="bbox 328 2601 1920 2680">
     <span class='ocr_line' id='line_1_10' title="bbox 328 2601 1920 2680; baseline -0.006 -16"><span class='ocrx_word' id='word_1_32' title='bbox 328 2620 630 2680; x_wconf 76' lang='lat' dir='ltr'><strong>martyrum</strong></span> <span class='ocrx_word' id='word_1_33' title='bbox 660 2621 780 2663; x_wconf 91' lang='lat' dir='ltr'><strong>cum</strong></span> <span class='ocrx_word' id='word_1_34' title='bbox 814 2605 1055 2677; x_wconf 81' lang='lat' dir='ltr'><strong>paganis,</strong></span> <span class='ocrx_word' id='word_1_35' title='bbox 1088 2604 1451 2659; x_wconf 85' lang='lat' dir='ltr'><strong>Ecclesiarum</strong></span> <span class='ocrx_word' id='word_1_36' title='bbox 1476 2617 1597 2658; x_wconf 80' lang='lat' dir='ltr'><strong>cum</strong></span> <span class='ocrx_word' id='word_1_37' title='bbox 1629 2601 1920 2669; x_wconf 73' lang='lat' dir='ltr'><strong>hmreticis,</strong></span> 
     </span>
    </p>
   </div>
   <div class='ocr_carea' id='block_1_11' title="bbox 329 2691 1925 2770">
    <p class='ocr_par' dir='ltr' id='par_1_11' title="bbox 329 2691 1925 2770">
     <span class='ocr_line' id='line_1_11' title="bbox 329 2691 1925 2770; baseline -0.005 -16"><span class='ocrx_word' id='word_1_38' title='bbox 329 2703 485 2770; x_wconf 78' lang='lat' dir='ltr'><strong>prius</strong></span> <span class='ocrx_word' id='word_1_39' title='bbox 512 2700 673 2754; x_wconf 84' lang='lat' dir='ltr'><strong>iidem</strong></span> <span class='ocrx_word' id='word_1_40' title='bbox 703 2711 875 2751; x_wconf 85' lang='lat' dir='ltr'><strong>meam</strong></span> <span class='ocrx_word' id='word_1_41' title='bbox 906 2695 1143 2765; x_wconf 79' lang='lat' dir='ltr'><strong>proferre</strong></span> <span class='ocrx_word' id='word_1_42' title='bbox 1174 2693 1365 2762; x_wconf 90' lang='lat' dir='ltr'><strong>cupio,</strong></span> <span class='ocrx_word' id='word_1_43' title='bbox 1396 2702 1455 2748; x_wconf 92' lang='lat' dir='ltr'><strong>ut</strong></span> <span class='ocrx_word' id='word_1_44' title='bbox 1483 2692 1572 2763; x_wconf 90' lang='lat' dir='ltr'><strong>qui</strong></span> <span class='ocrx_word' id='word_1_45' title='bbox 1601 2691 1807 2759; x_wconf 77' lang='lat' dir='ltr'><strong>legerit,</strong></span> <span class='ocrx_word' id='word_1_46' title='bbox 1838 2704 1925 2746; x_wconf 88' lang='lat' dir='ltr'><strong>me</strong></span> 
     </span>
    </p>
   </div>
   <div class='ocr_carea' id='block_1_12' title="bbox 329 2783 1927 2853">
    <p class='ocr_par' dir='ltr' id='par_1_12' title="bbox 329 2783 1927 2853">
     <span class='ocr_line' id='line_1_12' title="bbox 329 2783 1927 2853; baseline -0.006 -7"><span class='ocrx_word' id='word_1_47' title='bbox 329 2807 440 2846; x_wconf 85' lang='lat' dir='ltr'><strong>non</strong></span> <span class='ocrx_word' id='word_1_48' title='bbox 466 2791 677 2846; x_wconf 89' lang='lat' dir='ltr'><strong>dubitet</strong></span> <span class='ocrx_word' id='word_1_49' title='bbox 701 2804 822 2845; x_wconf 89' lang='lat' dir='ltr'><strong>esse</strong></span> <span class='ocrx_word' id='word_1_50' title='bbox 849 2787 1195 2844; x_wconf 89' lang='lat' dir='ltr'><strong>catholicum.</strong></span> <span class='ocrx_word' id='word_1_51' title='bbox 1225 2785 1358 2841; x_wconf 85' lang='lat' dir='ltr'><strong>Illud</strong></span> <span class='ocrx_word' id='word_1_52' title='bbox 1387 2785 1547 2840; x_wconf 89' lang='lat' dir='ltr'><strong>etiam</strong></span> <span class='ocrx_word' id='word_1_53' title='bbox 1575 2783 1771 2853; x_wconf 81' lang='lat' dir='ltr'><strong>placuit</strong></span> <span class='ocrx_word' id='word_1_54' title='bbox 1802 2798 1927 2852; x_wconf 88' lang='lat' dir='ltr'><strong>pro-</strong></span> 
     </span>
    </p>
   </div>
   <div class='ocr_carea' id='block_1_13' title="bbox 332 2875 1921 2951">
    <p class='ocr_par' dir='ltr' id='par_1_13' title="bbox 332 2875 1921 2951">
     <span class='ocr_line' id='line_1_13' title="bbox 332 2875 1921 2951; baseline -0.006 -14"><span class='ocrx_word' id='word_1_55' title='bbox 332 2892 459 2951; x_wconf 82' lang='lat' dir='ltr'><strong>pter</strong></span> <span class='ocrx_word' id='word_1_56' title='bbox 482 2897 579 2938; x_wconf 91' lang='lat' dir='ltr'><strong>eos</strong></span> <span class='ocrx_word' id='word_1_57' title='bbox 598 2925 615 2949; x_wconf 91' lang='lat'><strong>,</strong></span> <span class='ocrx_word' id='word_1_58' title='bbox 645 2880 737 2949; x_wconf 89' lang='lat' dir='ltr'><strong>qui</strong></span> <span class='ocrx_word' id='word_1_59' title='bbox 768 2878 1228 2949; x_wconf 85' lang='lat' dir='ltr'><strong>appropinquante</strong></span> <span class='ocrx_word' id='word_1_60' title='bbox 1256 2876 1441 2931; x_wconf 90' lang='lat' dir='ltr'><strong>mundi</strong></span> <span class='ocrx_word' id='word_1_61' title='bbox 1469 2875 1572 2930; x_wconf 87' lang='lat' dir='ltr'><strong>line</strong></span> <span class='ocrx_word' id='word_1_62' title='bbox 1612 2875 1921 2943; x_wconf 78' lang='lat' dir='ltr'><strong>desperant,</strong></span> 
     </span>
    </p>
   </div>
   <div class='ocr_carea' id='block_1_14' title="bbox 333 2965 1925 3039">
    <p class='ocr_par' dir='ltr' id='par_1_14' title="bbox 333 2965 1925 3039">
     <span class='ocr_line' id='line_1_14' title="bbox 333 2965 1925 3039; baseline -0.004 -13"><span class='ocrx_word' id='word_1_63' title='bbox 333 2983 392 3026; x_wconf 89' lang='lat' dir='ltr'><strong>ut</strong></span> <span class='ocrx_word' id='word_1_64' title='bbox 422 2972 649 3026; x_wconf 89' lang='lat' dir='ltr'><strong>collecta</strong></span> <span class='ocrx_word' id='word_1_65' title='bbox 680 2985 773 3039; x_wconf 90' lang='lat' dir='ltr'><strong>per</strong></span> <span class='ocrx_word' id='word_1_66' title='bbox 798 2969 1082 3024; x_wconf 88' lang='lat' dir='ltr'><strong>chronicas</strong></span> <span class='ocrx_word' id='word_1_67' title='bbox 1110 2975 1136 3004; x_wconf 71' lang='grc' dir='ltr'>ιι</span> <span class='ocrx_word' id='word_1_68' title='bbox 1178 2966 1263 3021; x_wconf 84' lang='lat' dir='ltr'><strong>vel</strong></span> <span class='ocrx_word' id='word_1_69' title='bbox 1295 2981 1390 3035; x_wconf 92' lang='lat' dir='ltr'><strong>per</strong></span> <span class='ocrx_word' id='word_1_70' title='bbox 1418 2965 1666 3021; x_wconf 86' lang='lat' dir='ltr'><strong>historias</strong></span> <span class='ocrx_word' id='word_1_71' title='bbox 1691 2967 1925 3020; x_wconf 86' lang='lat' dir='ltr'><strong>anterio-</strong></span> 
     </span>
    </p>
   </div>
   <div class='ocr_carea' id='block_1_15' title="bbox 337 3055 1927 3127">
    <p class='ocr_par' dir='ltr' id='par_1_15' title="bbox 337 3055 1927 3127">
     <span class='ocr_line' id='line_1_15' title="bbox 337 3055 1927 3127; baseline -0.004 -11"><span class='ocrx_word' id='word_1_72' title='bbox 337 3077 456 3116; x_wconf 87' lang='lat' dir='ltr'><strong>rum</strong></span> <span class='ocrx_word' id='word_1_73' title='bbox 487 3076 751 3115; x_wconf 87' lang='lat' dir='ltr'><strong>annorum</strong></span> <span class='ocrx_word' id='word_1_74' title='bbox 782 3058 812 3098; x_wconf 65' lang='grc' dir='ltr'>δ</span> <span class='ocrx_word' id='word_1_75' title='bbox 837 3073 1046 3114; x_wconf 89' lang='lat' dir='ltr'><strong>summa</strong></span> <span class='ocrx_word' id='word_1_76' title='bbox 1073 3096 1090 3125; x_wconf 89' lang='lat'><strong>,</strong></span> <span class='ocrx_word' id='word_1_77' title='bbox 1130 3057 1445 3127; x_wconf 78' lang='lat' dir='ltr'><strong>explanetur</strong></span> <span class='ocrx_word' id='word_1_78' title='bbox 1483 3067 1667 3125; x_wconf 90' lang='lat' dir='ltr'><strong>aperte</strong></span> <span class='ocrx_word' id='word_1_79' title='bbox 1703 3065 1833 3126; x_wconf 91' lang='lat' dir='ltr'><strong>quot</strong></span> <span class='ocrx_word' id='word_1_80' title='bbox 1859 3055 1927 3110; x_wconf 88' lang='lat' dir='ltr'><strong>ab</strong></span> 
     </span>
    </p>
   </div>
   <div class='ocr_carea' id='block_1_16' title="bbox 332 3148 1928 3217">
    <p class='ocr_par' dir='ltr' id='par_1_16' title="bbox 332 3148 1928 3217">
     <span class='ocr_line' id='line_1_16' title="bbox 332 3148 1928 3217; baseline -0.004 -9"><span class='ocrx_word' id='word_1_81' title='bbox 332 3153 563 3208; x_wconf 78' lang='lat' dir='ltr'><strong>exordio</strong></span> <span class='ocrx_word' id='word_1_82' title='bbox 592 3151 774 3205; x_wconf 90' lang='lat' dir='ltr'><strong>mundi</strong></span> <span class='ocrx_word' id='word_1_83' title='bbox 803 3153 911 3205; x_wconf 88' lang='lat' dir='ltr'><strong>sint</strong></span> <span class='ocrx_word' id='word_1_84' title='bbox 925 3149 1075 3205; x_wconf 89' lang='lat' dir='ltr'><strong>anni.</strong></span> <span class='ocrx_word' id='word_1_85' title='bbox 1098 3148 1202 3204; x_wconf 87' lang='lat' dir='ltr'><strong>Sed</strong></span> <span class='ocrx_word' id='word_1_86' title='bbox 1228 3148 1375 3216; x_wconf 90' lang='lat' dir='ltr'><strong>prius</strong></span> <span class='ocrx_word' id='word_1_87' title='bbox 1408 3148 1616 3203; x_wconf 81' lang='lat' dir='ltr'><strong>veniam</strong></span> <span class='ocrx_word' id='word_1_88' title='bbox 1645 3162 1674 3201; x_wconf 88' lang='lat' dir='ltr'><strong>a</strong></span> <span class='ocrx_word' id='word_1_89' title='bbox 1705 3149 1928 3217; x_wconf 77' lang='lat' dir='ltr'><strong>legenti-</strong></span> 
     </span>
    </p>
   </div>
   <div class='ocr_carea' id='block_1_17' title="bbox 338 3238 1927 3311">
    <p class='ocr_par' dir='ltr' id='par_1_17' title="bbox 338 3238 1927 3311">
     <span class='ocr_line' id='line_1_17' title="bbox 338 3238 1927 3311; baseline -0.003 -15"><span class='ocrx_word' id='word_1_90' title='bbox 338 3244 437 3296; x_wconf 85' lang='lat' dir='ltr'><strong>bus</strong></span> <span class='ocrx_word' id='word_1_91' title='bbox 465 3256 679 3311; x_wconf 85' lang='lat' dir='ltr'><strong>precor,</strong></span> <span class='ocrx_word' id='word_1_92' title='bbox 707 3242 752 3296; x_wconf 88' lang='lat' dir='ltr'><strong>si</strong></span> <span class='ocrx_word' id='word_1_93' title='bbox 778 3250 869 3295; x_wconf 84' lang='lat' dir='ltr'><strong>aut</strong></span> <span class='ocrx_word' id='word_1_94' title='bbox 898 3242 949 3293; x_wconf 90' lang='lat' dir='ltr'><strong>in</strong></span> <span class='ocrx_word' id='word_1_95' title='bbox 974 3239 1188 3304; x_wconf 80' lang='lat' dir='ltr'><strong>litteris,</strong></span> <span class='ocrx_word' id='word_1_96' title='bbox 1220 3249 1311 3292; x_wconf 90' lang='lat' dir='ltr'><strong>aut</strong></span> <span class='ocrx_word' id='word_1_97' title='bbox 1344 3241 1395 3292; x_wconf 90' lang='lat' dir='ltr'><strong>in</strong></span> <span class='ocrx_word' id='word_1_98' title='bbox 1418 3238 1639 3309; x_wconf 84' lang='lat' dir='ltr'><strong>syllabis</strong></span> <span class='ocrx_word' id='word_1_99' title='bbox 1665 3252 1927 3308; x_wconf 78' lang='lat' dir='ltr'><strong>gramma-</strong></span> 
     </span>
    </p>
   </div>
   <div class='ocr_carea' id='block_1_18' title="bbox 338 3328 1926 3398">
    <p class='ocr_par' dir='ltr' id='par_1_18' title="bbox 338 3328 1926 3398">
     <span class='ocr_line' id='line_1_18' title="bbox 338 3328 1926 3398; baseline -0.004 -10"><span class='ocrx_word' id='word_1_100' title='bbox 338 3334 501 3389; x_wconf 79' lang='lat' dir='ltr'><strong>ticam</strong></span> <span class='ocrx_word' id='word_1_101' title='bbox 531 3343 701 3387; x_wconf 87' lang='lat' dir='ltr'><strong>artem</strong></span> <span class='ocrx_word' id='word_1_102' title='bbox 741 3345 1046 3397; x_wconf 81' lang='lat' dir='ltr'><strong>excessero,</strong></span> <span class='ocrx_word' id='word_1_103' title='bbox 1094 3329 1162 3383; x_wconf 88' lang='lat' dir='ltr'><strong>de</strong></span> <span class='ocrx_word' id='word_1_104' title='bbox 1214 3343 1317 3398; x_wconf 90' lang='lat' dir='ltr'><strong>qua</strong></span> <span class='ocrx_word' id='word_1_105' title='bbox 1364 3328 1592 3396; x_wconf 85' lang='lat' dir='ltr'><strong>adplene</strong></span> <span class='ocrx_word' id='word_1_106' title='bbox 1622 3338 1644 3366; x_wconf 74' lang='grc' dir='ltr'><strong><em>ο</em></strong></span> <span class='ocrx_word' id='word_1_107' title='bbox 1670 3342 1774 3381; x_wconf 91' lang='lat' dir='ltr'><strong>non</strong></span> <span class='ocrx_word' id='word_1_108' title='bbox 1806 3342 1926 3382; x_wconf 91' lang='lat' dir='ltr'><strong>sum</strong></span> 
     </span>
    </p>
   </div>
   <div class='ocr_carea' id='block_1_19' title="bbox 338 3416 1926 3488">
    <p class='ocr_par' dir='ltr' id='par_1_19' title="bbox 338 3416 1926 3488">
     <span class='ocr_line' id='line_1_19' title="bbox 338 3416 1926 3488; baseline -0.004 -9"><span class='ocrx_word' id='word_1_109' title='bbox 338 3425 598 3479; x_wconf 88' lang='lat' dir='ltr'><strong>imbutus.</strong></span> <span class='ocrx_word' id='word_1_110' title='bbox 625 3423 758 3477; x_wconf 84' lang='lat' dir='ltr'><strong>lllud</strong></span> <span class='ocrx_word' id='word_1_111' title='bbox 792 3431 995 3476; x_wconf 89' lang='lat' dir='ltr'><strong>tantum</strong></span> <span class='ocrx_word' id='word_1_112' title='bbox 1027 3420 1270 3483; x_wconf 87' lang='lat' dir='ltr'><strong>studens,</strong></span> <span class='ocrx_word' id='word_1_113' title='bbox 1323 3426 1381 3472; x_wconf 88' lang='lat' dir='ltr'><strong>ut</strong></span> <span class='ocrx_word' id='word_1_114' title='bbox 1420 3418 1560 3488; x_wconf 91' lang='lat' dir='ltr'><strong>quod</strong></span> <span class='ocrx_word' id='word_1_115' title='bbox 1599 3420 1650 3470; x_wconf 91' lang='lat' dir='ltr'><strong>in</strong></span> <span class='ocrx_word' id='word_1_116' title='bbox 1683 3416 1926 3472; x_wconf 85' lang='lat' dir='ltr'><strong>Ecclesia</strong></span> 
     </span>
    </p>
   </div>
   <div class='ocr_carea' id='block_1_20' title="bbox 336 3505 1927 3582">
    <p class='ocr_par' dir='ltr' id='par_1_20' title="bbox 336 3505 1927 3582">
     <span class='ocr_line' id='line_1_20' title="bbox 336 3505 1927 3582; baseline -0.007 -11"><span class='ocrx_word' id='word_1_117' title='bbox 336 3515 484 3571; x_wconf 72' lang='lat' dir='ltr'><strong>credi</strong></span> <span class='ocrx_word' id='word_1_118' title='bbox 520 3513 861 3582; x_wconf 66' lang='lat' dir='ltr'><strong>praedicatur,</strong></span> <span class='ocrx_word' id='word_1_119' title='bbox 896 3512 1013 3565; x_wconf 89' lang='lat' dir='ltr'><strong>sine</strong></span> <span class='ocrx_word' id='word_1_120' title='bbox 1040 3510 1219 3577; x_wconf 90' lang='lat' dir='ltr'><strong>aliquo</strong></span> <span class='ocrx_word' id='word_1_121' title='bbox 1248 3507 1368 3562; x_wconf 79' lang='lat' dir='ltr'><strong>fuco</strong></span> <span class='ocrx_word' id='word_1_122' title='bbox 1411 3516 1499 3560; x_wconf 79' lang='lat' dir='ltr'><strong>a‘ut</strong></span> <span class='ocrx_word' id='word_1_123' title='bbox 1538 3506 1716 3561; x_wconf 82' lang='lat' dir='ltr'><strong>cordis</strong></span> <span class='ocrx_word' id='word_1_124' title='bbox 1768 3505 1927 3560; x_wconf 64' lang='lat' dir='ltr'><strong>hagsi-</strong></span> 
     </span>
    </p>
   </div>
   <div class='ocr_carea' id='block_1_21' title="bbox 340 3599 1929 3671">
    <p class='ocr_par' dir='ltr' id='par_1_21' title="bbox 340 3599 1929 3671">
     <span class='ocr_line' id='line_1_21' title="bbox 340 3599 1929 3671; baseline -0.006 -10"><span class='ocrx_word' id='word_1_125' title='bbox 340 3608 544 3661; x_wconf 83' lang='lat' dir='ltr'><strong>talione</strong></span> <span class='ocrx_word' id='word_1_126' title='bbox 573 3607 832 3660; x_wconf 90' lang='lat' dir='ltr'><strong>retineam</strong></span> <span class='ocrx_word' id='word_1_127' title='bbox 860 3621 874 3656; x_wconf 91' lang='lat'><strong>:</strong></span> <span class='ocrx_word' id='word_1_128' title='bbox 905 3602 1027 3671; x_wconf 85' lang='lat' dir='ltr'><strong>quia</strong></span> <span class='ocrx_word' id='word_1_129' title='bbox 1059 3601 1173 3656; x_wconf 92' lang='lat' dir='ltr'><strong>scio</strong></span> <span class='ocrx_word' id='word_1_130' title='bbox 1212 3600 1443 3669; x_wconf 84' lang='lat' dir='ltr'><strong>peccatis</strong></span> <span class='ocrx_word' id='word_1_131' title='bbox 1490 3599 1801 3663; x_wconf 81' lang='lat' dir='ltr'><strong>obnoxium,</strong></span> <span class='ocrx_word' id='word_1_132' title='bbox 1835 3613 1929 3665; x_wconf 84' lang='lat' dir='ltr'><strong>per</strong></span> 
     </span>
    </p>
   </div>
   <div class='ocr_carea' id='block_1_22' title="bbox 338 3689 1929 3765">
    <p class='ocr_par' dir='ltr' id='par_1_22' title="bbox 338 3689 1929 3765">
     <span class='ocr_line' id='line_1_22' title="bbox 338 3689 1929 3765; baseline -0.006 -12"><span class='ocrx_word' id='word_1_133' title='bbox 338 3699 711 3753; x_wconf 84' lang='lat' dir='ltr'><strong>credulitatem</strong></span> <span class='ocrx_word' id='word_1_134' title='bbox 761 3711 945 3765; x_wconf 89' lang='lat' dir='ltr'><strong>puram</strong></span> <span class='ocrx_word' id='word_1_135' title='bbox 1002 3694 1248 3749; x_wconf 78' lang='lat' dir='ltr'><strong>obtinere</strong></span> <span class='ocrx_word' id='word_1_136' title='bbox 1309 3706 1467 3764; x_wconf 83' lang='lat' dir='ltr'><strong>posse</strong></span> <span class='ocrx_word' id='word_1_137' title='bbox 1523 3692 1732 3747; x_wconf 80' lang='lat' dir='ltr'><strong>veniam</strong></span> <span class='ocrx_word' id='word_1_138' title='bbox 1787 3689 1929 3760; x_wconf 86' lang='lat' dir='ltr'><strong>apud</strong></span> 
     </span>
    </p>
   </div>
   <div class='ocr_carea' id='block_1_23' title="bbox 338 3783 1156 3860">
    <p class='ocr_par' dir='ltr' id='par_1_23' title="bbox 338 3783 1156 3860">
     <span class='ocr_line' id='line_1_23' title="bbox 338 3783 1156 3860; baseline -0.01 -13"><span class='ocrx_word' id='word_1_139' title='bbox 338 3803 583 3847; x_wconf 85' lang='lat' dir='ltr'><strong>nostrum</strong></span> <span class='ocrx_word' id='word_1_140' title='bbox 613 3790 757 3860; x_wconf 86' lang='lat' dir='ltr'><strong>pium</strong></span> <span class='ocrx_word' id='word_1_141' title='bbox 791 3787 1073 3842; x_wconf 84' lang='lat' dir='ltr'><strong>Dominum</strong></span> <span class='ocrx_word' id='word_1_142' title='bbox 1106 3783 1156 3839; x_wconf 71' lang='grc' dir='ltr'><strong>ά.</strong></span> 
     </span>
    </p>
   </div>
   <div class='ocr_carea' id='block_1_24' title="bbox 2029 2600 3615 2670">
    <p class='ocr_par' dir='ltr' id='par_1_24' title="bbox 2029 2600 3615 2670">
     <span class='ocr_line' id='line_1_24' title="bbox 2029 2600 3615 2670; baseline 0.003 -15"><span class='ocrx_word' id='word_1_143' title='bbox 2029 2600 2359 2669; x_wconf 87' lang='lat' dir='ltr'><strong>subjacuisse</strong></span> <span class='ocrx_word' id='word_1_144' title='bbox 2384 2601 2616 2670; x_wconf 91' lang='lat' dir='ltr'><strong>passioni</strong></span> <span class='ocrx_word' id='word_1_145' title='bbox 2644 2604 2826 2657; x_wconf 88' lang='lat' dir='ltr'><strong>credo.</strong></span> <span class='ocrx_word' id='word_1_146' title='bbox 2857 2604 3031 2657; x_wconf 83' lang='lat' dir='ltr'><strong>Credo</strong></span> <span class='ocrx_word' id='word_1_147' title='bbox 3058 2621 3177 2658; x_wconf 74' lang='lat' dir='ltr'><strong>eum</strong></span> <span class='ocrx_word' id='word_1_148' title='bbox 3223 2606 3310 2660; x_wconf 90' lang='lat' dir='ltr'><strong>die</strong></span> <span class='ocrx_word' id='word_1_149' title='bbox 3351 2610 3502 2660; x_wconf 67' lang='lat' dir='ltr'><strong>tertia</strong></span> <span class='ocrx_word' id='word_1_150' title='bbox 3532 2622 3615 2659; x_wconf 83' lang='lat' dir='ltr'><strong>re-</strong></span> 
     </span>
    </p>
   </div>
   <div class='ocr_carea' id='block_1_25' title="bbox 2026 2692 3615 2759">
    <p class='ocr_par' dir='ltr' id='par_1_25' title="bbox 2026 2692 3615 2759">
     <span class='ocr_line' id='line_1_25' title="bbox 2026 2692 3615 2759; baseline 0.003 -13"><span class='ocrx_word' id='word_1_151' title='bbox 2026 2692 2349 2755; x_wconf 74' lang='lat' dir='ltr'><strong>surrexisse,</strong></span> <span class='ocrx_word' id='word_1_152' title='bbox 2376 2692 2645 2747; x_wconf 86' lang='lat' dir='ltr'><strong>hominem</strong></span> <span class='ocrx_word' id='word_1_153' title='bbox 2675 2693 2937 2759; x_wconf 87' lang='lat' dir='ltr'><strong>perditum</strong></span> <span class='ocrx_word' id='word_1_154' title='bbox 2966 2695 3226 2750; x_wconf 86' lang='lat' dir='ltr'><strong>liberasse</strong></span> <span class='ocrx_word' id='word_1_155' title='bbox 3246 2736 3260 2759; x_wconf 90' lang='lat'><strong>,</strong></span> <span class='ocrx_word' id='word_1_156' title='bbox 3309 2712 3413 2750; x_wconf 71' lang='lat' dir='ltr'><strong>asco</strong></span> <span class='ocrx_word' id='word_1_157' title='bbox 3437 2699 3615 2751; x_wconf 78' lang='lat' dir='ltr'><strong>nilisse</strong></span> 
     </span>
    </p>
   </div>
   <div class='ocr_carea' id='block_1_26' title="bbox 2029 2782 3615 2851">
    <p class='ocr_par' dir='ltr' id='par_1_26' title="bbox 2029 2782 3615 2851">
     <span class='ocr_line' id='line_1_26' title="bbox 2029 2782 3615 2851; baseline 0.001 -14"><span class='ocrx_word' id='word_1_158' title='bbox 2029 2783 2082 2838; x_wconf 92' lang='lat' dir='ltr'><strong>in</strong></span> <span class='ocrx_word' id='word_1_159' title='bbox 2110 2783 2296 2848; x_wconf 70' lang='lat' dir='ltr'><strong>ccelos,</strong></span> <span class='ocrx_word' id='word_1_160' title='bbox 2323 2782 2513 2839; x_wconf 88' lang='lat' dir='ltr'><strong>sedere</strong></span> <span class='ocrx_word' id='word_1_161' title='bbox 2541 2783 2608 2837; x_wconf 88' lang='lat' dir='ltr'><strong>ad</strong></span> <span class='ocrx_word' id='word_1_162' title='bbox 2654 2784 2927 2838; x_wconf 82' lang='lat' dir='ltr'><strong>dexteram</strong></span> <span class='ocrx_word' id='word_1_163' title='bbox 2980 2786 3171 2851; x_wconf 63' lang='lat' dir='ltr'><strong>Patris,</strong></span> <span class='ocrx_word' id='word_1_164' title='bbox 3219 2798 3498 2841; x_wconf 79' lang='lat' dir='ltr'><strong>venturum</strong></span> <span class='ocrx_word' id='word_1_165' title='bbox 3550 2804 3615 2844; x_wconf 82' lang='lat' dir='ltr'><strong>ac</strong></span> 
     </span>
    </p>
   </div>
   <div class='ocr_carea' id='block_1_27' title="bbox 2024 2878 3613 2950">
    <p class='ocr_par' dir='ltr' id='par_1_27' title="bbox 2024 2878 3613 2950">
     <span class='ocr_line' id='line_1_27' title="bbox 2024 2878 3613 2950; baseline 0.003 -19"><span class='ocrx_word' id='word_1_166' title='bbox 2024 2878 2383 2947; x_wconf 75' lang='lat' dir='ltr'><strong>iudicaturum</strong></span> <span class='ocrx_word' id='word_1_167' title='bbox 2418 2880 2567 2933; x_wconf 85' lang='lat' dir='ltr'><strong>vivos</strong></span> <span class='ocrx_word' id='word_1_168' title='bbox 2605 2888 2659 2933; x_wconf 91' lang='lat' dir='ltr'><strong>et</strong></span> <span class='ocrx_word' id='word_1_169' title='bbox 2688 2892 2948 2934; x_wconf 78' lang='lat' dir='ltr'><strong>mortuos.</strong></span> <span class='ocrx_word' id='word_1_170' title='bbox 2998 2881 3175 2935; x_wconf 88' lang='lat' dir='ltr'><strong>Credo</strong></span> <span class='ocrx_word' id='word_1_171' title='bbox 3221 2896 3463 2935; x_wconf 84' lang='lat' dir='ltr'><strong>sanctum</strong></span> <span class='ocrx_word' id='word_1_172' title='bbox 3495 2883 3613 2950; x_wconf 85' lang='lat' dir='ltr'><strong>Spi-</strong></span> 
     </span>
    </p>
   </div>
   <div class='ocr_carea' id='block_1_28' title="bbox 2030 2966 3615 3041">
    <p class='ocr_par' dir='ltr' id='par_1_28' title="bbox 2030 2966 3615 3041">
     <span class='ocr_line' id='line_1_28' title="bbox 2030 2966 3615 3041; baseline 0.001 -19"><span class='ocrx_word' id='word_1_173' title='bbox 2030 2970 2189 3022; x_wconf 86' lang='lat' dir='ltr'><strong>ritum</strong></span> <span class='ocrx_word' id='word_1_174' title='bbox 2237 2983 2268 3023; x_wconf 88' lang='lat' dir='ltr'><strong>a</strong></span> <span class='ocrx_word' id='word_1_175' title='bbox 2316 2967 2476 3023; x_wconf 84' lang='lat' dir='ltr'><strong>Patre</strong></span> <span class='ocrx_word' id='word_1_176' title='bbox 2517 2978 2572 3023; x_wconf 89' lang='lat' dir='ltr'><strong>et</strong></span> <span class='ocrx_word' id='word_1_177' title='bbox 2600 2968 2737 3023; x_wconf 81' lang='lat' dir='ltr'><strong>Filio</strong></span> <span class='ocrx_word' id='word_1_178' title='bbox 2773 2966 2791 3006; x_wconf 73' lang='grc' dir='ltr'>ί</span> <span class='ocrx_word' id='word_1_179' title='bbox 2828 2972 3177 3038; x_wconf 80' lang='lat' dir='ltr'><strong>processisse,</strong></span> <span class='ocrx_word' id='word_1_180' title='bbox 3235 2988 3337 3024; x_wconf 82' lang='lat' dir='ltr'><strong>non</strong></span> <span class='ocrx_word' id='word_1_181' title='bbox 3370 2973 3419 3041; x_wconf 82' lang='grc'><strong>7</strong></span> <span class='ocrx_word' id='word_1_182' title='bbox 3448 2974 3615 3025; x_wconf 82' lang='lat' dir='ltr'><strong>mino-</strong></span> 
     </span>
    </p>
   </div>
   <div class='ocr_carea' id='block_1_29' title="bbox 2028 3057 3615 3127">
    <p class='ocr_par' dir='ltr' id='par_1_29' title="bbox 2028 3057 3615 3127">
     <span class='ocr_line' id='line_1_29' title="bbox 2028 3057 3615 3127; baseline 0.003 -15"><span class='ocrx_word' id='word_1_183' title='bbox 2028 3072 2168 3122; x_wconf 89' lang='lat' dir='ltr'><strong>rem,</strong></span> <span class='ocrx_word' id='word_1_184' title='bbox 2198 3068 2253 3112; x_wconf 88' lang='lat' dir='ltr'><strong>et</strong></span> <span class='ocrx_word' id='word_1_185' title='bbox 2275 3057 2425 3126; x_wconf 88' lang='lat' dir='ltr'><strong>quasi</strong></span> <span class='ocrx_word' id='word_1_186' title='bbox 2455 3068 2578 3112; x_wconf 85' lang='lat' dir='ltr'><strong>ante</strong></span> <span class='ocrx_word' id='word_1_187' title='bbox 2604 3074 2706 3112; x_wconf 91' lang='lat' dir='ltr'><strong>non</strong></span> <span class='ocrx_word' id='word_1_188' title='bbox 2738 3068 2905 3127; x_wconf 79' lang='lat' dir='ltr'><strong>esset,</strong></span> <span class='ocrx_word' id='word_1_189' title='bbox 2932 3061 3023 3115; x_wconf 76' lang='lat' dir='ltr'><strong>sed</strong></span> <span class='ocrx_word' id='word_1_190' title='bbox 3056 3062 3335 3127; x_wconf 66' lang='lat' dir='ltr'><strong>arqualem,</strong></span> <span class='ocrx_word' id='word_1_191' title='bbox 3378 3073 3430 3115; x_wconf 88' lang='lat' dir='ltr'><strong>et</strong></span> <span class='ocrx_word' id='word_1_192' title='bbox 3474 3080 3615 3116; x_wconf 71' lang='lat' dir='ltr'><strong>srm-</strong></span> 
     </span>
    </p>
   </div>
   <div class='ocr_carea' id='block_1_30' title="bbox 2031 3148 3615 3217">
    <p class='ocr_par' dir='ltr' id='par_1_30' title="bbox 2031 3148 3615 3217">
     <span class='ocr_line' id='line_1_30' title="bbox 2031 3148 3615 3217; baseline 0.004 -16"><span class='ocrx_word' id='word_1_193' title='bbox 2031 3162 2127 3217; x_wconf 89' lang='lat' dir='ltr'><strong>per</strong></span> <span class='ocrx_word' id='word_1_194' title='bbox 2164 3163 2284 3202; x_wconf 90' lang='lat' dir='ltr'><strong>cum</strong></span> <span class='ocrx_word' id='word_1_195' title='bbox 2316 3148 2476 3204; x_wconf 89' lang='lat' dir='ltr'><strong>Patre</strong></span> <span class='ocrx_word' id='word_1_196' title='bbox 2506 3159 2559 3202; x_wconf 91' lang='lat' dir='ltr'><strong>et</strong></span> <span class='ocrx_word' id='word_1_197' title='bbox 2612 3150 2747 3203; x_wconf 82' lang='lat' dir='ltr'><strong>Filio</strong></span> <span class='ocrx_word' id='word_1_198' title='bbox 2791 3162 3114 3205; x_wconf 66' lang='lat' dir='ltr'><strong>comternum</strong></span> <span class='ocrx_word' id='word_1_199' title='bbox 3162 3153 3351 3217; x_wconf 86' lang='lat' dir='ltr'><strong>Deum,</strong></span> <span class='ocrx_word' id='word_1_200' title='bbox 3384 3156 3615 3209; x_wconf 86' lang='lat' dir='ltr'><strong>consub-</strong></span> 
     </span>
    </p>
   </div>
   <div class='ocr_carea' id='block_1_31' title="bbox 2032 3238 3612 3312">
    <p class='ocr_par' dir='ltr' id='par_1_31' title="bbox 2032 3238 3612 3312">
     <span class='ocr_line' id='line_1_31' title="bbox 2032 3238 3612 3312; baseline 0.006 -23"><span class='ocrx_word' id='word_1_201' title='bbox 2032 3238 2333 3293; x_wconf 70' lang='lat' dir='ltr'><strong>Stantiaiem</strong></span> <span class='ocrx_word' id='word_1_202' title='bbox 2369 3247 2582 3304; x_wconf 85' lang='lat' dir='ltr'><strong>natura,</strong></span> <span class='ocrx_word' id='word_1_203' title='bbox 2615 3242 2870 3309; x_wconf 60' lang='lat' dir='ltr'><strong>mqualem</strong></span> <span class='ocrx_word' id='word_1_204' title='bbox 2916 3246 3328 3312; x_wconf 69' lang='lat' dir='ltr'><strong>omnipotentia,</strong></span> <span class='ocrx_word' id='word_1_205' title='bbox 3363 3262 3612 3301; x_wconf 80' lang='lat' dir='ltr'><strong>consem-</strong></span> 
     </span>
    </p>
   </div>
   <div class='ocr_carea' id='block_1_32' title="bbox 2034 3329 3615 3400">
    <p class='ocr_par' dir='ltr' id='par_1_32' title="bbox 2034 3329 3615 3400">
     <span class='ocr_line' id='line_1_32' title="bbox 2034 3329 3615 3400; baseline 0.006 -19"><span class='ocrx_word' id='word_1_206' title='bbox 2034 3330 2299 3397; x_wconf 83' lang='lat' dir='ltr'><strong>piternum</strong></span> <span class='ocrx_word' id='word_1_207' title='bbox 2329 3329 2584 3391; x_wconf 73' lang='lat' dir='ltr'><strong>essentia,</strong></span> <span class='ocrx_word' id='word_1_208' title='bbox 2611 3340 2667 3382; x_wconf 90' lang='lat' dir='ltr'><strong>ut</strong></span> <span class='ocrx_word' id='word_1_209' title='bbox 2691 3346 2957 3400; x_wconf 89' lang='lat' dir='ltr'><strong>nunquam</strong></span> <span class='ocrx_word' id='word_1_210' title='bbox 2989 3332 3104 3386; x_wconf 69' lang='lat' dir='ltr'><strong>sine</strong></span> <span class='ocrx_word' id='word_1_211' title='bbox 3152 3334 3309 3389; x_wconf 84' lang='lat' dir='ltr'><strong>Patre</strong></span> <span class='ocrx_word' id='word_1_212' title='bbox 3335 3336 3496 3390; x_wconf 78' lang='lat' dir='ltr'><strong>fuisse</strong></span> <span class='ocrx_word' id='word_1_213' title='bbox 3531 3342 3615 3391; x_wconf 79' lang='lat' dir='ltr'><strong>vel</strong></span> 
     </span>
    </p>
   </div>
   <div class='ocr_carea' id='block_1_33' title="bbox 2031 3418 3617 3488">
    <p class='ocr_par' dir='ltr' id='par_1_33' title="bbox 2031 3418 3617 3488">
     <span class='ocr_line' id='line_1_33' title="bbox 2031 3418 3617 3488; baseline 0.005 -15"><span class='ocrx_word' id='word_1_214' title='bbox 2031 3418 2188 3484; x_wconf 82' lang='lat' dir='ltr'><strong>Filio,</strong></span> <span class='ocrx_word' id='word_1_215' title='bbox 2235 3434 2405 3488; x_wconf 84' lang='lat' dir='ltr'><strong>neque</strong></span> <span class='ocrx_word' id='word_1_216' title='bbox 2446 3422 2707 3474; x_wconf 84' lang='lat' dir='ltr'><strong>minorem</strong></span> <span class='ocrx_word' id='word_1_217' title='bbox 2740 3421 2921 3476; x_wconf 71' lang='lat' dir='ltr'><strong>Patre</strong></span> <span class='ocrx_word' id='word_1_218' title='bbox 2970 3424 3051 3476; x_wconf 84' lang='lat' dir='ltr'><strong>vel</strong></span> <span class='ocrx_word' id='word_1_219' title='bbox 3100 3423 3253 3478; x_wconf 84' lang='lat' dir='ltr'><strong>Filio.</strong></span> <span class='ocrx_word' id='word_1_220' title='bbox 3280 3426 3450 3478; x_wconf 82' lang='lat' dir='ltr'><strong>tredo</strong></span> <span class='ocrx_word' id='word_1_221' title='bbox 3482 3429 3617 3481; x_wconf 85' lang='lat' dir='ltr'><strong>hanc</strong></span> 
     </span>
    </p>
   </div>
   <div class='ocr_carea' id='block_1_34' title="bbox 2029 3510 3618 3584">
    <p class='ocr_par' dir='ltr' id='par_1_34' title="bbox 2029 3510 3618 3584">
     <span class='ocr_line' id='line_1_34' title="bbox 2029 3510 3618 3584; baseline 0.003 -19"><span class='ocrx_word' id='word_1_222' title='bbox 2029 3510 2343 3565; x_wconf 90' lang='lat' dir='ltr'><strong>Trinitatem</strong></span> <span class='ocrx_word' id='word_1_223' title='bbox 2371 3521 2610 3565; x_wconf 88' lang='lat' dir='ltr'><strong>sanctam</strong></span> <span class='ocrx_word' id='word_1_224' title='bbox 2644 3514 2695 3566; x_wconf 89' lang='lat' dir='ltr'><strong>in</strong></span> <span class='ocrx_word' id='word_1_225' title='bbox 2725 3513 3068 3569; x_wconf 73' lang='lat' dir='ltr'><strong>di~tinclione</strong></span> <span class='ocrx_word' id='word_1_226' title='bbox 3113 3515 3404 3571; x_wconf 74' lang='lat' dir='ltr'><strong>subsistere</strong></span> <span class='ocrx_word' id='word_1_227' title='bbox 3433 3532 3618 3584; x_wconf 74' lang='lat' dir='ltr'><strong>persn~</strong></span> 
     </span>
    </p>
   </div>
   <div class='ocr_carea' id='block_1_35' title="bbox 2033 3604 3619 3674">
    <p class='ocr_par' dir='ltr' id='par_1_35' title="bbox 2033 3604 3619 3674">
     <span class='ocr_line' id='line_1_35' title="bbox 2033 3604 3619 3674; baseline 0.004 -18"><span class='ocrx_word' id='word_1_228' title='bbox 2033 3618 2253 3667; x_wconf 89' lang='lat' dir='ltr'><strong>narum;</strong></span> <span class='ocrx_word' id='word_1_229' title='bbox 2278 3614 2332 3658; x_wconf 89' lang='lat' dir='ltr'><strong>et</strong></span> <span class='ocrx_word' id='word_1_230' title='bbox 2358 3604 2515 3656; x_wconf 86' lang='lat' dir='ltr'><strong>aliam</strong></span> <span class='ocrx_word' id='word_1_231' title='bbox 2547 3605 2760 3673; x_wconf 85' lang='lat' dir='ltr'><strong>quidem</strong></span> <span class='ocrx_word' id='word_1_232' title='bbox 2794 3620 3072 3669; x_wconf 80' lang='lat' dir='ltr'><strong>personam</strong></span> <span class='ocrx_word' id='word_1_233' title='bbox 3107 3606 3315 3674; x_wconf 86' lang='lat' dir='ltr'><strong>Patris,</strong></span> <span class='ocrx_word' id='word_1_234' title='bbox 3346 3612 3501 3662; x_wconf 85' lang='lat' dir='ltr'><strong>aliam</strong></span> <span class='ocrx_word' id='word_1_235' title='bbox 3533 3609 3619 3661; x_wconf 81' lang='lat' dir='ltr'><strong>Fi-</strong></span> 
     </span>
    </p>
   </div>
   <div class='ocr_carea' id='block_1_36' title="bbox 2034 3693 3620 3764">
    <p class='ocr_par' dir='ltr' id='par_1_36' title="bbox 2034 3693 3620 3764">
     <span class='ocr_line' id='line_1_36' title="bbox 2034 3693 3620 3764; baseline 0.003 -16"><span class='ocrx_word' id='word_1_236' title='bbox 2034 3694 2109 3759; x_wconf 87' lang='lat' dir='ltr'><strong>lii,</strong></span> <span class='ocrx_word' id='word_1_237' title='bbox 2140 3693 2297 3747; x_wconf 84' lang='lat' dir='ltr'><strong>aliam</strong></span> <span class='ocrx_word' id='word_1_238' title='bbox 2324 3695 2553 3763; x_wconf 87' lang='lat' dir='ltr'><strong>Spiritus</strong></span> <span class='ocrx_word' id='word_1_239' title='bbox 2581 3695 2770 3748; x_wconf 76' lang='lat' dir='ltr'><strong>sancti.</strong></span> <span class='ocrx_word' id='word_1_240' title='bbox 2795 3693 2851 3749; x_wconf 84' lang='lat' dir='ltr'><strong>In</strong></span> <span class='ocrx_word' id='word_1_241' title='bbox 2882 3712 2983 3764; x_wconf 89' lang='lat' dir='ltr'><strong>qua</strong></span> <span class='ocrx_word' id='word_1_242' title='bbox 3013 3697 3272 3751; x_wconf 86' lang='lat' dir='ltr'><strong>Trinitate</strong></span> <span class='ocrx_word' id='word_1_243' title='bbox 3318 3713 3473 3752; x_wconf 85' lang='lat' dir='ltr'><strong>unam</strong></span> <span class='ocrx_word' id='word_1_244' title='bbox 3506 3700 3620 3754; x_wconf 87' lang='lat' dir='ltr'><strong>dei-</strong></span> 
     </span>
    </p>
   </div>
   <div class='ocr_carea' id='block_1_37' title="bbox 2036 3787 3620 3853">
    <p class='ocr_par' dir='ltr' id='par_1_37' title="bbox 2036 3787 3620 3853">
     <span class='ocr_line' id='line_1_37' title="bbox 2036 3787 3620 3853; baseline 0.003 -13"><span class='ocrx_word' id='word_1_245' title='bbox 2036 3792 2220 3853; x_wconf 76' lang='lat' dir='ltr'><strong>tatem,</strong></span> <span class='ocrx_word' id='word_1_246' title='bbox 2256 3800 2414 3839; x_wconf 81' lang='lat' dir='ltr'><strong>unum</strong></span> <span class='ocrx_word' id='word_1_247' title='bbox 2449 3787 2759 3851; x_wconf 74' lang='lat' dir='ltr'><strong>potentiam,</strong></span> <span class='ocrx_word' id='word_1_248' title='bbox 2789 3801 2948 3840; x_wconf 90' lang='lat' dir='ltr'><strong>unam</strong></span> <span class='ocrx_word' id='word_1_249' title='bbox 3001 3791 3285 3842; x_wconf 82' lang='lat' dir='ltr'><strong>essentiam</strong></span> <span class='ocrx_word' id='word_1_250' title='bbox 3334 3804 3455 3844; x_wconf 90' lang='lat' dir='ltr'><strong>esse</strong></span> <span class='ocrx_word' id='word_1_251' title='bbox 3493 3804 3620 3844; x_wconf 84' lang='lat' dir='ltr'><strong>con-</strong></span> 
     </span>
    </p>
   </div>
   <div class='ocr_carea' id='block_1_38' title="bbox 409 3876 3621 3952">
    <p class='ocr_par' dir='ltr' id='par_1_38' title="bbox 409 3876 3621 3952">
     <span class='ocr_line' id='line_1_38' title="bbox 409 3876 3621 3952; baseline 0.001 -17"><span class='ocrx_word' id='word_1_252' title='bbox 409 3879 660 3952; x_wconf 76' lang='lat' dir='ltr'><strong>6Credo</strong></span> <span class='ocrx_word' id='word_1_253' title='bbox 706 3894 836 3948; x_wconf 76' lang='lat' dir='ltr'><strong>ergo</strong></span> <span class='ocrx_word' id='word_1_254' title='bbox 882 3880 932 3931; x_wconf 91' lang='lat' dir='ltr'><strong>in</strong></span> <span class='ocrx_word' id='word_1_255' title='bbox 991 3877 1158 3931; x_wconf 87' lang='lat' dir='ltr'><strong>Deum</strong></span> <span class='ocrx_word' id='word_1_256' title='bbox 1218 3876 1428 3931; x_wconf 85' lang='lat' dir='ltr'><strong>Patrem</strong></span> <span class='ocrx_word' id='word_1_257' title='bbox 1479 3876 1923 3944; x_wconf 88' lang='lat' dir='ltr'><strong>omnipotentem.</strong></span> <span class='ocrx_word' id='word_1_258' title='bbox 1958 3876 2003 3936; x_wconf 85' lang='grc' dir='ltr'><strong><em>Β</em></strong></span> <span class='ocrx_word' id='word_1_259' title='bbox 2034 3878 2213 3932; x_wconf 85' lang='lat' dir='ltr'><strong>ﬁteor.</strong></span> <span class='ocrx_word' id='word_1_260' title='bbox 2263 3877 2437 3933; x_wconf 81' lang='lat' dir='ltr'><strong>Credo</strong></span> <span class='ocrx_word' id='word_1_261' title='bbox 2466 3887 2492 3925; x_wconf 70' lang='grc' dir='ltr'>ι</span> <span class='ocrx_word' id='word_1_262' title='bbox 2521 3879 2727 3933; x_wconf 89' lang='lat' dir='ltr'><strong>beatam</strong></span> <span class='ocrx_word' id='word_1_263' title='bbox 2777 3880 3017 3944; x_wconf 84' lang='lat' dir='ltr'><strong>Mariam,</strong></span> <span class='ocrx_word' id='word_1_264' title='bbox 3075 3892 3130 3935; x_wconf 89' lang='lat' dir='ltr'><strong>nt</strong></span> <span class='ocrx_word' id='word_1_265' title='bbox 3178 3882 3295 3951; x_wconf 77' lang='lat' dir='ltr'><strong>virg</strong></span> <span class='ocrx_word' id='word_1_266' title='bbox 3320 3898 3438 3937; x_wconf 90' lang='lat' dir='ltr'><strong>nem</strong></span> <span class='ocrx_word' id='word_1_267' title='bbox 3492 3893 3621 3939; x_wconf 89' lang='lat' dir='ltr'><strong>ante</strong></span> 
     </span>
    </p>
   </div>
   <div class='ocr_carea' id='block_1_39' title="bbox 337 3966 1926 4036">
    <p class='ocr_par' dir='ltr' id='par_1_39' title="bbox 337 3966 1926 4036">
     <span class='ocr_line' id='line_1_39' title="bbox 337 3966 1926 4036; baseline -0.006 -7"><span class='ocrx_word' id='word_1_268' title='bbox 337 3972 515 4029; x_wconf 85' lang='lat' dir='ltr'><strong>Credo</strong></span> <span class='ocrx_word' id='word_1_269' title='bbox 542 3973 594 4025; x_wconf 91' lang='lat' dir='ltr'><strong>in</strong></span> <span class='ocrx_word' id='word_1_270' title='bbox 622 3971 803 4026; x_wconf 85' lang='lat' dir='ltr'><strong>Jesum</strong></span> <span class='ocrx_word' id='word_1_271' title='bbox 826 3968 1094 4024; x_wconf 83' lang='lat' dir='ltr'><strong>Christum</strong></span> <span class='ocrx_word' id='word_1_272' title='bbox 1128 3968 1292 4021; x_wconf 80' lang='lat' dir='ltr'><strong>lilium</strong></span> <span class='ocrx_word' id='word_1_273' title='bbox 1326 3966 1444 4036; x_wconf 87' lang='lat' dir='ltr'><strong>ejus</strong></span> <span class='ocrx_word' id='word_1_274' title='bbox 1473 3966 1707 4031; x_wconf 88' lang='lat' dir='ltr'><strong>unicum,</strong></span> <span class='ocrx_word' id='word_1_275' title='bbox 1740 3966 1926 4022; x_wconf 88' lang='lat' dir='ltr'><strong>Domi-</strong></span> 
     </span>
    </p>
   </div>
   <div class='ocr_carea' id='block_1_40' title="bbox 339 4058 1922 4127">
    <p class='ocr_par' dir='ltr' id='par_1_40' title="bbox 339 4058 1922 4127">
     <span class='ocr_line' id='line_1_40' title="bbox 339 4058 1922 4127; baseline -0.005 -7"><span class='ocrx_word' id='word_1_276' title='bbox 339 4081 471 4120; x_wconf 79' lang='lat' dir='ltr'><strong>num</strong></span> <span class='ocrx_word' id='word_1_277' title='bbox 521 4064 689 4119; x_wconf 91' lang='lat' dir='ltr'><strong>Deum</strong></span> <span class='ocrx_word' id='word_1_278' title='bbox 746 4070 1008 4127; x_wconf 90' lang='lat' dir='ltr'><strong>nostrum,</strong></span> <span class='ocrx_word' id='word_1_279' title='bbox 1060 4068 1241 4113; x_wconf 91' lang='lat' dir='ltr'><strong>natum</strong></span> <span class='ocrx_word' id='word_1_280' title='bbox 1277 4075 1305 4112; x_wconf 91' lang='lat' dir='ltr'><strong>a</strong></span> <span class='ocrx_word' id='word_1_281' title='bbox 1339 4058 1515 4124; x_wconf 88' lang='lat' dir='ltr'><strong>Patre,</strong></span> <span class='ocrx_word' id='word_1_282' title='bbox 1548 4073 1653 4112; x_wconf 92' lang='lat' dir='ltr'><strong>nou</strong></span> <span class='ocrx_word' id='word_1_283' title='bbox 1697 4060 1922 4125; x_wconf 80' lang='lat' dir='ltr'><strong>factum;</strong></span> 
     </span>
    </p>
   </div>
   <div class='ocr_carea' id='block_1_41' title="bbox 339 4155 1929 4229">
    <p class='ocr_par' dir='ltr' id='par_1_41' title="bbox 339 4155 1929 4229">
     <span class='ocr_line' id='line_1_41' title="bbox 339 4155 1929 4229; baseline -0.007 -13"><span class='ocrx_word' id='word_1_284' title='bbox 339 4176 452 4216; x_wconf 89' lang='lat' dir='ltr'><strong>non</strong></span> <span class='ocrx_word' id='word_1_285' title='bbox 480 4169 602 4229; x_wconf 76' lang='lat' dir='ltr'><strong>pOSl</strong></span> <span class='ocrx_word' id='word_1_286' title='bbox 630 4167 902 4225; x_wconf 88' lang='lat' dir='ltr'><strong>tempora,</strong></span> <span class='ocrx_word' id='word_1_287' title='bbox 942 4155 1035 4208; x_wconf 85' lang='lat' dir='ltr'><strong>sed</strong></span> <span class='ocrx_word' id='word_1_288' title='bbox 1076 4164 1198 4206; x_wconf 82' lang='lat' dir='ltr'><strong>ante</strong></span> <span class='ocrx_word' id='word_1_289' title='bbox 1228 4161 1481 4206; x_wconf 89' lang='lat' dir='ltr'><strong>cunctum</strong></span> <span class='ocrx_word' id='word_1_290' title='bbox 1530 4161 1757 4220; x_wconf 86' lang='lat' dir='ltr'><strong>tempus,</strong></span> <span class='ocrx_word' id='word_1_291' title='bbox 1785 4167 1929 4206; x_wconf 87' lang='lat' dir='ltr'><strong>sem-</strong></span> 
     </span>
    </p>
   </div>
   <div class='ocr_carea' id='block_1_42' title="bbox 340 4240 1926 4321">
    <p class='ocr_par' dir='ltr' id='par_1_42' title="bbox 340 4240 1926 4321">
     <span class='ocr_line' id='line_1_42' title="bbox 340 4240 1926 4321; baseline -0.004 -18"><span class='ocrx_word' id='word_1_292' title='bbox 340 4266 440 4321; x_wconf 82' lang='lat' dir='ltr'><strong>per</strong></span> <span class='ocrx_word' id='word_1_293' title='bbox 467 4249 629 4302; x_wconf 79' lang='lat' dir='ltr'><strong>fuisse</strong></span> <span class='ocrx_word' id='word_1_294' title='bbox 659 4262 778 4301; x_wconf 89' lang='lat' dir='ltr'><strong>cum</strong></span> <span class='ocrx_word' id='word_1_295' title='bbox 812 4244 988 4298; x_wconf 91' lang='lat' dir='ltr'><strong>Patre.</strong></span> <span class='ocrx_word' id='word_1_296' title='bbox 1011 4242 1122 4298; x_wconf 86' lang='lat' dir='ltr'><strong>Nec</strong></span> <span class='ocrx_word' id='word_1_297' title='bbox 1163 4243 1306 4297; x_wconf 91' lang='lat' dir='ltr'><strong>enim</strong></span> <span class='ocrx_word' id='word_1_298' title='bbox 1346 4240 1504 4296; x_wconf 87' lang='lat' dir='ltr'><strong>Pater</strong></span> <span class='ocrx_word' id='word_1_299' title='bbox 1529 4240 1636 4295; x_wconf 87' lang='lat' dir='ltr'><strong>dici</strong></span> <span class='ocrx_word' id='word_1_300' title='bbox 1661 4252 1926 4311; x_wconf 91' lang='lat' dir='ltr'><strong>potuerat,</strong></span> 
     </span>
    </p>
   </div>
   <div class='ocr_carea' id='block_1_43' title="bbox 340 4335 1926 4405">
    <p class='ocr_par' dir='ltr' id='par_1_43' title="bbox 340 4335 1926 4405">
     <span class='ocr_line' id='line_1_43' title="bbox 340 4335 1926 4405; baseline -0.004 -8"><span class='ocrx_word' id='word_1_301' title='bbox 340 4343 446 4397; x_wconf 87' lang='lat' dir='ltr'><strong>uisi</strong></span> <span class='ocrx_word' id='word_1_302' title='bbox 476 4340 695 4394; x_wconf 85' lang='lat' dir='ltr'><strong>haberet</strong></span> <span class='ocrx_word' id='word_1_303' title='bbox 733 4337 957 4402; x_wconf 86' lang='lat' dir='ltr'><strong>Filium;</strong></span> <span class='ocrx_word' id='word_1_304' title='bbox 1007 4352 1179 4405; x_wconf 84' lang='lat' dir='ltr'><strong>neque</strong></span> <span class='ocrx_word' id='word_1_305' title='bbox 1225 4335 1390 4389; x_wconf 87' lang='lat' dir='ltr'><strong>Filius</strong></span> <span class='ocrx_word' id='word_1_306' title='bbox 1438 4343 1602 4400; x_wconf 88' lang='lat' dir='ltr'><strong>esset,</strong></span> <span class='ocrx_word' id='word_1_307' title='bbox 1642 4337 1685 4389; x_wconf 92' lang='lat' dir='ltr'><strong>si</strong></span> <span class='ocrx_word' id='word_1_308' title='bbox 1716 4335 1926 4390; x_wconf 90' lang='lat' dir='ltr'><strong>Patrem</strong></span> 
     </span>
    </p>
   </div>
   <div class='ocr_carea' id='block_1_44' title="bbox 343 4424 1930 4499">
    <p class='ocr_par' dir='ltr' id='par_1_44' title="bbox 343 4424 1930 4499">
     <span class='ocr_line' id='line_1_44' title="bbox 343 4424 1930 4499; baseline -0.005 -12"><span class='ocrx_word' id='word_1_309' title='bbox 343 4433 529 4499; x_wconf 87' lang='lat' dir='ltr'><strong>utique</strong></span> <span class='ocrx_word' id='word_1_310' title='bbox 570 4445 677 4484; x_wconf 90' lang='lat' dir='ltr'><strong>non</strong></span> <span class='ocrx_word' id='word_1_311' title='bbox 732 4427 973 4482; x_wconf 82' lang='lat' dir='ltr'><strong>haberet.</strong></span> <span class='ocrx_word' id='word_1_312' title='bbox 1029 4427 1148 4480; x_wconf 91' lang='lat' dir='ltr'><strong>Illos</strong></span> <span class='ocrx_word' id='word_1_313' title='bbox 1196 4440 1324 4479; x_wconf 78' lang='lat' dir='ltr'><strong>vero</strong></span> <span class='ocrx_word' id='word_1_314' title='bbox 1365 4424 1455 4493; x_wconf 90' lang='lat' dir='ltr'><strong>qui</strong></span> <span class='ocrx_word' id='word_1_315' title='bbox 1507 4426 1709 4491; x_wconf 87' lang='lat' dir='ltr'><strong>dicunt,</strong></span> <span class='ocrx_word' id='word_1_316' title='bbox 1746 4435 1769 4462; x_wconf 77' lang='grc' dir='ltr'><strong>ο</strong></span> <span class='ocrx_word' id='word_1_317' title='bbox 1802 4427 1930 4479; x_wconf 81' lang='lat' dir='ltr'><strong>Erat</strong></span> 
     </span>
    </p>
   </div>
   <div class='ocr_carea' id='block_1_45' title="bbox 343 4517 1929 4589">
    <p class='ocr_par' dir='ltr' id='par_1_45' title="bbox 343 4517 1929 4589">
     <span class='ocr_line' id='line_1_45' title="bbox 343 4517 1929 4589; baseline -0.003 -13"><span class='ocrx_word' id='word_1_318' title='bbox 343 4524 559 4589; x_wconf 82' lang='lat' dir='ltr'><strong>quando</strong></span> <span class='ocrx_word' id='word_1_319' title='bbox 595 4536 698 4573; x_wconf 90' lang='lat' dir='ltr'><strong>non</strong></span> <span class='ocrx_word' id='word_1_320' title='bbox 726 4526 866 4583; x_wconf 82' lang='lat' dir='ltr'><strong>erat,</strong></span> <span class='ocrx_word' id='word_1_321' title='bbox 901 4518 1305 4572; x_wconf 67' lang='lat' dir='ltr'><strong>exsecrabiliter</strong></span> <span class='ocrx_word' id='word_1_322' title='bbox 1331 4531 1518 4582; x_wconf 87' lang='lat' dir='ltr'><strong>renuo,</strong></span> <span class='ocrx_word' id='word_1_323' title='bbox 1546 4524 1603 4572; x_wconf 87' lang='lat' dir='ltr'><strong>et</strong></span> <span class='ocrx_word' id='word_1_324' title='bbox 1646 4517 1714 4572; x_wconf 91' lang='lat' dir='ltr'><strong>ab</strong></span> <span class='ocrx_word' id='word_1_325' title='bbox 1746 4517 1929 4571; x_wconf 81' lang='lat' dir='ltr'><strong>Eccle-</strong></span> 
     </span>
    </p>
   </div>
   <div class='ocr_carea' id='block_1_46' title="bbox 343 4605 1931 4681">
    <p class='ocr_par' dir='ltr' id='par_1_46' title="bbox 343 4605 1931 4681">
     <span class='ocr_line' id='line_1_46' title="bbox 343 4605 1931 4681; baseline -0.005 -14"><span class='ocrx_word' id='word_1_326' title='bbox 343 4614 422 4667; x_wconf 88' lang='lat' dir='ltr'><strong>sia</strong></span> <span class='ocrx_word' id='word_1_327' title='bbox 454 4609 723 4681; x_wconf 76' lang='lat' dir='ltr'><strong>segregari</strong></span> <span class='ocrx_word' id='word_1_328' title='bbox 764 4617 1057 4663; x_wconf 88' lang='lat' dir='ltr'><strong>contestor.</strong></span> <span class='ocrx_word' id='word_1_329' title='bbox 1098 4607 1274 4662; x_wconf 86' lang='lat' dir='ltr'><strong>Credo</strong></span> <span class='ocrx_word' id='word_1_330' title='bbox 1324 4605 1593 4661; x_wconf 84' lang='lat' dir='ltr'><strong>Christum</strong></span> <span class='ocrx_word' id='word_1_331' title='bbox 1625 4607 1766 4661; x_wconf 90' lang='lat' dir='ltr'><strong>hunc</strong></span> <span class='ocrx_word' id='word_1_332' title='bbox 1800 4606 1931 4661; x_wconf 85' lang='lat' dir='ltr'><strong>Ver-</strong></span> 
     </span>
    </p>
   </div>
   <div class='ocr_carea' id='block_1_47' title="bbox 345 4698 1930 4767">
    <p class='ocr_par' dir='ltr' id='par_1_47' title="bbox 345 4698 1930 4767">
     <span class='ocr_line' id='line_1_47' title="bbox 345 4698 1930 4767; baseline -0.003 -7"><span class='ocrx_word' id='word_1_333' title='bbox 345 4705 469 4760; x_wconf 85' lang='lat' dir='ltr'><strong>bum</strong></span> <span class='ocrx_word' id='word_1_334' title='bbox 499 4718 620 4758; x_wconf 82' lang='lat' dir='ltr'><strong>essc</strong></span> <span class='ocrx_word' id='word_1_335' title='bbox 650 4701 841 4766; x_wconf 84' lang='lat' dir='ltr'><strong>Patris,</strong></span> <span class='ocrx_word' id='word_1_336' title='bbox 875 4715 969 4767; x_wconf 87' lang='lat' dir='ltr'><strong>per</strong></span> <span class='ocrx_word' id='word_1_337' title='bbox 1007 4715 1165 4767; x_wconf 90' lang='lat' dir='ltr'><strong>quem</strong></span> <span class='ocrx_word' id='word_1_338' title='bbox 1211 4698 1351 4755; x_wconf 83' lang='lat' dir='ltr'><strong>facta</strong></span> <span class='ocrx_word' id='word_1_339' title='bbox 1397 4708 1522 4754; x_wconf 87' lang='lat' dir='ltr'><strong>sunt</strong></span> <span class='ocrx_word' id='word_1_340' title='bbox 1544 4700 1742 4755; x_wconf 89' lang='lat' dir='ltr'><strong>omnia.</strong></span> <span class='ocrx_word' id='word_1_341' title='bbox 1778 4701 1930 4756; x_wconf 82' lang='lat' dir='ltr'><strong>liunc</strong></span> 
     </span>
    </p>
   </div>
   <div class='ocr_carea' id='block_1_48' title="bbox 346 4788 1928 4861">
    <p class='ocr_par' dir='ltr' id='par_1_48' title="bbox 346 4788 1928 4861">
     <span class='ocr_line' id='line_1_48' title="bbox 346 4788 1928 4861; baseline -0.001 -14"><span class='ocrx_word' id='word_1_342' title='bbox 346 4792 578 4848; x_wconf 77' lang='lat' dir='ltr'><strong>Verbum</strong></span> <span class='ocrx_word' id='word_1_343' title='bbox 604 4806 818 4846; x_wconf 79' lang='lat' dir='ltr'><strong>carnem</strong></span> <span class='ocrx_word' id='word_1_344' title='bbox 847 4788 1045 4845; x_wconf 81' lang='lat' dir='ltr'><strong>factum</strong></span> <span class='ocrx_word' id='word_1_345' title='bbox 1084 4789 1268 4855; x_wconf 87' lang='lat' dir='ltr'><strong>credo,</strong></span> <span class='ocrx_word' id='word_1_346' title='bbox 1310 4790 1465 4861; x_wconf 84' lang='lat' dir='ltr'><strong>cujus</strong></span> <span class='ocrx_word' id='word_1_347' title='bbox 1505 4792 1754 4860; x_wconf 84' lang='lat' dir='ltr'><strong>passione</strong></span> <span class='ocrx_word' id='word_1_348' title='bbox 1775 4808 1928 4846; x_wconf 89' lang='lat' dir='ltr'><strong>mun-</strong></span> 
     </span>
    </p>
   </div>
   <div class='ocr_carea' id='block_1_49' title="bbox 2034 3971 3617 4040">
    <p class='ocr_par' dir='ltr' id='par_1_49' title="bbox 2034 3971 3617 4040">
     <span class='ocr_line' id='line_1_49' title="bbox 2034 3971 3617 4040; baseline 0.005 -18"><span class='ocrx_word' id='word_1_349' title='bbox 2034 3979 2265 4039; x_wconf 86' lang='lat' dir='ltr'><strong>partum,</strong></span> <span class='ocrx_word' id='word_1_350' title='bbox 2299 3972 2367 4023; x_wconf 89' lang='lat' dir='ltr'><strong>ita</strong></span> <span class='ocrx_word' id='word_1_351' title='bbox 2398 3971 2652 4039; x_wconf 58' lang='lat' dir='ltr'><strong>virginem</strong></span> <span class='ocrx_word' id='word_1_352' title='bbox 2676 3982 2730 4027; x_wconf 82' lang='lat' dir='ltr'><strong>et</strong></span> <span class='ocrx_word' id='word_1_353' title='bbox 2772 3983 2889 4039; x_wconf 80' lang='lat' dir='ltr'><strong>post</strong></span> <span class='ocrx_word' id='word_1_354' title='bbox 2926 3982 3150 4040; x_wconf 85' lang='lat' dir='ltr'><strong>partum.</strong></span> <span class='ocrx_word' id='word_1_355' title='bbox 3187 3974 3361 4029; x_wconf 85' lang='lat' dir='ltr'><strong>Credo</strong></span> <span class='ocrx_word' id='word_1_356' title='bbox 3386 3977 3617 4030; x_wconf 85' lang='lat' dir='ltr'><strong>animam</strong></span> 
     </span>
    </p>
   </div>
   <div class='ocr_carea' id='block_1_50' title="bbox 2036 4059 3618 4131">
    <p class='ocr_par' dir='ltr' id='par_1_50' title="bbox 2036 4059 3618 4131">
     <span class='ocr_line' id='line_1_50' title="bbox 2036 4059 3618 4131; baseline 0.006 -20"><span class='ocrx_word' id='word_1_357' title='bbox 2036 4059 2414 4127; x_wconf 87' lang='lat' dir='ltr'><strong>immortalem,</strong></span> <span class='ocrx_word' id='word_1_358' title='bbox 2459 4078 2556 4115; x_wconf 88' lang='lat' dir='ltr'><strong>nec</strong></span> <span class='ocrx_word' id='word_1_359' title='bbox 2588 4072 2763 4117; x_wconf 86' lang='lat' dir='ltr'><strong>tamen</strong></span> <span class='ocrx_word' id='word_1_360' title='bbox 2795 4076 2997 4131; x_wconf 89' lang='lat' dir='ltr'><strong>partem</strong></span> <span class='ocrx_word' id='word_1_361' title='bbox 3032 4063 3226 4119; x_wconf 82' lang='lat' dir='ltr'><strong>habere</strong></span> <span class='ocrx_word' id='word_1_362' title='bbox 3274 4065 3507 4119; x_wconf 89' lang='lat' dir='ltr'><strong>deitatis.</strong></span> <span class='ocrx_word' id='word_1_363' title='bbox 3549 4067 3618 4120; x_wconf 85' lang='lat' dir='ltr'><strong>Et</strong></span> 
     </span>
    </p>
   </div>
   <div class='ocr_carea' id='block_1_51' title="bbox 2034 4153 3618 4225">
    <p class='ocr_par' dir='ltr' id='par_1_51' title="bbox 2034 4153 3618 4225">
     <span class='ocr_line' id='line_1_51' title="bbox 2034 4153 3618 4225; baseline 0.006 -22"><span class='ocrx_word' id='word_1_364' title='bbox 2034 4153 2211 4204; x_wconf 88' lang='lat' dir='ltr'><strong>omnia</strong></span> <span class='ocrx_word' id='word_1_365' title='bbox 2236 4167 2353 4219; x_wconf 71' lang='lat' dir='ltr'><strong>quae</strong></span> <span class='ocrx_word' id='word_1_366' title='bbox 2376 4168 2403 4205; x_wconf 91' lang='lat' dir='ltr'><strong>a</strong></span> <span class='ocrx_word' id='word_1_367' title='bbox 2428 4154 2679 4209; x_wconf 90' lang='lat' dir='ltr'><strong>trecentis</strong></span> <span class='ocrx_word' id='word_1_368' title='bbox 2704 4154 2890 4209; x_wconf 89' lang='lat' dir='ltr'><strong>decem</strong></span> <span class='ocrx_word' id='word_1_369' title='bbox 2914 4163 2968 4209; x_wconf 86' lang='lat' dir='ltr'><strong>et</strong></span> <span class='ocrx_word' id='word_1_370' title='bbox 2989 4166 3111 4209; x_wconf 90' lang='lat' dir='ltr'><strong>octo</strong></span> <span class='ocrx_word' id='word_1_371' title='bbox 3141 4158 3405 4225; x_wconf 84' lang='lat' dir='ltr'><strong>episc0pis</strong></span> <span class='ocrx_word' id='word_1_372' title='bbox 3424 4158 3618 4212; x_wconf 59' lang='lat' dir='ltr'><strong>Nicaeae</strong></span> 
     </span>
    </p>
   </div>
   <div class='ocr_carea' id='block_1_52' title="bbox 2033 4243 3617 4306">
    <p class='ocr_par' dir='ltr' id='par_1_52' title="bbox 2033 4243 3617 4306">
     <span class='ocr_line' id='line_1_52' title="bbox 2033 4243 3617 4306; baseline 0.004 -11"><span class='ocrx_word' id='word_1_373' title='bbox 2033 4243 2321 4296; x_wconf 84' lang='lat' dir='ltr'><strong>constituta</strong></span> <span class='ocrx_word' id='word_1_374' title='bbox 2362 4255 2506 4306; x_wconf 86' lang='lat' dir='ltr'><strong>sunt,</strong></span> <span class='ocrx_word' id='word_1_375' title='bbox 2538 4247 2701 4300; x_wconf 90' lang='lat' dir='ltr'><strong>credo</strong></span> <span class='ocrx_word' id='word_1_376' title='bbox 2747 4246 3000 4302; x_wconf 83' lang='lat' dir='ltr'><strong>ﬁdeliter.</strong></span> <span class='ocrx_word' id='word_1_377' title='bbox 3034 4246 3110 4302; x_wconf 91' lang='lat' dir='ltr'><strong>De</strong></span> <span class='ocrx_word' id='word_1_378' title='bbox 3142 4249 3245 4302; x_wconf 85' lang='lat' dir='ltr'><strong>line</strong></span> <span class='ocrx_word' id='word_1_379' title='bbox 3275 4262 3405 4303; x_wconf 84' lang='lat' dir='ltr'><strong>vero</strong></span> <span class='ocrx_word' id='word_1_380' title='bbox 3435 4249 3617 4302; x_wconf 86' lang='lat' dir='ltr'><strong>mundi</strong></span> 
     </span>
    </p>
   </div>
   <div class='ocr_carea' id='block_1_53' title="bbox 2036 4335 3618 4409">
    <p class='ocr_par' dir='ltr' id='par_1_53' title="bbox 2036 4335 3618 4409">
     <span class='ocr_line' id='line_1_53' title="bbox 2036 4335 3618 4409; baseline 0.004 -21"><span class='ocrx_word' id='word_1_381' title='bbox 2036 4347 2098 4388; x_wconf 87' lang='lat' dir='ltr'><strong>ea</strong></span> <span class='ocrx_word' id='word_1_382' title='bbox 2126 4335 2301 4389; x_wconf 91' lang='lat' dir='ltr'><strong>sentio</strong></span> <span class='ocrx_word' id='word_1_383' title='bbox 2331 4350 2448 4405; x_wconf 68' lang='lat' dir='ltr'><strong>qua:</strong></span> <span class='ocrx_word' id='word_1_384' title='bbox 2481 4352 2509 4390; x_wconf 90' lang='lat' dir='ltr'><strong>a</strong></span> <span class='ocrx_word' id='word_1_385' title='bbox 2536 4338 2799 4405; x_wconf 90' lang='lat' dir='ltr'><strong>prioribus</strong></span> <span class='ocrx_word' id='word_1_386' title='bbox 2825 4339 3008 4393; x_wconf 88' lang='lat' dir='ltr'><strong>didici.</strong></span> <span class='ocrx_word' id='word_1_387' title='bbox 3054 4341 3411 4409; x_wconf 82' lang='lat' dir='ltr'><strong>Antichristus</strong></span> <span class='ocrx_word' id='word_1_388' title='bbox 3432 4337 3461 4377; x_wconf 68' lang='grc' dir='ltr'><strong>ιι</strong></span> <span class='ocrx_word' id='word_1_389' title='bbox 3490 4354 3618 4394; x_wconf 80' lang='lat' dir='ltr'><strong>vero</strong></span> 
     </span>
    </p>
   </div>
   <div class='ocr_carea' id='block_1_54' title="bbox 2034 4424 3618 4497">
    <p class='ocr_par' dir='ltr' id='par_1_54' title="bbox 2034 4424 3618 4497">
     <span class='ocr_line' id='line_1_54' title="bbox 2034 4424 3618 4497; baseline 0.005 -19"><span class='ocrx_word' id='word_1_390' title='bbox 2034 4424 2262 4493; x_wconf 91' lang='lat' dir='ltr'><strong>primum</strong></span> <span class='ocrx_word' id='word_1_391' title='bbox 2293 4427 2755 4484; x_wconf 82' lang='lat' dir='ltr'><strong>circumeisionem</strong></span> <span class='ocrx_word' id='word_1_392' title='bbox 2815 4430 3050 4497; x_wconf 91' lang='lat' dir='ltr'><strong>inducet,</strong></span> <span class='ocrx_word' id='word_1_393' title='bbox 3106 4447 3163 4487; x_wconf 69' lang='lat' dir='ltr'><strong>se</strong></span> <span class='ocrx_word' id='word_1_394' title='bbox 3201 4445 3444 4487; x_wconf 89' lang='lat' dir='ltr'><strong>asserens</strong></span> <span class='ocrx_word' id='word_1_395' title='bbox 3464 4431 3618 4486; x_wconf 82' lang='lat' dir='ltr'><strong>Chri-</strong></span> 
     </span>
    </p>
   </div>
   <div class='ocr_carea' id='block_1_55' title="bbox 2031 4521 3618 4596">
    <p class='ocr_par' dir='ltr' id='par_1_55' title="bbox 2031 4521 3618 4596">
     <span class='ocr_line' id='line_1_55' title="bbox 2031 4521 3618 4596; baseline 0.005 -22"><span class='ocrx_word' id='word_1_396' title='bbox 2031 4529 2171 4574; x_wconf 88' lang='lat' dir='ltr'><strong>stum</strong></span> <span class='ocrx_word' id='word_1_397' title='bbox 2204 4538 2217 4574; x_wconf 91' lang='lat'>:</span> <span class='ocrx_word' id='word_1_398' title='bbox 2245 4521 2441 4579; x_wconf 89' lang='lat' dir='ltr'><strong>deinde</strong></span> <span class='ocrx_word' id='word_1_399' title='bbox 2471 4525 2522 4576; x_wconf 94' lang='lat' dir='ltr'><strong>in</strong></span> <span class='ocrx_word' id='word_1_400' title='bbox 2557 4526 2754 4593; x_wconf 91' lang='lat' dir='ltr'><strong>templo</strong></span> <span class='ocrx_word' id='word_1_401' title='bbox 2782 4525 3166 4596; x_wconf 79' lang='lat' dir='ltr'><strong>Hierosolymis</strong></span> <span class='ocrx_word' id='word_1_402' title='bbox 3196 4537 3424 4580; x_wconf 84' lang='lat' dir='ltr'><strong>statuam</strong></span> <span class='ocrx_word' id='word_1_403' title='bbox 3467 4543 3618 4583; x_wconf 89' lang='lat' dir='ltr'><strong>suam</strong></span> 
     </span>
    </p>
   </div>
   <div class='ocr_carea' id='block_1_56' title="bbox 2032 4612 3619 4688">
    <p class='ocr_par' dir='ltr' id='par_1_56' title="bbox 2032 4612 3619 4688">
     <span class='ocr_line' id='line_1_56' title="bbox 2032 4612 3619 4688; baseline 0.004 -24"><span class='ocrx_word' id='word_1_404' title='bbox 2032 4612 2318 4665; x_wconf 89' lang='lat' dir='ltr'><strong>collocabit</strong></span> <span class='ocrx_word' id='word_1_405' title='bbox 2342 4614 2689 4679; x_wconf 88' lang='lat' dir='ltr'><strong>adoraudam,</strong></span> <span class='ocrx_word' id='word_1_406' title='bbox 2722 4616 2859 4669; x_wconf 91' lang='lat' dir='ltr'><strong>sicut</strong></span> <span class='ocrx_word' id='word_1_407' title='bbox 2890 4615 2906 4653; x_wconf 74' lang='grc' dir='ltr'>ί</span> <span class='ocrx_word' id='word_1_408' title='bbox 2943 4614 3225 4669; x_wconf 84' lang='lat' dir='ltr'><strong>Dominum</strong></span> <span class='ocrx_word' id='word_1_409' title='bbox 3249 4617 3452 4672; x_wconf 81' lang='lat' dir='ltr'><strong>dixisse</strong></span> <span class='ocrx_word' id='word_1_410' title='bbox 3481 4618 3619 4688; x_wconf 77' lang='lat' dir='ltr'><strong>legi-</strong></span> 
     </span>
    </p>
   </div>
   <div class='ocr_carea' id='block_1_57' title="bbox 2034 4706 3618 4766">
    <p class='ocr_par' dir='ltr' id='par_1_57' title="bbox 2034 4706 3618 4766">
     <span class='ocr_line' id='line_1_57' title="bbox 2034 4706 3618 4766; baseline 0.003 -5"><span class='ocrx_word' id='word_1_411' title='bbox 2034 4721 2155 4761; x_wconf 87' lang='lat' dir='ltr'><strong>mus</strong></span> <span class='ocrx_word' id='word_1_412' title='bbox 2178 4725 2189 4758; x_wconf 91' lang='lat'><strong>:</strong></span> <span class='ocrx_word' id='word_1_413' title='bbox 2235 4706 2478 4761; x_wconf 67' lang='lat' dir='ltr'><strong>Videbit}:</strong></span> <span class='ocrx_word' id='word_1_414' title='bbox 2502 4708 2927 4763; x_wconf 83' lang='lat' dir='ltr'><strong>abominationem</strong></span> <span class='ocrx_word' id='word_1_415' title='bbox 2961 4711 3295 4764; x_wconf 81' lang='lat' dir='ltr'><strong>desolationis</strong></span> <span class='ocrx_word' id='word_1_416' title='bbox 3318 4720 3535 4764; x_wconf 75' lang='lat' dir='ltr'><strong>stantem</strong></span> <span class='ocrx_word' id='word_1_417' title='bbox 3563 4713 3618 4766; x_wconf 79' lang='lat' dir='ltr'><strong>in</strong></span> 
     </span>
    </p>
   </div>
   <div class='ocr_carea' id='block_1_58' title="bbox 2033 4796 3620 4871">
    <p class='ocr_par' dir='ltr' id='par_1_58' title="bbox 2033 4796 3620 4871">
     <span class='ocr_line' id='line_1_58' title="bbox 2033 4796 3620 4871; baseline 0.004 -20"><span class='ocrx_word' id='word_1_418' title='bbox 2033 4796 2145 4859; x_wconf 62' lang='lat' dir='ltr'><strong>loco</strong></span> <span class='ocrx_word' id='word_1_419' title='bbox 2172 4808 2345 4852; x_wconf 80' lang='lat' dir='ltr'><strong>sancto</strong></span> <span class='ocrx_word' id='word_1_420' title='bbox 2380 4797 2593 4870; x_wconf 80' lang='lat' dir='ltr'><strong>(Matth.</strong></span> <span class='ocrx_word' id='word_1_421' title='bbox 2627 4815 2775 4865; x_wconf 67' lang='lat' dir='ltr'><strong>utr,</strong></span> <span class='ocrx_word' id='word_1_422' title='bbox 2802 4799 2911 4871; x_wconf 73' lang='grc'><strong>13).</strong></span> <span class='ocrx_word' id='word_1_423' title='bbox 2943 4803 3047 4857; x_wconf 85' lang='lat' dir='ltr'><strong>Sed</strong></span> <span class='ocrx_word' id='word_1_424' title='bbox 3074 4802 3215 4859; x_wconf 89' lang='lat' dir='ltr'><strong>diem</strong></span> <span class='ocrx_word' id='word_1_425' title='bbox 3254 4803 3397 4857; x_wconf 82' lang='lat' dir='ltr'><strong>illam</strong></span> <span class='ocrx_word' id='word_1_426' title='bbox 3453 4803 3620 4858; x_wconf 86' lang='lat' dir='ltr'><strong>omni-</strong></span> 
     </span>
    </p>
   </div>
   <div class='ocr_carea' id='block_1_59' title="bbox 420 4948 3612 5025">
    <p class='ocr_par' dir='ltr' id='par_1_59' title="bbox 420 4948 3612 5025">
     <span class='ocr_line' id='line_1_59' title="bbox 420 4948 3612 5025; baseline -0 -15"><span class='ocrx_word' id='word_1_427' title='bbox 420 4966 444 4991; x_wconf 68' lang='grc'><strong>’³</strong></span> <span class='ocrx_word' id='word_1_428' title='bbox 465 4956 553 5010; x_wconf 80' lang='lat' dir='ltr'><strong>Sic</strong></span> <span class='ocrx_word' id='word_1_429' title='bbox 579 4955 703 5009; x_wconf 87' lang='lat' dir='ltr'><strong>Bec.</strong></span> <span class='ocrx_word' id='word_1_430' title='bbox 733 4964 787 5025; x_wconf 87' lang='lat' dir='ltr'><strong>et</strong></span> <span class='ocrx_word' id='word_1_431' title='bbox 826 4951 982 5021; x_wconf 60' lang='grc' dir='ltr'><strong>Πομ</strong></span> <span class='ocrx_word' id='word_1_432' title='bbox 1006 4950 1419 5025; x_wconf 55' lang='grc' dir='ltr'><strong>ρὶίἰ,ςιινοηὶεα.</strong></span> <span class='ocrx_word' id='word_1_433' title='bbox 1448 4948 1608 5005; x_wconf 85' lang='lat' dir='ltr'><strong>Certe</strong></span> <span class='ocrx_word' id='word_1_434' title='bbox 1643 4950 1778 5007; x_wconf 78' lang='lat' dir='ltr'><strong>infra</strong></span> <span class='ocrx_word' id='word_1_435' title='bbox 1808 4965 1927 5006; x_wconf 91' lang='lat' dir='ltr'><strong>om-</strong></span> <span class='ocrx_word' id='word_1_436' title='bbox 1957 4953 2002 5017; x_wconf 90' lang='lat' dir='ltr'><strong>C</strong></span> <span class='ocrx_word' id='word_1_437' title='bbox 2035 4962 2193 5019; x_wconf 90' lang='lat' dir='ltr'><strong>runt,</strong></span> <span class='ocrx_word' id='word_1_438' title='bbox 2224 4969 2362 5025; x_wconf 88' lang='lat' dir='ltr'><strong>cum</strong></span> <span class='ocrx_word' id='word_1_439' title='bbox 2406 4954 2633 5021; x_wconf 91' lang='lat' dir='ltr'><strong>primum</strong></span> <span class='ocrx_word' id='word_1_440' title='bbox 2686 4953 2953 5025; x_wconf 86' lang='lat' dir='ltr'><strong>symbolo</strong></span> <span class='ocrx_word' id='word_1_441' title='bbox 3000 4954 3612 5023; x_wconf 87' lang='lat' dir='ltr'><strong>Constantinopolitano,</strong></span> 
     </span>
    </p>
   </div>
   <div class='ocr_carea' id='block_1_60' title="bbox 347 5022 1215 5086">
    <p class='ocr_par' dir='ltr' id='par_1_60' title="bbox 347 5022 1215 5086">
     <span class='ocr_line' id='line_1_60' title="bbox 347 5022 1215 5086; baseline -0.007 -5"><span class='ocrx_word' id='word_1_442' title='bbox 347 5041 446 5082; x_wconf 86' lang='lat' dir='ltr'><strong>nes</strong></span> <span class='ocrx_word' id='word_1_443' title='bbox 468 5026 684 5086; x_wconf 81' lang='lat' dir='ltr'><strong>habent,</strong></span> <span class='ocrx_word' id='word_1_444' title='bbox 709 5024 960 5078; x_wconf 76' lang='lat' dir='ltr'><strong>chronica:</strong></span> <span class='ocrx_word' id='word_1_445' title='bbox 994 5022 1215 5075; x_wconf 75' lang='lat' dir='ltr'><strong>Eusebii.</strong></span> 
     </span>
    </p>
   </div>
   <div class='ocr_carea' id='block_1_61' title="bbox 418 5095 1343 5150">
    <p class='ocr_par' dir='ltr' id='par_1_61' title="bbox 418 5095 1343 5150">
     <span class='ocr_line' id='line_1_61' title="bbox 418 5095 1343 5150; baseline -0.006 0"><span class='ocrx_word' id='word_1_446' title='bbox 418 5096 445 5135; x_wconf 67' lang='grc'><strong>⁵</strong></span> <span class='ocrx_word' id='word_1_447' title='bbox 478 5098 532 5150; x_wconf 83' lang='grc' dir='ltr'><strong>1η</strong></span> <span class='ocrx_word' id='word_1_448' title='bbox 560 5097 680 5148; x_wconf 90' lang='lat' dir='ltr'><strong>cod.</strong></span> <span class='ocrx_word' id='word_1_449' title='bbox 707 5095 865 5149; x_wconf 90' lang='lat' dir='ltr'><strong>Corb.</strong></span> <span class='ocrx_word' id='word_1_450' title='bbox 891 5095 1037 5148; x_wconf 79' lang='lat' dir='ltr'><strong>deeSt</strong></span> <span class='ocrx_word' id='word_1_451' title='bbox 1070 5107 1343 5145; x_wconf 78' lang='lat' dir='ltr'><strong>annorum.</strong></span> 
     </span>
    </p>
   </div>
   <div class='ocr_carea' id='block_1_62' title="bbox 422 5161 1927 5237">
    <p class='ocr_par' dir='ltr' id='par_1_62' title="bbox 422 5161 1927 5237">
     <span class='ocr_line' id='line_1_62' title="bbox 422 5161 1927 5237; baseline -0.001 -18"><span class='ocrx_word' id='word_1_452' title='bbox 422 5177 445 5204; x_wconf 74' lang='grc' dir='ltr'>ε</span> <span class='ocrx_word' id='word_1_453' title='bbox 469 5166 600 5219; x_wconf 88' lang='lat' dir='ltr'><strong>Cod.</strong></span> <span class='ocrx_word' id='word_1_454' title='bbox 628 5166 786 5237; x_wconf 79' lang='lat' dir='ltr'><strong>Reg.,</strong></span> <span class='ocrx_word' id='word_1_455' title='bbox 819 5166 882 5218; x_wconf 82' lang='lat' dir='ltr'><strong>de</strong></span> <span class='ocrx_word' id='word_1_456' title='bbox 901 5180 1002 5231; x_wconf 84' lang='lat' dir='ltr'><strong>qua</strong></span> <span class='ocrx_word' id='word_1_457' title='bbox 1025 5163 1189 5229; x_wconf 78' lang='lat' dir='ltr'><strong>plene.</strong></span> <span class='ocrx_word' id='word_1_458' title='bbox 1213 5161 1415 5225; x_wconf 84' lang='lat' dir='ltr'><strong>Casin.,</strong></span> <span class='ocrx_word' id='word_1_459' title='bbox 1438 5161 1670 5232; x_wconf 85' lang='lat' dir='ltr'><strong>adprime</strong></span> <span class='ocrx_word' id='word_1_460' title='bbox 1698 5180 1800 5219; x_wconf 85' lang='lat' dir='ltr'><strong>non</strong></span> <span class='ocrx_word' id='word_1_461' title='bbox 1814 5179 1927 5218; x_wconf 76' lang='lat' dir='ltr'><strong>sum</strong></span> 
     </span>
    </p>
   </div>
   <div class='ocr_carea' id='block_1_63' title="bbox 344 5240 637 5292">
    <p class='ocr_par' dir='ltr' id='par_1_63' title="bbox 344 5240 637 5292">
     <span class='ocr_line' id='line_1_63' title="bbox 344 5240 637 5292; baseline -0.014 0"><span class='ocrx_word' id='word_1_462' title='bbox 344 5240 637 5292; x_wconf 74' lang='lat' dir='ltr'><strong>instructus.</strong></span> 
     </span>
    </p>
   </div>
   <div class='ocr_carea' id='block_1_64' title="bbox 416 5301 1452 5374">
    <p class='ocr_par' dir='ltr' id='par_1_64' title="bbox 416 5301 1452 5374">
     <span class='ocr_line' id='line_1_64' title="bbox 416 5301 1452 5374; baseline -0.005 -13"><span class='ocrx_word' id='word_1_463' title='bbox 416 5305 443 5345; x_wconf 70' lang='grc' dir='ltr'><em>ά</em></span> <span class='ocrx_word' id='word_1_464' title='bbox 477 5308 602 5360; x_wconf 78' lang='lat' dir='ltr'><strong>Mss.</strong></span> <span class='ocrx_word' id='word_1_465' title='bbox 631 5317 685 5361; x_wconf 88' lang='lat' dir='ltr'><strong>et</strong></span> <span class='ocrx_word' id='word_1_466' title='bbox 710 5307 913 5374; x_wconf 82' lang='lat' dir='ltr'><strong>aliquot</strong></span> <span class='ocrx_word' id='word_1_467' title='bbox 934 5303 1084 5366; x_wconf 87' lang='lat' dir='ltr'><strong>editi,</strong></span> <span class='ocrx_word' id='word_1_468' title='bbox 1108 5302 1248 5367; x_wconf 86' lang='lat' dir='ltr'><strong>apud</strong></span> <span class='ocrx_word' id='word_1_469' title='bbox 1270 5301 1452 5356; x_wconf 78' lang='lat' dir='ltr'><strong>Deum.</strong></span> 
     </span>
    </p>
   </div>
   <div class='ocr_carea' id='block_1_65' title="bbox 426 5373 1928 5444">
    <p class='ocr_par' dir='ltr' id='par_1_65' title="bbox 426 5373 1928 5444">
     <span class='ocr_line' id='line_1_65' title="bbox 426 5373 1928 5444; baseline -0.001 -13"><span class='ocrx_word' id='word_1_470' title='bbox 426 5389 450 5416; x_wconf 74' lang='grc' dir='ltr'><strong><em>ο</em></strong></span> <span class='ocrx_word' id='word_1_471' title='bbox 484 5378 594 5432; x_wconf 88' lang='lat' dir='ltr'><strong>Hoc</strong></span> <span class='ocrx_word' id='word_1_472' title='bbox 623 5373 883 5429; x_wconf 67' lang='lat' dir='ltr'><strong>adversus</strong></span> <span class='ocrx_word' id='word_1_473' title='bbox 930 5375 1169 5444; x_wconf 85' lang='lat' dir='ltr'><strong>Ariauos</strong></span> <span class='ocrx_word' id='word_1_474' title='bbox 1205 5374 1449 5444; x_wconf 86' lang='lat' dir='ltr'><strong>symbolo</strong></span> <span class='ocrx_word' id='word_1_475' title='bbox 1480 5388 1578 5428; x_wconf 92' lang='lat' dir='ltr'><strong>suo</strong></span> <span class='ocrx_word' id='word_1_476' title='bbox 1604 5373 1928 5444; x_wconf 84' lang='lat' dir='ltr'><strong>addiderunt</strong></span> 
     </span>
    </p>
   </div>
   <div class='ocr_carea' id='block_1_66' title="bbox 348 5443 1925 5513">
    <p class='ocr_par' dir='ltr' id='par_1_66' title="bbox 348 5443 1925 5513">
     <span class='ocr_line' id='line_1_66' title="bbox 348 5443 1925 5513; baseline -0.003 -10"><span class='ocrx_word' id='word_1_477' title='bbox 348 5450 535 5503; x_wconf 83' lang='lat' dir='ltr'><strong>Patres</strong></span> <span class='ocrx_word' id='word_1_478' title='bbox 562 5446 759 5500; x_wconf 68' lang='lat' dir='ltr'><strong>Nicieni</strong></span> <span class='ocrx_word' id='word_1_479' title='bbox 788 5463 802 5499; x_wconf 91' lang='lat'><strong>:</strong></span> <span class='ocrx_word' id='word_1_480' title='bbox 835 5445 994 5510; x_wconf 87' lang='lat' dir='ltr'><strong>unde,</strong></span> <span class='ocrx_word' id='word_1_481' title='bbox 1026 5447 1076 5496; x_wconf 90' lang='lat' dir='ltr'><strong>ni</strong></span> <span class='ocrx_word' id='word_1_482' title='bbox 1106 5443 1279 5509; x_wconf 76' lang='lat' dir='ltr'><strong>tallor,</strong></span> <span class='ocrx_word' id='word_1_483' title='bbox 1312 5457 1427 5513; x_wconf 76' lang='lat' dir='ltr'><strong>p051</strong></span> <span class='ocrx_word' id='word_1_484' title='bbox 1454 5444 1567 5498; x_wconf 65' lang='lat' dir='ltr'><strong>haec</strong></span> <span class='ocrx_word' id='word_1_485' title='bbox 1590 5444 1769 5511; x_wconf 83' lang='lat' dir='ltr'><strong>verba,</strong></span> <span class='ocrx_word' id='word_1_486' title='bbox 1796 5443 1925 5499; x_wconf 87' lang='lat' dir='ltr'><strong>Erat</strong></span> 
     </span>
    </p>
   </div>
   <div class='ocr_carea' id='block_1_67' title="bbox 345 5515 1409 5587">
    <p class='ocr_par' dir='ltr' id='par_1_67' title="bbox 345 5515 1409 5587">
     <span class='ocr_line' id='line_1_67' title="bbox 345 5515 1409 5587; baseline -0.003 -17"><span class='ocrx_word' id='word_1_487' title='bbox 345 5520 551 5587; x_wconf 79' lang='lat' dir='ltr'><strong>quando</strong></span> <span class='ocrx_word' id='word_1_488' title='bbox 574 5534 677 5571; x_wconf 76' lang='lat' dir='ltr'><strong>non</strong></span> <span class='ocrx_word' id='word_1_489' title='bbox 698 5525 823 5574; x_wconf 81' lang='lat' dir='ltr'><strong>erat.</strong></span> <span class='ocrx_word' id='word_1_490' title='bbox 855 5515 1153 5587; x_wconf 63' lang='lat' dir='ltr'><strong>addendum</strong></span> <span class='ocrx_word' id='word_1_491' title='bbox 1180 5522 1286 5587; x_wconf 83' lang='lat' dir='ltr'><strong>est,</strong></span> <span class='ocrx_word' id='word_1_492' title='bbox 1314 5524 1409 5587; x_wconf 80' lang='lat' dir='ltr'><strong>etc.</strong></span> 
     </span>
    </p>
   </div>
   <div class='ocr_carea' id='block_1_68' title="bbox 424 5583 1929 5653">
    <p class='ocr_par' dir='ltr' id='par_1_68' title="bbox 424 5583 1929 5653">
     <span class='ocr_line' id='line_1_68' title="bbox 424 5583 1929 5653; baseline -0.001 -12"><span class='ocrx_word' id='word_1_493' title='bbox 424 5586 446 5627; x_wconf 69' lang='grc' dir='ltr'><em>τ</em></span> <span class='ocrx_word' id='word_1_494' title='bbox 484 5590 630 5641; x_wconf 78' lang='lat' dir='ltr'><strong>Haiic</strong></span> <span class='ocrx_word' id='word_1_495' title='bbox 661 5586 975 5653; x_wconf 71' lang='lat' dir='ltr'><strong>particulam</strong></span> <span class='ocrx_word' id='word_1_496' title='bbox 1008 5583 1248 5652; x_wconf 79' lang='lat' dir='ltr'><strong>Filioque</strong></span> <span class='ocrx_word' id='word_1_497' title='bbox 1276 5586 1470 5638; x_wconf 78' lang='lat' dir='ltr'><strong>habent</strong></span> <span class='ocrx_word' id='word_1_498' title='bbox 1495 5600 1684 5640; x_wconf 90' lang='lat' dir='ltr'><strong>omnes</strong></span> <span class='ocrx_word' id='word_1_499' title='bbox 1712 5586 1839 5640; x_wconf 88' lang='lat' dir='ltr'><strong>editi</strong></span> <span class='ocrx_word' id='word_1_500' title='bbox 1872 5594 1929 5639; x_wconf 88' lang='lat' dir='ltr'><strong>et</strong></span> 
     </span>
    </p>
   </div>
   <div class='ocr_carea' id='block_1_69' title="bbox 351 5655 1928 5723">
    <p class='ocr_par' dir='ltr' id='par_1_69' title="bbox 351 5655 1928 5723">
     <span class='ocr_line' id='line_1_69' title="bbox 351 5655 1928 5723; baseline -0.002 -13"><span class='ocrx_word' id='word_1_501' title='bbox 351 5673 481 5711; x_wconf 83' lang='lat' dir='ltr'><strong>mss.</strong></span> <span class='ocrx_word' id='word_1_502' title='bbox 514 5672 636 5711; x_wconf 85' lang='lat' dir='ltr'><strong>cum</strong></span> <span class='ocrx_word' id='word_1_503' title='bbox 668 5658 852 5711; x_wconf 76' lang='lat' dir='ltr'><strong>codice</strong></span> <span class='ocrx_word' id='word_1_504' title='bbox 873 5655 1202 5710; x_wconf 88' lang='lat' dir='ltr'><strong>Corbeiensi.</strong></span> <span class='ocrx_word' id='word_1_505' title='bbox 1237 5656 1297 5708; x_wconf 85' lang='lat' dir='ltr'><strong>Et</strong></span> <span class='ocrx_word' id='word_1_506' title='bbox 1327 5657 1536 5721; x_wconf 84' lang='lat' dir='ltr'><strong>quidem</strong></span> <span class='ocrx_word' id='word_1_507' title='bbox 1557 5656 1666 5723; x_wconf 87' lang='lat' dir='ltr'><strong>jam</strong></span> <span class='ocrx_word' id='word_1_508' title='bbox 1708 5671 1735 5707; x_wconf 89' lang='lat' dir='ltr'><strong>a</strong></span> <span class='ocrx_word' id='word_1_509' title='bbox 1760 5671 1928 5709; x_wconf 70' lang='lat' dir='ltr'><strong>smon-</strong></span> 
     </span>
    </p>
   </div>
   <div class='ocr_carea' id='block_1_70' title="bbox 349 5725 1928 5795">
    <p class='ocr_par' dir='ltr' id='par_1_70' title="bbox 349 5725 1928 5795">
     <span class='ocr_line' id='line_1_70' title="bbox 349 5725 1928 5795; baseline 0 -14"><span class='ocrx_word' id='word_1_510' title='bbox 349 5727 408 5781; x_wconf 86' lang='lat' dir='ltr'><strong>lo</strong></span> <span class='ocrx_word' id='word_1_511' title='bbox 438 5743 467 5778; x_wconf 80' lang='lat' dir='ltr'><strong>v</strong></span> <span class='ocrx_word' id='word_1_512' title='bbox 493 5737 550 5781; x_wconf 85' lang='lat' dir='ltr'><strong>et</strong></span> <span class='ocrx_word' id='word_1_513' title='bbox 570 5742 647 5790; x_wconf 75' lang='lat' dir='ltr'><strong>Vl,</strong></span> <span class='ocrx_word' id='word_1_514' title='bbox 680 5729 731 5780; x_wconf 91' lang='lat' dir='ltr'><strong>in</strong></span> <span class='ocrx_word' id='word_1_515' title='bbox 764 5726 885 5780; x_wconf 82' lang='lat' dir='ltr'><strong>ﬁdei</strong></span> <span class='ocrx_word' id='word_1_516' title='bbox 917 5725 1334 5795; x_wconf 73' lang='lat' dir='ltr'><strong>professionibus</strong></span> <span class='ocrx_word' id='word_1_517' title='bbox 1359 5726 1547 5793; x_wconf 79' lang='lat' dir='ltr'><strong>legitur</strong></span> <span class='ocrx_word' id='word_1_518' title='bbox 1574 5725 1928 5795; x_wconf 70' lang='lat' dir='ltr'><strong>in&#39;ilispanizc</strong></span> 
     </span>
    </p>
   </div>
   <div class='ocr_carea' id='block_1_71' title="bbox 348 5794 1900 5866">
    <p class='ocr_par' dir='ltr' id='par_1_71' title="bbox 348 5794 1900 5866">
     <span class='ocr_line' id='line_1_71' title="bbox 348 5794 1900 5866; baseline -0.003 -11"><span class='ocrx_word' id='word_1_519' title='bbox 348 5796 590 5863; x_wconf 74' lang='lat' dir='ltr'><strong>synodis.</strong></span> <span class='ocrx_word' id='word_1_520' title='bbox 633 5800 944 5866; x_wconf 79' lang='lat' dir='ltr'><strong>Quanquam</strong></span> <span class='ocrx_word' id='word_1_521' title='bbox 987 5794 1184 5851; x_wconf 66' lang='lat' dir='ltr'><strong>saeculo</strong></span> <span class='ocrx_word' id='word_1_522' title='bbox 1225 5812 1278 5851; x_wconf 80' lang='lat' dir='ltr'><strong>ix</strong></span> <span class='ocrx_word' id='word_1_523' title='bbox 1326 5802 1495 5852; x_wconf 69' lang='lat' dir='ltr'><strong>turba:</strong></span> <span class='ocrx_word' id='word_1_524' title='bbox 1539 5794 1782 5853; x_wconf 62' lang='lat' dir='ltr'><strong>excitatae</strong></span> <span class='ocrx_word' id='word_1_525' title='bbox 1814 5797 1900 5851; x_wconf 80' lang='lat' dir='ltr'><strong>lue</strong></span> 
     </span>
    </p>
   </div>
   <div class='ocr_carea' id='block_1_72' title="bbox 2032 5024 3609 5146">
    <p class='ocr_par' dir='ltr' id='par_1_72' title="bbox 2032 5024 3609 5146">
     <span class='ocr_line' id='line_1_72' title="bbox 2032 5024 3609 5146; baseline 0.002 -68"><span class='ocrx_word' id='word_1_526' title='bbox 2032 5027 2172 5146; x_wconf 46' lang='lat' dir='ltr'><strong>quod</strong></span> <span class='ocrx_word' id='word_1_527' title='bbox 2218 5024 2359 5079; x_wconf 90' lang='lat' dir='ltr'><strong>inter</strong></span> <span class='ocrx_word' id='word_1_528' title='bbox 2404 5025 2683 5079; x_wconf 84' lang='lat' dir='ltr'><strong>Missarum</strong></span> <span class='ocrx_word' id='word_1_529' title='bbox 2722 5024 2991 5080; x_wconf 32' lang='lat' dir='ltr'><strong>’solemnia</strong></span> <span class='ocrx_word' id='word_1_530' title='bbox 3041 5028 3385 5091; x_wconf 74' lang='lat' dir='ltr'><strong>cantabatur,</strong></span> <span class='ocrx_word' id='word_1_531' title='bbox 3432 5027 3609 5081; x_wconf 82' lang='lat' dir='ltr'><strong>addita</strong></span> 
     </span>
     <span class='ocr_line' id='line_1_73' title="bbox 2056 5110 2152 5146; baseline 0 0"><span class='ocrx_word' id='word_1_532' title='bbox 2056 5110 2104 5146; x_wconf 84' lang='lat' dir='ltr'><strong>ui</strong></span> <span class='ocrx_word' id='word_1_533' title='bbox 2136 5133 2152 5146; x_wconf 91' lang='lat'><strong>.</strong></span> 
     </span>
    </p>
   </div>
   <div class='ocr_carea' id='block_1_73' title="bbox 2056 5102 3455 5234">
    <p class='ocr_par' dir='ltr' id='par_1_73' title="bbox 2056 5102 3455 5234">
     <span class='ocr_line' id='line_1_74' title="bbox 2056 5102 3455 5234; baseline 0.003 -21"><span class='ocrx_word' id='word_1_534' title='bbox 2056 5102 2283 5234; x_wconf 49' lang='lat' dir='ltr'><strong>ulti&#39;t&#39;azc</strong></span> <span class='ocrx_word' id='word_1_535' title='bbox 2313 5180 2480 5234; x_wconf 87' lang='lat' dir='ltr'><strong>usque</strong></span> <span class='ocrx_word' id='word_1_536' title='bbox 2501 5164 2565 5218; x_wconf 85' lang='lat' dir='ltr'><strong>ad</strong></span> <span class='ocrx_word' id='word_1_537' title='bbox 2599 5180 2719 5232; x_wconf 86' lang='lat' dir='ltr'><strong>cap.</strong></span> <span class='ocrx_word' id='word_1_538' title='bbox 2753 5167 2772 5218; x_wconf 85' lang='lat' dir='ltr'><strong>l</strong></span> <span class='ocrx_word' id='word_1_539' title='bbox 2808 5166 2997 5220; x_wconf 91' lang='lat' dir='ltr'><strong>desunt</strong></span> <span class='ocrx_word' id='word_1_540' title='bbox 3033 5165 3084 5219; x_wconf 92' lang='lat' dir='ltr'><strong>in</strong></span> <span class='ocrx_word' id='word_1_541' title='bbox 3115 5165 3238 5218; x_wconf 89' lang='lat' dir='ltr'><strong>cod.</strong></span> <span class='ocrx_word' id='word_1_542' title='bbox 3270 5163 3455 5231; x_wconf 77' lang='lat' dir='ltr'><strong>Regio.</strong></span> 
     </span>
    </p>
   </div>
   <div class='ocr_carea' id='block_1_74' title="bbox 2107 5232 3619 5301">
    <p class='ocr_par' dir='ltr' id='par_1_74' title="bbox 2107 5232 3619 5301">
     <span class='ocr_line' id='line_1_75' title="bbox 2107 5232 3619 5301; baseline 0.001 -13"><span class='ocrx_word' id='word_1_543' title='bbox 2107 5232 2134 5271; x_wconf 69' lang='grc'>³³</span> <span class='ocrx_word' id='word_1_544' title='bbox 2169 5236 2297 5288; x_wconf 85' lang='lat' dir='ltr'><strong>Cod.</strong></span> <span class='ocrx_word' id='word_1_545' title='bbox 2324 5232 2528 5297; x_wconf 84' lang='lat' dir='ltr'><strong>Casiu.,</strong></span> <span class='ocrx_word' id='word_1_546' title='bbox 2569 5238 2725 5289; x_wconf 78' lang='lat' dir='ltr'><strong>didici</strong></span> <span class='ocrx_word' id='word_1_547' title='bbox 2750 5238 3105 5290; x_wconf 82' lang='lat' dir='ltr'><strong>antichristum</strong></span> <span class='ocrx_word' id='word_1_548' title='bbox 3130 5237 3271 5301; x_wconf 78' lang='lat' dir='ltr'><strong>prius</strong></span> <span class='ocrx_word' id='word_1_549' title='bbox 3312 5249 3419 5286; x_wconf 64' lang='lat' dir='ltr'><strong>esse</strong></span> <span class='ocrx_word' id='word_1_550' title='bbox 3445 5247 3619 5289; x_wconf 82' lang='lat' dir='ltr'><strong>ventu-</strong></span> 
     </span>
    </p>
   </div>
   <div class='ocr_carea' id='block_1_75' title="bbox 2035 5307 3618 5375">
    <p class='ocr_par' dir='ltr' id='par_1_75' title="bbox 2035 5307 3618 5375">
     <span class='ocr_line' id='line_1_76' title="bbox 2035 5307 3618 5375; baseline 0.002 -18"><span class='ocrx_word' id='word_1_551' title='bbox 2035 5321 2171 5369; x_wconf 78' lang='lat' dir='ltr'><strong>rum,</strong></span> <span class='ocrx_word' id='word_1_552' title='bbox 2201 5308 2289 5375; x_wconf 83' lang='lat' dir='ltr'><strong>qui</strong></span> <span class='ocrx_word' id='word_1_553' title='bbox 2314 5322 2365 5357; x_wconf 82' lang='lat' dir='ltr'><strong>se</strong></span> <span class='ocrx_word' id='word_1_554' title='bbox 2393 5323 2639 5371; x_wconf 72' lang='lat' dir='ltr'><strong>asserens,</strong></span> <span class='ocrx_word' id='word_1_555' title='bbox 2668 5320 2773 5362; x_wconf 74' lang='lat' dir='ltr'><strong>etc.</strong></span> <span class='ocrx_word' id='word_1_556' title='bbox 2800 5307 2855 5360; x_wconf 90' lang='lat' dir='ltr'><strong>ln</strong></span> <span class='ocrx_word' id='word_1_557' title='bbox 2895 5308 3056 5360; x_wconf 68' lang='grc' dir='ltr'><strong>(ἔστι).</strong></span> <span class='ocrx_word' id='word_1_558' title='bbox 3093 5314 3210 5371; x_wconf 81' lang='lat' dir='ltr'><strong>post</strong></span> <span class='ocrx_word' id='word_1_559' title='bbox 3240 5312 3502 5357; x_wconf 79' lang='lat' dir='ltr'><strong>uenturum</strong></span> <span class='ocrx_word' id='word_1_560' title='bbox 3531 5323 3618 5360; x_wconf 73' lang='lat' dir='ltr'><strong>se-</strong></span> 
     </span>
    </p>
   </div>
   <div class='ocr_carea' id='block_1_76' title="bbox 2038 5376 3619 5447">
    <p class='ocr_par' dir='ltr' id='par_1_76' title="bbox 2038 5376 3619 5447">
     <span class='ocr_line' id='line_1_77' title="bbox 2038 5376 3619 5447; baseline 0.003 -20"><span class='ocrx_word' id='word_1_561' title='bbox 2038 5377 2247 5430; x_wconf 75' lang='lat' dir='ltr'><strong>niilinea</strong></span> <span class='ocrx_word' id='word_1_562' title='bbox 2278 5377 2468 5431; x_wconf 88' lang='lat' dir='ltr'><strong>detrita</strong></span> <span class='ocrx_word' id='word_1_563' title='bbox 2489 5390 2592 5443; x_wconf 86' lang='lat' dir='ltr'><strong>est,</strong></span> <span class='ocrx_word' id='word_1_564' title='bbox 2612 5388 2889 5447; x_wconf 88' lang='lat' dir='ltr'><strong>postquam</strong></span> <span class='ocrx_word' id='word_1_565' title='bbox 2919 5376 3007 5429; x_wconf 80' lang='lat' dir='ltr'><strong>sed</strong></span> <span class='ocrx_word' id='word_1_566' title='bbox 3026 5378 3245 5445; x_wconf 81' lang='lat' dir='ltr'><strong>primum</strong></span> <span class='ocrx_word' id='word_1_567' title='bbox 3276 5379 3619 5432; x_wconf 79' lang='lat' dir='ltr'><strong>circumcisio-</strong></span> 
     </span>
    </p>
   </div>
   <div class='ocr_carea' id='block_1_77' title="bbox 2033 5462 3616 5572">
    <p class='ocr_par' dir='ltr' id='par_1_77' title="bbox 2033 5462 3616 5572">
     <span class='ocr_line' id='line_1_78' title="bbox 2033 5462 2846 5499; baseline 0 0"><span class='ocrx_word' id='word_1_568' title='bbox 2033 5462 2164 5499; x_wconf 86' lang='lat' dir='ltr'><strong>nem.</strong></span> <span class='ocrx_word' id='word_1_569' title='bbox 2835 5470 2846 5483; x_wconf 79' lang='grc' dir='ltr'><strong><em>ο</em></strong></span> 
     </span>
     <span class='ocr_line' id='line_1_79' title="bbox 2113 5514 3616 5572; baseline 0 -2"><span class='ocrx_word' id='word_1_570' title='bbox 2113 5516 2129 5554; x_wconf 69' lang='grc' dir='ltr'>ί</span> <span class='ocrx_word' id='word_1_571' title='bbox 2168 5516 2319 5570; x_wconf 88' lang='lat' dir='ltr'><strong>Hunc</strong></span> <span class='ocrx_word' id='word_1_572' title='bbox 2344 5517 2517 5571; x_wconf 87' lang='lat' dir='ltr'><strong>locum</strong></span> <span class='ocrx_word' id='word_1_573' title='bbox 2550 5517 2617 5572; x_wconf 91' lang='lat' dir='ltr'><strong>de</strong></span> <span class='ocrx_word' id='word_1_574' title='bbox 2642 5516 2952 5572; x_wconf 88' lang='lat' dir='ltr'><strong>antichristo</strong></span> <span class='ocrx_word' id='word_1_575' title='bbox 2996 5516 3133 5570; x_wconf 91' lang='lat' dir='ltr'><strong>inter</strong></span> <span class='ocrx_word' id='word_1_576' title='bbox 3172 5514 3307 5571; x_wconf 84' lang='lat' dir='ltr'><strong>alios</strong></span> <span class='ocrx_word' id='word_1_577' title='bbox 3338 5517 3616 5572; x_wconf 79' lang='lat' dir='ltr'><strong>intellexe-</strong></span> 
     </span>
    </p>
   </div>
   <div class='ocr_carea' id='block_1_78' title="bbox 2033 5587 3615 5657">
    <p class='ocr_par' dir='ltr' id='par_1_78' title="bbox 2033 5587 3615 5657">
     <span class='ocr_line' id='line_1_80' title="bbox 2033 5587 3615 5657; baseline 0.001 -17"><span class='ocrx_word' id='word_1_578' title='bbox 2033 5597 2159 5641; x_wconf 90' lang='lat' dir='ltr'><strong>runt</strong></span> <span class='ocrx_word' id='word_1_579' title='bbox 2207 5590 2312 5641; x_wconf 89' lang='lat' dir='ltr'><strong>duo</strong></span> <span class='ocrx_word' id='word_1_580' title='bbox 2361 5588 2650 5641; x_wconf 69' lang='lat' dir='ltr'><strong>Gallicana:</strong></span> <span class='ocrx_word' id='word_1_581' title='bbox 2701 5588 2955 5641; x_wconf 70' lang='lat' dir='ltr'><strong>Ecclesiae</strong></span> <span class='ocrx_word' id='word_1_582' title='bbox 3008 5587 3353 5641; x_wconf 79' lang='lat' dir='ltr'><strong>illustrissimi</strong></span> <span class='ocrx_word' id='word_1_583' title='bbox 3416 5599 3615 5657; x_wconf 85' lang='lat' dir='ltr'><strong>patres,</strong></span> 
     </span>
    </p>
   </div>
   <div class='ocr_carea' id='block_1_79' title="bbox 2034 5657 3618 5725">
    <p class='ocr_par' dir='ltr' id='par_1_79' title="bbox 2034 5657 3618 5725">
     <span class='ocr_line' id='line_1_81' title="bbox 2034 5657 3618 5725; baseline -0.001 -12"><span class='ocrx_word' id='word_1_584' title='bbox 2034 5658 2265 5713; x_wconf 72' lang='lat' dir='ltr'><strong>Ireuazus</strong></span> <span class='ocrx_word' id='word_1_585' title='bbox 2293 5659 2392 5711; x_wconf 87' lang='lat' dir='ltr'><strong>sub</strong></span> <span class='ocrx_word' id='word_1_586' title='bbox 2423 5658 2719 5711; x_wconf 77' lang='lat' dir='ltr'><strong>ﬁtietttlibri</strong></span> <span class='ocrx_word' id='word_1_587' title='bbox 2751 5672 2802 5725; x_wconf 84' lang='lat' dir='ltr'><strong>v,</strong></span> <span class='ocrx_word' id='word_1_588' title='bbox 2855 5668 2909 5714; x_wconf 88' lang='lat' dir='ltr'><strong>et</strong></span> <span class='ocrx_word' id='word_1_589' title='bbox 2941 5657 3170 5714; x_wconf 88' lang='lat' dir='ltr'><strong>llilarius</strong></span> <span class='ocrx_word' id='word_1_590' title='bbox 3196 5659 3250 5713; x_wconf 79' lang='lat' dir='ltr'><strong>in</strong></span> <span class='ocrx_word' id='word_1_591' title='bbox 3277 5660 3618 5714; x_wconf 86' lang='lat' dir='ltr'><strong>Commenta-</strong></span> 
     </span>
    </p>
   </div>
   <div class='ocr_carea' id='block_1_80' title="bbox 2034 5726 2690 5798">
    <p class='ocr_par' dir='ltr' id='par_1_80' title="bbox 2034 5726 2690 5798">
     <span class='ocr_line' id='line_1_82' title="bbox 2034 5726 2690 5798; baseline 0 -15"><span class='ocrx_word' id='word_1_592' title='bbox 2034 5729 2128 5784; x_wconf 86' lang='lat' dir='ltr'><strong>riis</strong></span> <span class='ocrx_word' id='word_1_593' title='bbox 2159 5730 2210 5783; x_wconf 92' lang='lat' dir='ltr'><strong>in</strong></span> <span class='ocrx_word' id='word_1_594' title='bbox 2240 5727 2425 5784; x_wconf 79' lang='lat' dir='ltr'><strong>Matth.</strong></span> <span class='ocrx_word' id='word_1_595' title='bbox 2454 5742 2573 5798; x_wconf 82' lang='lat' dir='ltr'><strong>cap.</strong></span> <span class='ocrx_word' id='word_1_596' title='bbox 2604 5726 2690 5783; x_wconf 72' lang='lat'><strong>25.</strong></span> 
     </span>
    </p>
   </div>
  </div>
