4070 6186
454 346 577 401 με

1478 354 1534 409 S.
1576 354 1898 409 GliEGOlill
1940 353 2242 407 EPISCOT'I
2282 352 2700 409 TURONENSIS

3619 354 3716 409 1οι

472 458 571 512 bos
613 458 913 514 hominibus
983 460 1239 528 ignorari.
1276 464 1390 533 ipse
1439 467 1691 522 Dominus
1737 467 2042 521 manifestat
2069 470 2114 525 Α
2143 466 2211 519 ab
2258 467 2491 534 angelica
2557 467 2721 529 sede,
2788 464 2968 518 mundi
3026 463 3293 518 laboribus
3371 474 3713 533 ocputaulur.

471 551 695 613 dicens:
728 548 805 603 De
830 551 914 604 die
938 565 1104 605 autem
1125 554 1216 607 illa
1244 564 1289 608 et
1317 555 1445 609 hora
1471 574 1616 611 nemo
1641 558 1754 623 scit,
1778 574 1937 627 neque
1958 573 2051 611 att-

474 642 571 713 ρειὶ
591 638 849 704 calorum,
876 658 1033 712 neque
1055 642 1241 708 Filius,
1266 648 1362 698 nisi
1386 646 1540 701 Pater
1558 651 1698 701 salus
1719 650 1734 701 ί
1744 649 1906 701 Marc.
1933 662 2044 714 xttt,

471 729 585 800 52).
633 732 737 787 Sed
770 743 823 786 et
854 734 940 788 hic
991 737 1429 804 respondebimus
1480 740 1767 805 harcticis,
1812 741 1899 809 qui
1953 755 2051 794 nos

474 823 820 892 impugnaiit,
864 837 1165 882 asserentes
1202 831 1458 884 minorem
1490 846 1610 885 esse
1643 833 1832 886 Filium
1865 834 2044 899 Patre,

470 913 557 978 qui
586 912 721 965 hanc
744 913 883 967 diem
918 916 1146 985 ignoret.
1170 920 1503 988 Cognoscant
1532 935 1660 990 ergo
1688 924 1827 977 hunc
1858 924 2047 977 Filium

471 1000 529 1080 Cl
557 1003 838 1056 ristianum
900 1009 1149 1073 populum
1201 1021 1581 1078 nuncupatum,
1628 1013 1693 1066 de
1737 1012 1841 1080 quo
1876 1029 1906 1066 a
1940 1015 2050 1069 Deo

470 1076 776 1158 praedicitur
806 1109 821 1146 :
855 1094 965 1163 Ego
988 1113 1075 1150 era
1099 1099 1201 1150 illis
1232 1100 1282 1151 in
1310 1076 1525 1169 patrem,
1557 1112 1604 1155 et
1630 1103 1730 1169 ipsi
1752 1076 1900 1155 erant
1922 1104 2049 1155 mihi

471 1183 523 1236 in
562 1187 695 1252 ﬁlios
725 1186 809 1251 (ll
836 1186 955 1242 Cor.
990 1207 1059 1258 vr,
1094 1191 1202 1258 18}.
1232 1192 1288 1247 Si
1335 1195 1475 1248 enim
1508 1196 1622 1250 haec
1665 1197 1733 1251 de
1778 1198 2049 1262 unigenito

472 1273 606 1328 Filio
638 1278 988 1343 praedixisset,
1013 1298 1298 1351 numquam
1331 1286 1376 1339 ei
1400 1286 1619 1356 angelos
1649 1291 2044 1356 praeposuisset.

470 1365 559 1419 Sic
588 1368 728 1420 enint
760 1371 833 1423 ait
868 1389 880 1421 :
920 1372 1098 1441 Neque
1132 1376 1302 1446 angeli
1339 1380 1581 1430 cwlorum
1608 1417 1623 1443 ,
1653 1396 1813 1448 neque
1843 1378 2046 1443 Filius;

472 1460 761 1513 ostendens
793 1476 894 1514 ιιοιι
927 1463 993 1516 de
1026 1464 1329 1534 Unigettito,
1359 1466 1450 1520 sed
1476 1467 1544 1522 de
1572 1469 1821 1537 adoptivo
1852 1471 2048 1537 populo

472 1544 586 1600 haec
607 1548 807 1604 dixisse
836 1560 883 1606 ⁸.
917 1554 1108 1608 Noster
1158 1572 1286 1609 vero
1327 1560 1465 1625 linis,
1516 1559 1628 1629 ipse
1678 1559 1916 1613 Christus
1944 1573 2046 1625 est,

471 1640 559 1707 qui
590 1642 742 1696 nolis
767 1648 927 1697 vitam
951 1657 1230 1714 azternam,
1263 1650 1311 1703 si
1342 1651 1407 1703 ad
1447 1665 1567 1705 eum
1596 1652 1845 1707 conversi
1887 1652 2047 1707 fueri-

473 1748 611 1796 mus,
645 1734 788 1804 larga
818 1736 1140 1808 benignitate
1168 1743 1456 1808 pmstabil.

2221 557 2279 612 ll.
2310 550 2527 624 Cognita
2570 567 2745 610 autem
2793 564 2822 610 a
2871 554 3097 609 satellite
3143 552 3169 592 εί
3211 556 3401 609 mulier
3444 560 3713 626 concepit,

2149 650 2462 716 peperitque
2491 648 2626 702 duos
2656 647 2810 701 filios.
2845 646 2945 702 Sed
2980 646 3105 700 dum
3140 646 3277 701 Deus
3311 650 3467 701 unius
3513 652 3718 703 sacrifi-

2148 744 2285 801 citun
2315 737 2595 809 dignantur
2624 738 2866 805 suscipit,
2921 738 3053 790 alter
3107 737 3304 790 invidia
3356 738 3720 795 inflammante

2151 832 2416 889 tumescit.
2464 839 2516 881 et
2563 831 2613 881 in
2662 827 2877 905 fraterni
2911 828 3180 896 sanguinis
3210 830 3520 883 effusionem
3552 847 3720 886 novus

2149 920 2413 988 parricida
2440 920 2495 990 9
2523 934 2795 988 ciit‘isurge
2816 934 2847 986 's
2880 928 2928 985 ο,
2960 921 3175 973 fratrem
3221 921 3490 989 opprimit,
3537 923 3717 989 vincit,

2141 1008 2419 1063 interimit.
2454 998 2457 1003 ’
2932 1009 2942 1039 ⁵

2222 1100 2303 1153 Ill.
2348 1099 2413 1153 Et
2455 1099 2645 1153 exhinc
2674 1108 2919 1153 cunctum
2950 1113 3115 1168 genus
3155 1099 3204 1152 iii
3240 1098 3443 1154 facinus
3473 1118 3721 1156 exsei‘ra-

2151 1189 2255 1243 bile
2286 1192 2409 1254 ruit,
2436 1200 2627 1257 praeter
2655 1190 2839 1242 Enocb
2860 1189 3084 1258 justum,
3114 1191 3202 1259 qui
3233 1191 3511 1244 ambulans
3544 1194 3593 1245 in
3622 1194 3723 1247 viis

2151 1278 2265 1340 Dei,
2308 1278 2373 1332 ab
2405 1279 2517 1345 ipso
2550 1278 2776 1331 Domino
2799 1290 3013 1346 propter
3036 1280 3297 1344 justitiam
3327 1293 3628 1348 assumptus
3656 1285 3724 1337 de

2151 1368 2326 1421 medio
2354 1366 2623 1435 peccmtis
2654 1368 2834 1436 populi
2868 1368 3145 1421 liberatur.
3176 1368 3264 1423 Sic
3286 1370 3425 1422 enim
3460 1371 3719 1437 legimus:

2149 1458 2432 1512 Ambulavit
2482 1457 2661 1511 Enoclt
2692 1474 2806 1511 cum
2836 1458 2975 1521 Deo,
3024 1470 3070 1512 et
3109 1477 3210 1513 non
3240 1464 3557 1533 comparuit,
3605 1467 3723 1532 quia

2149 1548 2289 1602 Deus
2320 1550 2433 1601 tulit
2465 1564 2576 1601 eum
2615 1548 2764 1620 (Gen.
2798 1565 2850 1615 v,
2881 1548 2993 1619 ‘24).

2220 1639 2304 1693 IV.
2342 1639 2595 1692 Dominus
2622 1655 2749 1707 ergo
2775 1648 3074 1693 commotus
3092 1651 3276 1694 contra
3301 1641 3606 1711 iniquitates
3632 1659 3723 1713 po-

2149 1728 2254 1798 puli
2288 1744 2391 1782 non
2426 1729 2475 1781 in
2507 1733 2618 1782 suis
2643 1730 2845 1783 semitis
2887 1730 3180 1797 gradientis
3205 1771 3221 1798 ,
3268 1732 3526 1786 diluvium
3553 1737 3724 1789 immi-

542 1823 615 1875 lte
642 1828 1015 1890 supputatione
1046 1846 1171 1883 vero
1202 1830 1358 1899 hujus
1381 1833 1853 1889 mundievidcnter
1873 1834 2037 1888 Chro-

2149 1820 2251 1887 sit,
2300 1830 2653 1887 cunctamque
2712 1821 2942 1873 animam
3000 1821 3261 1901 viventem
3315 1823 3381 1877 de
3441 1826 3723 1892 superﬁcie

469 1913 603 1965 nica:
636 1915 846 1969 Eusebii
873 1918 1219 1974 Caesariensis
1268 1924 1325 1992 8
1364 1925 1598 1992 episcopi
1645 1940 1707 1979 ac
1736 1924 2045 1994 Hieronymi

470 2005 766 2073 presbyteri
818 2010 1222 2078 proloquuntur,
1277 2008 1331 2067 et
1385 2016 1645 2068 rationem
1699 2016 1766 2070 de
1806 2017 2043 2069 omnium

468 2108 725 2149 annorum
781 2101 920 2152 serie
963 2103 1216 2168 pandunt.
1253 2104 1381 2156 Nam
1416 2115 1469 2159 et
1497 2105 1719 2159 Orosius
1749 2105 2047 2173 diligentis—

468 2186 605 2239 sime
636 2186 749 2241 hzcc
774 2189 1063 2257 inquirens,
1095 2209 1309 2247 omnem
1342 2210 1620 2249 numerum
1666 2212 1927 2251 annorum
1979 2198 2046 2252 ab

471 2272 623 2328 initio
651 2279 832 2332 mundi
863 2296 1028 2350 usque
1054 2282 1119 2335 ad
1150 2298 1304 2337 suum
1337 2294 1543 2353 tempus
1574 2285 1624 2339 in
1679 2301 1841 2340 unum
1890 2289 2051 2342 colle-

475 2366 569 2432 git.
599 2366 709 2421 lloc
733 2370 892 2423 etiam
918 2382 970 2424 et
996 2372 1278 2439 Vit-torius,
1327 2390 1445 2429 cum
1500 2375 1741 2430 ordinem
1772 2377 2045 2433 Paschalis

467 2458 825 2516 solemnitatis
874 2464 1185 2533 inquireret,
1240 2468 1381 2521 fecit.
1443 2469 1578 2535 Ergo
1607 2478 1659 2523 et
1689 2483 1787 2524 nos
1815 2472 2045 2539 scripto-

467 2565 585 2604 rum
614 2568 771 2620 supra
801 2565 1215 2610 memoratarum
1243 2560 1570 2626 exemplaria
1616 2573 1921 2629 sequentes,
1952 2576 2047 2615 Cll-

469 2644 645 2709 pimus
676 2659 702 2695 a
736 2645 889 2712 primi
923 2646 1153 2702 hominis
1206 2650 1534 2716 conditione,
1594 2650 1636 2704 si
1671 2651 1922 2705 Dominus
1959 2651 2045 2705 di-

467 2732 719 2799 gnabitur
792 2750 945 2789 suum
1012 2740 1353 2795 commodare
1422 2742 1707 2809 auxilium,
1765 2758 1930 2813 usque
1979 2746 2045 2799 ad

472 2837 714 2881 nestrunt
749 2839 955 2899 tempus
983 2844 1228 2887 cunctam
1258 2850 1518 2889 annorum
1558 2838 1861 2905 congeriem
1900 2852 2048 2891 εοιιι-

469 2927 677 2984 putare.
710 2920 858 2985 Quod
891 2921 1099 2977 facilius
1127 2925 1268 2979 adim
1310 2926 1553 2992 lebiinus,
1585 2928 1630 2982 si
1654 2927 1721 2982 ab
1748 2929 1861 2998 ipso
1876 2930 2045 2983 Adam

471 3023 744 3063 sumamus
773 3013 1072 3068 exordium.

538 3098 580 3151 Ι.
616 3098 675 3153 Ιιι
730 3103 989 3172 principio
1040 3105 1292 3160 Dominus
1346 3109 1540 3162 caelum
1590 3118 1787 3164 terram
1828 3126 1894 3166 ue
1924 3155 1938 3179 ,
1988 3110 2042 3164 in

2150 1920 2307 1964 terras
2343 1911 2547 1966 diluvio
2587 1912 2879 1967 inundante
2907 1914 3140 1972 delevit;
3186 1923 3493 1981 tantumque
3522 1916 3634 1970 Noe
3664 1920 3723 1971 li-

2146 2000 2479 2053 dclissiuium
2511 2016 2573 2055 ac
2602 2003 2923 2070 peculiarem
2956 2004 3081 2067 :ihi,
3106 2004 3295 2072 suique
3337 2006 3445 2075 typi
3488 2010 3720 2073 speciem

2149 2091 2542 2158 praeferentem,
2573 2107 2691 2145 cuiu
2723 2107 2814 2145 sua
2844 2102 2897 2147 et
2922 2095 3079 2147 triutn
3112 2104 3356 2149 natorum
3384 2097 3719 2167 conjugibus,

2150 2183 2470 2250 posteritatis
2503 2183 2810 2251 reparanda:
2834 2174 3034 2250 gratia,
3067 2186 3117 2239 in
3149 2201 3269 2239 arca
3302 2188 3611 2244 reservavit.
3641 2191 3721 2244 lu-

2147 2284 2367 2330 crenant
2396 2289 2493 2326 nos
2526 2273 2609 2327 hic
2638 2273 2891 2339 ha-retici,
2923 2290 3017 2330 cur
3048 2277 3319 2345 Scriptura
3362 2294 3511 2332 sacra
3545 2280 3722 2336 Domi-

2149 2381 2272 2419 num
2312 2365 2531 2418 dixisset
2566 2366 2775 2419 iratum.
2809 2366 3148 2435 Cogttoscant
3177 2383 3335 2437 ergo,
3379 2376 3501 2439 quia
3548 2371 3722 2426 Domi-

2148 2472 2248 2511 nus
2294 2462 2511 2523 nosrer,
2561 2472 2666 2510 non
2718 2468 2773 2510 ut
2824 2460 2981 2511 homo
3031 2460 3276 2513 irascitur
3309 2476 3321 2511 :
3355 2476 3723 2519 commovetur

2148 2545 2325 2610 enim,
2371 2554 2430 2598 ut
2471 2554 2700 2611 terreat;
2743 2548 2914 2614 pellit,
2960 2558 3015 2601 ut
3055 2560 3299 2615 revocet;
3346 2551 3620 2621 irascitur,
3667 2567 3722 2608 ut

2148 2638 2415 2689 emendet.
2470 2635 2576 2690 Sed
2607 2650 2706 2689 nec
2746 2638 2856 2690 hoc
2900 2639 3148 2706 ambigo,
3198 2640 3335 2707 quod
3380 2645 3584 2707 Species
3632 2643 3723 2696 illa

2148 2743 2287 2783 arca:
2320 2741 2499 2797 typum
2525 2729 2713 2783 matris
2741 2733 2963 2798 gesserit
2998 2730 3252 2785 Ecclesiae
3283 2749 3297 2784 :
3332 2749 3441 2801 ipsa
3470 2736 3612 2789 enim
3642 2736 3735 2790 in:

2150 2831 2230 2875 ter
2258 2822 2451 2874 ﬂuctus
2498 2830 2551 2874 et
2578 2822 2829 2889 scopulos
2875 2821 3032 2889 hujus
3061 2825 3241 2877 saeculi
3287 2825 3583 2891 transiens,
3627 2840 3723 2881 nos

2149 2913 2215 2966 ab
2265 2912 2666 2967 imminentibus
2715 2912 2868 2966 malis
2910 2924 3150 2966 materno
3176 2918 3471 2981 gestamine
3498 2916 3719 2985 fovens,

2150 3008 2236 3077 pio
2261 3006 2505 3074 amplexu
2534 3020 2594 3059 ac
2626 3004 2952 3075 protectione
2990 3006 3245 3059 defendit.

2220 3096 2302 3151 Ab
2324 3097 2488 3150 Adam
2516 3110 2642 3165 ergo
2668 3110 2834 3165 usque
2855 3096 2922 3149 ad
2951 3096 3061 3151 Noe
3088 3108 3211 3153 snnt
3237 3104 3606 3166 generationes
3632 3106 3724 3160 ile-

470 3186 684 3243 Christo
711 3206 831 3256 suo,
864 3195 953 3262 qui
994 3206 1077 3251 est
1123 3199 1356 3252 omnium
1408 3202 1747 3269 principium,
1797 3203 1848 3257 id
1884 3212 1963 3257 est
1994 3204 2045 3257 in

2153 3205 2268 3244 cem
2302 3206 2315 3241 :
2348 3189 2396 3242 id
2426 3196 2508 3243 est
2536 3189 2734 3251 Adam,
2783 3189 2945 3253 Seth,
2987 3188 3164 3253 Eoos,
3196 3192 3418 3256 Caitiait,
3466 3194 3719 3259 Malaleel,

472 3278 606 3333 Filio
632 3297 729 3336 suo
754 3281 1023 3349 formavit,
1056 3288 1145 3356 qui
1173 3298 1294 3355 post
1339 3302 1518 3344 creata
1549 3292 1729 3345 mundi
1759 3294 2043 3360 elementa,

465 3372 677 3441 glebam
705 3390 983 3430 assumens
1014 3378 1215 3446 fragilis
1258 3379 1365 3434 limi
1392 3379 1438 3448 ι),
1476 3383 1741 3438 hominem
1782 3385 1847 3439 ad
1896 3400 2043 3439 suam

384 3470 393 3489 θ
470 3461 756 3528 imaginem
803 3465 1313 3538 similitudinemqtte
1342 3471 1619 3538 plasmavit
1639 3516 1653 3540 ,
1679 3483 1729 3527 et
1759 3474 2047 3529 iusufllavit

473 3551 526 3604 in
550 3551 740 3607 facictn
768 3556 881 3618 ejus
911 3559 1233 3626 spiraculum
1268 3564 1408 3630 sita),
1436 3573 1492 3617 et.
1531 3563 1702 3620 factus
1742 3575 1824 3620 est
1850 3568 1898 3620 in
1930 3569 2046 3620 ani-

471 3659 612 3696 maui
644 3643 906 3700 viventem
934 3664 948 3701 :
988 3650 1071 3703 cui
1121 3650 1408 3707 dormienti
1457 3654 1629 3707 ablata
1661 3666 1826 3720 costa,
1857 3656 2049 3711 mulier

474 3734 584 3788 Eva
613 3745 789 3789 creata
820 3748 922 3793 est.
956 3738 1062 3795 Nec
1107 3742 1322 3797 dubium
1353 3746 1492 3799 enim
1526 3756 1624 3811 est,
1660 3748 1799 3815 quod
1833 3747 1915 3801 hic
1939 3750 2043 3817 pri-

475 3842 594 3881 nius
653 3827 813 3883 homo
865 3830 1055 3896 Adam,
1106 3843 1385 3904 antequam
1435 3846 1696 3905 peccaret,
1734 3846 1911 3907 typum
1942 3838 2049 3891 Do-

474 3916 607 3971 mini
664 3920 831 3973 nostri
892 3921 1264 3993 Redemptoris
1294 3927 1631 3993 przetulissel.
1679 3928 1792 3995 Ipse
1821 3929 1960 3981 enim
1994 3929 2045 3984 in

476 4022 673 4074 sopore
720 4012 977 4078 passionis
1033 4014 1397 4080 obdormiens,
1442 4020 1508 4071 de
1558 4016 1722 4071 lati-re
1775 4032 1872 4070 suo
1919 4018 2045 4072 dum

470 4115 665 4168 aquam
717 4116 1072 4173 cruoremque
1148 4107 1421 4174 produxit,
1481 4106 1738 4177 virginem
1792 4108 2047 4162 immacu-

478 4191 749 4263 latatnque
778 4194 1070 4251 Ecclesiam
1102 4198 1202 4251 sibi
1253 4200 1514 4265 exhibuit,
1572 4202 1896 4270 redemptam
1927 4216 2049 4255 san-

474 4284 656 4352 guine,
703 4286 862 4341 latice
898 4291 1260 4353 emniidatam,
1312 4305 1418 4343 non
1474 4291 1755 4344 habentem
1788 4293 2045 4346 maculant

472 4386 567 4429 aut
588 4390 770 4443 rugam
791 4394 805 4441 ;
830 4377 881 4431 id
904 4388 987 4432 est
1013 4381 1245 4449 lymphis
1272 4380 1503 4434 ablutam
1529 4388 1743 4449 pr0pter
1762 4382 2044 4450 maculam,

473 4466 528 4524 iu
553 4485 712 4525 cruce
733 4481 1006 4524 extensani
1034 4481 1249 4542 propter
1279 4489 1505 4543 rogatur
1526 4474 1588 4527 lli
1618 4488 1745 4542 ergo
1772 4474 1927 4542 priitii
1955 4474 2042 4526 lio—

2148 3281 2327 3349 Jared,
2356 3280 2562 3344 Euoclt,
2596 3279 2927 3344 Matusalam,
2961 3280 3210 3346 Lauiech,
3246 3282 3376 3336 Noe.
3404 3284 3459 3336 In
3486 3284 3569 3340 his
3592 3300 3718 3356 ergo

2148 3374 2333 3427 decem
2382 3372 2844 3436 generationibus,
2893 3372 3239 3426 inveniuntur
3275 3375 3399 3426 anni
3432 3376 3577 3431 mille
3619 3379 3720 3431 du-

2148 3466 2287 3518 centi
2315 3464 2665 3533 quadraginta
2696 3464 2821 3518 duo.
2857 3464 3023 3517 Adam
3053 3479 3179 3518 vero
3207 3465 3258 3517 in
3297 3475 3435 3520 terra
3469 3468 3718 3524 Enacltiiu

2146 3556 2447 3623 sepultum,
2498 3570 2614 3623 qua:
2645 3556 2790 3623 prius
2822 3555 2999 3607 Ebron
3051 3555 3368 3621 vocabatur,
3420 3558 3553 3612 liber
3596 3559 3719 3615 Jcsu

2144 3645 2290 3702 Narve
2321 3646 2595 3699 evidenter
2620 3645 2775 3714 expla
2803 3655 2871 3699 .at
2905 3643 3038 3713 (los.
3072 3660 3190 3709 xlv,
3230 3647 3335 3716 i5).

2221 3740 2281 3794 V.
2311 3739 2545 3792 Habebat
2570 3754 2696 3808 ergo
2718 3738 2827 3791 Noe
2851 3747 2965 3806 post
2986 3739 3238 3792 diluvium
3260 3749 3371 3795 tres
3394 3741 3530 3797 filios
3574 3744 3720 3813 Sem,

2145 3829 2332 3894 Chatti,
2364 3841 2417 3884 et
2444 3826 2751 3882 JafetltxDe
2779 3828 2949 3882 Jafeth
2981 3844 3207 3895 egressa;
3235 3845 3351 3883 sunt
3384 3842 3601 3901 gentes,
3654 3837 3719 3889 si-

2147 3923 2340 3977 militer
2364 3927 2420 3975 et
2447 3922 2513 3975 de
2539 3920 2735 3985 Cham,
2781 3930 2834 3975 et
2874 3920 2940 3974 de
2981 3922 3126 3976 Sem.
3162 3924 3244 3987 Et,
3278 3927 3417 3980 sicut
3468 3928 3538 3979 ait
3569 3938 3718 3983 vetus

2150 4013 2405 4077 historia,
2437 4011 2506 4065 ab
2552 4010 2635 4064 his
2661 4011 3062 4064 disseminatum
3091 4022 3172 4065 est
3220 4028 3384 4082 genus
3432 4018 3717 4072 humanum

2146 4105 2242 4157 sub
2274 4102 2519 4156 universo
2560 4105 2717 4155 casio.
2754 4102 3145 4173 Priinogenitus
3178 4120 3304 4158 vero
3332 4105 3521 4171 Citam,
3551 4106 3715 4164 Citus.

2150 4193 2244 4247 llic
2272 4193 2368 4246 fuit
2412 4192 2575 4246 totius
2618 4194 2750 4247 artis
2782 4196 3030 4262 magicae,
3078 4195 3344 4250 ilnbuetite
3375 4198 3585 4252 diabolo
3606 4238 3621 4263 ,
3669 4211 3720 4254 et

2148 4285 2350 4353 primus
2398 4284 2711 4337 idololatria:
2742 4286 3072 4338 adinventor.
3110 4286 3206 4340 llic
3244 4288 3443 4354 primus
3480 4300 3723 4344 statuun~

2148 4376 2319 4431 cuiam
2356 4373 2374 4412 ί
2409 4374 2733 4429 adorandam
2790 4375 2983 4429 diaboli
3030 4378 3364 4445 inst‘gatione
3409 4382 3722 4434 constituit:

2149 4469 2236 4538 qui
2268 4477 2321 4522 et
2347 4468 2562 4535 stellas,
2603 4478 2654 4522 et
2687 4468 2859 4537 ignem
2896 4470 2997 4538 ιο
3023 4469 3088 4522 de
3126 4470 3264 4523 coelo
3312 4472 3536 4537 cadere,
3591 4472 3723 4532 falsa

478 4559 648 4612 mines
675 4562 811 4613 inter
842 4577 1050 4615 aimena
1086 4564 1311 4631 paradisi
1343 4573 1367 4603 ο
1399 4566 1550 4619 beate
1576 4565 1829 4627 viventes,
1860 4567 2047 4635 anguis
2077 4545 2125 4604 θ
2153 4562 2364 4624 virtute,
2389 4561 2694 4614 hominibus
2715 4562 3045 4614 ostendebat.
3074 4561 3167 4613 ilic
3189 4562 3253 4613 ad
3282 4562 3469 4615 Persas
3494 4567 3720 4617 transiit.

478 4658 596 4701 astu
653 4650 848 4718 illecti,
908 4654 1087 4709 divitia
1137 4668 1399 4727 praecepta
1428 4658 1749 4713 transiliunt.
1776 4656 2048 4728 Ejeetique

554 4836 580 4864 ⁸·
609 4826 853 4903 Diversus
879 4829 1009 4883 alias
1048 4831 1216 4903 hujus
1258 4836 1356 4887 ioci
1404 4835 1869 4903 interpretationes
1914 4837 2045 4892 affe-

481 4906 597 4975 r_t_tul
628 4898 1021 4975 sanc_ti_Patres_,
1047 4898 1184 4955 inter
1199 4918 1329 4971 quas
1346 4919 1406 4956 ea
1431 4915 1512 4975 est
1531 4898 1882 4968 communior,
1906 4908 2045 4975 quod

480 4967 627 5022 illum
681 4966 895 5037 quidem
945 4968 1085 5024 diem
1135 4966 1229 5025 ex'
1257 4983 1443 5025 natura
1485 4974 1826 5029 humanitatis
1873 4966 2047 5033 Filius

482 5038 713 5090 hominis
770 5038 1038 5111 nescierit,
1081 5056 1247 5111 quem
1308 5052 1486 5096 tamen
1541 5046 1703 5111 probe
1732 5046 1870 5100 Deus
1893 5048 2050 5101 homo

484 5120 723 5182 noverat.
776 5108 1166 5182 Vel__itesciebat
1219 5112 1318 5164 sub
1347 5108 1552 5167 ratione
1576 5129 1676 5182 qna
1710 5118 1912 5182 legatus
1936 5112 2051 5171 erat

480 5179 547 5229 ad
577 5177 846 5256 homines.
863 5178 976 5233 Non
997 5181 1139 5233 eniut
1168 5192 1284 5234 erat
1313 5197 1375 5256 ex
1408 5184 1509 5235 illis
1559 5177 1868 5239 veritatibus
1920 5202 2049 5256 quas

484 5263 603 5324 cum
628 5247 930 5324 hominibus
956 5260 1072 5324 erat
1100 5252 1606 5324 communicaturus,
1658 5265 1712 5308 et
1768 5257 1834 5308 de
1861 5247 2051 5324 quibus

378 5328 401 5348 κ
480 5316 616 5369 alias
642 5318 810 5391 dixit:
843 5320 1028 5374 Omnia
1063 5331 1184 5375 nota
1215 5321 1313 5374 feii
1342 5323 1492 5376 vobis
1512 5316 1625 5391 qua:
1645 5324 1817 5377 audivi
1845 5316 2051 5380 a'Patre

486 5400 629 5459 nico,
653 5387 699 5438 id
732 5398 814 5441 est
842 5393 1016 5459 omnia
1043 5407 1161 5457 qum
1190 5407 1253 5445 ex
1283 5391 1398 5459 ejus
1432 5387 1579 5453 parte
1610 5395 1759 5447 vobis
1792 5396 2047 5451 habebam

485 5456 821 5529 tiotiiicatida.
849 5458 972 5529 lla-c
1000 5456 1328 5529 Augustinus
1350 5472 1402 5515 et
1425 5462 1710 5529 Gregorius
1741 5464 1813 5518 Μ.

556 5522 584 5563 δ
608 5525 703 5602 θὶς,
721 5528 840 5602 cod.
864 5528 1042 5582 Castn.
1061 5522 1214 5596 ;'alii,
1246 5522 1595 5602 fragillt'tttarit.

560 5604 585 5669 ξ
617 5596 756 5669 [illiti
786 5636 799 5659 ,
822 5598 874 5648 in
898 5614 1092 5651 ama'nn
1112 5596 1369 5669 paradiso.

558 5660 587 5701 ἀ
621 5664 710 5718 Sic
736 5680 864 5721 mss.
898 5671 1035 5721 sicut
1062 5660 1123 5722 et'
1146 5672 1283 5725 intra
1326 5690 1429 5727 tiou
1458 5673 1643 5727 semel.
1696 5674 1836 5728 Editi
1880 5683 2055 5729 tamen

490 5734 703 5800 habent,
735 5738 937 5805 cognita
966 5749 1131 5791 autem
1154 5758 1181 5792 a
1212 5756 1462 5798 consorte.
1487 5744 1643 5799 Curb.
1686 5746 1821 5799 sicut
1847 5757 1900 5799 et
1932 5746 2061 5800 alius

2150 4654 2301 4707 llunc
2325 4653 2503 4706 Persa:
2530 4653 2829 4706 vocitavere
2872 4651 3209 4705 Zoroastrem
3240 4660 3264 4699 ε
3284 4691 3300 4717 ,
3343 4652 3395 4705 id
3419 4661 3502 4706 est
3541 4657 3722 4709 viven-

2150 4832 2602 4901 sa-pe-accusandi
2638 4846 2764 4887 casu
2789 4844 2939 4887 utens
2963 4846 3061 4902 pro
3088 4842 3260 4901 sexto,
3291 4835 3615 4903 cognitum...
3645 4852 3722 4887 sa.

2152 4905 2279 4956 tellit
2290 4919 2388 4956 em.

2224 4984 2247 5009 ε
2292 4972 2461 5038 Editi,
2495 4973 2547 5024 in
2573 4976 2783 5043 fratrem
2807 4973 3187 5042 sanguinis..."
3213 4972 3480 5041 fratricida
3519 4988 3725 5027 consur-

2188 5059 2290 5096 ens.

2152 5060 2423 5175 genfLAlii,
2473 5110 2861 5165 stratunculam.
2896 5111 3019 5182 Mss.
3056 5112 3198 5174 Bec.,
3234 5111 3363 5181 Reg.
3409 5121 3463 5168 et
3512 5113 3723 5182 lli-gmw

2152 5184 2493 5237 statunculum
2538 5183 2871 5234 adorandum.
2905 5181 3090 5251 (ξυνίῃ,
3139 5183 3439 5234 craticulam.
3474 5181 3722 5241 Moreh‘us

2153 5268 2387 5322 quoque,
2423 5269 2487 5305 ex
2529 5253 2715 5305 eodem
2749 5266 2848 5304 ms.
2880 5252 2935 5306 S.
2963 5252 3168 5304 Martini
3215 5251 3563 5318 'l‘uronen~is,
3594 5256 3724 5322 legit

2155 5321 2518 5385 staturicu’unt,
2548 5336 2704 5390 quam
2734 5336 2916 5375 vocem
2945 5323 3023 5375 sic
3052 5332 3239 5374 neutro
3277 5330 3471 5390 genere
3498 5324 3549 5376 in
3582 5321 3725 5391 frag-

2158 5404 2337 5446 mento
2366 5392 2599 5445 Petronii
2631 5406 2798 5458 nuper
2827 5391 2971 5444 edito
3002 5398 3305 5459 usurpatam
3339 5393 3500 5445 fuisse
3541 5394 3610 5443 ob
3640 5408 3725 5446 er-

2157 5466 2297 5516 vavit
2346 5464 2609 5514 Altoeserra
2632 5500 2647 5522 ,
2696 5464 2785 5529 qui
2834 5462 2949 5530 ejus
2980 5464 3137 5513 verba
3181 5460 3347 5514 refert
3377 5478 3392 5516 :
3420 5460 3504 5514 Ita
3533 5478 3595 5514 ea:
3636 5465 3726 5518 hac

2164 5549 2332 5586 massa
2359 5532 2489 5601 fabri
2518 5532 2848 5598 auslulerunt,
2880 5542 2925 5584 et
2950 5535 3174 5602 fecerunt
3210 5532 3386 5584 catilla
3424 5541 3471 5587 et
3499 5547 3725 5603 parapsi-

2162 5603 2269 5664 dcc,
2299 5614 2664 5660 suruncuu,
2696 5609 2801 5653 etc.

2236 5680 2261 5717 ι
2306 5672 2379 5724 De
2406 5670 2707 5727 Zoroastre.
2742 5684 2901 5736 quem
2948 5670 3175 5739 primunt
3208 5668 3605 5726 Bactrianorum
3646 5682 3725 5724 2c-

2163 5756 2280 5810 gent
2312 5738 2476 5794 fuisse
2502 5739 2697 5803 volunt,
2726 5741 2875 5807 plura
2904 5738 3062 5793 habet
3090 5740 3309 5795 l‘linius.
