4070 6186
358 343 469 405 {65

1318 345 1655 409 HISTORIA
1697 348 2143 407 FRANCORUM.
2189 353 2388 410 LIBER
2435 358 2708 417 PRIMUS.

3374 286 3399 311 \

3548 392 3646 447 166

352 469 466 562 tem
498 456 847 564 Ileiitlltl..Ab
887 457 988 562 hoc
1014 458 1176 514 etiam
1209 458 1387 529 ignem
1425 462 1654 564 adorare
1683 463 1946 564 consueti,
1978 468 2030 526 Α
2056 478 2157 564 gue
2186 466 2238 521 iu
2272 469 2381 538 ipsa
2424 472 2916 548 Hierosolymorum
2949 485 3078 542 urbe
3103 491 3318 550 celebre
3349 496 3539 558 temur,
3588 510 3644 564 ιι,

352 552 535 620 ipsum
581 550 846 604 divinitus
889 550 1012 620 igne
1041 560 1419 621 consumptum
1463 564 1517 607 nt
1546 554 1703 607 deum
1745 553 1947 608 colunt.

432 642 520 696 VI.
562 641 806 711 Cumque
842 644 1179 711 multiplicati
1224 645 1466 698 homines
1516 645 1954 713 dispergerentur

356 750 460 804 per
516 737 793 790 universas
824 746 1023 802 terras,
1075 738 1275 808 egressi
1319 739 1387 793 ab
1413 738 1664 804 Oriente,
1709 738 1951 795 Sennaar

356 829 699 896 gramineum
738 830 1016 897 reperiunt
1052 845 1323 899 campum.
1377 830 1430 884 In
1475 846 1580 900 quo
1623 832 1949 887 aediﬁcantes

345 923 662 984 civitatem,
697 929 897 977 turrem
952 940 1071 991 qua:
1117 925 1283 977 εωιοε
1331 924 1656 992 attingeret,
1706 926 1948 977 nituntur

347 1022 586 1068 struere.
634 1013 870 1080 Quorum
903 1027 1093 1067 vanam
1125 1015 1501 1082 cogitationem
1553 1016 1713 1069 simul
1740 1026 1794 1071 et
1841 1016 1945 1069 lin-

347 1119 552 1172 gnam,
601 1105 851 1174 ipsosque
898 1106 1183 1167 confutaus
1212 1106 1372 1171 Deus,
1404 1122 1499 1174 per
1532 1107 1789 1161 mundum
1837 1106 1945 1162 late

348 1208 624 1268 patentem
672 1200 724 1252 in
771 1199 1018 1252 universa
1068 1206 1206 1251 terra
1260 1194 1555 1266 dispersit:
1592 1208 1944 1268 vocatumque

347 1300 433 1345 est
467 1304 659 1343 nomen
712 1289 976 1353 civitatis,
1014 1289 1200 1354 Babel,
1248 1290 1347 1343 hoc
1397 1299 1512 1355 est,
1544 1290 1831 1356 Coufusio,
1877 1306 1943 1345 eo

348 1382 496 1452 quod
549 1381 622 1434 ibi
666 1382 997 1435 contudisset
1028 1382 1165 1435 Deus
1213 1384 1416 1451 linguas
1448 1398 1653 1439 eorum.
1690 1384 1816 1444 Htec
1859 1394 1942 1439 est

352 1473 645 1543 Babylvnia
671 1488 698 1525 a
741 1471 1034 1526 Nembroth
1058 1480 1083 1508 ι
1112 1473 1322 1542 gigante
1350 1474 1605 1529 aediﬁcata
1636 1474 1745 1529 ﬁlio
1771 1473 1936 1528 Chus.

348 1564 437 1627 Et,
469 1565 610 1617 sicut
634 1562 809 1617 Orosii
837 1574 1018 1616 narrat
1048 1563 1289 1629 histeria,
1340 1567 1470 1619 mira
1500 1565 1676 1635 campi
1720 1566 1935 1635 plan’tie

341 1656 399 1709 in
430 1656 695 1725 quadrum
738 1655 998 1723 disposita
1030 1665 1148 1709 est:
1184 1672 1367 1711 murus
1397 1656 1513 1725 ejus
1541 1672 1609 1713 ex
1643 1659 1817 1713 coctili
1862 1661 1937 1711 la-

342 1755 463 1800 tere
504 1748 676 1800 lufuso
718 1747 1007 1810 bitumine,
1042 1748 1093 1800 in
1128 1749 1288 1802 latum
1333 1750 1491 1803 habet
1520 1752 1726 1806 cubitus
1774 1753 1929 1821 quin-

2058 557 2159 611 hoc
2182 571 2369 627 monte
2415 580 2543 619 crux
2577 583 2783 636 sancta,
2840 574 2889 628 in
2922 591 3027 645 qua
3071 580 3402 653 Redemptor
3449 557 3644 655 affixus

2056 661 2159 718 est,
2192 655 2368 749 stetit,
2398 656 2466 712 de
2510 676 2613 729 qua
2644 673 2697 717 et
2750 665 2935 722 beatus
2965 672 3053 727 ille
3083 689 3242 733 cruor
3268 682 3494 741 efﬂuxit.
3547 692 3645 749 Hic

2054 753 2182 840 ergo
2213 745 2479 800 Abraham
2509 755 2716 818 accepit
2744 756 2952 825 signum
2983 763 3427 840 circumcisionis,
3462 745 3643 835 esten:

2050 831 2184 887 deus
2217 845 2273 888 ut
2302 840 2440 903 quod
2472 840 2561 894 ille
2591 847 2751 907 gessit
2784 847 2838 901 in
2872 836 3119 921 corpore,
3156 873 3252 912 uos
3284 831 3638 929 porteniusvin

2049 925 2244 991 corde,
2294 929 2504 986 dicente
2534 933 2801 1002 Propheta
2834 956 2845 990 :
2880 940 3241 1004 Circumcidite
3268 925 3353 1009 vos
3402 958 3507 1014 Deo
3534 925 3643 1017 ves;

2048 1024 2147 1119 tre,
2179 1028 2226 1071 et
2253 1020 2601 1079 circumcidite
2630 1033 2935 1098 praeputium
2976 1041 3143 1094 cordis
3186 1048 3337 1100 vestri
3366 1049 3542 1118 (Deut.
3577 1072 3634 1119 κ,

2050 1109 2159 1211 iii),
2185 1121 2230 1164 et
2253 1114 2407 1215 notite
2425 1119 2566 1185 arqui
2603 1121 2724 1173 deos
2762 1126 2955 1181 atienoa
2982 1129 3193 1197 (Jerem.
3223 1109 3394 1205 xxxv,
3430 1146 3540 1215 15).

2048 1200 2236 1256 iterum
2265 1224 2277 1256 :
2308 1204 2489 1261 Omnis
2511 1212 2892 1272 incircumcisus
2914 1224 3064 1276 corde
3092 1242 3191 1280 non
3214 1230 3365 1285 intret
3383 1236 3435 1287 in
3456 1200 3634 1295 sancta

2043 1308 2154 1399 mea
2179 1293 2395 1399 (Each.-
2416 1314 2559 1399 xuv,
2584 1302 2660 1373 9).
2682 1305 2830 1399 Hunc
2853 1312 3119 1369 Abraham
3143 1318 3302 1388 Deus,
3326 1293 3636 1399 posladjec;

2044 1395 2148 1440 tam
2193 1390 2397 1445 nomini
2434 1395 2693 1464 syllabam
2726 1396 2782 1465 ιι,
2814 1413 3021 1471 patrem
3055 1390 3340 1469 multarum
3384 1390 3622 1487 gentium

2042 1483 2387 1548 nuncupavit.

2111 1568 2243 1625 Vill.
2286 1574 2333 1628 is
2363 1590 2482 1631 cum
2513 1589 2729 1635 centum
2760 1596 2899 1640 esset
2930 1602 3212 1660 annorum,
3245 1603 3426 1666 genuit
3455 1604 3626 1661 Isaac.

2039 1660 2206 1717 Porro
2250 1664 2396 1721 lsaac
2442 1675 2777 1741 sexagesimo
2816 1682 2988 1735 aetatis
3036 1699 3175 1739 anno
3208 1660 3313 1743 uati
3359 1705 3482 1749 sunt
3530 1697 3625 1751 filii

2037 1756 2232 1823 gemini
2266 1759 2332 1814 de
2363 1760 2622 1818 Rebecca.
2660 1765 2869 1824 Primus
2903 1773 3072 1841 Esau,
3120 1781 3207 1845 qui
3241 1792 3293 1835 et
3339 1786 3537 1855 Edom,
3572 1790 3623 1843 id

338 1840 630 1910 quaginta,
685 1839 979 1894 altitudinis
1027 1842 1236 1895 eubitos
1265 1842 1557 1912 ducentos,
1607 1847 1660 1898 in
1704 1846 1929 1899 circuitu
1963 1829 2010 1889 Β
2038 1855 2119 1901 est
2167 1857 2452 1907 terrenus:
2487 1856 2574 1924 qui
2608 1869 2825 1927 propter
2870 1829 3623 1948 gulammeudiditpiiniog;

338 1934 516 1987 stadia
562 1932 944 2003 quadringenta
992 1934 1347 2003 septuaginta.
1398 1935 1572 1990 Unum
1620 1935 1850 1990 stadium
1903 1936 1929 1975 δ

340 2024 508 2078 habet
554 2024 835 2092 aripennes
874 2024 1125 2093 quinque.
1173 2024 1383 2079 Vicetia
1426 2026 1602 2093 quinae
1634 2032 1800 2091 paruae
1834 2039 1931 2093 per

336 2116 762 2182 unumquodque
806 2115 944 2168 latus
976 2114 1090 2168 sitze
1119 2125 1273 2181 sunt,
1315 2130 1433 2183 qua:
1463 2114 1664 2169 faciunt
1689 2126 1925 2171 centum.

337 2203 546 2259 Harum
586 2212 861 2271 portarum
906 2205 1044 2258 ostia
1075 2204 1221 2259 mira:
1264 2206 1677 2275 magnitudinis,
1708 2222 1773 2260 ex
1821 2204 1939 2262 tere‘

335 2296 487 2351 fusili
513 2300 637 2351 sunt
659 2295 904 2350 formata.
933 2295 1092 2351 Multa
1116 2304 1169 2352 et
1191 2298 1294 2351 alia
1326 2297 1394 2352 de
1419 2300 1517 2351 hac
1543 2298 1757 2352 civitate
1783 2298 1923 2353 idem

328 2387 801 2457 historiographus
850 2396 1032 2441 narrat
1081 2398 1141 2455 ο,
1195 2387 1396 2443 addens
1435 2406 1447 2441 :
1494 2388 1560 2443 Et
1604 2405 1725 2443 cum
1780 2399 1922 2444 tanta

326 2476 524 2533 fuisset
579 2480 833 2534 honestas
861 2480 1100 2546 aediﬁcii,
1153 2490 1386 2534 attamen
1430 2482 1565 2535 victa
1596 2491 1755 2551 atque
1792 2480 1920 2536 sub-

327 2584 485 2626 versa
515 2580 618 2627 est.

407 2663 519 2717 γη.
566 2662 774 2719 Primus
803 2670 979 2717 autem
1014 2664 1154 2718 ﬁlius
1180 2663 1318 2728 Noe,
1349 2663 1499 2730 Sem,
1524 2665 1592 2719 de
1617 2678 1720 2733 quo
1759 2680 1910 2734 gene:

324 2755 540 2809 ratione
587 2754 825 2821 decima,
860 2765 1014 2810 natus
1045 2765 1125 2809 est
1171 2756 1436 2810 Abraham
1474 2750 1573 2810 :id
1620 2767 1731 2822 est,
1784 2757 1915 2820 Noe,

324 2846 491 2911 Sem,
523 2846 839 2916 Arphaxad,
871 2846 1027 2912 Sale,
1062 2847 1265 2911 l‘ieber,
1298 2848 1550 2915 Phaiech,
1598 2847 1709 2903 Reu
1737 2849 1787 2915 α,
1823 2848 1919 2903 Sa-

326 2937 488 3003 rucb,
517 2936 717 3003 Tharc,
753 2938 841 3005 qui
872 2937 1055 3007 genuit
1085 2936 1372 2991 Abraham.
1405 2938 1460 2991 ln
1506 2937 1585 2990 his
1613 2938 1796 2992 decem
1827 2953 1915 3006 ge-

324 3026 721 3093 nerationibus,
758 3026 859 3080 hoc
885 3038 965 3081 est
995 3043 1023 3082 a
1053 3027 1162 3082 Noe
1192 3034 1377 3097 usque!
1391 3028 1454 3081 ad
1504 3028 1801 3092 Abraham,
1837 3029 1917 3081 in-

323 3121 614 3173 veniuntur
642 3121 766 3173 anni
815 3119 919 3173 942
952 3128 1001 3177 ⁸.
1049 3121 1126 3174 Eo
1154 3130 1394 3189 tempore
1436 3122 1693 3190 regnabat
1722 3122 1909 3187 Ninus,

2037 1939 2145 1992 nila
2188 1954 2304 1998 sua.
2342 1940 2459 2010 Ipse
2506 1957 2589 2001 est
2620 1961 2771 2017 pater
2812 1953 3195 2027 Nummorum,
3247 1966 3314 2019 de
3351 1939 3501 2037 cuju.
3527 1939 3625 2039 ξε-

2034 2030 2326 2128 iteratione—
2357 2046 2547 2102 quarta
2596 2051 2753 2094 natus
2802 2054 2884 2097 est
2912 2045 3082 2103 Jobab
3116 2067 3129 2103 :
3164 2030 3575 2120 iiOQCSl,'ESH‘iI
3600 2104 3615 2128 ,

2033 2115 2257 2187 Raguei,
2292 2122 2449 2190 Zara,
2480 2127 2682 2196 Jobab,
2715 2132 2805 2201 qui
2834 2146 2885 2191 et
2914 2138 3036 2193 Job.
3073 2141 3118 2196 Is
3159 2145 3289 2199 vixit
3315 2115 3485 2206 annos
3516 2115 3621 2206 du;

2030 2222 2218 2301 centes
2266 2218 2612 2289 quadraginta
2662 2240 2853 2281 novem
2888 2245 2902 2283 :
2943 2237 3275 2301 octogesimo
3312 2238 3327 2276 ι
3360 2256 3502 2297 anno
3550 2248 3619 2301 ab

2028 2300 2339 2361 inﬁrmitate
2387 2308 2642 2367 liberatus
2685 2326 2796 2383 est;
2850 2332 2969 2388 post
3000 2322 3362 2385 inﬁrmitatem
3393 2345 3568 2389 autem
3597 2378 3614 2404 ,

2028 2403 2239 2491 centum
2307 2402 2635 2469 septuaginta
2685 2426 2700 2455 ι
2759 2410 2948 2478 anuis,
3000 2417 3240 2471 restituta
3292 2420 3343 2473 iu
3393 2402 3615 2491 duplum

2027 2486 2171 2583 omni
2206 2487 2478 2557 facultate,
2510 2508 2629 2549 cum
2663 2504 2740 2552 tot
2770 2510 2897 2568 quot
2930 2504 3232 2571 perdiderat
3264 2509 3387 2567 ﬁliis
3415 2486 3617 2583 jucun-

2031 2574 2182 2629 ﬂatus
2219 2588 2321 2632 est.

2098 2668 2187 2724 IX.
2230 2671 2510 2728 Secundus
2540 2687 2717 2733 autem
2770 2681 2911 2737 ﬁlius
2952 2685 3125 2755 lsaac,
3158 2689 3353 2759 Jacob,
3386 2696 3613 2755 dilectus

2026 2760 2153 2829 Dei,
2208 2761 2349 2817 sicut
2389 2768 2465 2820 ait
2497 2784 2589 2835 per
2620 2770 2939 2839 Prophetam
2981 2777 3189 2833 :Jacob
3224 2785 3416 2851 dilexi,
3469 2788 3613 2843 Esau

2021 2860 2190 2945 autem
2220 2855 2340 2907 odio
2381 2856 2535 2910 habui
2566 2860 2821 2930 (Malae/1.
2842 2864 3130 2937 12,5).Ηὶε
3169 2882 3289 2940 post
3317 2878 3612 2945 angelicam

2022 2941 2211 2997 luctam
2244 2954 2459 3001 vocatus
2489 2960 2568 3003 est
2601 2952 2783 3021 lsracl,
2810 2970 2840 3009 a
2869 2973 2973 3025 quo
3000 2960 3278 3018 lsraeiitm.
3310 2941 3411 3021 ilic
3428 2972 3611 3038 genuit

2019 3035 2299 3093 duodecim
2350 3042 2712 3110 patriarchas,
2765 3063 2990 3116 quorum
3033 3054 3147 3107 hzcc
3190 3069 3313 3111 sunt
3344 3035 3605 3116 nomina:

2019 3126 2235 3193 Ruben,
2284 3129 2533 3199 Simeoo,
2583 3134 2735 3201 Levi,
2785 3137 2983 3203 Judas,
3021 3141 3289 3211 issahar,
3336 3148 3603 3221 Zabulon,

324 3213 412 3279 qui
445 3211 731 3265 aedificavit
759 3211 1050 3277 civitatem,
1083 3227 1241 3282 quam
1273 3212 1516 3266 Ninivem
1547 3212 1754 3267 vocavit
1780 3231 1792 3265 :
1820 3227 1906 3268 cu-
1940 3200 1985 3263 C
2021 3218 2126 3270 Dan
2147 3258 2161 3280 ,
2192 3218 2512 3288 Neplitilim,
2544 3222 2653 3277 Gad
2674 3268 2688 3292 ,
2717 3200 2770 3279 et
2804 3200 2979 3282 Ascra
3002 3231 3127 3286 Post
3159 3236 3253 3289 hos
3277 3200 3597 3304 ἐοηιῖιῖἇέέῖ

323 3300 412 3371 jus
464 3302 516 3354 in
552 3301 719 3355 tribus
748 3302 1111 3357 mansionibus
1156 3302 1383 3372 spatium
1433 3303 1793 3373 amplitudinis
1822 3303 1913 3358 Jo-

324 3413 423 3452 nas
453 3400 712 3468 prOpheta
739 3398 1077 3452 detcrnnnat.
1108 3398 1278 3467 Hujus
1305 3399 1713 3468 quadragesimo
1756 3398 1912 3453 tertio

322 3493 474 3559 regni
504 3504 647 3544 anno
676 3496 835 3543 natus
885 3498 968 3542 est
995 3486 1294 3543 Abraham.
1346 3488 1439 3543 ilic
1482 3496 1565 3543 est
1602 3488 1868 3544 Abraham
1891 3531 1907 3556 ,

324 3581 538 3635 initium
590 3580 714 3635 ﬁdei
761 3588 957 3635 nostra:
986 3598 1001 3634 :
1035 3580 1120 3634 hic
1166 3581 1375 3648 accepit
1423 3581 1907 3650 repromissiones,

323 3674 449 3727 huic
476 3688 534 3727 se
562 3672 808 3727 Christus
842 3672 1099 3726 Dominus
1130 3685 1316 3727 DOSlel‘
1347 3675 1693 3740 nasciturum,
1723 3689 1785 3729 ac
1814 3690 1908 3744 pro

321 3764 477 3819 nobis
505 3774 783 3833 passurum
832 3765 886 3818 in
918 3765 1149 3818 victimae
1188 3764 1607 3819 commutatione
1639 3772 1908 3820 monstra-

322 3858 428 3921 vit,
473 3858 589 3925 ipso
632 3857 684 3910 in
728 3856 1027 3925 Evangeliis
1077 3856 1158 3909 sic
1197 3855 1409 3910 dicente
1451 3872 1461 3907 :
1502 3859 1600 3926 ιι
1650 3856 1907 3909 Abraham

319 3947 587 4001 exsultavit
618 3955 673 3999 ut
716 3946 908 4000 videret
939 3946 1074 3999 diem
1120 3961 1289 3999 meum
1317 3962 1335 3999 :
1362 3955 1408 3999 et
1433 3947 1594 4013 vidit,
1637 3957 1683 4001 et
1707 3948 1909 4017 gavisus

318 4049 390 4093 ut
430 4039 610 4111 (Joan.
641 4052 756 4102 vin,
798 4037 912 4107 56).
946 4037 1059 4093 Hoc
1086 4051 1214 4094 vero
1242 4036 1612 4093 holocaustum
1640 4040 1695 4094 in
1726 4054 1907 4095 monte

317 4131 581 4185 Caivarize
614 4128 665 4197 ί,
716 4144 825 4199 quo
880 4128 1135 4185 Dominus
1180 4131 1467 4185 cruciﬁxus
1513 4141 1629 4200 est,
1670 4133 1907 4189 oblatum

316 4224 486 4278 fuisse
514 4225 748 4279 Severus
776 4232 956 4278 narrat
987 4228 1036 4277 in
1069 4223 1336 4278 Chronica
1368 4232 1426 4291 8;
1455 4226 1593 4281 sicut
1630 4234 1685 4281 et
1722 4225 1910 4282 hodie-

388 4374 415 4399 ι
457 4362 593 4414 Cod.
625 4358 785 4414 Corh.
817 4360 978 4413 habet
1013 4361 1077 4413 ab
1110 4358 1336 4413 Hebron.
1783 4395 1787 4398 -

386 4432 417 4471 δ
461 4432 635 4485 Editio
667 4430 997 4502 Badiihahet
1027 4448 1042 4502 ς
1078 4429 1514 4502 Πηιιῃιριαάίιιηι
1540 4429 1687 4484 habet
1724 4448 1907 4502 passus

316 4514 517 4559 centum
546 4502 722 4571 viginti
748 4501 985 4569 quinque.
1018 4501 1104 4556 Sic
1126 4508 1181 4553 et
1210 4497 1436 4564 Plinius,
1468 4500 1557 4554 lib.
1588 4516 1627 4564 ι,
1652 4497 1769 4569 cap.
1798 4500 1900 4556 23:

318 4550 1231 4649 se'is‘i.;,‘f.~.,i.-t,'eaeaeae}
1256 4550 1901 4649 ὲῇίὶέᾇᾷᾆιέξῖιὸὶᾂόἶάῖῇέίὶ
1932 4550 1983 4619 D

319 4660 536 4709 passus,
585 4642 679 4693 hoc
707 4650 811 4702 est,
847 4642 997 4707 pedes
1040 4651 1300 4694 sexcentos
1329 4641 1507 4710 viginti
1545 4642 1781 4709 quinque.
1828 4643 1902 4698 De

319 4714 627 4784 Babylonia:
679 4725 807 4765 vero
851 4711 1200 4784 amplitudine
1250 4710 1414 4784 plura
1446 4711 1644 4784 habent
1702 4714 1898 4782 passim

316 4780 513 4837 vctn'sti
553 4790 836 4845 auctores,
877 4782 966 4849 qui
1012 4796 1129 4834 eam
1181 4781 1467 4847 provinciae
1516 4780 1713 4846 potius
1741 4798 1898 4847 quam

316 4855 466 4908 urbis
495 4853 714 4905 nomine
752 4851 1050 4904 donandam
1080 4852 1429 4918 scripserunt.
1465 4850 1517 4903 In
1548 4850 1901 4909 describendo

314 4925 486 4992 ipsius
533 4922 733 4993 ambitu
770 4921 930 4993 varia:
971 4928 1095 4975 sunt
1135 4920 1308 4993 Orosii
1337 4921 1633 4993 editiones,
1681 4922 1775 4975 lib.
1818 4938 1897 4993 tt,

316 4990 435 5062 cap.
460 4996 512 5053 6,
536 4992 659 5045 aliis
681 4992 710 5045 7
738 4992 1012 5059 :quaedam
1038 4993 1179 5047 enim
1207 4990 1583 5062 habentstadia
1604 4990 1895 5056 ccccuxx,

312 5060 433 5117 aliis
466 5077 592 5117 vero
624 5076 874 5125 cccccxx,
912 5076 1069 5129 quam
1101 5060 1446 5129 posteriorem
1485 5062 1768 5116 lectionem
1814 5064 1895 5116 al-

313 5135 413 5188 teri
467 5131 853 5200 prmfereudam
905 5146 1027 5186 esse
1084 5130 1324 5199 Gregorii
1380 5131 1546 5183 nostri
1607 5133 1895 5187 auctoritas

313 5206 618 5272 pvrsuadet.
656 5201 957 5272 Babylonia
997 5202 1254 5254 ambitum
1288 5215 1512 5254 CCCLVIII
1556 5202 1741 5272 stadiis
1768 5218 1897 5256 con-

311 5264 476 5329 cludit
518 5276 745 5339 Quintus
767 5264 990 5325 Curtius
1022 5272 1113 5325 lib.
1142 5287 1206 5336 v,
1250 5286 1399 5326 num.
1431 5276 1483 5337 1,
1520 5264 1606 5326 υΒί
1649 5274 1797 5340 p'ura
1828 5274 1897 5328 de

312 5348 413 5399 hac
449 5344 582 5399 urbe
611 5344 745 5397 scitu
783 5342 939 5411 digna
972 5342 1154 5396 habet.

388 5426 410 5453 ε
454 5417 576 5469 Ιιιεο
624 5414 800 5469 omnia
849 5410 1072 5467 Orosius
1114 5411 1371 5468 describit
1415 5410 1509 5466 lib.
1551 5425 1623 5477 ιι,
1665 5411 1889 5480 Histor.,

309 5501 431 5542 can.
464 5489 516 5541 7.

378 5502 538 5613 θ’
566 5554 695 5610 Mss.
729 5556 875 5623 Bec.,
922 5554 1054 5627 Reg.
1089 5563 1142 5611 et
1170 5550 1392 5624 Regm.;
1424 5551 1513 5607 alii
1561 5552 1758 5607 habent
1784 5550 1893 5605 Fa-

308 5630 387 5682 ter
401 5670 417 5692 ,
449 5628 651 5697 Ragau.

382 5691 411 5736 εί
448 5691 578 5751 Cod.
612 5697 772 5750 Corh.
806 5696 964 5751 habet
992 5695 1126 5761 900;
1160 5695 1308 5757 Rcc.,
1339 5691 1465 5748 945.

385 5768 403 5805 ι
448 5768 589 5824 idem
618 5767 746 5822 dicit
774 5778 958 5823 auctor
988 5765 1251 5821 sermonis
1277 5764 1309 5817 6
1340 5762 1661 5831 Appendicis
1690 5761 1747 5815 S.
1782 5765 1889 5816 Au-

2018 3307 2150 3375 seph
2205 3308 2271 3362 de
2322 3309 2551 3378 Rachel,
2602 3317 2945 3385 nonagesimo
2992 3323 3227 3375 secundo
3276 3328 3446 3381 anatis
3486 3346 3602 3385 sure

2016 3414 2178 3455 anno.
2210 3400 2360 3455 iluuc
2389 3405 2598 3458 cazteris
2632 3407 2753 3461 ﬁliis
2786 3412 2885 3479 12
2917 3409 3033 3478 plus
3062 3415 3271 3467 dilexit.
3303 3417 3498 3473 Ilabuit
3530 3438 3599 3478 ex

2014 3492 2074 3543 ea
2118 3502 2170 3544 et
2215 3492 2495 3561 Benjamitt
2547 3497 2790 3552 ultimum
2834 3503 3093 3557 omnium.
3144 3503 3341 3575 Ioseph
3386 3521 3598 3579 autem,

2014 3580 2282 3671 decimum
2314 3596 2524 3640 sextum
2556 3588 2729 3643 mtatis
2759 3605 2957 3646 annum
2988 3595 3218 3660 habens,
3257 3609 3435 3668 typum
3469 3618 3599 3671 pne.

2013 3668 2189 3728 ferens
2227 3673 2603 3745 Redemptoris
2626 3721 2639 3745 ,
2674 3681 2805 3735 vidit
2848 3686 3055 3739 somnia
3082 3704 3200 3757 qua:
3231 3668 3488 3747 fratribus
3519 3711 3601 3749 re-

2013 3766 2129 3819 tulit
2158 3783 2173 3820 :
2202 3767 2361 3835 Quasi
2408 3770 2712 3839 manipulos
2758 3772 2941 3843 legens
2971 3773 3020 3841 ιι,
3050 3793 3183 3847 quos
3228 3796 3446 3837 suorum
3495 3786 3596 3839 fra-

2010 3864 2153 3911 trum
2200 3858 2454 3927 manipuli
2505 3859 2812 3917 adorarent.
2856 3865 2917 3919 Et
2962 3866 3154 3922 iterum
3186 3887 3198 3922 :
3231 3870 3392 3936 Quasi
3422 3874 3502 3928 sol
3546 3883 3599 3930 et

2010 3948 2133 4002 luna
2163 3963 2281 4002 cum
2306 3950 2552 4005 undecim
2584 3953 2752 4007 stellis
2782 3956 3122 4023 prociderent
3148 3971 3273 4016 ante
3294 3978 3440 4018 eum.
3468 3966 3599 4031 Quae

2010 4058 2096 4099 res
2126 4059 2371 4113 magnum
2401 4045 2449 4099 ei
2481 4059 2601 4099 cum
2626 4045 2882 4103 fratribus
2909 4051 3088 4105 odium
3121 4042 3412 4119 generavit.
3448 4057 3599 4113 Unde

2009 4143 2065 4190 et
2091 4134 2401 4189 inflammati
2434 4135 2656 4203 invidia,
2690 4138 2874 4207 viginti
2902 4138 2920 4177 1
2953 4157 3075 4195 eum
3107 4148 3372 4212 argenteis
3400 4146 3597 4202 lsmae-

2010 4228 2119 4282 litis
2150 4230 2204 4282 in
2244 4227 2539 4299 IEgyptum
2577 4232 2977 4287 transeuntibus
3008 4235 3381 4293 vendiderunt.
3419 4238 3597 4293 inuni-

2010 4361 2205 4431 guStini
2230 4405 2245 4428 ,
2283 4372 2452 4434 antea
2476 4361 2537 4413 7i
2581 4361 2652 4434 de
2676 4371 2944 4433 tempore,
2975 4366 3062 4434 qui
3093 4374 3147 4421 et
3191 4366 3371 4421 laudat
3401 4370 3593 4424 Hiero-

2008 4448 2248 4503 nymum.
2279 4431 2455 4503 Sediid
2482 4433 2745 4503 reperitur
2771 4431 2819 4487 in
2843 4450 2961 4503 Cap.
2992 4431 3057 4491 15
3081 4441 3586 4496 commentariorum

2010 4501 2062 4555 in
2095 4502 2349 4572 Marcum,
2385 4502 2443 4557 S.
2478 4501 2803 4572 Hieronymo
2833 4501 3107 4572 perperam
3150 4509 3549 4562 attributorum.

2085 4580 2109 4618 ε
2151 4569 2457 4642 Gennadius
2486 4573 2536 4624 in
2567 4569 3089 4642 Catalogo‘virorum
3123 4577 3405 4632 illustrium
3452 4579 3591 4634 inter

2008 4641 2220 4714 Severi__
2234 4641 2457 4714 Sulpicii
2485 4656 2647 4709 opera
2690 4641 2935 4714 recenset
2973 4644 3311 4711 Chronicam,
3346 4663 3451 4714 quo
3491 4663 3587 4701 uo.

2009 4714 2152 4787 mine
2183 4710 2465 4787 Historiam
2497 4725 2701 4764 sacram
2731 4712 2798 4787 ab
2825 4727 2890 4787 eo
2910 4714 3105 4787 editam
3141 4724 3265 4781 puto
3293 4710 3580 4787 designari.

2007 4780 2063 4835 in
2095 4796 2157 4835 ea
2185 4789 2358 4834 tamen
2384 4780 2529 4834 Isaac
2559 4794 2718 4843 supra
2749 4782 3004 4836 Calvarize
3036 4780 3269 4839 montem
3304 4780 3587 4843 immolau-

2005 4852 2129 4921 dum
2157 4865 2183 4921 a
2218 4859 2365 4917 patre
2404 4852 2619 4904 ductum
2648 4850 2811 4905 fuisse
2838 4868 2944 4906 non
2987 4854 3123 4921 lego.

2082 4918 2108 4957 ιι
2147 4920 2341 4991 Gencs.
2362 4935 2489 4991 cap.
2522 4921 2583 4973 17
2608 4936 2671 4974 ex
2702 4923 2891 4975 Abram
2921 4918 3215 4991 appellatur
3242 4926 3514 4981 Abraham.

2083 4990 2098 5027 ί
2146 4990 2236 5044 Sic
2276 4990 2397 5043 cod.
2443 4989 2610 5058 Reg.;
2658 4992 2745 5043 alii
2776 4989 3185 5047 διωιιιιιηοηοε
3220 5006 3272 5047 at
3315 4997 3381 5049 89
3426 4997 3589 5055 simul

2005 5074 2125 5114 cum
2158 5059 2257 5113 ΠΟ
2287 5058 2560 5113 efﬁcerent
2588 5060 2713 5114 259.
2748 5062 2892 5126 Bec.,
2923 5063 3046 5115 vixit
3091 5080 3177 5117 an.
3208 5064 3334 5118 248.

2080 5132 2094 5179 i
2150 5132 2214 5183 Et
2244 5140 2418 5183 tamen
2450 5128 2542 5183 lib.
2575 5129 2692 5193 Job,
2723 5146 2842 5199 cap.
2866 5142 2919 5185 et
2942 5149 3082 5188 vers.
3113 5137 3231 5195 ult.,
3261 5135 3361 5188 Joh
3389 5134 3587 5192 dicitur

2002 5198 2477 5272 vixisseposthtec
2508 5200 2611 5253 140
2654 5198 2829 5272 annis.
2875 5202 3060 5257 Versio
3102 5204 3317 5272 Syriaca
3360 5214 3411 5255 et
3452 5211 3586 5261 Ara-

2003 5270 2119 5324 bica
2162 5269 2302 5333 Mli;
2344 5269 2420 5324 sic
2446 5279 2497 5323 et
2528 5271 2704 5323 versio
2735 5271 2942 5336 Grmca,
2972 5288 3090 5337 qua:
3120 5269 3278 5325 etiam
3314 5273 3468 5327 habet
3504 5290 3583 5325 to.

2003 5349 2108 5393 tam
2132 5340 2234 5393 Job
2258 5340 2416 5394 vitam
2446 5338 2609 5395 fuisse
2634 5343 3026 5396 annorum‘ﬁw
3049 5359 3061 5394 :
3086 5344 3228 5410 quod
3253 5358 3355 5397 nou
3383 5345 3582 5403 habent

2001 5410 2118 5463 alite
2149 5410 2439 5465 versiones.

2075 5479 2100 5516 ιι
2141 5479 2272 5533 Cod.
2307 5481 2524 5556 Regim,
2573 5479 2773 5556 learns,
2815 5496 3065 5556 ruuntque
3108 5484 3431 5549 manipulum
3473 5485 3582 5556 [rae

2005 5559 2140 5623 trum
2157 5591 2170 5611 ,
2216 5560 2317 5603 etc.
2348 5567 2361 5613 ;
2402 5552 2520 5623 cod_.
2575 5551 2707 5619 Reg.
2743 5551 2899 5603 habet
2930 5552 3094 5620 ligans
3122 5570 3367 5623 suumque
3388 5599 3403 5622 ,
3434 5551 3539 5610 etc.
3559 5593 3579 5621 ,

2007 5616 2257 5690 quodest
2285 5625 2446 5674 textui
2477 5616 2749 5690 Geneseus
2780 5616 3148 5676 conterimus.-

2040 5761 2047 5769 .
2082 5688 2097 5725 ι
2147 5688 2236 5743 Sic
2265 5691 2475 5761 Regum,
2504 5688 2639 5745 sicut
2665 5699 2719 5744 et
2766 5691 2815 5744 in
2845 5690 3096 5759 Genesi.;
3144 5694 3231 5749 alii
3262 5693 3457 5748 habent
3475 5692 3572 5749 tri-

2000 5776 2082 5827 gzn
2093 5770 2165 5813 ta.
3024 5790 3025 5793 π
