4006 6182
425 362 525 419 167

1448 352 1507 408 S.
1546 345 1873 408 GliEGORll
1910 346 2216 401 EPISCOPI
2256 347 2687 403 TURONENSIS

3579 355 3676 409 168

422 482 581 527 uente
627 478 807 525 autem
835 466 1005 532 fame,
1049 478 1171 519 cum
1199 461 1600 520 descendissent
1633 461 1687 516 hi
1715 460 1767 515 in
1797 459 1999 530 Egyp-
2027 458 2079 516 A
2106 471 2210 526 quo
2240 459 2465 512 transitu
2488 458 2671 523 multa,
2703 466 2759 512 ut
2787 457 2916 524 dixi,
2949 468 3271 515 narrantur:
3303 460 3397 515 sed
3420 475 3519 517 nos
3542 442 3685 531 quod

423 577 564 629 tum,
597 562 793 629 cogniti
844 568 964 612 sunt
1009 572 1039 611 a
1065 556 1293 625 Ioseph,
1325 570 1424 609 nec
1451 565 1628 609 tamen
1660 552 1761 619 ipsi
1804 550 2003 617 Joseph

421 659 801 724 cognoverunt.
839 649 958 718 Ipse
992 657 1168 701 tamen
1208 660 1267 700 se
1295 646 1377 701 his
1427 653 1548 714 post
1582 645 1778 698 multas
1818 657 2004 698 eorum

419 744 787 813 tatigationes,
833 750 886 794 et
932 738 1163 792 adducto
1215 736 1522 805 Benjamin,
1562 732 1855 788 declaravit
1890 748 1903 785 :
1938 729 2006 786 de

422 833 618 889 Rachel
647 833 787 886 enim
819 839 987 884 matre
1012 842 1107 882 sua
1139 836 1296 881 natus
1324 834 1379 880 et
1402 824 1490 879 hic
1516 824 1707 879 fuerat.
1739 822 1865 877 Post
1892 819 2006 875 ha'c

423 923 749 980 descendunt
777 920 959 975 cuncti
988 918 1244 973 Israelita:
1273 917 1327 971 in
1374 916 1683 986 iEgypIum,
1715 925 1769 969 et
1798 928 1892 981 per
1914 912 2006 968 Jo—

418 1016 553 1082 seph
607 1013 900 1067 Pharaonis
938 1010 1105 1080 gratia
1152 1017 1392 1062 utuntur.
1443 1007 1609 1063 Jacob
1658 1016 1834 1061 autem
1883 1014 2007 1075 post

422 1106 736 1161 benedictos
786 1103 924 1156 filios
950 1114 1078 1155 suos
1106 1102 1157 1153 in
1187 1099 1421 1170 [Egypto
1451 1100 1712 1163 moritur,
1736 1106 1790 1152 et
1836 1096 1888 1151 in
1920 1111 2005 1151 se-

422 1194 607 1263 pulcro
638 1202 663 1229 α
697 1194 864 1262 patris
890 1192 970 1244 sui
1005 1192 1149 1243 Isaac
1178 1189 1434 1258 sepelitur
1461 1190 1511 1243 in
1546 1180 1685 1242 terra
1726 1187 2003 1244 Chanaan.

424 1286 631 1338 Mortuo
679 1294 854 1337 autem
887 1282 1083 1349 Joseph
1116 1291 1276 1349 atque
1308 1281 1584 1334 Pharaone
1610 1280 1639 1319 ιι
1662 1320 1678 1345 ,
1724 1280 2005 1350 subjicitur

423 1384 613 1428 cuncta
640 1373 914 1444 generatio
945 1372 1210 1436 servituti,
1242 1387 1358 1440 qua:
1392 1386 1484 1439 per
1511 1372 1726 1440 Moysen
1757 1381 1873 1439 post
1912 1371 2005 1427 de-

422 1481 538 1519 cem
572 1465 751 1533 plagas
783 1462 999 1533 [Egypti
1035 1461 1311 1528 liberatur,
1345 1459 1594 1515 demerso
1622 1459 1902 1515 Pharaone
1949 1460 2005 1516 in

423 1557 557 1612 mari
601 1555 802 1609 Rubro.

497 1646 568 1701 X.
603 1646 670 1700 Et
695 1647 946 1715 quoniam
971 1644 1037 1699 de
1066 1643 1169 1699 hoc
1195 1644 1358 1698 maris
1386 1643 1610 1697 transitu
1639 1642 1819 1712 plures
1842 1641 2004 1696 multa

423 1738 693 1804 dixerunt,
725 1737 896 1791 visum
926 1745 1029 1802 est,
1062 1745 1120 1790 ut
1148 1736 1216 1790 de
1245 1735 1350 1789 situ
1380 1735 1481 1789 loci
1513 1734 1681 1798 illius,
1726 1734 1810 1788 vel
1842 1732 2005 1803 ipsius

2105 561 2134 600 a
2162 549 2512 635 sapientibus,
2541 558 2600 605 et
2623 559 2771 606 certe
2801 551 2904 606 illis
2934 550 3260 617 hominibus,
3287 554 3375 615 qui
3407 553 3459 607 in
3489 555 3687 610 eodem

2105 638 2224 696 loco
2251 651 2623 709 accesserant,
2671 658 2853 699 verum
2895 644 3243 714 cognovimus
3269 684 3286 711 ,
3335 659 3397 700 ea
3448 645 3693 701 inserere

2113 730 2419 801 studuimus
2469 733 2694 801 paginre.
2727 733 2892 788 Aiunt
2936 733 3081 788 enim
3110 734 3323 798 sulcos,
3374 750 3512 804 quos
3555 744 3690 790 rnte

2102 834 2357 874 curruum
2387 822 2654 890 fecerant,
2687 835 2856 890 usque
2887 822 3047 877 hodie
3077 838 3411 893 permanere,
3440 835 3495 879 et
3522 840 3691 894 quan-

2105 919 2214 964 tum
2243 913 2383 965 acies
2413 911 2687 966 oculorum
2710 912 2891 968 videre
2918 921 3113 982 potest,
3146 914 3197 968 in
3232 900 3495 983 profundo
3516 917 3685 971 cerni.

2104 1000 2249 1067 Quos
2295 1002 2341 1056 si
2395 1002 2663 1056 modicum
2700 1007 2999 1059 commotio
3044 1008 3206 1059 maris
3252 1008 3548 1071 obtexerit,
3597 1007 3693 1061 illo
3760 1076 3775 1083 κ

2104 1093 2437 1160 quiescente,
2470 1108 2680 1148 rursum
2712 1093 2967 1149 divinitus
2996 1104 3321 1149 renovantur
3352 1105 3409 1150 ut
3456 1098 3685 1153 fuerant.

2109 1183 2295 1240 Dicunt
2343 1184 2457 1251 alii,
2489 1188 2632 1255 quod
2674 1185 2742 1241 ad
2768 1186 2935 1256 ipsam
2965 1188 3158 1256 ripam,
3191 1188 3329 1243 facto
3359 1191 3567 1243 modico
3595 1204 3691 1259 per

2104 1289 2251 1328 mare
2280 1274 2506 1329 circuitu
2532 1316 2548 1341 ,
2603 1276 2746 1332 unde
2794 1278 3019 1347 ingressi
3052 1278 3295 1341 fuerant,
3327 1281 3433 1333 siut
3463 1282 3687 1337 reversi.

2105 1363 2212 1419 Alii
2236 1379 2366 1419 vero
2392 1374 2676 1431 asserunt,
2730 1381 2892 1420 unum
2923 1369 3129 1420 cunctis
3176 1369 3473 1437 ingressum
3508 1386 3523 1422 :
3557 1385 3691 1424 non-

2105 1453 2259 1519 nulli,
2291 1456 2573 1526 unicuique
2601 1456 2759 1510 tribui
2782 1471 2932 1511 suam
2964 1460 3201 1524 patuisse
3227 1460 3399 1530 viam,
3434 1460 3562 1514 illud
3609 1471 3692 1515 te—

2106 1548 2412 1603 stimonium
2437 1550 2678 1604 Psalterii
2695 1549 3017 1605 adducentes
3035 1560 3058 1588 ο
3080 1567 3093 1605 :
3120 1552 3221 1618 Qui
3242 1552 3408 1606 divisit
3422 1570 3569 1621 (mare
3588 1553 3692 1606 Ru-

2108 1641 2254 1697 brum
2297 1643 2351 1695 in
2390 1642 2658 1698 divisiones
2700 1642 2872 1712 (Psat.
2912 1659 3112 1711 cxxxv,
3156 1645 3262 1716 I5),
3297 1646 3398 1716 ιίι
3416 1662 3548 1716 quas
3592 1665 3690 1704 nos

2106 1732 2396 1788 divisiones
2421 1733 2754 1803 spiritaliter,
2784 1741 2840 1788 et
2887 1749 2992 1789 non
3017 1736 3309 1790 secundum
3341 1737 3571 1792 litteram
3605 1741 3689 1793 in—

423 1830 678 1896 transitu,
727 1828 902 1896 aliqua
957 1827 1077 1881 huic
1133 1827 1364 1881 inseram
1414 1826 1651 1880 lectioni.
1704 1824 1854 1879 Nilus
1904 1840 2002 1894 per
2036 1812 2080 1871 Β
2109 1826 2349 1894 telligere
2372 1835 2606 1895 oportet.
2637 1826 2772 1881 Sunt
2800 1829 2939 1882 enim
2970 1836 3025 1882 et
3070 1829 3121 1881 in
3170 1828 3272 1883 hoc
3297 1831 3515 1897 saeculo,
3547 1832 3688 1899 quod

422 1925 739 1994 Egyptum,
766 1924 904 1975 sicut
930 1921 1128 1990 optime
1160 1921 1351 1988 nostis,
1379 1918 1637 1983 decurrit,
1663 1928 1717 1972 et
1748 1920 1863 1984 ipse
1888 1932 2005 1971 eam

423 2019 626 2084 impetu
650 2006 766 2087 suo
794 2015 1015 2082 irrigat:
1046 2012 1187 2065 unde
1207 2021 1261 2066 et
1296 2011 1534 2080 Aggyptii
1565 2009 1802 2064 Nilicolas
1828 2009 2011 2078 appel-

424 2106 620 2160 lantur.
648 2101 812 2173 Cujus
841 2116 979 2155 nunc
1026 2101 1202 2165 littora
1246 2100 1397 2154 multi
1432 2099 1671 2153 locorum
1715 2098 2011 2166 perlustra-

423 2208 588 2259 tores,
622 2194 816 2249 referta
848 2194 1016 2247 sacris
1059 2189 1403 2244 monasteriis
1447 2188 1634 2242 dicunt
1662 2201 1804 2242 esse.
1836 2186 2011 2255 Super

425 2289 595 2355 ripam
626 2299 755 2338 vero
784 2284 902 2351 ejus
949 2296 1055 2335 non
1103 2280 1424 2351 Babylonia,
1473 2279 1543 2334 de
1572 2294 1676 2349 qua
1707 2292 1869 2347 supra
1899 2291 2012 2332 me-

425 2379 710 2441 minimus,
763 2373 855 2428 sed
902 2372 1191 2444 Batylonia
1223 2372 1391 2425 altera
1419 2370 1613 2424 civitas
1643 2378 1665 2407 ε
1699 2369 2009 2435 collocatur,

431 2472 486 2525 in
515 2484 617 2540 qua
663 2467 860 2536 Joseph
891 2468 1079 2519 horrea
1110 2465 1246 2520 miro
1276 2478 1437 2534 opere
1480 2462 1547 2518 de
1576 2460 1840 2531 lapidibus
1880 2476 2013 2532 qua-

426 2562 540 2616 dris
571 2572 624 2615 et
653 2567 918 2613 cmmento
945 2556 1233 2610 aediﬁcavit
1260 2571 1273 2607 :
1308 2556 1379 2608 ita
1409 2564 1469 2609 ut
1496 2554 1561 2608 ad
1605 2552 1825 2608 fundum
1855 2567 2014 2621 capa-

427 2653 570 2707 ciora
591 2689 607 2716 ,
638 2650 703 2703 ad
733 2663 995 2702 summum
1028 2661 1154 2702 vero
1179 2646 1465 2701 constricta
1500 2645 1599 2716 13
1634 2645 1779 2710 sint',
1823 2653 1877 2699 ut
1922 2659 2015 2713 per

426 2741 704 2809 parvulum
750 2739 989 2793 foramen
1036 2737 1231 2791 ibidem
1265 2737 1495 2789 triticum
1539 2737 1809 2804 jaceretur
1835 2774 1852 2800 ,
1894 2750 2014 2804 quae

427 2831 616 2887 horrea
650 2844 817 2899 usque
864 2827 1027 2883 hodie
1070 2837 1383 2882 cernuntur.
1418 2827 1493 2881 De
1532 2825 1634 2881 hac
1676 2826 1891 2880 civitate
1921 2840 2014 2880 rex

427 2923 493 2977 ad
543 2920 971 2991 persequendum
1026 2919 1320 2984 Ilehrazos,
1367 2932 1489 2971 cum
1520 2917 1843 2971 exercitibus
1892 2932 2015 2971 cur-

427 3030 605 3077 ruum,
638 3028 699 3066 ac
731 3011 893 3064 multa
920 3009 1150 3078 pedestri
1181 3023 1340 3062 manu
1369 3006 1605 3062 directus
1633 3016 1733 3061 est.
1770 3008 1908 3061 Ante
1936 3006 2016 3061 di-

432 3115 551 3159 ctus
578 3119 706 3158 vero
737 3103 929 3156 lluvitts
958 3103 1026 3155 ab
1058 3100 1277 3155 Oriente
1323 3100 1571 3165 veniens,
1605 3098 1670 3153 ad
1707 3099 2013 3154 occidenta-

2111 1916 2398 1985 ftguraliter
2426 1932 2572 1970 mare
2609 1917 2825 1983 dicitur,
2854 1918 3034 1972 multa:
3058 1918 3349 1974 divisiones
3373 1936 3387 1974 :
3419 1936 3520 1975 non
3545 1923 3687 1976 enim

2110 2008 2385 2075 aequaliter
2429 2017 2690 2077 possunt,
2741 2019 2835 2065 aut
2887 2026 2981 2077 per
3029 2026 3185 2065 unam
3222 2011 3360 2066 viam
3411 2013 3477 2067 ad
3525 2014 3688 2068 vitam

2109 2098 2286 2152 cuncti
2329 2098 2578 2154 transire.
2622 2100 2722 2155 Alii
2753 2109 2929 2156 autem
2960 2110 3237 2158 transeunt
3273 2103 3323 2158 in
3358 2104 3539 2160 horam
3583 2107 3689 2175 pri-

2110 2205 2293 2245 mam:
2321 2190 2372 2244 id
2404 2199 2486 2246 est
2512 2192 2600 2258 qui
2632 2194 2802 2247 renati
2844 2209 2937 2263 per
2975 2194 3313 2263 baptismum,
3363 2198 3690 2252 immaculati

2110 2281 2181 2335 ab
2221 2282 2365 2337 omni
2415 2281 2821 2351 Inquinamento
2865 2287 3043 2341 carnis
3074 2286 3363 2356 perdurare
3413 2304 3582 2359 usque
3624 2291 3688 2342 ad

2111 2370 2236 2425 vita:
2279 2373 2558 2441 prtesentis
2596 2375 2794 2428 exitum
2834 2386 3076 2444 possunt.
3124 2377 3226 2432 Alii
3257 2378 3323 2432 ad
3358 2378 3539 2433 horam
3586 2390 3690 2434 ter-

2115 2458 2277 2525 tiam,
2311 2460 2559 2516 vidclicet
2586 2462 2673 2530 qui
2724 2465 2913 2532 majori
2964 2473 3121 2519 :rtate
3150 2477 3553 2521 convertuntur.
3588 2468 3690 2523 Alii

2117 2551 2183 2605 ad
2225 2564 2456 2619 sextam,
2499 2553 2589 2623 qui
2617 2553 2840 2610 luxuriae
2869 2555 3136 2612 fervorem
3187 2568 3475 2613 coercent:
3507 2570 3558 2614 et
3600 2575 3693 2628 per

2115 2642 2214 2698 has
2257 2660 2493 2715 quasque
2539 2644 2736 2713 horas,
2784 2648 2921 2702 sicut
2972 2648 3308 2719 Evangelista
3346 2650 3557 2722 (Matth.
3594 2656 3692 2720 xx)

2114 2740 2518 2801 commemorat,
2548 2735 2615 2791 ad
2638 2752 2857 2805 cperam
2887 2738 3170 2795 dominicas
3197 2741 3369 2795 vineae
3398 2722 3691 2798 secundum

2116 2825 2275 2881 fidem
2318 2828 2588 2896 propriam
2635 2829 3025 2883 conducuntur.
3081 2830 3172 2885 Ila:
3215 2841 3340 2886 sunt
3365 2832 3693 2902 divisiones,

2115 2918 2306 2987 quibus
2355 2933 2451 2987 per
2491 2918 2593 2973 hoc
2626 2935 2773 2975 mare
2816 2923 3092 2979 transitur.
3125 2921 3253 2976 Illud
3295 2939 3423 2977 vero
3446 2914 3582 2993 quod
3628 2927 3694 2981 ad

2117 3022 2264 3063 mare
2294 3024 2461 3078 usque
2505 3010 2817 3076 venientes,
2862 3009 3007 3066 littus
3037 3012 3207 3081 stagni
3236 3022 3475 3069 tenentes
3515 3031 3695 3071 ret-er—

2119 3104 2332 3167 tuntur,
2383 3099 2513 3153 illud
2558 3111 2638 3155 est
2678 3100 2819 3170 quod
2863 3102 3116 3156 Dominus
3147 3104 3210 3157 ad
3256 3104 3473 3176 Moysen
3519 3106 3693 3162 dixit:

428 3198 531 3251 lem
561 3195 764 3264 plagam
790 3208 972 3248 versus
994 3192 1233 3245 Rubrum
1258 3206 1403 3245 mare
1428 3190 1567 3244 vadit
1601 3206 1617 3245 :
1642 3190 1709 3244 ab
1732 3191 2019 3245 Occidente
2042 3170 2090 3233 (ἶ
2127 3190 2332 3244 Reversi
2361 3200 2529 3245 castra
2553 3200 2806 3245 metemur
2830 3209 2856 3245 e
2886 3194 3088 3262 regione
3128 3192 3456 3261 Phiahfroth,
3487 3213 3600 3263 qua:
3624 3206 3696 3251 est

429 3302 557 3340 vero
588 3294 833 3354 stagnum
878 3283 989 3337 sive
1020 3282 1297 3335 brachium
1328 3281 1398 3333 de
1428 3281 1559 3333 mari
1588 3279 1769 3334 Rubro
1800 3295 2019 3349 progre-

429 3377 607 3442 ditur,
653 3384 709 3431 et
756 3374 900 3428 vadit
947 3383 1134 3428 contra
1161 3372 1470 3437 Orientem,
1529 3370 1729 3425 habens
1774 3371 1824 3425 in
1858 3372 2019 3441 longo

430 3470 597 3524 millia
627 3466 839 3521 circiter
866 3462 1277 3533 quinquaginta;
1306 3461 1356 3514 in
1383 3461 1489 3514 lato
1514 3470 1727 3527 autem,
1749 3460 1934 3516 decem
1964 3473 2019 3519 et

437 3570 579 3623 octo.
617 3560 670 3612 In
700 3558 856 3626 hujus
895 3557 1069 3621 stagni
1109 3555 1283 3619 capite
1322 3551 1537 3624 Clysma
1577 3551 1821 3608 civitasd
1852 3554 2019 3608 (edifi-

437 3659 553 3703 cata
583 3655 684 3710 est,
720 3661 825 3699 non
857 3655 1076 3711 propter
1107 3642 1432 3696 fertilitatem
1482 3641 1602 3705 loci,
1640 3658 1758 3697 cum
1791 3643 1921 3696 nihil
1950 3644 2021 3698 sit

439 3741 559 3810 plus
589 3738 802 3800 Sterile,
834 3735 926 3790 sed
956 3744 1172 3803 propter
1203 3747 1411 3803 portum
1447 3753 1459 3788 :
1490 3736 1611 3813 quia
1639 3748 1803 3789 naves
1831 3737 1898 3790 ab
1929 3736 2018 3790 In-

433 3831 535 3885 dils
559 3832 855 3892 venientes,
884 3828 1077 3881 ibidem
1102 3827 1169 3879 ob
1194 3835 1378 3893 portus
1400 3827 1848 3895 opportunitatem
1871 3828 2021 3895 quie-

429 3930 621 3984 scunt;
667 3920 736 3973 ibi
785 3926 1110 3986 comparata:
1155 3931 1360 3970 merces
1410 3932 1503 3984 per
1533 3925 1696 3971 totam
1728 3917 2018 3989 [Egyptum

430 4014 801 4080 deportantur.
835 4008 915 4063 Ad
948 4008 1048 4061 hoc
1075 4017 1320 4075 stagnum
1352 4021 1450 4074 per
1478 4005 1752 4060 desertum
1803 4007 2019 4061 Hebraei

430 4102 729 4166 tendentes,
776 4113 943 4167 usque
993 4097 1059 4151 ad
1091 4096 1263 4163 ipsum
1297 4110 1440 4150 mare
1478 4106 1771 4164 venerunt,
1825 4096 2017 4151 inven-

430 4195 603 4263 tisque
631 4191 876 4247 dulcibus
907 4191 1058 4259 aquis
1087 4198 1260 4242 castra
1296 4187 1478 4241 metati
1507 4197 1649 4241 sunt.
1681 4188 1735 4241 In
1770 4188 1869 4244 hoc
1890 4204 2018 4259 ergo

431 4295 585 4338 arcto
613 4283 766 4346 loco,
816 4292 921 4334 tam
951 4281 1017 4333 ab
1045 4293 1230 4333 eremo
1261 4292 1417 4347 quam
1445 4278 1511 4330 ab
1544 4279 1658 4345 ipso
1686 4280 1849 4344 mari,
1890 4293 2020 4333 con-

431 4379 710 4439 sederunt,
743 4375 881 4428 sicut
922 4373 1179 4441 scriptum
1210 4379 1293 4426 est
1319 4387 1334 4425 :
1359 4372 1581 4424 Audiens
1621 4369 1851 4435 Pharao,
1880 4372 2017 4439 quod

430 4469 755 4523 conclusisset
785 4482 869 4518 eos
900 4480 1039 4517 mare
1068 4473 1221 4533 atque
1268 4464 1538 4525 desertum,
1569 4478 1658 4516 nec
1688 4472 1814 4515 esset
1840 4462 1912 4516 eis
1939 4463 2017 4516 via

2123 3281 2257 3332 inter
2284 3279 2581 3351 Magdalunt
2603 3292 2649 3333 et
2673 3296 2811 3335 mare
2830 3293 3008 3335 contra
3034 3282 3338 3352 Beelsephon
3362 3284 3555 3355 (Exod.
3581 3303 3692 3353 xw,

2121 3369 2200 3440 2).
2230 3371 2337 3425 Nec
2362 3372 2500 3425 enim
2532 3370 2750 3424 dubium
2779 3382 2880 3437 est,
2912 3372 3053 3441 quod
3097 3374 3351 3428 transitus
3380 3376 3471 3430 ille
3511 3378 3691 3445 maris,

2121 3460 2205 3514 vel
2254 3460 2497 3515 columna
2547 3462 2701 3516 nubis
2744 3472 2923 3532 typum
2967 3464 3231 3533 gesserint
3277 3466 3445 3520 nostri
3496 3467 3696 3534 baptis-

2121 3551 2299 3620 matis,
2331 3550 2541 3607 dicente
2570 3554 2724 3605 beato
2768 3552 2933 3607 Paulo
2960 3555 3199 3623 apostolo
3224 3570 3237 3606 :
3266 3554 3405 3609 Noto
3434 3572 3519 3609 vos
3546 3558 3696 3626 igno-

2120 3659 2256 3707 rare,
2304 3648 2520 3712 fratres,
2563 3645 2683 3715 quia
2711 3654 2883 3714 patres
2914 3646 3073 3699 nostri
3096 3662 3268 3700 omnes
3311 3649 3402 3699 sub
3430 3648 3557 3702 nube
3584 3648 3695 3717 fue-

2119 3746 2261 3800 runt,
2287 3746 2333 3789 et
2360 3752 2530 3790 omnes
2573 3737 2627 3791 in
2660 3735 2868 3806 Moysen
2901 3736 3144 3803 baptizati
3169 3746 3285 3791 sunt
3311 3738 3362 3791 in
3394 3739 3524 3791 nube
3562 3748 3609 3793 et
3641 3739 3694 3792 in

2121 3829 2251 3882 mari
2283 3826 2335 3899 (Ι
2365 3827 2483 3881 Cor.
2533 3843 2596 3893 x,
2642 3828 2692 3892 I,
2724 3828 2803 3895 2).
2842 3826 3098 3882 Columna
3153 3843 3281 3884 vero
3332 3830 3468 3899 ignis
3513 3838 3694 3899 typum

2121 3920 2291 3974 sancti
2332 3920 2565 3987 Spiritus
2596 3919 2845 3987 pra-tulit.

2195 4013 2239 4065 A
2263 4013 2536 4066 nativitate
2562 4026 2690 4080 ergo
2720 4009 2949 4065 Abrahae
2976 4025 3142 4081 usque
3172 4011 3236 4066 ad
3259 4026 3528 4081 egressum
3562 4012 3696 4068 filio-

2120 4116 2238 4155 rum
2272 4101 2427 4155 Israel
2460 4117 2528 4156 ex
2572 4100 2821 4171 Egypto,
2878 4100 2959 4155 vel
2992 4101 3270 4156 transitum
3302 4101 3461 4171 maris
3492 4103 3649 4157 Rubri
3675 4144 3692 4169 ,

2120 4192 2212 4263 qui
2241 4192 2339 4247 fuit
2380 4193 2549 4263 Moysi
2587 4192 2944 4262 octogesimus
2974 4207 3164 4261 annus,
3194 4203 3543 4264 supputautur
3570 4196 3697 4249 anni

2122 4297 2347 4337 numero
2376 4282 2500 4336 462.

2191 4373 2285 4428 XI.
2317 4373 2519 4429 Exinde
2560 4388 2656 4443 per
2692 4372 3035 4442 quadragirita
3056 4388 3225 4428 anuos
3250 4373 3496 4428 Israelita!
3514 4388 3697 4435 eremo

2122 4477 2363 4532 utuntur,
2396 4468 2703 4522 imbuuntur
2747 4467 2990 4537 legibus;
3024 4467 3335 4536 probantur,
3366 4465 3698 4534 victibusque

430 4576 532 4624 qua
584 4566 785 4623 posst-nt
838 4571 1084 4626 pergere,
1134 4553 1202 4606 ad
1249 4553 1653 4623 persequendum
1704 4569 1789 4607 eos
1836 4553 2020 4607 diremit
2048 4542 2416 4626 Dpascuntur
2442 4557 2715 4625 angelicis.
2768 4557 3029 4625 Deinceps
3070 4557 3210 4612 enim
3262 4565 3381 4624 post
3425 4564 3698 4624 acceptant

430 4648 631 4715 (Exod.
665 4663 773 4712 xw,
802 4648 879 4714 5).
911 4648 1147 4715 Cumque
1175 4644 1590 4699 imminentibus
1623 4644 1706 4698 his
1734 4645 1900 4715 Moysi
1930 4660 2024 4711 po-

440 4739 596 4807 pulus
624 4738 994 4801 acclamasset,
1023 4738 1315 4791 secundum
1342 4741 1545 4805 jussum
1579 4738 1878 4793 Divinitatis
1902 4754 2023 4807 pro-

429 4830 565 4900 jecta
616 4827 761 4893 virga
814 4840 975 4893 super
1024 4841 1204 4891 mare,
1236 4825 1465 4880 divisum
1511 4836 1625 4893 est;
1675 4827 1886 4898 illisque
1928 4843 2020 4897 per

431 4920 574 4973 sicca
600 4916 989 4986 gradientibus,
1017 4928 1093 4979 et,
1130 4927 1188 4969 ut
1217 4918 1489 4983 Scriptura
1518 4921 1589 4972 ait
1617 4936 1633 4973 :
1661 4919 1814 4974 Muro
1853 4937 2016 4989 aqua-

431 5026 546 5066 rum
576 5009 800 5077 undique
852 5008 1029 5059 vallati
1063 5006 1258 5077 (Exod.
1295 5024 1403 5076 xtv,
1432 5009 1524 5078 ‘22)
1547 5053 1561 5076 ,
1607 5012 1659 5065 in
1688 5013 1834 5067 littus
1862 5011 2015 5078 illud,

432 5101 571 5172 quod
617 5108 701 5154 est
744 5106 931 5152 contra
962 5110 1195 5152 montem
1227 5099 1366 5168 Syna
1394 5140 1408 5164 ,
1449 5101 1599 5154 illmsi
1629 5117 1870 5169 prorsus,
1919 5103 2016 5157 de-

435 5193 628 5249 mersis
672 5191 968 5262 ;Egyptiis,
1003 5190 1184 5261 Moyse
1228 5191 1367 5245 duce
1415 5193 1897 5263 transgrediuntur.
1939 5194 2017 5251 De

507 5336 550 5402 ι.
572 5325 707 5379 Cod.
739 5326 946 5402 Begu},
978 5327 1031 5379 in
1052 5325 1294 5402 sepulcro
1336 5343 1430 5380 suo
1457 5345 1491 5381 a
1519 5327 1733 5397 Ioseph.
1783 5330 2015 5402 Utraque

430 5396 589 5451 lectio
616 5411 739 5449 vera
770 5413 837 5449 ex
872 5395 1090 5450 Genesi.

508 5464 556 5539 b_
577 5466 709 5519 Cod.
744 5465 954 5533 Regum,
986 5483 1017 5519 a
1042 5465 1320 5519 Pharaone
1362 5467 1660 5539 subjicitur,
1709 5486 1827 5539 qua:
1852 5472 2013 5527 etiam

434 5535 594 5590 lectio
629 5549 754 5587 vera
789 5546 890 5587 est.

512 5614 536 5642 ε
577 5605 699 5679 Haec
724 5603 883 5679 hodie
907 5606 1121 5679 Csirum
1143 5607 1469 5678 appellatur,
1488 5607 1618 5662 urbs
1640 5608 1853 5679 Egypti
1882 5626 2017 5677 pra:-

436 5675 592 5753 cip_ua
621 5676 686 5753 ad
734 5674 908 5753 bltluin
952 5674 1362 5753 ﬂuvium',‘olim
1413 5674 2023 5753 sultanorurisUEgypti,

437 5744 619 5809 sedes,
662 5744 825 5799 hodie
846 5743 1035 5799 Turcis
1072 5746 1299 5802 subdita.

2126 4647 2343 4716 Legem,
2378 4657 2820 4717 transgressoque
2841 4662 2959 4701 cum
2990 4647 3116 4702 Iesu
3147 4648 3289 4704 Nave
3316 4647 3566 4713 Jordaue,
3592 4656 3698 4702 ter-

2125 4756 2240 4796 ram
2280 4741 2709 4809 repromissionis
2741 4741 3025 4810 accipiunt.

2198 4831 2309 4885 XII.
2349 4832 2476 4885 Post
2515 4834 2665 4899 cujus
2704 4834 3007 4896 transitum,
3041 4832 3166 4886 dum
3217 4842 3479 4902 praecepta
3521 4834 3699 4891 divina

2126 4931 2474 4993 postponunt,
2516 4938 2658 4991 saepe
2702 4923 2755 4977 in
2797 4921 3210 4994 alienigenarum
3256 4927 3470 4979 servitio
3510 4926 3700 4994 subju-

2124 5026 2336 5085 gantur.
2386 5015 2487 5069 Sed
2542 5030 2662 5070 cum
2695 5017 2941 5070 conversi
2995 5016 3381 5085 ingemiscuut,
3437 5018 3700 5073 tribuente

2122 5109 2372 5177 Domino,
2409 5124 2504 5178 per
2546 5109 2781 5163 virorum
2826 5108 3040 5162 fortium
3074 5108 3344 5162 brachium
3384 5108 3695 5164 liberantur.

2122 5200 2364 5255 Postbtec
2409 5215 2503 5269 per
2530 5199 2851 5266 Samuelem,
2883 5213 3085 5268 regem,
3107 5199 3245 5253 sicut
3274 5198 3493 5268 reliqua:
3514 5212 3699 5268 gentes

2198 5333 2227 5371 ἀ
2265 5332 2416 5400 Apud
2462 5333 2804 5387 Ptolemaeum
2846 5333 3145 5400 praasidium
3185 5339 3269 5386 est
3312 5334 3363 5387 in
3404 5350 3522 5389 sinu
3568 5335 3701 5389 Ara-

2123 5404 2243 5459 bico
2288 5404 2468 5458 situm.
2520 5404 2754 5457 Lismum
2785 5417 2903 5459 esse
2948 5402 3199 5457 Antonini
3243 5413 3391 5473 putat
3436 5407 3700 5461 Studet-us

2123 5475 2261 5543 apud
2291 5473 2571 5527 Ortelium.

2196 5553 2219 5581 °
2263 5544 2441 5598 Codex
2467 5543 2668 5596 Turon.
2695 5541 2831 5609 apud
2863 5542 3137 5596 Morelium
3166 5543 3326 5599 habet
3352 5544 3694 5597 testimonium

2121 5614 2349 5682 psalterii
2377 5614 2659 5674 abutentes,
2687 5622 2940 5682 quartum
2969 5612 3193 5667 fortasse
3218 5629 3398 5668 casum
3425 5630 3515 5682 pro
3543 5625 3694 5669 sexto

2121 5681 2401 5753 adhibens.
2447 5682 2663 5753 Videtur
2691 5683 2885 5753 quippe
2913 5681 3203 5753 Gregorius
3246 5681 3434 5739 eorum
3472 5693 3696 5739 sentcn-

2125 5751 2248 5805 tiam
2273 5754 2340 5806 de
2369 5765 2473 5821 qua
2503 5749 2588 5805 hic
2631 5750 2882 5819 loquitur,
2915 5749 3378 5819 non'approbarc.
