4006 6182
131 282 234 342 169

1133 275 1494 338 HISTORIA
1531 273 2009 338 FRANCORUM.
2052 247 2288 339 mm
2318 280 2619 343 PRIMUS.

3523 287 3625 353 170

121 406 364 475 habent,
415 420 450 464 a
493 405 742 474 Domino
791 403 1164 478 postulantes,
1219 404 1511 480 accipiunt
1575 405 1832 478 primum
1853 403 2257 475 Arobabel,id
2285 412 2370 465 est
2400 407 2682 479 Christus,
2740 407 3086 480 liberaverit,
3119 410 3478 472 horribiliter
3513 430 3624 472 ex-

121 492 297 568 Saul,
323 493 534 552 deinde
562 495 776 553 David.

190 593 297 650 Ab
344 593 639 651 Abraham
669 608 805 666 ergo
840 607 1028 668 usque
1077 592 1148 650 ad
1203 592 1386 650 David
1438 593 1839 664 generationes

118 681 590 754 quatuordecim,
623 681 680 740 id
725 690 830 752 est,
863 681 1178 751 Abraham,
1212 671 1388 753 lsaac,
1421 681 1617 754 Jacob,
1639 681 1668 740 J
1678 681 1838 753 udas,

119 772 370 841 Phares,
406 783 496 838 15
524 773 750 842 Esrom,
783 774 980 838 Aram,
1021 771 1368 844 Aminadah,
1405 773 1653 844 Naason,
1710 772 1837 831 Sal-

118 881 296 935 mon,
328 866 492 934 Booz,
523 863 727 933 Obeth,
757 863 935 934 Jesse,
969 865 1173 925 David.
1213 865 1395 923 David
1418 875 1615 925 autem
1632 867 1840 940 genuit

121 953 506 1013 Salomonem
561 954 630 1012 de
657 953 946 1012 Betsabee.
984 955 1040 1012 Is
1082 970 1184 1028 per
1214 955 1466 1012 Natham
1498 957 1838 1030 prophetam

117 1041 375 1099 fratrem
403 1056 601 1110 suum,
630 1047 686 1099 et
709 1049 954 1100 matrem
985 1042 1047 1099 in
1075 1058 1254 1114 regno
1282 1051 1514 1102 evectus
1554 1051 1660 1102 est.

67 1227 80 1233 _
191 1155 365 1215 XIII.
400 1154 680 1214 Defuncto
708 1163 904 1214 autem
933 1156 1134 1224 David,
1186 1173 1318 1215 cum
1365 1173 1605 1230 regnare
1633 1159 1835 1231 cmpis-

117 1255 209 1305 set
246 1245 548 1313 Salomon,
589 1245 854 1317 apparuit
884 1243 937 1302 ei
976 1245 1280 1316 Dominus,
1323 1253 1377 1303 et
1419 1247 1572 1318 quod
1603 1254 1837 1320 peteret,

116 1341 183 1394 ut
208 1333 523 1406 indulgeat
547 1331 868 1405 pollicetur.
893 1334 966 1390 At
1000 1333 1102 1391 ille
1135 1341 1390 1392 terrenas
1416 1334 1649 1392 divitias
1681 1341 1838 1408 post-

116 1437 378 1496 ponens,
410 1421 749 1494 sapientiam
778 1421 960 1494 magis
983 1422 1245 1495 expetiit.
1267 1423 1432 1492 Quod
1463 1431 1696 1482 ratumal
1724 1425 1840 1481 Do-

121 1515 298 1573 mino
325 1512 454 1584 fuit,
494 1511 572 1568 ita
610 1519 674 1570 ut
734 1511 808 1570 ab
844 1512 1046 1570 eodem
1075 1512 1298 1570 audiret
1328 1532 1339 1570 :
1373 1515 1515 1581 Quia
1550 1531 1656 1569 non
1689 1531 1838 1584 qua:-

119 1611 254 1664 sisti
298 1623 467 1675 regna
513 1605 724 1668 mundi,
776 1621 872 1660 nec
917 1606 1145 1660 divitias
1195 1605 1332 1673 ejus,
1399 1607 1494 1660 sed
1544 1608 1844 1676 postulasti

1923 493 2153 552 sulabit.
2213 496 2339 568 Ipse
2369 497 2525 554 enim
2571 497 2852 558 Dominus
2901 500 2960 557 in
3018 500 3332 572 Evangelio
3358 502 3531 561 dicit:
3563 508 3626 562 Si

1923 602 2017 640 vos
2039 589 2213 642 Filius
2245 589 2576 654 liberaverit,
2619 607 2739 645 vere
2768 593 2926 646 liberi
2953 594 3105 646 eritis
3154 593 3323 662 (Joan.
3353 604 3480 663 VIII,
3511 594 3624 664 36).

1924 675 2052 748 Ipse
2089 692 2189 738 oro
2216 678 2327 736 sibi
2356 678 2415 735 in
2450 679 2614 737 nobis
2650 681 2954 753 templum,
2989 681 3047 738 in
3081 696 3196 754 quo
3225 681 3497 754 dignetur
3522 685 3628 742 ha-

1925 765 2126 836 bitare,
2157 768 2491 838 constituat;
2526 769 2585 826 in
2621 786 2734 843 quo
2769 771 2927 841 fides,
2966 779 3029 830 ut
3057 788 3268 829 aurum
3303 772 3512 842 luceat;
3567 775 3628 832 in

1923 871 2038 929 quo
2063 857 2360 931 eloquium
2385 859 2832 932 prmdicalionis,
2865 867 2930 918 ut
2955 868 3264 933 argentum
3287 861 3585 935 splendeat
3611 881 3625 935 ;

1922 939 1985 1004 in
2009 963 2126 1020 quo
2147 948 2342 1006 omnia
2375 949 2626 1007 visibilis
2655 951 2851 1024 templi
2878 951 3039 1009 illius
3071 952 3488 1010 ornamentain
3522 968 3628 1011 no-

1923 1042 2176 1094 strorum
2206 1052 2485 1095 sensuum
2518 1037 2816 1096 honestate
2855 1041 3185 1096 clarescant.
3221 1040 3396 1099 Bonae
3454 1042 3628 1099 etiam

1923 1126 2210 1186 voluntati
2238 1132 2447 1183 nostrae
2502 1127 2622 1200 ipse
2653 1128 2940 1186 salubrem
2989 1130 3256 1187 effectum
3308 1131 3627 1202 indulgeat.

1923 1215 2071 1285 Quia
2096 1218 2208 1269 nisi
2238 1219 2352 1285 ipse
2377 1217 2727 1285 azdiﬁcaverit
2764 1219 3000 1290 domum,
3033 1221 3092 1274 in
3143 1236 3341 1275 vanum
3382 1221 3632 1278 laborant

1925 1309 2023 1375 qui
2055 1307 2325 1374 aediﬁcant
2367 1323 2482 1360 eam
2515 1308 2680 1378 (Psal.
2713 1318 2924 1380 CXXVI,
2963 1307 3026 1379 1).
3094 1307 3230 1367 Haec
3281 1325 3418 1368 vero
3446 1310 3631 1384 capti-

1925 1390 2072 1450 vitas
2094 1391 2264 1448 annis
2293 1391 2360 1448 76
2380 1392 2404 1427 ει
2444 1391 2624 1450 fuisse
2651 1393 2880 1452 dicitur.

1993 1506 2117 1565 XV.
2147 1508 2384 1568 Reversi
2412 1517 2606 1568 autem
2635 1528 2737 1585 per
2767 1512 3102 1586 Zorohabel,
3156 1515 3303 1574 sicut
3344 1515 3628 1590 diximus,

1923 1611 2081 1655 nunc
2129 1605 2327 1656 contra
2374 1599 2560 1658 Deum
2592 1609 3039 1673 murmurantes,
3103 1620 3258 1663 nunc
3302 1611 3426 1679 post
3453 1606 3633 1665 .idola

118 1696 482 1768 sapientiam,
512 1693 631 1748 ideo
670 1695 901 1763 accipies
957 1710 1093 1751 eam,
1146 1695 1290 1748 Ante
1347 1699 1398 1749 te
1446 1712 1552 1750 non
1590 1697 1703 1763 fuit
1731 1703 1842 1751 tam
1924 1696 2274 1759 corruentes,
2306 1689 2396 1746 vel
2425 1691 2884 1750 abominationes
2915 1693 3204 1763 facientes,
3241 1701 3295 1752 et
3323 1712 3455 1771 quae
3488 1713 3632 1770 gen-

118 1789 374 1858 sapiens,
419 1786 498 1840 sic
553 1789 604 1838 et
635 1787 761 1853 post
796 1787 846 1837 te
896 1799 1002 1838 non
1049 1787 1152 1838 erit
1203 1785 1347 1854 (Reg.
1407 1796 1489 1854 III,
1543 1785 1644 1855 li’).
1676 1773 2003 1853 QuodBtes
2033 1785 2304 1836 exercent
2336 1777 2650 1850 imitantes,
2707 1779 2847 1837 dum
2899 1779 2999 1836 Dei
3033 1782 3340 1854 prophetas
3371 1790 3631 1843 contem-

120 1878 332 1946 postea
369 1869 658 1944 judicium
702 1868 869 1938 illud,
909 1870 1061 1944 quod
1094 1870 1243 1926 inter
1274 1870 1423 1928 duas
1464 1870 1740 1928 mulieres
1769 1870 1841 1928 de

125 1975 250 2018 uno
286 1959 513 2016 infante
558 1959 844 2029 litigantes
875 1957 1097 2026 intulit,
1153 1959 1545 2032 comprobavit
1561 1961 1728 2032 '(Ibid.
1770 1959 1834 2017 16

125 2054 173 2104 et
197 2047 368 2118 seq.).
397 2046 508 2103 Hic
536 2045 806 2104 Salomon
833 2045 1138 2104 aediﬁcavit
1169 2046 1451 2119 templum
1478 2047 1701 2104 nomini
1725 2046 1837 2104 Do-

125 2138 280 2194 mini
315 2136 462 2194 miro
513 2151 704 2210 opere,
734 2134 987 2208 multum
1024 2136 1103 2192 ibi
1129 2136 1258 2194 auri
1288 2136 1647 2210 argentique,
1704 2137 1838 2194 teris

120 2239 182 2281 ac
211 2222 360 2280 ferri
389 2221 680 2293 ingerens,
707 2221 785 2279 ita
817 2229 881 2279 ut
903 2222 1190 2279 diceretur
1213 2238 1246 2279 a
1267 2223 1640 2296 quibusdam,
1678 2238 1838 2280 nun-

121 2327 312 2386 quam
333 2311 523 2369 simile
551 2312 618 2368 in
647 2310 868 2368 mundo
893 2311 1072 2369 fuisse
1109 2311 1425 2368 aedilicium
1471 2311 1851 2394 fabricatum.

191 2411 296 2468 Ab
317 2425 552 2482 egressu
585 2424 720 2483 ergo
759 2409 1012 2486 filiorum
1045 2408 1223 2467 Israel
1254 2425 1327 2468 ex
1362 2409 1612 2483 [Egypto
1642 2425 1830 2484 usque

125 2500 196 2559 ad
246 2498 698 2557 ardiﬁcationem
745 2500 966 2572 templi,
998 2500 1100 2574 qui
1148 2500 1258 2558 fuit
1309 2515 1502 2558 annus
1560 2501 1840 2572 septimus

125 2587 302 2661 regni
357 2585 703 2657 Salomonis,
737 2587 1118 2646 inveniuntur
1171 2589 1312 2646 anni
1358 2588 1524 2660 480⁵,
1554 2589 1701 2647 sicut
1728 2588 1838 2647 Re-

126 2696 274 2753 gum
314 2685 549 2738 testatur
567 2679 828 2738 historia.

198 2799 362 2858 XIV.
404 2798 538 2862 Post
564 2806 806 2858 mortem
834 2807 1027 2859 autem
1071 2799 1425 2871 Salomonis,
1476 2800 1733 2859 divisum
1759 2805 1842 2860 est

131 2912 239 2971 per
273 2895 551 2954 duritiam
581 2895 795 2954 Roboaa
816 2913 1061 2969 regnum
1087 2897 1149 2954 in
1180 2897 1323 2955 duas
1353 2904 1560 2970 partes.
1593 2897 1844 2956 iicstite.

131 2995 281 3048 runt
322 2990 453 3047 dure
476 2987 662 3046 tribus
686 2988 753 3045 ad
786 2987 1061 3058 Roboam,
1097 2988 1251 3061 quod
1287 2989 1436 3047 Juda
1475 2989 1841 3064 appellatur:

129 3077 204 3136 ad
235 3076 545 3134 Jeroboam
582 3081 774 3133 autem
829 3075 1026 3133 decem
1058 3074 1262 3145 tribus,
1295 3076 1449 3150 quod
1480 3075 1654 3134 Israel
1686 3091 1848 3135 voca-

129 3168 327 3226 batur.
366 3167 628 3226 Posthmc
679 3165 858 3239 igitur
904 3166 977 3223 ad
1033 3165 1418 3224 idololatriam
1461 3166 1836 3237 declinantes,

133 3276 244 3317 nec
278 3259 694 3332 prophetarum
724 3256 1016 3326 vaticinia,
1050 3272 1155 3314 nec
1183 3272 1383 3315 eorum
1408 3257 1697 3326 interitus,
1736 3272 1842 3314 nec

133 3348 334 3406 clades
352 3348 576 3422 patriae,
611 3362 716 3404 nec
754 3345 1010 3420 ipsorum
1038 3347 1210 3404 etiam
1248 3363 1450 3419 regum
1490 3362 1587 3404 eos
1617 3346 1844 3404 excidia

135 3435 522 3506 uomuerunt;
553 3434 733 3492 donec
756 3435 939 3492 iratus
962 3440 1159 3492 contra
1186 3449 1282 3494 eos
1311 3434 1597 3493 Dominus
1621 3432 1844 3491 excita-

135 3523 223 3581 vit
277 3523 824 3592 Nabuchodonosor,
877 3522 979 3595 qui
1027 3537 1124 3580 eos
1175 3521 1237 3579 in
1285 3521 1662 3596 Babyloniam
1711 3536 1844 3579 cum

138 3610 416 3671 omnibus
447 3609 641 3684 templi
667 3610 1027 3669 ornamentis
1050 3609 1304 3684 captivos
1331 3611 1576 3668 abduxit
1602 3630 1614 3668 :
1645 3611 1705 3666 in
1731 3625 1849 3682 qua

137 3701 462 3773 captivitate
493 3707 547 3757 et
575 3699 781 3756 Daniel
812 3700 1085 3773 propheta
1116 3699 1372 3758 eximius
1403 3699 1555 3757 inter
1583 3698 1846 3757 esurien-

145 3795 226 3847 tes
255 3790 448 3848 leones
478 3788 722 3860 illtesus,
755 3794 810 3846 et
837 3795 952 3846 tres
980 3789 1149 3863 pueri
1177 3788 1239 3846 in
1275 3787 1466 3846 medio
1494 3789 1717 3862 ignium
1751 3804 1844 3846 ro-

146 3877 375 3950 mlenti,
411 3878 603 3936 abiere
635 3877 865 3950 captivi.
914 3877 980 3935 In
1014 3877 1121 3936 hac
1144 3878 1471 3952 captivitate
1495 3884 1550 3936 et
1579 3876 1850 3935 Ezechiel

146 3965 528 4039 prophetavit,
559 3972 616 4022 et
640 3963 848 4022 Esdras
874 3965 1150 4038 propheta
1185 3971 1357 4024 natus
1383 3971 1486 4022 est.

213 4063 262 4121 A
290 4061 472 4121 David
502 4068 695 4121 autem
736 4077 920 4134 usque
971 4062 1042 4120 ad
1087 4062 1502 4121 desolationem
1542 4062 1760 4136 templi,
1791 4067 1850 4120 et

147 4147 709 4225 transmigrationem
740 4151 801 4209 in
841 4150 1223 4224 Babyloniam
1254 4152 1661 4225 generationes
1708 4167 1849 4226 qua-

147 4227 494 4299 tuordecim:
532 4247 624 4304 16
653 4239 712 4298 id
771 4243 875 4309 est,
939 4239 1144 4311 David,
1208 4237 1500 4309 Salomon,
1567 4239 1848 4313 Boboam,

150 4330 315 4402 Abia,
343 4333 481 4403 Asa,
508 4330 802 4404 Josaphat,
833 4329 1050 4401 Joram,
1093 4330 1274 4404 Ozias,
1319 4332 1606 4402 Joatham,
1636 4332 1848 4403 Achaz,

150 4424 442 4495 Ezechias,
473 4426 786 4498 Manasses,
818 4427 1030 4497 Amen,
1062 4426 1265 4485 Josias.
1311 4427 1377 4485 In
1413 4427 1503 4485 his
1537 4442 1673 4499 ergo
1719 4442 1852 4500 qua-

1925 1871 2098 1935 nunt,
2129 1866 2401 1937 gentibus
2432 1867 2756 1938 traduntur,
2788 1867 3193 1940 subjugantur,
3229 1870 3582 1931 intercidunt
3615 1894 3628 1934 :

1924 1955 2105 2012 donec
2127 1956 2246 2028 ipse
2278 1956 2584 2027 Dominus,
2612 1957 3071 2029 patriarcharum
3100 1961 3632 2036 prophetarumque

1923 2045 2165 2111 vombus
2194 2047 2598 2119 repromissus,
2628 2046 2888 2120 Virginis
2909 2047 3285 2107 Marimutero
3317 2066 3418 2124 per
3447 2050 3632 2126 Spiri-

1927 2143 2052 2192 tum
2084 2143 2347 2194 sanctum
2397 2137 2643 2210 illapsus
2701 2138 2773 2195 ad
2804 2140 3258 2212 redemptionem
3289 2143 3466 2215 nasci,
3517 2150 3632 2202 tam

1922 2223 2085 2282 illius
2121 2225 2329 2296 gentis,
2357 2242 2530 2299 quam
2571 2228 2837 2285 omnium
2865 2228 3131 2301 gentium
3163 2231 3521 2304 dignaretur.

1992 2314 2045 2370 A
2074 2315 2577 2386 transmigratione
2595 2333 2730 2390 ergo
2757 2333 2944 2393 usque
2973 2318 3042 2376 ad
3069 2322 3431 2381 nativitatem
3458 2324 3636 2382 Chri-

1924 2397 2010 2458 sti'
2038 2404 2436 2473 generationes
2485 2408 2919 2478 quatuordecim
2961 2427 2973 2466 :
3037 2409 3096 2467 id
3157 2418 3260 2482 est,
3300 2413 3629 2486 Jechonias,

1927 2486 2222 2562 Salathiel,
2264 2492 2600 2564 Zorohabel,
2627 2495 2844 2566 Abiud,
2878 2497 3184 2569 Eliachim,
3219 2500 3390 2571 Azor,
3425 2502 3629 2575 Sadoc,

1923 2585 2184 2658 Achitn',
2225 2587 2420 2658 Eliud,
2455 2587 2708 2659 Eleazar,
2751 2591 3007 2663 Mathan,
3058 2594 3252 2657 Jacob.
3301 2595 3511 2670 Joseph
3545 2599 3635 2658 vir

1924 2673 2143 2744 Mariae,
2185 2674 2255 2731 de
2284 2691 2398 2749 qua
2429 2676 2715 2736 Dominus
2750 2688 2945 2738 noster
2966 2681 2996 2740 J
3003 2697 3138 2740 esus
3164 2681 3428 2743 Christus
3458 2689 3640 2746 nasci-

1929 2769 2021 2822 tur
2047 2789 2058 2823 :
2091 2765 2193 2837 qui
2224 2765 2459 2840 Joseph,
2491 2777 2735 2841 quartus
2763 2771 3027 2830 decimus
3052 2781 3421 2846 computatur
3443 2775 3480 2834 ί.

1998 2879 2316 2952 XVI.Ergo
2341 2898 2414 2940 ne
2429 2883 2730 2942 videamur
2759 2887 2939 2944 unius
2967 2894 3195 2946 tantum
3225 2889 3485 2952 Hebrzeaz
3503 2911 3637 2968 gen-

1929 2968 2002 3026 tis
2032 2969 2243 3025 habere
2281 2971 2572 3041 notitiam,
2603 2971 2824 3046 reliqua
2879 2991 3077 3046 regna,
3125 2993 3278 3049 quas,
3338 2980 3428 3037 vel
3475 2983 3637 3054 quali
3691 3004 3702 3008 ·

1930 3054 2325 3112 Israelitarum
2358 3059 2577 3116 fuerint
2611 3066 2882 3132 tempore,
2909 3077 3318 3123 memoramus.
3351 3075 3442 3132 17
3472 3069 3639 3128 Tem-

1863 3137 1906 3197 C
1924 3162 2058 3220 pore
2079 3147 2328 3205 Abrahae
2342 3148 2813 3222 Ninusregnabat
2830 3170 3002 3227 super
3020 3157 3307 3228 Assyrios;
3327 3157 3637 3233 Sicyoniis,

1927 3235 2192 3309 EurOps;
2247 3239 2398 3311 apud
2459 3239 2756 3313 [Egyptios
2813 3251 3007 3301 autem
3061 3254 3223 3302 sexta
3254 3246 3475 3304 decima
3520 3255 3640 3305 erat

1928 3333 2196 3397 potestas,
2252 3343 2426 3400 quam
2455 3344 2556 3385 sua
2589 3328 2785 3401 lingua
2814 3331 3119 3403 dynastian
3150 3333 3448 3391 vocabant.
3477 3335 3646 3392 Tem-

1930 3428 2064 3486 pore
2091 3414 2295 3488 Moysi,
2317 3416 2470 3488 apud
2493 3417 2740 3486 Argivos
2758 3421 3033 3490 regnabat
3055 3421 3336 3493 septimus
3353 3421 3571 3496 Trepas
3589 3433 3636 3481 σε

1934 3503 1998 3560 in
2027 3502 2213 3561 Attica
2249 3505 2490 3578 Gecrops
2527 3506 2784 3579 primus;
2821 3509 2973 3581 apud
3004 3508 3323 3583 ZEgyptios,
3364 3511 3643 3568 Cenchris

1934 3591 2332 3664 duodecimus,
2365 3596 2469 3666 qui
2503 3601 2558 3651 et
2587 3595 2647 3652 in
2675 3597 2818 3653 mari
2843 3597 3085 3656 obrutus
3110 3606 3194 3656 est
3231 3598 3460 3670 Rubro;
3489 3600 3644 3674 apud

1936 3685 2228 3757 Assyrios,
2281 3694 2484 3745 sextus
2537 3687 2796 3746 decimus
2827 3691 3131 3762 Agatadis;
3162 3693 3315 3764 apud
3347 3691 3647 3764 Sicyonios

1933 3774 2186 3834 Maratis.
2223 3775 2506 3850 Tempore
2547 3793 2682 3835 vero
2714 3777 3058 3849 Salomonis,
3089 3782 3323 3854 quando
3360 3781 3678 3850 regnabat‘

1933 3880 2107 3938 super
2143 3865 2512 3938 Israel,apud
2544 3865 2779 3924 Latinos
2809 3868 3050 3942 quintus
3089 3869 3362 3941 regnabat
3393 3870 3630 3943 Silvius;

1933 3955 2406 4023 Lacedaemoniis,
2440 3956 2644 4016 Festus
2663 3956 2685 3984 "
2706 3981 2720 4028 ;
2753 3958 3086 4030 Corinthiis,
3109 3962 3404 4022 secundus
3428 3964 3638 4039 Oxion;

1930 4043 2355 4118 Egyptiorum,
2390 4044 2699 4118 Thepheii.
2757 4047 3091 4106 Centesimo
3148 4050 3426 4108 vicesimo
3476 4060 3641 4111 sexto

1931 4134 2120 4191 annoj
2149 4149 2323 4206 super
2350 4134 2636 4206 Assyrios,
2690 4135 3001 4208 Eutropes;
3036 4139 3512 4208 Atheniensibus,
3549 4157 3640 4198 se-

1931 4220 2158 4279 cundus
2188 4222 2516 4294 Agasastus.
2546 4220 2828 4296 Tempore
2858 4239 2973 4296 quo
3000 4226 3188 4282 Anton
3242 4226 3515 4298 regnabat
3541 4243 3644 4285 su-

1933 4325 2034 4382 per
2060 4309 2347 4379 Judzeam,
2372 4310 2604 4384 quando
2633 4311 2934 4384 captivitas
2964 4313 3033 4370 in
3067 4314 3444 4389 Babyloniam
3476 4315 3638 4385 abiit,

1934 4396 2286 4456 Macedoniis
2325 4404 2565 4471 przeerat
2587 4399 2849 4471 Argeus;
2873 4401 3186 4472 Lydorum,
3218 4403 3443 4475 Gyges;
3468 4403 3639 4477 [Egy-

151 4485 468 4574 tuordecim
492 4485 986 4588 generationibus,
1014 4485 1154 4574 anni
1188 4516 1570 4574 inveniuntur
1600 4485 1850 4574 num-ero
1871 4485 2209 4582 ΒΡίίοΓΠΠξν
2249 4486 2505 4588 “fresi,
2538 4487 3121 4588 “pnd,1%ab3j'ioni,f”ni
3178 4491 3640 4549 NabUCI‘OdOm’

149 4605 249 4663 361
282 4616 320 4664 ε.
356 4605 437 4665 De
461 4607 570 4664 hac
593 4621 728 4666 vero
759 4606 1088 4680 captivitate
1121 4622 1220 4680 per
1248 4606 1561 4664 Zorohabel
1602 4606 1850 4663 liberan-

153 4702 279 4754 tur:
309 4698 408 4770 qui
438 4705 630 4771 postea
655 4705 712 4756 et
739 4698 1019 4772 templum
1048 4704 1102 4756 et
1131 4697 1421 4756 civitatem
1439 4696 1708 4756 restituit.
1737 4695 1848 4756 Sed

151 4786 279 4846 base
306 4790 606 4863 captivitas
633 4798 839 4865 typum
875 4790 1038 4850 illius
1062 4790 1427 4863 captivitatis,
1456 4796 1520 4848 ut
1547 4796 1703 4865 puto,
1743 4805 1846 4862 ge-

149 4874 248 4948 rit,
272 4877 335 4934 in
360 4893 477 4951 qua
502 4878 698 4937 anima
724 4879 1014 4953 peccatrix
1038 4879 1366 4954 abducitur,
1400 4895 1576 4953 quam
1602 4878 1717 4938 nisi
1738 4879 1843 4937 Zo-

208 5055 232 5082 ι
254 5045 486 5100 Latinius
521 5047 726 5100 mavult
755 5048 945 5111 legere
969 5052 1210 5113 gratum.

208 5127 374 5180 δοοά.
434 5129 605 5189 Corb.,
660 5129 770 5189 280,
822 5131 916 5183 sed
980 5131 1256 5193 mendose,
1317 5131 1378 5182 ut
1437 5132 1582 5195 patet
1635 5142 1703 5183 ex
1753 5130 1848 5182 Re-

150 5210 276 5262 gum
303 5200 444 5252 libro
473 5213 555 5260 ιιι,
593 5214 710 5267 cap.
741 5204 792 5256 6.

1935 4589 2048 4643 sor,
2089 4573 2189 4646 qui
2217 4589 2312 4632 eos
2361 4573 2617 4647 captivos
2654 4573 2935 4645 abduxit;
2983 4575 3403 4650 Romanorum,
3436 4589 3638 4639 sextus

1936 4662 2172 4722 Servius
2197 4663 2408 4747 ‘Tullus
2435 4665 2480 4722 ιε.

2002 4785 2182 4846 XVII.
2213 4787 2345 4846 Post
2380 4787 2506 4858 hos,
2553 4786 2959 4860 imperatores:
2992 4787 3237 4862 primus,
3275 4789 3470 4849 Julius
3510 4767 3668 4850 cie!

1929 4891 2022 4934 sar
2051 4875 2180 4946 fuit,
2212 4876 2314 4950 qui
2345 4877 2518 4936 totius
2543 4877 2778 4952 imperii
2811 4878 3064 4938 obtinuit
3090 4881 3517 4953 monarchiam;
3549 4898 3636 4942 se-

1927 5051 2059 5109 slus,
2084 5049 2428 5112 Augustinus,
2454 5048 2819 5114 Hieronymus
2850 5053 2902 5103 et
2937 5049 3028 5102 alii
3055 5053 3260 5115 patres.

1989 5138 2015 5174 s
2039 5128 2159 5179 Cod.
2187 5128 2358 5190 Corb.,
2397 5127 2650 5193 Trophas.

1982 5207 2157 5259 hCod.
2197 5207 2398 5271 Begm.,
2447 5209 2652 5270 Status;
2705 5209 2796 5262 alii
2851 5223 2973 5262 cum
3024 5209 3171 5268 edit.,
3232 5207 3423 5262 mtas.
3470 5211 3628 5268 Corb.

207 5283 333 5336 cSic
405 5283 568 5335 codd.
637 5297 771 5338 mss.
837 5297 964 5340 cum
1027 5285 1158 5338 edit.
1222 5285 1489 5349 Badiana;
1550 5283 1670 5339 aliae
1719 5296 1844 5338 cum
1925 5281 2214 5336 lectionem
2243 5282 2453 5333 caeteris
2489 5278 2839 5346 praetulimus.

151 5355 263 5408 Bec.
286 5355 484 5409 habent
517 5357 626 5409 3A0.
663 5359 786 5412 Cod.
811 5356 984 5421 Corb.,
1021 5359 1132 5414 390.

206 5435 230 5472 ⁸
254 5435 336 5488 Sic
368 5437 487 5488 eod.
518 5436 693 5500 Corb.,
724 5439 818 5492 alii
841 5440 922 5492 70.

200 5526 223 5553 ε
247 5517 388 5570 Idem
413 5516 595 5582 habet,
625 5519 893 5574 Joachim.

207 5594 226 5631 ι
239 5567 1036 5653 ,ὧῖῶἷῖιῶίιιὸξιῖᾘέέίωω
1087 5567 1278 5653 tertius
1331 5603 1670 5661 recensetnr,
1735 5601 1850 5658 nisi

151 5663 345 5729 duplex
389 5666 681 5723 Jechoniu
731 5671 1062 5732 admittatur,
1124 5673 1280 5737 pater
1323 5673 1532 5728 scilicet
1579 5677 1632 5728 et
1680 5673 1852 5738 nitus,

149 5739 238 5800 qui
274 5740 434 5793 etiam
478 5740 719 5796 Joachim
769 5744 898 5797 dicti
955 5747 1100 5809 sunt,
1156 5749 1216 5799 nt
1265 5746 1556 5802 observant
1613 5747 1846 5803 Ambro-

494 5829 754 5897 PATROL.
795 5835 1000 5898 LXXI.

1991 5368 2006 5404 ι
2036 5367 2120 5419 Sic
2152 5367 2293 5420 idem
2319 5367 2438 5420 cod.
2463 5367 2618 5420 Gorb.
2635 5386 2648 5428 ;
2677 5373 2730 5422 at
2753 5369 2864 5431 alii,
2896 5367 3096 5420 Thebei.

1990 5461 2005 5507 ι
2041 5448 2196 5500 Corb.
2251 5448 2436 5513 habet,
2488 5451 2773 5503 centesimo
2820 5450 3076 5513 vigesimo
3124 5461 3290 5504 anno.
3342 5451 3434 5507 Ed.
3483 5454 3630 5515 Bad.,

1929 5521 2317 5585 septuagesimo
2337 5524 2484 5574 sectio
2513 5535 2681 5574 anno.

1991 5602 2207 5656 llCodd.
2260 5615 2410 5666 mss.,
2485 5604 2659 5665 Corb.,
2719 5603 2865 5668 Reg,
2930 5603 3049 5660 Bec.
3104 5609 3160 5662 et
3215 5606 3403 5672 Regm.
3469 5611 3631 5666 omit-

1931 5679 2050 5732 tunt
2073 5677 2214 5734 hanc
2239 5688 2434 5732 vocem
2465 5676 2666 5730 Tullus.

3253 5843 3286 5903 6
