4006 6182
372 246 473 308 171

1444 238 1505 298 S.
1546 235 1902 298 GREGOBII
1942 231 2274 296 EPISCOPI
2312 236 2782 302 TURONENSIS

3749 254 3837 315 172

370 373 620 446 cundus,
647 372 1012 441 Octavianus,
1029 368 1168 428 Julii
1190 367 1430 426 Caesaris
1452 382 1649 441 nepos,
1680 382 1851 441 quem
1871 365 2135 435 Augu-A
2154 366 2457 439 militibus,
2498 370 2593 428 hic
2620 371 2693 429 ab
2718 372 2858 445 ipsis
2884 371 3271 431 sacerdotibus
3295 374 3700 435 custodiretur.
3734 378 3832 438 Sed
3922 356 3929 359 ί

370 469 525 525 stum
544 468 772 535 vocant,
800 479 831 520 a
852 475 967 535 quo
998 464 1052 517 et
1077 457 1295 516 mensis
1323 459 1631 530 Augustus
1654 461 1735 514 est
1768 456 2068 514 vocitatus.

374 554 554 628 Cujus
584 568 736 613 nono
768 550 989 609 decimo
1008 546 1239 621 imperii
1268 560 1443 615 anno,
1474 544 1829 617 Lugdunum
1861 542 2073 600 Gallia-

372 658 506 703 rum
531 644 737 701 urbem
789 638 1080 697 conditam
1132 631 1604 692 manifestissime
1655 630 2023 702 reperimustl
2056 646 2068 685 :

369 749 502 809 qua)
525 738 716 808 postea
747 729 1030 788 illustrata
1055 730 1373 798 martyrum
1390 718 2072 795 sanguine,Nobilissima

363 831 755 901 nuncupatur.

438 944 654 1005 XVIII.
709 943 882 1001 Anno
920 938 1360 1014 quadragesimo
1424 932 1892 1007 tertiobimperii
1948 931 2073 988 Au-

367 1036 542 1109 gusti,
575 1031 861 1091 Dominus
887 1028 1120 1086 nosterJ
1127 1043 1258 1086 esus
1284 1024 1573 1096 Christus,
1607 1029 1671 1082 ut
1693 1021 1974 1091 diximus,
1998 1035 2071 1077 ex

365 1123 595 1196 virgine
626 1120 807 1178 Maria
846 1118 905 1175 in
936 1116 1233 1175 Bethleem
1259 1114 1441 1172 David
1471 1112 1699 1187 oppido,
1742 1110 2065 1173 secundum

364 1228 599 1271 carnem
629 1216 803 1267 natus
835 1213 953 1265 est:
996 1207 1165 1279 cujus
1213 1205 1567 1262 immensum
1601 1201 1761 1259 sidus
1791 1200 1945 1273 magi
1998 1201 2071 1258 ab

365 1300 599 1361 Oriente
625 1302 945 1367 cernentes,
999 1311 1133 1353 cum
1164 1293 1510 1351 muneribus
1538 1290 1804 1361 veniunt,
1841 1295 1895 1345 et
1924 1302 2069 1360 pue-

362 1408 500 1453 rum
529 1387 817 1461 supplices
854 1384 1059 1443 oblatis
1107 1381 1275 1440 donis
1316 1380 1572 1438 adorant.
1623 1378 1878 1437 Herodes
1931 1392 2067 1435 vero

363 1485 439 1546 ob
469 1482 657 1541 zelum
702 1478 865 1551 regni
895 1476 1009 1546 sui,
1040 1475 1180 1533 dum
1216 1473 1404 1531 Deum
1454 1472 1753 1529 Christum
1802 1467 2068 1543 persequi

363 1570 593 1640 nititur,
622 1564 897 1639 parvulos
925 1564 1178 1621 infantes
1204 1559 1502 1632 interimit.
1523 1559 1650 1632 Ipse
1667 1573 1897 1632 quoque
1910 1562 2066 1631 post-

359 1659 603 1720 modum
636 1659 727 1721 18
748 1652 969 1728 judicio
998 1652 1197 1711 divino
1239 1666 1542 1724 percussus
1572 1655 1676 1707 est.

376 1798 383 1802 ·
433 1778 590 1837 ΧΙΧ.
621 1776 873 1836 Domino
917 1779 1107 1831 autem
1139 1773 1256 1830 Deo
1282 1775 1478 1828 nostro
1506 1768 1644 1826 Jesu
1675 1766 1906 1825 Christo
1944 1781 2069 1839 pm-

362 1870 671 1929 nitentiam
719 1867 1087 1941 prmdicante,
1145 1859 1416 1935 baptismi
1463 1859 1703 1932 gratiam
1760 1858 2064 1929 tribuente,

358 1958 455 2019 vel
496 1958 725 2016 cmleste
772 1970 1018 2029 regnum
1073 1951 1297 2009 cunctis
1353 1948 1624 2023 gentibus
1678 1946 2063 2019 promittente,

359 2051 533 2121 atque
571 2044 833 2119 prodigia
888 2048 943 2100 et
974 2040 1139 2115 signa
1189 2054 1293 2112 per
1318 2037 1562 2112 populos
1593 2042 1905 2109 operante;
1958 2034 2067 2093 hoc

358 2141 465 2209 est,
493 2135 636 2193 dum
682 2134 753 2191 de
782 2133 949 2207 aquis
995 2130 1132 2189 vina
1178 2128 1410 2203 profert,
1446 2126 1587 2185 dum
1627 2124 1812 2183 febres
1842 2124 2063 2182 exstin-

356 2224 506 2299 guit,
546 2224 691 2282 dum
720 2224 886 2281 caecis
912 2221 1112 2278 lumen
1145 2217 1369 2290 tribuit,
1423 2216 1565 2275 dum
1616 2216 1856 2289 sepultis
1887 2213 2067 2272 vitam

356 2316 629 2387 restituit,
663 2314 806 2372 dum
838 2313 1096 2371 obsessos
1120 2309 1193 2367 ab
1222 2307 1542 2366 immundis
1592 2306 1893 2379 spiritibus
1920 2304 2064 2363 lihe-

356 2414 468 2480 rat,
499 2406 642 2464 dum
672 2402 924 2477 leprosos
954 2397 1273 2458 miserabili
1292 2401 1585 2470 turpentes
1611 2403 1742 2455 cute
1760 2395 2061 2453 reformat:

360 2499 487 2556 haec
516 2496 662 2554 dum
682 2499 735 2551 et
766 2493 880 2550 alia
913 2490 1077 2564 signa
1110 2488 1295 2546 multa
1327 2487 1560 2557 faciens,
1596 2486 2067 2545 manifestissime
2106 2490 2113 2505 '

360 2602 423 2647 se
451 2586 637 2646 Deum
666 2583 895 2658 populis
926 2597 1049 2639 esse
1078 2579 1349 2638 declarat.
1368 2578 1434 2636 In
1466 2578 1686 2637 Judmis
1716 2578 1801 2636 ira
1822 2593 2068 2638 succen-

352 2674 529 2744 ditur,
570 2672 793 2730 invidia
824 2668 1174 2742 exagitatur,
1213 2682 1277 2723 ac
1310 2682 1473 2724 mens
1506 2666 1575 2723 de
1613 2666 1897 2738 sanguine
1930 2681 2065 2738 pro-

358 2763 666 2837 phetarum
707 2765 887 2832 pasta,
922 2764 987 2815 ut
1026 2758 1261 2814 Justum
1310 2754 1608 2813 interimat
1656 2754 1871 2826 injuste
1904 2752 2106 2817 moli-,

359 2857 476 2911 tur.
504 2850 654 2922 Ergo
683 2856 745 2907 ut
775 2855 1038 2907 veterum
1066 2852 1265 2904 vatum
1292 2844 1719 2920 complerentur
1746 2843 2000 2912 oracula,
2032 2860 2063 2901 a

361 2940 645 3015 discipulo
671 2937 933 3010 traditur,
984 2954 1017 2996 a
1048 2936 1422 3010 pontificibus
1474 2935 1676 3009 inique
1709 2932 2063 2992 condemna-

359 3041 474 3105 tur,
528 3050 561 3089 a
612 3030 830 3090 Judzeis
865 3027 1152 3099 illuditur,
1186 3042 1317 3085 cum
1348 3026 1570 3101 iniquis
1622 3025 2001 3097 cruciﬁgitur,
2031 3042 2063 3083 a

358 3119 648 3181 militibus
677 3118 889 3177 emisso
915 3117 1122 3191 spiritu
1155 3115 1501 3175 custoditur.
1560 3114 1664 3171 His
1693 3113 1873 3185 igitur
1901 3113 2063 3183 actis,
2082 3118 2125 3178 C

360 3212 616 3274 tenebra)
662 3227 837 3285 super
863 3209 1205 3269 universum
1262 3207 1555 3266 mundum
1592 3207 1755 3263 factm
1821 3210 1976 3274 sunt,
2011 3210 2069 3262 et

358 3304 532 3365 multi
583 3300 848 3361 conversi
903 3299 1368 3373 ingemiscentes,
1436 3295 1637 3354 Jesum
1691 3294 1910 3353 Filium
1964 3292 2068 3351 Dei

359 3392 610 3454 confessi
638 3396 792 3451 sunt.

431 3520 557 3579 XX.
590 3519 1004 3593 Apprehensus
1041 3519 1235 3574 autem
1266 3519 1321 3571 et
1357 3512 1590 3586 Joseph,
1630 3510 1731 3584 qui
1762 3526 1895 3568 eum
1936 3524 2064 3567 aro-

360 3610 616 3671 matibus
645 3608 942 3666 conditum
976 3606 1037 3663 in
1068 3620 1172 3664 suo
1198 3609 1577 3662 monumento
1624 3600 1964 3671 recondidit,
2006 3600 2067 3657 in

361 3700 633 3761 cellulam
658 3698 977 3758 recluditur
1009 3709 1046 3768 °,
1077 3702 1131 3755 et
1165 3696 1238 3753 ab
1269 3694 1412 3769 ipsis
1444 3694 1805 3751 sacerdotum
1849 3691 2069 3765 princi-

360 3789 535 3867 pibus
585 3789 923 3860 custoditur,
977 3788 1252 3861 majorem
1291 3786 1354 3843 in
1407 3800 1544 3843 eum
1594 3783 1873 3840 habentes
1906 3779 2071 3837 saevi-

362 3879 525 3951 tiam,
559 3883 623 3937 ut
650 3877 820 3937 Gesta
848 3876 1015 3935 Pilati
1042 3876 1114 3933 ad
1143 3874 1439 3933 Tiberium
1468 3874 1870 3948 imperatorem
1895 3870 2070 3928 missa

363 3972 625 4033 referunt
652 3972 699 4044 ‘1,
733 3987 905 4047 quam
940 3969 1005 4028 in
1040 3968 1235 4044 ipsum
1264 3967 1604 4037 Dominum,
1633 3972 1698 4025 ut
1724 3981 1857 4024 cum
1888 3964 1986 4023 ille
2037 3981 2071 4023 a

432 4176 773 4241 tUtrumque
833 4175 979 4239 quod
1038 4173 1127 4225 hic
1188 4185 1219 4225 a
1292 4170 1551 4235 Gregorio
1612 4170 1809 4222 dicitur
1872 4167 2074 4222 falsum

370 4263 496 4307 esse
542 4254 694 4314 putat
749 4248 986 4300 Valesius
1035 4247 1090 4299 in
1142 4245 1332 4298 Notitia
1387 4244 1691 4297 Galliarum.
1738 4244 1882 4301 Nam,
1934 4244 2074 4294 teste

372 4328 560 4386 Dione,
608 4326 670 4375 ut
723 4322 813 4374 hic
862 4327 1052 4373 auctor
1100 4319 1372 4382 observat,
1431 4317 1751 4381 Lugdunum
1818 4328 1849 4367 a
1916 4314 2074 4368 Lucio

372 4403 568 4458 Planco
620 4397 895 4451 conditum
924 4401 1007 4449 est
1044 4398 1201 4461 jussu
1235 4396 1473 4456 senatus,
1500 4391 1791 4445 metuentis
1813 4400 1882 4443 ne
1918 4392 2074 4443 Plan-

372 4488 473 4529 cus
526 4476 766 4527 armatus
804 4471 1028 4523 Antonio
1081 4469 1222 4522 hosti
1271 4467 1582 4531 reipublicae
1635 4464 1907 4517 declarato
1948 4476 2074 4518 sese

373 4547 751 4611 conjungeret.
817 4542 1081 4606 Secundo,
1148 4541 1461 4605 Lugdunum
1526 4536 1923 4611 nobilissimum
1960 4538 2075 4611 7di-

375 4609 521 4671 ctum
568 4629 679 4668 non
720 4618 806 4667 est
837 4627 868 4665 a
893 4620 1194 4679 martyrum
1225 4611 1583 4669 multitudine,
1621 4609 1719 4661 sed
1767 4611 1835 4662 ob
1888 4610 2075 4675 splen-

379 4691 571 4744 dorem
624 4690 679 4739 et
742 4688 1038 4750 potentiam
1099 4688 1347 4747 coloniae,
1416 4696 1537 4749 qua:
1583 4683 1742 4734 etiam
1795 4689 2076 4738 senatores

376 4761 543 4815 curiae
591 4757 922 4811 conferebat.
978 4759 1038 4811 In
1083 4759 1275 4812 eadem
1309 4755 1444 4810 urbe
1490 4757 1650 4809 natus
1704 4758 1784 4807 est
1834 4757 2079 4810 Claudius

376 4836 666 4899 Augustus.

443 4906 618 4958 bCod.
677 4905 850 4969 Corb.,
924 4916 1068 4958 anno
1141 4901 1557 4970 quadragesimo
1636 4907 1832 4968 quarto
1909 4904 2079 4970 impe-

382 4980 481 5042 rii,
539 4981 642 5035 etc.
703 4977 889 5032 ϐαδιειί
955 4978 1145 5043 scripti
1185 4976 1385 5029 habent
1434 4976 1843 5040 quadragesimo
1898 4978 2079 5041 tertio,

380 5056 439 5107 ut
472 5052 619 5105 editi.

450 5125 602 5178 cHoc
662 5138 732 5180 ex
790 5121 1101 5191 apocrypho
1164 5121 1438 5176 Nicodemi
1487 5120 1797 5185 Evangelio,
1867 5125 1957 5174 aut
2011 5135 2082 5176 ex

381 5195 564 5260 aliquo
618 5198 864 5263 ejusdem
912 5196 1099 5248 farinae
1159 5202 1379 5249 auctore
1431 5195 1721 5257 descripsit
1774 5196 2082 5260 Gregorius,

381 5281 488 5323 nec
527 5272 791 5335 majorem
842 5270 1007 5322 ﬁdem
1050 5273 1329 5322 merentur
1371 5268 1524 5321 Gesta
1580 5268 1754 5331 Pilati,
1800 5271 2085 5333 quaeinter

383 5346 698 5408 apocrypha
732 5344 1011 5407 deputavit
1052 5340 1297 5395 Gelasius
1327 5343 1466 5405 Papa
1508 5342 1564 5392 in
1609 5342 1860 5406 Catalogo
1910 5341 2082 5397 libro-

377 5425 502 5473 rum
529 5415 980 5480 apocryphorum.
1884 5434 1891 5439 '

442 5487 850 5540 d'l‘ertullianus
907 5490 963 5539 in
1017 5490 1359 5554 Apologetico
1418 5488 1561 5541 idem
1608 5490 1857 5552 testatur,
1919 5489 1974 5541 et
2007 5502 2077 5543 ex

379 5576 447 5619 eo
495 5559 690 5615 Euseb.
733 5559 826 5613 lib.
875 5573 918 5613 ιι
954 5561 1220 5626 Historiae,
1271 5575 1389 5626 cap.
1433 5563 1481 5614 2.
1542 5561 1696 5616 Plura
1746 5561 1907 5615 habet
1948 5562 2072 5615 Oro.

375 5638 496 5691 sius
548 5634 688 5688 libro
740 5646 841 5698 vn,
892 5646 1010 5700 cap.
1058 5636 1107 5697 2,
1155 5638 1247 5689 ubi
1293 5637 1368 5689 ait
1418 5634 1654 5688 Pilatum
1705 5636 1959 5691 retulisse
2007 5640 2075 5693 ad

373 5712 646 5769 Tiberium
724 5712 779 5767 et
830 5713 1080 5769 senatum
1126 5711 1196 5767 de
1252 5713 1507 5777 passione
1561 5715 1616 5770 et
1672 5715 2075 5772 resurrectione

2156 464 2491 533 resurgente
2520 460 2785 533 Domino,
2812 464 3149 523 custodibus
3176 464 3399 525 visione
3433 467 3696 539 angelica
3730 477 3834 528 ter-

2156 548 2301 619 ritis,
2335 565 2466 608 cum
2497 566 2618 618 non
2646 552 3011 612 inveniretur
3052 555 3114 612 in
3136 554 3396 627 tumulo,
3415 563 3581 615 nocte
3606 559 3839 631 parietes

2155 636 2225 695 de
2249 639 2479 709 cellula,
2512 640 2573 697 in
2628 656 2743 714 qua
2788 632 3001 716 Joseph
3050 644 3367 715 tenebatur,
3419 648 3842 720 suspenduntur

2154 726 2214 784 in
2247 729 2529 797 sublimi;
2566 731 2687 803 ipse
2726 747 2857 790 vero
2913 731 2983 790 de
3041 734 3316 805 custodia,
3374 737 3705 796 absolvente
3753 755 3842 798 an-

2153 819 2300 893 gelo,
2336 819 2628 891 liberatur,
2670 823 2985 896 parietibus
3034 824 3310 883 restitutis
3339 825 3401 884 in
3432 827 3625 887 locum
3655 845 3838 888 suum.

2154 908 2415 986 Cumque
2453 914 2755 987 pontifices
2798 914 3134 973 custodibus
3165 917 3602 991 exprobrarent,
3648 927 3705 976 et
3732 936 3841 978 san-

2155 1007 2313 1060 ctum
2345 1018 2550 1076 corpus
2578 1004 2651 1061 ab
2680 1004 2897 1062 eisdem
2937 1006 3220 1064 instanter
3243 1008 3621 1080 requirerent,
3653 1009 3844 1068 dicunt

2156 1090 2239 1147 eis
2270 1092 2512 1150 milites:
2544 1094 2782 1151 Reddite
2815 1100 2904 1157 19
2955 1110 3057 1154 vos
3102 1096 3333 1173 Joseph,
3391 1105 3446 1155 et
3502 1112 3603 1156 nos
3667 1098 3842 1155 reddi-

2153 1197 2285 1240 mus
2307 1182 2635 1242 Christum:
2673 1183 2771 1242 sed
2799 1191 2863 1241 ut
2884 1200 3089 1243 verum
3116 1186 3505 1257 agnoscimus,
3542 1202 3735 1260 neque
3753 1202 3847 1245 vos

2151 1272 2572 1333 benefactorcm
2621 1275 2743 1344 Dei,
2809 1290 2999 1349 neque
3036 1290 3141 1333 nos
3196 1276 3409 1334 Filium
3462 1275 3566 1334 Dei
3619 1278 3845 1335 reddere

2150 1381 2310 1424 nunc
2342 1366 2621 1425 valemus.
2656 1371 2816 1425 Tunc
2865 1365 2983 1423 illis
3015 1366 3292 1438 confusis,
3335 1366 3549 1426 milites
3600 1366 3713 1426 sub
3750 1368 3845 1425 hac

2152 1454 2525 1514 excusatione
2551 1456 2875 1516 liberantur
2890 1501 2903 1515 .
3694 1508 3699 1511 .

2220 1543 2375 1603 XXI.
2425 1543 2628 1602 Fertur
2673 1545 2927 1629 .Jacobus
2986 1546 3295 1621 ap0stolus,
3358 1561 3489 1606 cum
3540 1546 3845 1605 Dominum

2145 1634 2267 1707 jam
2318 1642 2614 1694 mortuum
2663 1637 2901 1694 vidisset
2944 1639 3008 1696 in
3056 1654 3243 1710 cruce,
3284 1639 3588 1697 detestasse
3618 1650 3638 1676 ο
3686 1644 3847 1711 atque

2082 1738 2128 1798 Β
2145 1724 2389 1799 jurasse,
2420 1743 2721 1802 nunquam
2749 1745 2809 1787 se
2832 1736 3223 1789 comesturum
3250 1746 3482 1804 panem,
3513 1728 3627 1787 nisi
3657 1728 3845 1787 Domi-

2154 1833 2299 1875 num
2340 1825 2595 1877 cerneret
2646 1828 3063 1894 resurgentem.
3124 1821 3312 1879 Tertia
3350 1820 3587 1879 demum
3639 1821 3733 1879 die
3767 1836 3848 1879 re-

2153 1908 2317 1967 diens
2346 1911 2653 1982 Dominus,
2705 1911 2944 1985 spoliato
2979 1917 3187 1971 tartaro
3230 1927 3365 1971 cum
3411 1912 3727 1985 triumpho,
3766 1911 3851 1969 Ja-

2152 1999 2293 2057 cobo
2324 2016 2384 2059 se
2413 2002 2740 2072 ostendens,
2786 2003 2898 2061 ait:
2956 2004 3138 2076 Surge
3170 2003 3403 2073 Jacobe,
3427 2004 3686 2073 comede,
3718 2002 3851 2076 quia

2146 2088 2267 2162 jam
2322 2080 2354 2146 a
2410 2091 2655 2149 mortuis
2706 2092 3017 2150 resurrexi.
3066 2092 3176 2150 Hic
3220 2098 3305 2151 est
3356 2090 3601 2150 Jacobus
3657 2090 3850 2149 Justus

2149 2190 2323 2248 quem
2346 2177 2578 2237 fratrem
2606 2179 2841 2238 Domini
2875 2188 3216 2255 nuncupant
3240 2182 3278 2252 ι,
3331 2197 3434 2255 pro
3480 2197 3547 2240 eo
3573 2181 3731 2257 quod
3754 2180 3850 2241 Jo-

2149 2265 2287 2338 seph
2321 2267 2490 2325 fuerit
2520 2267 2675 2327 filius
2707 2286 2778 2328 ex
2808 2270 2921 2328 alia
2950 2287 3135 2345 uxore
3160 2272 3517 2345 progenitus.

2220 2354 2404 2416 XXII.
2436 2356 2798 2419 Dominicam
2854 2377 2991 2420 vero
3048 2363 3553 2433 resurrectionem,
3610 2363 3710 2421 die
3734 2362 3855 2437 pri-

2150 2462 2246 2504 ma
2267 2448 2472 2507 factam
2500 2450 2807 2524 credimus,
2865 2468 2983 2512 non
3023 2455 3263 2527 septima
3320 2455 3471 2514 sicut
3520 2454 3695 2514 multi
3746 2470 3856 2527 pu-

2151 2541 2291 2595 tant.
2323 2537 2431 2596 Hic
2462 2547 2543 2597 est
2571 2540 2692 2599 dies
2720 2544 3159 2601 resurrectionis
3212 2544 3449 2603 Domini
3498 2545 3684 2603 nostri
3717 2544 3851 2602 Jesu

2150 2623 2384 2697 Christi,
2434 2644 2611 2700 quem
2642 2646 2748 2689 nos
2798 2633 3027 2705 proprie
3077 2632 3460 2704 Dominicam,
3501 2649 3603 2707 pro
3660 2638 3853 2693 sancta

2150 2717 2276 2789 ejus
2308 2721 2731 2781 resurrectione
2764 2738 3057 2783 vocamus.
3096 2724 3210 2783 Hic
3240 2725 3463 2800 primus
3490 2726 3684 2785 lucem
3713 2725 3852 2787 vidit

2151 2806 2213 2863 in
2240 2808 2551 2882 principio,
2604 2817 2660 2868 et
2694 2812 2787 2869 hic
2830 2814 3054 2887 primus
3105 2815 3417 2875 Dominum
3450 2822 3853 2890 resurgentem

2149 2897 2527 2971 contemplari
2554 2900 2767 2959 meruit
2793 2902 2863 2959 de
2887 2904 3169 2975 sepulcro.
3504 2947 3537 2981 ,

2219 2986 2270 3041 Α
2332 2988 2659 3058 captivitate
2741 3005 2874 3048 vero
2923 2990 3340 3066 Hierosolyma:
3394 2997 3448 3050 et
3504 2992 3857 3051 desolatione

2151 3077 2370 3150 templi,
2432 3095 2619 3152 usque
2680 3081 2749 3137 ad
2816 3081 3145 3155 passionem
3194 3083 3427 3142 Domini
3478 3086 3663 3141 nostri
3724 3084 3858 3142 Jesu

2152 3166 2383 3239 Christi,
2420 3168 2478 3253 id
2511 3176 2595 3227 est
2624 3186 2809 3246 usque
2861 3174 2932 3231 ad
2962 3174 3181 3233 Tiberii
3221 3174 3532 3248 septimum
3560 3174 3857 3233 decimum

2151 3270 2395 3325 annum,
2423 3265 2809 3331 supputantur
2830 3260 2973 3319 anni
3000 3261 3104 3321 668
3127 3274 3172 3321 ε.

2221 3343 2434 3401 XXIII.
2491 3346 2819 3421 Resurgens
2876 3358 3071 3410 autem
3126 3351 3434 3423 Dominus,
3490 3367 3591 3426 per
3619 3349 3862 3425 quadra-

2150 3434 2310 3507 ginta
2342 3435 2464 3495 dics
2493 3454 2628 3497 cum
2653 3439 2954 3513 discipulis
2980 3443 3050 3500 de
3073 3458 3247 3515 regno
3277 3441 3380 3500 Dei
3410 3441 3744 3516 disputans,
3766 3440 3853 3499 vi-

2149 3525 2420 3587 dentibus
2466 3529 2584 3587 illis
2614 3531 2675 3587 in
2730 3531 2885 3589 nube
2915 3540 3235 3606 susceptus,
3285 3532 3731 3606 evectusquein
3758 3544 3864 3587 cm-

2150 3616 2255 3689 los,
2326 3620 2395 3677 ad
2454 3621 2637 3679 Patris
2690 3622 2983 3680 dexteram
3041 3622 3247 3681 residet
3276 3622 3578 3697 gloriosus.
3642 3620 3866 3679 Pilatus

2150 3715 2346 3767 autem
2379 3709 2546 3769 Gesta
2572 3713 2643 3770 ad
2677 3713 2972 3772 Tiberium
3003 3712 3285 3772 Caesarem
3316 3712 3510 3783 mittit,
3557 3716 3612 3768 et
3648 3710 3706 3783 ei
3747 3716 3864 3765 tam

2152 3797 2223 3856 de
2253 3798 2565 3859 virtutibus
2596 3802 2829 3874 Christi,
2876 3819 3051 3876 quam
3084 3803 3154 3860 de
3184 3802 3449 3877 passione
3477 3800 3569 3859 vel
3601 3812 3867 3858 resurre-

2152 3889 2339 3947 ctione
2365 3890 2489 3963 ejus
2510 3894 2786 3953 insinuat.
2818 3894 2961 3964 Quze
2991 3895 3161 3954 Gesta
3182 3893 3202 3922 ¹¹
3231 3894 3378 3968 apud
3436 3910 3541 3953 nos
3564 3892 3750 3951 hodie
3784 3905 3867 3947 re-

2154 3980 2415 4041 tinentur
2440 3986 2669 4061 scripta.
2701 3988 2972 4048 Tiberius
3021 3994 3216 4048 autem
3255 3988 3367 4046 hoc
3416 3986 3486 4045 ad
3542 3991 3825 4044 senatum
3857 3981 3868 4017 ί

2156 4180 2478 4266 Christi,_de
2509 4188 2652 4266 _ejus
2697 4185 2987 4266 virtutibus
3036 4188 3089 4266 et
3130 4186 3196 4266 iis
3238 4198 3359 4251 quae
3407 4198 3506 4251 per
3534 4185 3717 4250 ipsius
3766 4182 3873 4235 dis-

2156 4257 2365 4322 cipulos
2386 4257 2441 4327 in
2473 4257 2593 4321 ejus
2621 4258 2840 4310 nomine
2870 4256 3088 4320 ﬂebant,
3124 4262 3227 4309 etc.

2218 4340 2240 4368 ε
2270 4330 2407 4383 Editi
2451 4329 2651 4382 habent
2708 4330 3033 4383 detestatum
3091 4342 3214 4383 esse.
3266 4328 3414 4380 Hanc
3476 4330 3662 4380 autem
3713 4327 3880 4379 histo-

2156 4401 2292 4454 riam
2350 4415 2419 4454 ex
2481 4402 2826 4454 Hebraeorum
2912 4402 3199 4467 Evangelia
3262 4400 3447 4454 laudat
3506 4400 3880 4464 Hieronymus

2160 4474 2214 4526 in
2260 4474 2517 4541 Catalogo
2574 4475 2821 4529 virorum
2884 4474 3194 4529 illustrium.
3248 4473 3321 4528 De
3372 4486 3439 4527 ea
3490 4479 3546 4527 et
3606 4472 3879 4538 vulgatus

2156 4546 2352 4600 Abdias
2380 4547 2516 4601 libro
2544 4560 2619 4599 vr.

2222 4619 2386 4678 fQuae
2442 4621 2747 4692 sequuntur
2800 4618 2867 4671 ad
2914 4622 3077 4692 caput
3124 4617 3186 4668 22
3237 4617 3434 4692 desunt
3481 4615 3722 4692 in_c_od.
3773 4617 3880 4692 Re-

2159 4692 2266 4756 gio.
2313 4691 2569 4744 Jacobum
2603 4691 2821 4754 Iosephi
2862 4703 2931 4742 ex
2978 4691 3081 4743 alia
3128 4687 3302 4743 uxore
3341 4688 3509 4741 tilium
3554 4687 3737 4744 fuisse
3792 4690 3879 4743 di-

2160 4768 2290 4817 cunt
2341 4764 2589 4830 plerique
2634 4767 2814 4828 patres
2847 4764 3012 4815 Graeci
3053 4766 3108 4816 et
3152 4762 3336 4825 Latini,
3387 4772 3525 4824 quos
3580 4761 3882 4828 impugnat

2161 4837 2545 4901 Hieronymus.
2600 4838 2659 4889 Et
2712 4836 2930 4901 quidem
2978 4834 3159 4887 Jacobi
3211 4838 3385 4886 mater
3448 4844 3563 4897 quae
3613 4833 3884 4887 laudatur

2162 4912 2219 4963 in
2307 4910 2614 4974 Evangelio,
2678 4912 2925 4973 tempore
3007 4906 3279 4972 passionis
3364 4905 3550 4956 Christi
3630 4909 3888 4961 nondum

2163 4984 2393 5047 obierat;
2453 4987 2640 5048 sicque
2684 4983 2883 5046 Joseph
2920 4982 3012 5033 aut
3059 4992 3178 5032 eam
3232 4978 3548 5042 repudiasse
3603 4981 3893 5035 dicendus

2164 5060 2267 5118 est,
2320 5060 2381 5109 ut
2422 5057 2638 5108 Mariam
2688 5054 2930 5115 duceret,
2987 5056 3078 5105 aut
3128 5053 3263 5106 duas
3309 5062 3513 5104 uxores
3565 5052 3748 5106 simul
3788 5054 3892 5106 ha-

2165 5128 2365 5183 huisse.
2422 5128 2569 5187 Quod
2621 5128 2910 5192 utrumque
2958 5125 3310 5178 falsissimum
3366 5133 3489 5176 esse
3548 5135 3728 5180 nemo
3781 5141 3899 5181 non

2164 5204 2330 5257 videt.

2228 5275 2399 5327 sHaec
2450 5285 2716 5327 annorum
2766 5270 3101 5325 enumeratio
3149 5269 3205 5321 ln
3258 5265 3380 5320 cod.
3416 5264 3569 5318 Corb!
3610 5281 3741 5324 non
3795 5272 3903 5327 ha-

2162 5348 2336 5403 betur.

2225 5422 2434 5473 hGesta
2496 5418 2648 5470 Pilati
2706 5416 2890 5470 laudat
2943 5416 3188 5468 Justinus
3262 5414 3488 5476 martyr,
3543 5413 3798 5480 Apolog.
3854 5421 3905 5478 2,

2158 5508 2277 5562 quae
2326 5506 2426 5547 suo
2487 5497 2731 5557 tempore
2794 5492 2850 5542 in
2900 5491 3142 5542 omnium
3192 5484 3441 5562 manibus
3488 5484 3909 5546 habebantur:

2159 5559 2278 5636 quae
2330 5578 2463 5620 vero
2513 5566 2581 5618 ad
2622 5576 2725 5617 nos
2770 5574 3096 5628 pervenere,
3132 5559 3411 5636 vulgoque
3451 5570 3603 5636 nunc
3641 5563 3912 5620 circum-

2155 5629 2427 5698 feruntur,
2457 5638 2600 5691 inter
2631 5638 2818 5701 spuria
2850 5637 3201 5692 monumenta
3234 5631 3477 5697 reputari
3503 5629 3749 5689 debent.

2218 5712 2385 5769 100d.
2417 5711 2589 5775 ωειλ,
2617 5714 2909 5767 senatores.
