4040 6186
189 337 295 400 173

1200 334 1559 397 HISTORIA
1599 333 2080 396 FRANCORUM.
2122 337 2348 398 LIBER
2389 338 2688 398 PRIMUS.

3589 345 3690 404 174

186 463 486 525 recensuit
516 485 531 522 :
573 461 1000 536 quodsenatus
1033 474 1166 520 cum
1197 460 1284 520 ira
1316 453 1552 536 respuit.
1585 469 1680 527 20
1712 477 1811 536 pro
1838 463 2175 523 eoAsulam
2211 465 2480 525 Pathmos
2525 468 2736 541 relegat
2767 468 2828 526 in
2858 467 3156 541 exsilium,
3186 474 3243 528 et
3270 469 3526 530 diversas
3553 488 3684 532 cru-

185 555 346 631 quod
371 570 491 613 non
524 553 598 612 ad
624 568 761 614 eum
801 553 1070 628 primitus
1117 553 1465 612 advenisset.
1499 552 1651 612 Hinc
1690 554 1904 612 etenim

184 651 388 704 contra
431 643 789 702 Christianos
821 642 1010 718 prima
1055 641 1326 700 odiorum
1354 641 1625 715 germina
1651 641 1905 715 pullula-

185 742 350 796 runt.
381 735 604 795 Pilatus
647 742 843 796 autem
892 751 1010 793 non
1056 749 1400 806 permanens
1432 733 1777 807 impunitus,
1805 746 1907 806 pro

187 843 318 887 suae
347 827 587 886 malitia)
619 827 850 897 scelere,
896 827 1006 885 hoc
1047 832 1134 883 est
1177 841 1278 899 pro
1322 840 1462 884 nece
1493 840 1668 899 quam
1699 824 1762 881 in
1791 823 1907 881 Do—

189 919 431 978 minum
461 927 724 978 nostrum
758 918 959 977 Jesum
1004 917 1294 976 Christum
1353 916 1632 981 exercuit,
1664 912 1909 989 prepriis

190 1026 254 1068 se
317 1009 592 1070 manibus
643 1008 1002 1079 interfeci“;
1065 1023 1239 1081 quem
1293 1007 1681 1066 Manichazum
1731 1003 1910 1062 fuisse

193 1099 371 1160 multi
415 1106 640 1174 putant,
679 1084 998 1158 secimdum
1029 1098 1177 1158 illud
1209 1098 1360 1172 quod
1388 1099 1450 1156 in
1482 1097 1796 1171 Evangelio
1825 1095 1910 1152 le-

191 1191 402 1266 gitur:
441 1195 715 1250 Venerunt
757 1194 984 1262 quidam
1033 1193 1100 1248 de
1147 1193 1421 1262 Galilaeis,
1476 1193 1788 1248 nuntiantes
1839 1191 1907 1252 ei,

195 1302 433 1354 quorum
468 1287 791 1354 sanguinem
821 1290 1040 1343 miscuit
1074 1289 1289 1342 Pilatus
1331 1302 1450 1342 cum
1497 1287 1784 1355 sacriﬁciis
1830 1297 1914 1337 eo-

195 1389 324 1427 rum
350 1375 502 1442 (Luc.
529 1385 660 1442 xm,
696 1374 764 1443 1).

272 1461 372 1522 Sic
401 1469 457 1520 et
490 1462 750 1521 Herodes
783 1478 908 1533 rex,
941 1463 1083 1520 dum
1114 1461 1177 1520 in
1223 1462 1505 1536 apostolos
1549 1462 1781 1521 Domini
1813 1476 1913 1519 saa-

197 1552 305 1623 vit,
341 1570 651 1628 percussus
677 1554 960 1613 divinitus
980 1554 1052 1612 ob
1076 1560 1229 1613 tanta
1256 1556 1486 1626 scelera,
1519 1556 1912 1613 intumescens

197 1656 265 1702 ac
294 1649 523 1703 scatens
550 1643 868 1714 vermibus,
899 1651 1129 1717 accepto
1178 1647 1372 1710 cultro.
1401 1652 1466 1702 ut
1515 1644 1733 1704 malum
1771 1659 1911 1718 pur-

197 1741 389 1808 garet,
415 1734 665 1808 propriae
691 1735 752 1793 in
781 1751 841 1794 se
876 1751 1087 1793 manus
1113 1735 1291 1794 ictum
1321 1735 1614 1794 libravit”.

273 1821 490 1880 XXIV.
545 1822 759 1882 Beatus
817 1822 1018 1882 Petrus
1079 1825 1371 1898 apostolus
1421 1825 1529 1883 sub
1577 1824 1918 1898 imperatore

200 1911 472 1983 Claudio,
531 1920 737 1987 quarto
807 1913 880 1970 ab
935 1914 1224 1986 Augusto,
1268 1914 1509 1972 Romam
1567 1913 1917 1987 aggreditur,

201 1998 416 2071 ibique
465 1998 807 2073 praedicans,
844 1999 1045 2058 multis
1081 2000 1399 2060 virtutibus
1453 2002 1922 2060 manifestissime

205 2089 507 2148 Christum
538 2105 664 2148 esse
688 2089 791 2148 Dei
819 2090 1040 2150 Filium
1065 2092 1481 2166 comprobavit.
1503 2093 1592 2149 Ab
1617 2092 1734 2150 illis
1764 2091 1922 2149 enim

204 2178 422 2238 diebus
450 2178 763 2240 Christiani
786 2182 938 2256 apud
975 2182 1264 2241 civitatem
1296 2183 1619 2242 Romanam
1650 2199 1773 2242 esse
1801 2200 1922 2242 coe-

203 2273 445 2340 perunt.
477 2269 623 2328 Cum
656 2276 854 2329 autem
882 2285 1096 2330 nomen
1131 2271 1343 2331 Christi
1390 2288 1490 2346 per
1529 2273 1772 2347 populos
1803 2264 1932 2330 ma?

202 2359 300 2434 gis
346 2375 409 2417 ac
451 2361 635 2434 magis
667 2361 1028 2427 dilataretur,
1056 2364 1242 2422 oritur
1291 2371 1489 2422 contra
1534 2365 1660 2422 hazc
1703 2361 1929 2437 antiqui

200 2450 498 2523 serpentis
549 2451 792 2524 invidia,
826 2459 882 2511 et
913 2453 1043 2512 totis
1079 2469 1140 2511 se
1183 2453 1552 2526 imperatoris
1597 2453 1930 2528 praecordiis

203 2537 481 2598 immittit
508 2555 664 2599 saeva
691 2539 1042 2613 malignitas.
1075 2540 1221 2598 Nam
1260 2541 1410 2600 Nero
1443 2541 1541 2600 ille
1568 2541 1927 2610 luxuriosus,

203 2646 411 2690 vanus
461 2639 636 2708 atque
689 2635 993 2709 superbus,
1035 2635 1295 2694 virorum
1341 2639 1614 2708 succuba,
1643 2643 1700 2693 et
1729 2651 1930 2694 rursus

209 2719 488 2780 virorum
521 2723 822 2796 appetitor,
859 2725 1077 2795 matris,
1115 2741 1378 2784 sororum
1417 2743 1483 2784 ac
1529 2726 1930 2798 proximarum

208 2827 591 2888 quarumque
618 2814 936 2874 mulierum
963 2817 1372 2896 spurcissinms
1391 2815 1650 2886 violator,
1680 2807 1751 2875 :id
1775 2831 1932 2874 com-

209 2904 494 2979 plendam
537 2906 775 2964 malitiae
807 2923 928 2966 suae
961 2908 1196 2980 molem,
1227 2909 1451 2983 primus
1478 2917 1674 2968 contra
1726 2907 1938 2966 Christi

213 2997 450 3054 cultum
505 2999 966 3070 persecutionem
998 3001 1209 3059 excitat
1239 3001 1300 3058 in
1333 3001 1648 3060 credentes.
1679 2999 1941 3057 Habebat

215 3086 388 3146 enim
421 3103 617 3147 secum
653 3088 951 3150 Simonem
983 3090 1237 3165 Magum,
1263 3095 1458 3152 virum
1490 3095 1662 3152 totius
1683 3092 1937 3163 malitia),

1987 553 2246 613 delitates
2278 557 2336 614 in
2370 558 2611 630 populos
2656 559 2849 631 agitat.
2883 557 3014 616 Post
3052 559 3220 632 cujus
3250 567 3514 632 mortem,
3546 563 3687 621 bea-

1989 651 2081 703 tus
2111 645 2362 704 Joannes
2402 649 2690 720 apostolus
2729 655 2784 706 et
2824 649 3173 723 evangelista
3221 653 3291 710 de
3338 654 3546 712 exsilio
3597 671 3688 713 re-

1989 734 2095 792 diit
2127 754 2138 792 :
2171 735 2272 808 qui
2320 751 2498 793 senex
2550 744 2605 796 et
2648 731 2855 811 ple‘nus
2903 739 3152 809 dierum,
3198 741 3577 816 perfectaeque
3630 745 3690 802 in

1989 823 2172 882 Deum
2198 824 2354 896 vitae,
2384 825 2587 883 vivens
2635 842 2694 883 se
2731 827 2994 900 deposuit
3023 828 3082 886 in
3122 829 3403 902 sepulcro.
3435 830 3544 888 llic
3576 832 3690 890 fer-

1993 919 2086 972 tur
2125 921 2142 942 °
2177 931 2293 972 non
2339 921 2568 989 gustare
2616 923 2882 989 mortem,
2925 919 3107 976 donec
3155 919 3356 978 iterato
3409 921 3692 981 Dominus

1986 1000 2354 1075 judicaturus
2395 1003 2685 1073 adveniat,
2711 1003 2834 1076 ipso
2864 1005 2924 1061 in
2957 1005 3288 1079 Evangeliis
3316 1007 3393 1064 ita
3421 1008 3648 1068 dicente
3675 1029 3689 1069 :

1993 1095 2085 1150 Sic
2122 1110 2240 1149 eum
2273 1097 2389 1149 volo
2417 1112 2630 1150 manere
2653 1097 2817 1151 donec
2852 1098 3114 1152 veniam.f
3141 1099 3314 1170 (Joan.
3348 1112 3477 1171 XXI,
3509 1102 3618 1174 21).
3665 1111 3670 1116 ’

2064 1187 2243 1245 XXV.
2294 1187 2521 1247 Tertius
2567 1194 2694 1262 post
2743 1189 3052 1260 Neronem,
3132 1194 3587 1266 persecutionem
3633 1196 3696 1254 in

1995 1279 2356 1338 Christianos
2391 1280 2670 1355 Trajanus
2717 1288 2956 1340 movet:
2998 1282 3105 1342 sub
3154 1301 3268 1358 quo
3319 1285 3518 1344 beatus
3568 1287 3697 1344 Cle-

1996 1383 2182 1439 mens,
2216 1367 2416 1426 tertius
2459 1369 2734 1428 Romanas
2774 1370 3045 1430 Ecclesia:
3086 1372 3388 1446 episc0pus
3414 1384 3459 1443 ε,
3498 1391 3700 1449 passus

1997 1464 2110 1528 est;
2153 1465 2207 1517 et
2244 1464 2475 1518 sanctus
2506 1460 2740 1520 Simeon
2779 1462 3347 1536 Hierosolymitanus
3373 1465 3695 1542 episcopus,

1996 1549 2262 1623 Cleophze
2287 1549 2464 1620 filius,
2491 1567 2593 1624 pro
2632 1551 2842 1609 Christi
2883 1553 3118 1611 nomine
3147 1556 3464 1616 crucifixus
3493 1559 3704 1618 asseri-

1999 1641 2117 1707 tur;
2183 1642 2238 1695 et
2290 1637 2546 1711 Ignatius
2598 1639 3005 1698 Antiochensis
3061 1640 3396 1716 episcopus,
3457 1644 3702 1705 Romam

1998 1727 2210 1785 ductus
2246 1727 2444 1786 bestiis
2473 1729 2797 1804 deputatur.
2831 1729 2971 1790 H336
3011 1731 3120 1790 sub
3155 1731 3390 1807 Trajani
3429 1737 3704 1810 tempori-

1930 1814 2108 1907 B~bus
2137 1821 2257 1907 acta
2290 1821 2445 1907 sunt.

2515 1907 2538 1935 ³³
2584 1868 2745 1965 hunc
2796 1907 2985 1967 [Elius
3042 1910 3337 1970 Adrianus
3395 1913 3708 1989 imperator

2002 2004 2227 2059 creatus
2281 2002 2386 2058 est.
2445 1997 2611 2056 Unde
2663 2004 2720 2056 et
2769 1997 3167 2074 Hierosolyma
3218 2002 3368 2062 IElia
3419 2006 3493 2063 ab
3552 2006 3708 2068 Elio

2003 2089 2261 2147 Adriano
2289 2093 2545 2157 vocatur,
2578 2103 2904 2147 successore
2934 2089 3266 2165 Domitiani,
3297 2111 3364 2153 eo
3394 2095 3548 2171 quod
3581 2114 3709 2158 eam

2004 2179 2372 2256 reparaverit.
2405 2179 2536 2237 Post
2564 2178 2667 2237 has
2703 2195 2840 2238 vero
2869 2180 3163 2253 passiones
3207 2190 3562 2258 sanctorum,
3594 2202 3713 2245 non

2009 2270 2120 2328 fuit
2140 2269 2276 2328 satis
2297 2267 2441 2342 parti
2467 2267 2726 2326 adversa:
2751 2276 2948 2342 gentes
2969 2268 3300 2329 incredulas
3325 2279 3523 2332 contra
3552 2274 3713 2334 Chri-

2011 2359 2238 2418 sticolas
2257 2358 2556 2430 excitasse,
2580 2359 2694 2416 nisi
2714 2369 3098 2420 commoveret
3121 2368 3175 2419 et
3199 2362 3260 2419 in
3284 2362 3426 2437 ipsis
3448 2365 3719 2425 Christia-

2012 2450 2106 2508 nis
2137 2449 2464 2508 schismata.
2500 2441 2762 2508 Concitat
2805 2449 3073 2524 haereses,
3119 2459 3173 2511 et
3209 2453 3396 2512 divisa
3434 2456 3574 2516 fides
3620 2476 3722 2517 ca-

2018 2537 2231 2595 tholica
2257 2538 2421 2595 aliter
2450 2537 2732 2612 aliterque
2769 2538 3095 2598 disseritur.
3127 2539 3272 2598 Nam
3301 2542 3408 2599 sub
3438 2545 3721 2604 Antonini

2021 2635 2117 2693 22
2173 2627 2414 2703 imperio
2466 2628 2879 2689 Marcionitana
2931 2637 2985 2689 et
3029 2630 3435 2691 Valentiniana
3490 2637 3726 2696 hmresis

2020 2722 2226 2780 insana
2286 2721 2544 2780 surrexit
2592 2723 2606 2760 ί
2665 2745 2677 2780 :
2724 2728 2778 2780 et
2824 2721 3089 2782 Justinus
3143 2723 3547 2801 Philosophus,
3603 2739 3728 2804 post

2023 2815 2262 2887 scriptos
2323 2813 2617 2872 catholica:
2685 2813 2956 2873 Ecclesia)
3024 2815 3217 2887 libros,
3287 2819 3564 2892 martyrio
3628 2839 3728 2896 pro

2021 2902 2233 2961 Christi
2267 2904 2502 2962 nomine
2526 2909 2850 2962 coronatur.
2886 2903 2950 2961 In
2983 2905 3119 2962 Asia
3147 2912 3360 2976 autem,
3393 2915 3514 2965 orta
3547 2926 3730 2982 perse-

2021 2996 2272 3064 cutione,
2301 2996 2670 3054 beatissimus
2710 2996 3082 3070 Polycarpus,
3114 2997 3355 3057 Joannis
3395 3003 3635 3074 apostoli
3677 3012 3733 3064 et

2023 3085 2394 3159 evangelista)
2418 3085 2758 3158 discipulus,
2787 3084 3132 3158 octogesimo
3164 3089 3348 3145 aetatis
3391 3105 3511 3148 sua)
3553 3077 3730 3164 anno,

219 3187 284 3236 et
337 3179 528 3236 omnis
583 3180 824 3254 magica:
871 3181 1010 3240 artis
1074 3183 1436 3256 magistrum.
1482 3183 1605 3241 Hoc
1657 3181 1799 3240 eliso
1843 3199 1943 3256 per
1959 3175 2186 3283 CYClut
2219 3171 3058 3283 11010681513111i’lil‘ifflmum:
3091 3188 3195 3271 ρον
3241 3174 3434 3247 ignem
3486 3178 3731 3240 Domino

222 3267 518 3342 apostolos
553 3269 782 3327 Domini
821 3270 1053 3329 Petrum
1101 3281 1272 3346 atque
1320 3273 1589 3342 Paulum,
1627 3279 1948 3330 commotus

225 3365 434 3416 contra
461 3373 578 3428 eos,
615 3359 768 3434 quod
821 3360 1114 3419 Christum
1161 3362 1375 3420 Filium
1425 3363 1861 3437 pl‘iPdiCill‘Olli“,
1895 3366 1950 3418 et

234 3448 390 3506 idola
429 3447 665 3506 adorare
707 3455 1162 3521 contemnerent,
1195 3450 1429 3510 Petrum
1462 3467 1654 3522 cruce,
1696 3449 1948 3508 Paulum

232 3536 433 3610 gladio
461 3537 629 3611 jubet
656 3538 924 3597 interfici.
961 3539 1087 3612 Ipse
1111 3557 1345 3616 quoque
1376 3547 1465 3606 21
1511 3540 1817 3599 excitatam
1851 3555 1950 3598 su-

234 3642 344 3700 per
391 3643 452 3686 se
494 3628 836 3689 seditionem
886 3632 1084 3706 fugere
1140 3640 1386 3706 tentans,
1434 3638 1639 3706 quarto
1685 3630 1756 3690 ab
1803 3631 1949 3690 urbe

237 3717 435 3792 lapide
470 3721 699 3795 propria
728 3737 787 3779 se
816 3737 995 3779 manu
1021 3721 1326 3780 interfecit.

311 3806 481 3866 Tunc
504 3815 562 3866 et
586 3809 834 3869 Jacobus
871 3812 1045 3869 frater
1073 3810 1328 3884 Domini,
1357 3815 1412 3870 et
1439 3809 1665 3868 Marcus
1699 3823 1949 3879 evange-

229 3898 387 3969 lista,
417 3914 522 3972 pro
559 3898 773 3958 Christi
804 3901 1042 3960 nomine
1089 3902 1338 3976 glorioso
1382 3901 1656 3975 martyrio
1696 3900 1952 3958 coronati

230 3995 393 4048 sunt.
431 3988 663 4049 Primus
698 3996 890 4049 tamen
917 3993 1186 4052 omnium
1234 3993 1384 4051 hanc
1408 3992 1566 4049 viam
1608 3989 1784 4048 levita
1835 3988 1954 4048 Ste-

231 4079 470 4153 phanus
508 4087 565 4138 et
612 4089 835 4154 martyr
864 4083 1120 4156 intravit.
1152 4082 1360 4156 Magna
1402 4088 1528 4156 post
1573 4080 1772 4140 Jacobi
1813 4095 1952 4153 apo-

233 4172 367 4231 stoli
399 4189 606 4250 necem
639 4174 871 4250 Jud‘aeos
903 4177 1198 4236 calamitas
1231 4183 1493 4236 assecuta
1525 4181 1626 4234 est.
1660 4174 1808 4232 Nam
1848 4173 1950 4231 ad-

235 4262 512 4323 veniente
545 4239 915 4338 Vespasiano,
972 4272 1026 4323 et
1075 4266 1357 4341 templum
1410 4265 1713 4325 incensum
1745 4271 1859 4335 'est,
1901 4269 1954 4321 et

235 4361 515 4414 sexcenta
564 4355 747 4413 millia
791 4356 1126 4416 Judzeorum
1154 4373 1221 4415 eo
1251 4357 1423 4428 bello,
1450 4355 1641 4429 gladio
1665 4356 1692 4394 ιι
1721 4362 1775 4413 et
1803 4356 1954 4412 fame

234 4447 443 4506 affecta
469 4453 626 4506 sunt.
659 4447 1027 4506 Domitianus
1066 4454 1260 4506 autem
1297 4450 1589 4507 secundus
1617 4451 1744 4520 post
1773 4445 1954 4503 Nero-

2029 3268 2410 3320 consecratur.
2433 3259 2543 3317 Sed
2561 3259 2694 3317 etin
2713 3259 2915 3318 Galliis
2939 3261 3102 3319 multi
3133 3279 3234 3335 pro
3257 3265 3466 3325 Christi
3503 3272 3735 3329 nomine

2033 3359 2168 3411 sunt
2217 3368 2317 3425 per
2360 3350 2707 3423 martyrium
2762 3351 3007 3421 gemmis
3061 3351 3389 3412 cmlostibus
3434 3362 3733 3420 coronati:

2033 3456 2280 3518 quorum
2311 3439 2646 3514 passionum
2677 3439 2936 3497 historice
2965 3441 3118 3514 apud
3154 3457 3258 3500 nos
3287 3444 3534 3504 fideliter
3555 3464 3737 3524 usque

2033 3531 2206 3591 hodie
2231 3531 2600 3589 retinentur’.

2104 3623 2339 3683 XXVII.
2378 3623 2465 3680 Ex
2487 3622 2703 3696 quibus
2731 3628 2784 3680 et
2813 3622 2909 3680 ille
2940 3624 3163 3696 primus
3195 3624 3602 3698 Lugdunensis
3633 3630 3743 3689 Ec-

2033 3714 2223 3772 clesia;
2263 3711 2549 3769 Photinus
2601 3711 2902 3786 episcopus
2953 3713 3080 3782 fuit,
3119 3715 3220 3787 qui
3261 3715 3466 3788 plenus
3495 3718 3742 3793 dierum,

2035 3802 2280 3862 diversis
2309 3803 2544 3859 allectus
2597 3801 2916 3876 suppliciis,
2947 3817 3050 3874 pro
3080 3805 3288 3862 Christi
3339 3807 3571 3868 nomine
3613 3826 3745 3883 pas-

2037 3909 2137 3953 sus
2180 3898 2282 3949 est.
2319 3890 2694 3948 Beatissimus
2727 3907 2861 3949 vero
2917 3890 3176 3951 Irenaeus
3231 3894 3408 3968 hujus
3456 3913 3748 3957 successor

2034 3981 2326 4056 martyris,
2359 3981 2459 4053 qui
2498 3998 2532 4038 a
2563 3982 2726 4039 beato
2770 3981 3087 4055 Polycarpo
3116 3983 3188 4041 ad
3221 3984 3369 4043 hanc
3416 3989 3623 4046 urbem
3652 3989 3746 4047 di-

2035 4081 2224 4134 rectus
2250 4078 2350 4141 est,
2384 4072 2714 4130 admirabili
2761 4073 2978 4131 virtute
3018 4075 3264 4134 enituit:
3295 4079 3399 4151 qui
3436 4079 3496 4137 in
3535 4081 3743 4138 modici

2037 4162 2307 4237 temporis
2334 4163 2537 4234 spatio,
2568 4163 2976 4236 prazdicatione
3017 4181 3119 4224 sua
3152 4169 3408 4227 maxime
3433 4171 3494 4228 in
3526 4171 3747 4246 integro

2039 4255 2328 4314 civitatem
2379 4252 2627 4311 reddidit
2667 4252 3075 4310 Christianam.
3114 4252 3224 4313 Sed
3259 4257 3525 4317 veniente
3551 4276 3746 4333 perse-

2038 4345 2292 4416 cutione,
2322 4343 2454 4402 talia
2507 4340 2721 4399 ibidem
2763 4341 3027 4400 diabolus
3077 4342 3229 4402 bella
3287 4363 3389 4419 per
3436 4354 3748 4420 tyrannum

2039 4437 2318 4506 exercuit,
2356 4441 2410 4493 et
2459 4440 2613 4492 tanta
2661 4432 2743 4491 ibi
2797 4433 3109 4491 multitudo
3161 4436 3622 4499 Christianorum
3677 4441 3751 4499 ob

237 4551 380 4595 nem
411 4535 474 4594 in
504 4535 860 4595 Christianos
888 4537 1086 4610 szevit;
1122 4537 1407 4597 Joannem
1431 4514 1758 4609 apostolum
1787 4532 1852 4590 in
1873 4514 2021 4590 in-D
2042 4526 2463 4586 confessionem
2498 4521 2784 4582 Dominici
2838 4523 3095 4580 nominis
3129 4531 3212 4581 est
3245 4525 3527 4602 jugulata,
3553 4537 3618 4589 ut
3649 4546 3751 4605 per

309 4733 503 4799 IApud
553 4734 807 4788 Viennam
855 4734 1034 4788 Galliae
1092 4735 1284 4790 urbem
1350 4734 1648 4800 relegatus,
1709 4733 1770 4784 ut
1817 4729 1960 4782 scri-
2043 4732 2416 4797 Ephesiorum
2455 4733 2771 4796 episcopus,
2827 4733 2919 4799 qui
2979 4731 3203 4784 Joannis
3248 4732 3547 4797 discipulos
3592 4733 3749 4786 vide-

242 4807 324 4860 bit
354 4806 466 4860 Ado
493 4807 820 4862 Viennensis
849 4809 908 4860 in
929 4809 1216 4874 Chronico.
2043 4811 2143 4869 rat,
2186 4817 2311 4858 eum
2355 4803 2548 4869 Ephesi
2599 4804 2889 4868 sepultum,
2927 4806 3108 4870 ibique
3150 4807 3451 4857 extremam
3499 4817 3753 4858 resurre-

307 4881 446 4932 »εἰς
481 4882 602 4934 cod.
657 4883 883 4946 Regm.;
930 4883 1023 4934 alii
1072 4875 1224 4941 vero,
1275 4878 1510 4947 proprias
1539 4892 1593 4932 se
1626 4891 1820 4933 manus
1845 4877 1959 4930 ictu
2044 4880 2276 4934 ctionem
2342 4881 2752 4940 exspectantem
2831 4881 3019 4943 jacere
3080 4878 3307 4931 affirmat
3371 4879 3426 4930 in
3501 4881 3746 4944 episttta,

245 4958 523 5012 liberavit.
558 4959 735 5019 Corb.,
782 4959 994 5011 ictibus.
1050 4958 1122 5012 De
1173 4959 1401 5013 Herodis
1431 4959 1681 5022 Agrippa:
1725 4957 1963 5031 interitu,
2047 4963 2209 5031 quam
2237 4950 2499 5031 Eusebius
2530 4949 2698 5031 refert
2728 4949 2825 5031 lib.
2857 4964 2906 5014 v,
2941 4964 3058 5031 cap.
3094 4951 3172 5001 24.
3457 5021 3492 5031 η

243 5035 454 5100 prater
493 5035 620 5086 Acta
675 5035 1076 5099 Apostolorum,
1132 5047 1251 5101 cap.
1314 5037 1390 5094 12,
1446 5021 1713 5099 legendus
1757 5029 1969 5104 rJoseph
2090 5027 2131 5104 _f
2286 5025 2483 5076 habent
2531 5023 2670 5104 Reg,
2728 5021 2854 5086 Reg.
2907 5027 2974 5104 εἴ,
3005 5023 3187 5104 ηςεω·
3238 5033 3359 5104 οξιηι
3409 5021 3569 5104 agilis
3626 5022 3748 5074 33d-

245 5093 302 5159 in
351 5106 613 5170 Antiquit.
654 5093 913 5168 Judaicis,
945 5093 1072 5171 cap.
1105 5108 1154 5161 7.
1199 5093 1710 5172 Gregorius'tamen
1755 5103 1842 5155 hic
1877 5093 1969 5153 A’s-
2052 5097 2106 5147 et
2143 5097 2272 5172 _lll.,
2329 5109 2490 5172 quam
2515 5093 2829 5172 _lect7‘0nef_n
2882 5095 3119 5172 vulgat?
3158 5095 3373 5172 Ρπδῖιζδ,
3403 5094 3562 5172 etiam
3609 5105 3756 5172 11,093

243 5163 542 5233 calcatum
586 5189 709 5230 cum
753 5163 986 5245 Agrippa
1016 5163 1335 5234 confundit:
1359 5182 1482 5239 Quae
1531 5181 1676 5232 enim
1716 5178 1805 5229 hic
1839 5187 1973 5228 nar—
2053 5170 2265 5245 retinet.
2315 5166 2688 5245 Alii,_si-etmt
2721 5167 2856 5245 uolo,
2899 5171 3024 5230 etc.,
3066 5170 3124 5218 ut
3154 5165 3318 5216 Gnaei
3360 5163 3566 5228 legunt,
3605 5171 3660 5222 et
3697 5168 3753 5219 in

247 5255 330 5302 rat
375 5247 696 5302 Ascalonita
742 5239 1112 5316 eunti-gerunt,
1166 5257 1226 5306 ut
1267 5254 1437 5307 refert
1469 5251 1669 5316 Joseph
1692 5249 1786 5301 lib.
1818 5262 1878 5306 ιι,
1904 5248 1972 5301 de
2055 5243 2426 5323 aliquotmss;
2448 5240 2641 5323 Latinis
2661 5239 2921 5323 “hibetur.

247 5325 397 5379 bello
452 5323 693 5383 iudaice,
749 5329 805 5377 et
847 5309 921 5378 ei
969 5337 1036 5380 eo
1093 5309 1358 5382 Eusebius
1408 5330 1462 5382 et
1521 5309 1743 5380 Ruﬁnus
1794 5323 1890 5376 lib.

2118 5309 2351 5377 s'Corb.,
2383 5312 2624 5366 Ecclesiae
2647 5312 2759 5377 fuit
2795 5313 3083 5379 episcopus.
3108 5313 3320 5383 Passus,
3343 5309 3455 5383 _etc.

250 5377 521 5458 Historia.
547 5377 743 5460 capas.
859 5377 868 5378 ί
979 5377 1028 5380 ’⁷
1093 5377 1354 5382 "nr"
1414 5377 1460 5382 *⁷
1521 5377 1608 5380 ”⁷
1645 5377 1675 5379 η
2119 5409 2144 5444 ι.
2168 5390 2307 5442 illud
2329 5391 2488 5452 caput
2512 5399 2635 5460 cum
2669 5399 2790 5452 seq.
2822 5377 2978 5437 deest
3009 5384 3063 5434 in
3084 5382 3205 5434 eoi.
3233 5377 3395 5460 Corb.

309 5483 332 5510 ε
357 5471 453 5523 Sic
500 5455 704 5522 habent
758 5482 953 5525 omnes
1005 5472 1156 5525 editi.
1205 5471 1518 5538 Legendum
1558 5474 1758 5531 tamen,
1785 5468 1975 5523 Chn‘s-
2121 5463 2134 5500 ί
2167 5462 2296 5538 Cod-
2327 5461 2531 5538 R98m_-'.
2563 5457 2779 5538 ἡσυνεξςε
2807 5459 3013 5538 (Mars?
3034 5455 3409 5538 εέιννεπεῖτιηί·

246 5551 372 5600 tum
450 5541 642 5600 Filium
683 5545 778 5598 Dei
831 5547 1212 5613 praedicarent,
1255 5527 1373 5616 (fuas
1421 5548 1582 5604 lectio
1637 5550 1719 5603 est
1744 5527 1976 5600 'codicis
2119 5535 2227 5586 lin
2280 5531 2537 5616 _epis}9|a
2603 5527 3364 5616 ,εοίξξςεςιίῲιυξξῖιξξιεῐξξίξιξι
3404 5531 3768 5616 υζιξὲἷίζτυω

245 5599 571 5674 mm“.
631 5599 636 5600 ί
833 5599 849 5611 ·
1264 5599 1365 5616 νη
2060 5621 2222 5676 quam
2280 5606 2541 5659 Eusebius
2601 5605 2656 5654 iu
2710 5602 2941 5654 Historia
2991 5601 3361 5676 ecclesiastica
3403 5599 3770 5676 refertgiiam,

313 5672 499 5744 (Cod.
530 5689 938 5752 norb,,¢¢bmo
958 5693 1232 5759 εισιαάίο,
2063 5672 2118 5736 et
2178 5693 2343 5759 supra
2403 5678 2764 5759 laudatorum.
2793 5676 3091 5759 martyrum
3150 5673 3458 5740 passiones,
3513 5672 3768 5731 dedimus

311 5775 336 5804 ο
363 5764 496 5817 Haec
562 5763 667 5818 fuit
694 5749 928 5832 aliquot
994 5749 1242 5822 veterum
1295 5767 1503 5832 opinio,
1566 5776 1728 5832 quam
1776 5761 1978 5818 Tertulo
2062 5759 2206 5814 inter
2237 5756 2361 5809 Acta
2388 5754 2691 5815 martyrum
2723 5749 2960 5806 sincera.

245 5839 444 5895 liam
504 5838 561 5892 et
609 5836 702 5893 alii
742 5840 994 5908 plerique
1044 5845 1232 5909 patres
1287 5841 1617 5898 reintarunt.
1670 5837 1982 5904 Polycrates
