4006 6182
294 320 398 377 177
1308 313 1669 375 HISTORIA
1709 312 2187 373 FBANCORUM.
2229 309 2454 372 LIBER
2491 308 2791 372 PRIMUS.
2850 332 2851 341 η
3683 293 3787 356 178

283 460 404 503 nus
454 444 661 513 factus,
698 441 945 500 domum
990 456 1156 500 suam
1196 440 1330 499 fecit
1366 418 1682 498 ecclesiam.
1736 438 1875 497 Haec
1917 441 2059 500 estA
2079 443 2288 507 motus,
2335 437 2514 497 credit
2552 437 2798 507 Christo,
2846 432 3180 505 relictisque
3220 423 3486 487 fanaticis
3513 420 3784 483 sordibus

283 548 449 590 nunc
484 532 727 591 ecclesia
781 530 934 603 apud
989 529 1277 602 Biturigas
1324 529 1528 587 urbem
1586 528 1797 602 prima,
1851 528 1998 587 miro
2080 544 2146 587 ac
2178 528 2458 601 baptismo
2504 531 2883 594 consecratus,
2932 537 3180 595 magnus
3231 519 3292 577 in
3334 517 3615 575 virtutum
3642 526 3781 585 ope-

282 639 459 696 opere
504 621 837 695 composita,
882 627 937 678 et
982 620 1158 702 primi
1214 620 1486 692 martyris
1538 618 1811 693 Stephani
1860 619 1998 676 reli-
2080 619 2303 678 ratione
2347 620 2575 677 enituit.
2631 618 2746 676 Nec
2791 616 2977 674 multo
3021 619 3148 687 post
3172 627 3288 702 per
3321 606 3688 702 martyrium,
3718 604 3787 660 ut

260 712 445 786 'quiis
472 711 759 769 illustrata
786 724 831 768 ει.

369 806 467 863 25
508 800 687 857 XXX.
736 798 1035 872 Vigesimo
1071 796 1313 869 septimo
1370 796 1514 865 loco,
1553 792 1891 855 Valerianus
1940 804 1998 856 et

282 889 593 947 Gallienus
620 890 956 947 Romanum
988 886 1303 959 imperium
1333 891 1469 943 sunt
1494 886 1703 958 adepti,
1735 887 1837 960 qui
1873 903 1997 957 gra-

284 994 420 1036 vem
468 988 665 1037 contra
707 978 1063 1037 Christianos
1110 974 1566 1049 persecutionem
1607 993 1710 1034 suo
1747 984 1997 1050 tempore

281 1074 749 1127 commoverunt.
784 1068 952 1125 Tunc
995 1066 1239 1125 Romam
1272 1064 1572 1122 Cornelius
1598 1071 1640 1135 ⁵,
1673 1064 1997 1139 Cyprianus

282 1156 699 1230 Carthaginem
718 1155 870 1213 felici
893 1156 1179 1227 sanguine
1200 1153 1584 1211 illustrarunt.
1610 1154 1834 1212 Horum
1860 1162 1998 1213 tem-

280 1262 431 1320 pore
484 1252 541 1304 et
578 1246 835 1305 Chrocus
889 1245 990 1302 ille
1038 1244 1499 1301 Alamannorum
1544 1259 1669 1312 rex,
1712 1251 1995 1304 commoto

282 1328 573 1404 exercitu,
640 1335 854 1411 Gallias
914 1333 1265 1408 pervagavit.
1328 1332 1439 1390 Hic
1494 1340 1687 1391 autem
1743 1333 1995 1393 Chrocus

281 1423 495 1481 multa)
531 1424 877 1495 arrogantiae
919 1422 1099 1481 fertur
1143 1421 1361 1485 fuisse:
1396 1422 1497 1495 qui
1542 1438 1677 1479 cum
1710 1424 1994 1482 nonnulla

282 1513 496 1585 inique
521 1513 809 1584 gessisset,
846 1528 948 1586 per
976 1511 1308 1581 consilium,
1343 1518 1405 1569 ut
1432 1513 1615 1583 aiunt,
1647 1514 1844 1570 matris
1876 1514 1993 1572 ini-

278 1620 445 1676 quae,
474 1605 791 1674 collectam,
819 1612 883 1662 ut
904 1605 1186 1674 diximus,
1206 1604 1669 1662 Alamannorum
1697 1611 1925 1677 gentem
1951 1616 1991 1677 °,

276 1692 595 1750 universas
625 1692 841 1751 Gallias
870 1698 1238 1766 pervagatur,
1273 1698 1623 1765 cunctasque
1654 1693 1828 1764 aedes,
1861 1709 1993 1767 quae

271 1780 610 1852 antiquitus
642 1781 936 1840 fabricatae
968 1781 1218 1851 fuerant,
1252 1798 1286 1838 a
1320 1782 1715 1841 fundamentis
1742 1784 2052 1864 subver-B

272 1870 367 1927 tit.
423 1870 677 1929 Veniens
732 1887 865 1930 vero
915 1874 1228 1944 Arvernos,
1261 1872 1574 1930 delubrum
1628 1873 1796 1944 illud,
1833 1875 1986 1946 quod

272 1959 504 2018 Gallica
548 1960 746 2033 lingua
786 1963 966 2021 Vasso
1009 1963 1034 1998 ά
1075 1963 1292 2021 Galatas
1331 1969 1555 2032 vocant,
1587 1964 1865 2034 incendit,
1894 1966 1984 2024 di-

269 2047 419 2117 ruit,
468 2054 637 2122 atque
680 2051 980 2110 subvertit.
1026 2051 1171 2109 Miro
1216 2050 1373 2131 enim
1423 2066 1593 2124 opere
1632 2053 1849 2111 factum
1878 2054 1986 2111 fuit

269 2144 457 2208 atque
485 2136 801 2209 firmatum,
847 2140 1019 2212 cujus
1056 2140 1243 2213 paries
1288 2140 1504 2213 duplex
1536 2146 1673 2200 erat.
1707 2143 1796 2200 Ab
1826 2142 1986 2201 intus

266 2226 437 2282 enim
467 2225 539 2283 de
570 2227 797 2285 minuto
830 2228 1020 2301 lapide
1049 2251 1060 2296 ;
1092 2246 1125 2286 a
1156 2230 1294 2287 foris
1321 2245 1458 2289 vero
1490 2231 1728 2304 quadris
1758 2232 1988 2305 scalptis

270 2315 624 2373 fabricatum
662 2317 792 2375 fuit.
840 2317 1061 2377 Habuit
1103 2319 1260 2376 enim
1305 2319 1489 2392 paries
1519 2320 1619 2377 ille
1651 2321 1989 2380 crassitudi-

272 2417 418 2459 nem
465 2402 635 2475 pedes
687 2404 938 2475 triginta.
1000 2404 1354 2464 Intrinsecus
1402 2420 1537 2463 vero
1584 2421 1868 2465 marmore
1922 2423 1988 2465 ac

273 2491 515 2549 musivo
567 2493 847 2551 variatum
899 2502 1017 2551 erat
1064 2507 1105 2551 ο.
1148 2495 1552 2552 Pavimentum
1582 2510 1814 2568 quoque
1844 2496 1986 2554 {edis

272 2570 569 2636 marmore
600 2586 867 2650 stratum,
894 2580 1139 2653 desuper
1168 2596 1301 2639 vero
1336 2581 1573 2654 plumbo
1605 2588 1838 2641 tectum.

349 2667 558 2725 XXXI.
590 2669 767 2727 Juxta
796 2670 813 2706 ῖ
855 2671 1004 2727 hanc
1034 2671 1239 2728 urbem
1262 2670 1573 2740 Liminius,
1602 2671 1983 2730 Antolianus-

271 2774 393 2831 que
423 2766 705 2832 martyres
740 2760 1129 2834 requiescunt.
1180 2760 1269 2818 Ibi
1318 2761 1523 2819 Cassus
1553 2777 1617 2818 ac
1647 2760 1985 2821 Victorinus

271 2852 339 2908 in
372 2850 680 2908 dilectione
724 2850 934 2907 Christi
987 2850 1236 2909 fraterno
1280 2852 1487 2909 affectu
1522 2850 1741 2922 sociati,
1772 2867 1873 2925 per
1898 2854 1984 2910 ef-

272 2940 568 2998 fusionem
597 2940 823 2998 cruoris
843 2940 1081 3014 prOprii,
1107 2942 1389 3000 caelorum
1418 2959 1592 3016 regna
1610 2942 1824 3015 pariter
1852 2948 1986 3001 sunt

270 3029 488 3102 adepti.
542 3029 689 3086 Nam
741 3031 914 3087 refert
950 3030 1285 3105 antiquitas,
1332 3030 1695 3090 Victorinum
1748 3049 1985 3091 servum

277 3118 460 3175 fuisse
486 3127 620 3176 ante
654 3118 790 3176 dicti
820 3118 1013 3191 templi
1058 3120 1388 3177 sacerdotis.
1417 3120 1525 3190 Qui
1554 3121 1696 3180 dum
1725 3122 1982 3195 plerum-

269 3224 388 3281 que
439 3208 654 3279 vicum,
706 3224 879 3283 quem
927 3208 1386 3268 Christianorum
1434 3219 1659 3283 vocant,
1689 3214 1758 3270 ad
1788 3230 1980 3286 perse-

271 3299 539 3371 quendos
581 3290 940 3357 Christianos
968 3301 1107 3371 adit,
1139 3299 1404 3377 Cassium
1434 3304 1643 3375 reperit
1678 3310 1772 3368 26
1812 3305 1979 3363 Chri-

270 3384 533 3444 stianum
588 3409 601 3444 :
655 3388 824 3460 cujus
879 3388 1392 3459 praedicationibus
1453 3398 1627 3464 atque
1684 3392 1981 3451 miraculis

337 3565 672 3631 ‘Hodieque
774 3571 953 3633 major
1058 3570 1292 3621 ecclesia
1410 3569 1705 3635 Biturigum
1795 3575 1979 3625 sancto

271 3635 547 3758 (sittepbano
587 3653 760 3703 sacra,
811 3643 999 3705 paucis
1047 3644 1102 3693 in
1152 3643 1316 3695 Gallia
1367 3646 1540 3697 sacris
1594 3644 1834 3697 aedificiis
1885 3656 1980 3696 ce-

312 3723 323 3758 l

312 3714 367 3761 it.

336 3782 356 3810 δ
393 3782 678 3839 Cornelius
717 3792 898 3841 tamen
942 3786 1076 3838 obiit
1128 3799 1271 3838 anno
1321 3788 1433 3847 252,
1494 3789 1593 3839 sub
1638 3790 1785 3842 Decii
1832 3791 1981 3855 prin-

272 3856 475 3917 cipatu,
522 3859 574 3907 et
618 3860 859 3922 quidem,
911 3861 973 3911 ut
1004 3859 1360 3909 verisimilius
1406 3861 1504 3919 est,
1541 3861 1686 3925 apud
1731 3862 1979 3913 Centum-

274 3927 464 3985 cellas,
505 3927 594 3980 ubi
647 3944 771 3984 cum
814 3930 989 3996 gloria
1020 3930 1405 3982 dormitionem
1440 3932 1660 3995 accepit,
1697 3937 1753 3985 ut
1783 3933 1982 3997 legitur

273 4001 327 4051 in
389 4003 751 4057 vetustissimo
825 4002 1121 4069 pontiﬁcali
1180 4003 1529 4056 Bucberiano.
1619 4007 1729 4057 Non
1784 4007 1980 4059 desunt

272 4078 456 4124 tamen
507 4076 599 4138 qui
639 4090 764 4128 eum
815 4078 992 4130 Romae
1042 4087 1265 4138 passum
1301 4080 1655 4128 asseverent:
1700 4078 1797 4128 sed
1829 4078 1978 4130 nulla

272 4149 355 4196 est
400 4144 545 4197 circa
591 4147 839 4211 martyrii
889 4150 1106 4209 tempus
1155 4147 1473 4208 opinionum
1523 4146 1830 4199 diversitas.
1868 4150 1974 4212 Cy-

272 4217 497 4279 prianus
577 4230 708 4269 vero
783 4231 923 4271 anno
983 4218 1075 4267 258
1150 4222 1318 4282 prope
1378 4217 1749 4279 Carthaginem
1801 4220 1975 4283 capite

272 4290 474 4354 plexus
502 4292 603 4350 est,
637 4290 916 4342 Valeriano
947 4294 1000 4342 et
1029 4289 1268 4341 Gallieno
1307 4290 1740 4355 imperatoribus.

336 4370 352 4389 ε
388 4361 505 4413 Bec.
564 4365 619 4413 et
660 4362 871 4424 Regm.,
917 4362 1217 4414 collectam.
1269 4366 1452 4426 gente;
1509 4373 1630 4424 quae
1672 4361 1832 4414 lectio
1874 4364 1974 4413 etsi

2080 710 2362 780 diximus,
2400 710 2459 767 in
2492 708 2660 767 terris
2695 706 2913 777 sociati,
2961 704 3032 762 ad
3079 699 3330 760 caelestia
3368 695 3580 771 pariter
3608 705 3786 765 regna

2080 798 2481 870 migraverunt
2506 806 2551 853 ε.

2151 869 2388 945 XXXII.
2420 885 2787 944 Irruentibus
2833 888 3027 942 autem
3069 875 3415 967 Alamannis
3447 874 3511 931 in
3541 869 3779 967 Gallias,

2079 984 2311 1034 sanctus
2368 975 2633 1033 Privatus
2684 972 3039 1032 Gabalitanaa
3086 968 3246 1028 urbis
3305 965 3610 1038 episcopus
3640 958 3686 1029 ’³,
3717 958 3784 1014 in

2079 1072 2274 1138 crypta
2301 1061 2733 1120 Memmatensis
2761 1061 2989 1128 montis,
3018 1058 3121 1115 ubi
3138 1054 3381 1130 jejuniis
3399 1048 3783 1143 orationibus:

2084 1168 2196 1226 que
2240 1152 2496 1221 vacabat,
2548 1151 2850 1225 reperitur,
2912 1148 3122 1223 populo
3174 1139 3561 1204 Gredonensis
3613 1139 3785 1195 castri

2083 1246 2145 1303 in
2186 1244 2509 1303 munitione
2554 1242 2823 1301 concluso
2853 1243 2886 1299 ί.
2927 1240 3039 1299 Sed
3082 1240 3226 1296 dum
3264 1249 3400 1293 oves
3430 1244 3563 1289 suas
3594 1228 3783 1284 bonus

2081 1340 2271 1404 pastor
2296 1332 2450 1404 lupis
2474 1331 2695 1389 tradere
2726 1346 2843 1387 non
2889 1325 3193 1394 consentit,
3233 1319 3539 1380 daemoniis
3568 1317 3782 1375 immo-

2080 1422 2197 1480 lare
2232 1421 2619 1494 compellitur.
2667 1420 2829 1489 Quod
2864 1433 3139 1491 spurcum
3180 1414 3278 1471 ille
3319 1421 3435 1470 tam
3474 1420 3784 1467 exsecraris

2078 1524 2254 1581 quam
2286 1508 2565 1578 refutans,
2598 1506 2799 1565 tandiu
2834 1505 3088 1564 fustibus
3114 1501 3375 1569 caeditur,
3404 1496 3784 1571 quoadusque

2080 1604 2377 1673 putaretur
2432 1598 2744 1656 exanimis.
2804 1595 2915 1654 Sed
2964 1612 3036 1653 ex
3090 1594 3216 1667 ipsa
3270 1588 3658 1667 quassatione,
3690 1584 3782 1640 in-

2079 1689 2364 1761 terpositis
2404 1688 2605 1761 paucis
2628 1689 2851 1757 diebus,
2887 1687 3152 1761 spiritum
3179 1682 3494 1744 exhalavit.
3527 1680 3784 1739 Cbrocus

2077 1793 2212 1835 vero
2253 1778 2407 1852 apud
2459 1778 2858 1837 Arelatensem
2902 1778 3225 1837 Galliarum
3270 1776 3477 1834 urbem
3524 1783 3781 1843 compre-

2074 1865 2315 1935 hensus,
2376 1866 2622 1924 diversis
2673 1866 2911 1925 aifectus
2958 1865 3279 1938 suppliciis,
3334 1862 3525 1936 gladio
3576 1860 3812 1931 verbe-,

2075 1960 2233 2011 ratus
2268 1955 2507 2025 interiit,
2550 1970 2668 2012 non
2697 1955 2988 2014 immerito
3026 1970 3226 2027 poenas
3263 1968 3408 2027 quas
3437 1950 3646 2009 sanctis
3676 1944 3778 2004 Dei

2072 2043 2367 2115 intulerat,
2396 2044 2586 2102 luens.
3488 2038 3493 2047 ’
3598 2054 3602 2057 ’

2143 2132 2410 2191 XXXIII.
2442 2134 2563 2193 Sub
2594 2135 2969 2205 Diocletiano,
3013 2136 3115 2210 qui
3146 2133 3433 2211 tricesimo
3464 2130 3629 2189 tertio
3655 2129 3778 2187 loco

2070 2223 2405 2284 Romanum
2436 2226 2587 2284 rexit
2614 2227 2949 2301 imperium,
2973 2228 3166 2300 gravis
3194 2233 3390 2283 contra
3421 2222 3778 2281 Christianos

2070 2331 2171 2388 per
2208 2332 2390 2375 annos
2420 2319 2705 2389 quatuorj
2742 2316 3063 2390 persecutio
3108 2316 3393 2388 exagitata
3440 2320 3524 2371 est
3555 2328 3566 2366 :
3604 2312 3682 2369 ita
3711 2316 3777 2367 ut

2070 2407 2320 2479 quadam
2349 2407 2475 2465 vice
2506 2408 2566 2465 in
2596 2406 2720 2480 ipso
2754 2406 3138 2465 sacratissimo
3163 2406 3256 2463 die
3289 2404 3542 2474 Paschae,
3574 2400 3775 2473 magni

2072 2496 2527 2556 Christianorum
2572 2497 2769 2571 populi
2808 2498 2881 2555 ob
2930 2496 3054 2554 veri
3092 2496 3196 2553 Dei
3233 2494 3456 2553 cultum
3486 2491 3774 2549 interﬁce-

2070 2573 2291 2641 rentur.
2338 2584 2420 2643 Eo
2463 2592 2735 2658 tempore,
2789 2583 3071 2653 Quirinus
3102 2582 3405 2642 Sisciensis
3432 2581 3461 2619 ιι
3505 2576 3777 2636 Ecclesiae

2071 2674 2334 2731 sacerdos
2382 2674 2701 2746 gloriosum
2742 2691 2844 2749 pro
2885 2674 3097 2732 Christi
3146 2672 3383 2731 nomine
3431 2668 3777 2743 martyrium

2072 2763 2224 2833 tulit;
2258 2780 2431 2837 quem
2460 2765 2635 2839 ligato
2662 2767 2733 2823 ad
2758 2766 2974 2824 collum
2992 2764 3196 2824 molari
3227 2778 3388 2832 saxo,
3412 2760 3475 2818 in
3512 2759 3774 2818 fluminis

2066 2854 2354 2927 gurgitem
2411 2856 2631 2913 saevitia
2688 2855 2919 2928 impulit
2960 2869 3338 2929 paganorum.
3398 2850 3583 2925 Igitur
3635 2864 3773 2907 cum

2066 2944 2363 3002 cecidisset
2414 2945 2474 3003 in
2521 2951 2615 3009 27
2654 2947 2964 3019 gurgitem,
3002 2947 3103 3003 diu
3138 2959 3310 3017 super
3352 2957 3531 3015 aquas
3569 2938 3769 2996 divina

2067 3033 2287 3091 virtute
2308 3034 2628 3104 ferebatur;
2656 3051 2763 3094 nec
2794 3036 3100 3094 sorbebant
3126 3049 3314 3106 aqua},
3348 3047 3523 3106 quem
3542 3027 3772 3101 pondus

2067 3126 2329 3185 criminis
2358 3144 2475 3185 non
2503 3130 2816 3200 premebat.
2842 3129 3004 3199 Quod
3047 3129 3259 3186 factum
3290 3126 3585 3185 admirans
3620 3121 3769 3182 mul-

2067 3219 2251 3277 titudo
2301 3220 2499 3292 populi
2556 3219 3006 3288 circumstantis,
3038 3219 3301 3291 despecto
3346 3218 3537 3274 furore
3575 3211 3768 3288 genti-

2064 3308 2232 3378 lium,
2295 3310 2366 3366 ad
2421 3308 2791 3367 liberandum
2840 3312 3148 3381 properant
3199 3304 3570 3363 sacerdotem.
3629 3301 3770 3387 HEL‘C
3828 3384 3835 3387 ι

2064 3397 2165 3455 ille
2194 3405 2457 3469 cernens,
2497 3414 2615 3456 non
2641 3412 2843 3471 passus
2881 3403 2966 3455 est
3004 3413 3064 3455 se
3106 3411 3138 3452 a
3166 3393 3441 3467 martyrio
3480 3386 3763 3459 subtrahi,

2060 3576 2191 3629 liani
2243 3591 2305 3630 ac
2347 3580 2704 3643 Astrebundii,
2769 3580 3107 3645 aliorumque
3162 3580 3517 3645 sanctorum.
3552 3571 3645 3645 qui
3706 3568 3763 3621 in

2064 3661 2127 3722 ea
2168 3650 2303 3701 urbe
2353 3652 2595 3703 coronati
2645 3652 2879 3711 fuerunt,
2926 3644 3212 3716 passiones
3247 3662 3278 3700 a
3310 3648 3469 3722 beato
3501 3644 3762 3722 P_rzejecto

2066 3721 2366 3785 descriptas
2434 3722 2601 3775 fuisse
2654 3727 2837 3775 narrat
2909 3715 3185 3775 secundus
3233 3720 3477 3785 ejusdem
3527 3715 3765 3779 Praejecti

2064 3792 2193 3844 Vitae
2248 3796 2435 3845 auctor
2491 3794 2550 3845 in
2601 3797 2803 3847 Saeculo
2852 3808 2894 3848 ιι
2958 3795 3319 3847 Benedictino.
3380 3791 3452 3841 De
3501 3788 3588 3839 his
3633 3788 3761 3837 item

2066 3863 2357 3927 Gregorius
2419 3866 2538 3917 aliis
2594 3868 2649 3918 in
2715 3868 2846 3918 locis
2914 3867 3122 3917 scribit.
3191 3863 3364 3915 Sancti
3428 3859 3636 3911 Cassius
3705 3858 3761 3907 et

2067 3933 2368 3987 Victorinus
2422 3937 2779 4000 quiescebant
2822 3939 2875 3989 in
2930 3935 3163 3989 ecclesia
3209 3934 3378 3987 sancti
3429 3931 3607 3988 Cassii,
3639 3940 3761 3992 qua:

2063 4005 2223 4058 hodie
2284 4009 2612 4070 parochialis
2688 4013 2804 4071 est;
2871 4008 3183 4060 Antolianus
3230 4018 3358 4056 vero
3418 4004 3475 4054 in
3523 4001 3761 4053 ecclesia

2063 4081 2233 4130 sancti
2289 4081 2437 4137 Galli,
2491 4095 2559 4133 ex
2604 4082 2741 4134 libro
2778 4095 2794 4133 ι
2833 4083 2900 4133 de
2932 4076 3460 4133 Claromontensibus
3509 4073 3761 4127 ecclesiis

2059 4163 2090 4202 a
2137 4152 2409 4204 Savarone
2457 4154 2671 4216 vulgato
2717 4167 2836 4216 cap.
2888 4154 2916 4204 9
2962 4157 3014 4205 et
3059 4154 3105 4202 8.
3151 4150 3405 4201 Liminius
3449 4150 3629 4197 autem
3685 4158 3756 4197 ex

2058 4222 2317 4285 Gregorio
2371 4226 2487 4287 ipso
2542 4226 2635 4277 lib.
2690 4227 2756 4277 de
2813 4225 2987 4277 Gloria
3031 4223 3293 4283 Confess,
3336 4232 3457 4281 cap.
3522 4219 3600 4278 36,
3637 4229 3758 4269 ser-

2058 4295 2284 4346 vabatur
2316 4298 2370 4347 in
2394 4296 2624 4349 ecclesia
2649 4298 2824 4348 sancti
2854 4296 3168 4350 Venerandi.

2120 4368 2142 4398 ¹³
2185 4370 2306 4431 Ejus
2366 4369 2564 4422 festum
2636 4373 2721 4422 die
2792 4374 2845 4423 21
2928 4370 3158 4434 Augusti
3236 4366 3516 4418 recolitur.
3592 4362 3756 4415 Sedes

274 4435 484 4510 melior,
543 4447 653 4486 non
726 4439 907 4486 tamen
951 4436 1239 4487 sincerior.
1290 4435 1604 4510 Gregorius
1641 4435 1859 4499 quippe,
1908 4433 2305 4510 utDepisc0pi
2348 4443 2657 4506 Gabalitani,
2708 4456 2828 4508 quae
2882 4433 3199 4506 olim’apud
3246 4439 3569 4510 Anderitum
3620 4438 3755 4497 erat,

277 4508 394 4571 ipse
418 4508 633 4570 fatetur,
664 4510 863 4572 saepius
894 4510 1183 4561 accusandi
1205 4521 1387 4561 casum
1406 4522 1503 4573 pro
1523 4507 1753 4560 ablativo
1776 4507 2028 4573 posuit.T
2058 4512 2325 4565 Mimatum
2378 4517 2641 4569 transla‘a
2684 4507 2829 4569 circa
2863 4518 3120 4568 saeculum
3158 4513 3443 4571 decimum,
3489 4509 3559 4558 ibi
3593 4509 3755 4560 etiam

276 4580 423 4637 Quod
486 4580 658 4632 semel
729 4582 1005 4633 monuisse
1061 4582 1307 4635 suﬁlciat.
1368 4582 1554 4635 Cbroci
1621 4582 1977 4646 irruptionem

274 4652 364 4703 alii
402 4655 586 4705 saeculi
624 4654 793 4720 quinti
820 4655 969 4705 initio
1004 4657 1351 4719 consignant.-

336 4728 358 4757 δ
393 4729 512 4780 Cod.
596 4730 801 4791 Regm.,
872 4732 1025 4780 Vasa.
1085 4729 1195 4781 Hoc
1267 4729 1487 4782 nomine
1544 4732 1763 4785 Martem
1815 4729 1976 4781 deum

272 4801 341 4851 ab
367 4802 601 4865 antiquis
630 4800 792 4851 Gallis
816 4800 1154 4864 designatum
1191 4800 1361 4853 fuisse
1392 4802 1595 4855 volunt.

337 4883 357 4908 ο
394 4876 513 4932 Quae
583 4877 890 4937 sequuntur
945 4875 1011 4924 ad
1089 4887 1238 4927 num.
1302 4886 1419 4938 seq.
1479 4873 1673 4928 desunt
1744 4879 1797 4930 in
1854 4880 1973 4932 cod.

273 4948 458 5010 Regm.
521 4947 634 4998 Hoc
694 4948 875 5010 ipsum
920 4945 1213 5017 ’templum
1273 4947 1534 4998 Mercurio
1602 4955 1977 5003 consecratum

270 5020 441 5072 fuisse
496 5020 719 5085 conjicit
766 5019 1054 5076 Alteserra,
1098 5018 1243 5083 quod
1284 5018 1484 5069 Plinius
1536 5018 1629 5070 lib.
1672 5034 1750 5081 Ill,
1788 5032 1907 5086 cap.
1948 5025 1977 5073 7

266 5095 490 5152 scribat,
542 5104 642 5143 sua
704 5094 859 5142 aetate
919 5090 1061 5153 apud
1132 5094 1406 5142 Arvernos
1462 5090 1662 5143 factum
1724 5095 1893 5146 fuisse
1946 5108 1977 5146 a

264 5167 547 5217 Zenodoro
623 5163 817 5225 ingens
883 5161 1132 5213 Mercurii
1198 5163 1565 5214 simulacrum.
1654 5165 1777 5217 Haec
1852 5170 1979 5219 sunt

267 5239 439 5288 verba
476 5236 660 5287 Plinii:
712 5233 897 5286 Verum
941 5246 1154 5285 omnem
1189 5233 1613 5297 amplitudinem
1655 5241 1974 5290 statuarum

261 5316 386 5375 ejus
426 5308 637 5373 generis
674 5306 822 5365 vicit,
873 5308 1029 5359 atate
1076 5308 1284 5366 nostra,
1333 5306 1660 5367 Zenodorus,
1720 5312 1978 5363 Mercurio

262 5388 432 5450 facta.
464 5383 525 5434 in
556 5382 779 5433 civitate
830 5375 1011 5431 Gallia:
1042 5379 1320 5441 Arvernis,
1355 5392 1454 5443 per
1490 5394 1660 5433 annos
1695 5381 1873 5435 decem
1903 5385 1978 5436 HS

262 5474 397 5513 cccc
432 5472 599 5511 manu
627 5457 819 5521 pretio.

334 5536 351 5571 ε
388 5534 496 5584 Hoc
555 5534 717 5594 caput
778 5542 905 5581 cum
979 5532 1213 5594 quatuor
1277 5528 1633 5593 sequentibus
1706 5529 1863 5582 deest
1927 5532 1984 5583 in

259 5608 423 5660 Corb.
458 5606 661 5657 codice.
1416 5670 1419 5673 ὗ

333 5693 358 5727 e
394 5679 594 5730 Horum
672 5680 977 5742 martyrum
1070 5676 1208 5727 festa
1292 5672 1517 5738 antiqua
1594 5672 1983 5737 martyrologia

260 5754 718 5810 commemorant.
808 5753 1122 5805 Sanctorum
1202 5749 1389 5808 Cassii,
1471 5747 1741 5807 Victorini,
1818 5749 1981 5799 Anto-

2056 4597 2201 4637 nunc
2230 4591 2560 4649 perseverat.

2118 4658 2271 4710 iSic.
2340 4663 2460 4713 cod.
2512 4662 2725 4725 Begm.;
2768 4661 2857 4712 alii
2907 4669 3029 4709 cum
3085 4655 3261 4719 editis,
3314 4654 3499 4719 populi
3551 4651 3753 4706 Gredo-

2056 4730 2235 4779 nensis
2267 4733 2437 4783 castri
2483 4734 2786 4785 munitione
2835 4729 3127 4789 conclusus.
3179 4728 3352 4780 Gredo
3382 4732 3561 4779 autem
3595 4733 3756 4793 puta-

2059 4805 2146 4850 tur
2203 4814 2323 4853 esse
2374 4808 2529 4856 vicus
2574 4806 2641 4856 ad
2685 4806 2895 4855 radices
2944 4801 3143 4853 monti.»
3186 4803 3340 4860 situs,
3378 4798 3539 4861 vulgo
3581 4800 3758 4850 dictus

2062 4869 2244 4924 ϐακε.
2300 4875 2388 4926 Est
2443 4881 2625 4928 tamen
2684 4879 2736 4928 in
2796 4876 3005 4927 Gabalis
3066 4872 3475 4924 vicecomitatus
3550 4872 3754 4922 Credo-

2059 4947 2266 5008 nensis,
2313 4951 2365 5000 et
2409 4950 2528 5001 cod.
2577 4951 2758 5013 Regm.
2813 4962 2935 5001 cum
2974 4947 3099 4999 edit.
3158 4946 3386 4997 Badiana
3434 4942 3596 4996 habet
3629 4941 3756 4994 Gre-

2057 5016 2161 5068 don
2167 5020 2306 5071 ensis
2318 5058 2330 5070 .

2117 5092 2317 5143 iNullo
2398 5097 2555 5155 pacto
2637 5091 2955 5146 Diocletiani
3036 5087 3345 5154 persecutio
3436 5086 3505 5137 ad
3584 5099 3757 5139 annos

2060 5168 2289 5226 quatuor
2339 5170 2582 5219 revocari
2631 5172 2823 5234 potest.
2865 5166 2934 5216 De
2974 5165 3074 5216 hac
3107 5176 3166 5215 re
3211 5163 3331 5213 vide
3388 5159 3757 5224 przefationem

2060 5240 2298 5288 nostram
2321 5240 2374 5290 in
2396 5242 2521 5291 Acta
2547 5245 2847 5304 martyrum
2877 5239 3107 5289 sincera.

2120 5310 2140 5338 ι
2177 5309 2258 5360 Sic
2306 5314 2452 5363 recte
2502 5313 2657 5364 cond.
2716 5312 2857 5371 Bec.,
2914 5310 3036 5370 Reg.
3097 5310 3149 5359 et
3200 5306 3383 5367 Regm.
3425 5304 3555 5357 Editi
3598 5317 3759 5356 men-

2062 5382 2213 5436 dose,
2264 5379 2560 5433 Sistiensis.
2617 5383 2783 5434 Siscia
2843 5381 3064 5443 quippe’
3095 5376 3228 5429 urbs
3269 5379 3384 5429 erat
3434 5377 3762 5441 episcopalis

2065 5456 2118 5507 in
2174 5456 2454 5508 Pannonia
2511 5458 2799 5521 superiori,
2852 5454 2946 5505 ubi
2999 5448 3193 5514 passus
3250 5455 3330 5504 est
3382 5452 3647 5515 Quirinus,
3692 5454 3760 5504 de

2064 5540 2171 5592 quo
2240 5528 2564 5581 Prudentius
2630 5530 2830 5592 hymno
2887 5526 2933 5587 7,
3008 5525 3075 5577 de
3127 5525 3368 5578 Coronis.
3438 5527 3563 5592 Ejus
3623 5528 3759 5577 Acta

2062 5602 2184 5653 vide
2229 5602 2369 5653 inter
2444 5604 2657 5655 sincera
2721 5601 3039 5664 martyrum,
3094 5611 3216 5664 pag.
3265 5599 3373 5662 552,
3425 5601 3493 5651 ad
3557 5610 3759 5651 annum
