4006 6182
228 257 330 316 179
372 248 379 255 ’

1316 262 1376 321 S.
1418 263 1779 325 GBEGORII
1818 262 2151 325 EPISCOPI
2190 261 2663 326 TURONENSIS

3624 260 3749 330 180

232 380 333 439 sed
360 380 562 439 erectis
600 381 672 440 ad
714 384 930 443 caelum
960 384 1164 458 oculis,
1206 386 1287 444 ait
1317 407 1329 445 :
1360 387 1499 448 Jesu
1536 389 1803 461 Domine,
1841 388 2005 463 quiA
2036 389 2319 465 novisque
2358 389 2695 465 lampadum
2741 390 2919 450 radiis
2947 390 3133 451 Gallia
3160 390 3586 465 perlustratur:
3620 391 3731 452 hoc

236 470 524 543 gloriosus
554 471 771 530 resides
794 475 864 529 ad
894 474 1191 533 dexteram
1220 475 1425 549 Patris,
1462 494 1536 535 ne
1585 479 1823 552 patiaris
1850 494 1943 537 me

234 562 306 621 ab
357 562 467 631 hoc
518 564 700 621 stadio
752 567 1077 638 removeri;
1144 568 1242 625 sed
1303 569 1626 642 suscipiens
1682 572 1941 629 animam

234 669 446 724 meam,
508 654 861 726 conjungere
922 670 1016 713 me
1072 657 1186 714 tuis
1225 659 1579 731 martyribus
1624 662 1688 718 in
1744 662 1941 735 requie

235 742 587 816 sempiterna
644 742 903 815 dignare.
954 745 1061 804 Iiis
1112 747 1295 816 dictis,
1339 748 1588 805 reddidit
1648 750 1936 822 spiritum.

239 834 419 907 Cujus
474 848 682 906 corpus
712 849 743 890 a
772 831 1119 894 Christianis
1160 845 1491 913 susceptum
1541 840 1946 899 venerabiliter

235 922 547 994 sepulturae
582 923 922 981 mandatum
948 929 1051 981 est.

306 1011 565 1069 XXXIV.
586 1010 982 1072 Romanorum
1010 1014 1337 1074 tricesimus
1367 1022 1609 1089 quartus
1632 1018 1945 1092 imperium

240 1098 492 1158 obtinuit
535 1098 970 1174 Constantinus,
1020 1104 1191 1161 annis
1240 1104 1475 1178 triginta
1523 1122 1768 1179 regnans
1812 1108 1945 1167 feli-

244 1189 408 1248 citer.
440 1190 633 1265 Hujus
662 1190 893 1265 imperii
936 1209 1093 1253 anno
1140 1196 1467 1267 undecimo,
1510 1212 1644 1255 cum
1686 1204 1812 1271 post
1840 1215 1947 1258 ex-

245 1295 477 1338 cessum
534 1280 874 1341 Diocletiani
937 1300 1053 1357 pax
1123 1285 1350 1343 reddita
1396 1286 1601 1343 fuisset
1656 1286 1948 1360 Ecclesiis,

242 1370 611 1429 beatissimus
650 1373 863 1446 praesul
894 1372 1180 1432 Martinus
1206 1374 1359 1447 apud
1394 1374 1693 1433 Sabariam
1725 1389 1749 1415 τι
1783 1376 1946 1435 Pan-

246 1460 441 1520 noniae
472 1462 760 1521 civitatem
795 1464 1068 1533 nascitur,
1100 1464 1439 1537 parentibus
1467 1466 1801 1539 gentilibus,
1833 1483 1955 1526 non

2026 490 2132 554 est,
2166 499 2232 542 eo
2260 492 2524 558 tempore,
2551 482 3226 543 beatissimus’Martinus
3254 483 3316 541 in
3345 482 3548 542 Galliis
3573 499 3729 557 pras-

2028 571 2220 629 dicare
2264 587 2507 630 exorsus
2548 578 2652 643 est,
2707 571 2809 644 qui
2861 570 3155 629 Christum
3202 570 3303 628 Dei
3351 569 3569 627 Filium
3627 584 3730 642 per

2028 663 2213 721 multa
2263 663 2546 722 miracula
2594 679 2797 723 verum
2828 664 3015 721 Deum
3046 663 3108 720 in
3140 662 3371 737 populis
3398 663 3726 735 declarans,

2028 751 2337 825 gentilium
2376 754 2839 813 incredulitatem
2886 753 3109 811 avertit.
3142 754 3249 812 Hic
3276 754 3433 813 enim
3464 754 3597 812 fana
3625 754 3728 812 de-

2029 840 2261 911 struxit,
2313 842 2583 903 haeresiin
2635 844 2936 917 Oppressit,
2982 841 3251 901 ecclesias
3290 843 3615 914 aedificavit,
3673 850 3731 903 et

2029 944 2167 990 cum
2214 931 2345 989 aliis
2394 932 2599 990 multis
2645 932 2958 991 virtutibus
2996 932 3323 1005 refulgeret,
3354 934 3425 990 ad
3452 949 3730 992 consum-

2030 1020 2314 1078 mandum
2365 1019 2552 1078 laudis
2601 1036 2724 1079 suae
2766 1020 3021 1090 titulum,
3052 1027 3165 1079 tres
3194 1028 3451 1080 mortuos
3473 1023 3610 1080 vitm
3634 1038 3730 1081 re-

2036 1110 2240 1169 stituit.
2269 1109 2486 1178 Quarto
2518 1110 2907 1168 Valentiniani
2932 1118 2989 1168 et
3016 1110 3274 1169 Valentis
3294 1127 3469 1184 anno,
3498 1116 3733 1172 sanctus

2034 1201 2295 1258 ililarius
2340 1198 2493 1273 apud
2547 1198 2827 1270 Pictavos,
2887 1200 3099 1273 plenus
3149 1202 3443 1260 sanctitate
3493 1209 3548 1259 et
3594 1202 3732 1272 ﬁde,

2036 1290 2237 1349 multis
2258 1289 2518 1363 undique
2545 1288 2860 1347 virtutibus
2887 1289 3076 1359 editis,
3099 1290 3371 1361 migravit
3395 1291 3465 1348 ad
3492 1293 3666 1350 caelos
3693 1292 3732 1351 ί.

2036 1380 2181 1439 Nam
2210 1386 2266 1437 et
2298 1379 2421 1452 ipse
2451 1378 2667 1452 legitur
2694 1384 2954 1437 mortuos
2983 1378 3306 1438 suscitasse.

2115 1471 2364 1529 Melania
2424 1485 2559 1527 vero
2622 1475 2883 1527 matrona
2935 1468 3168 1539 nobilis,
3222 1474 3276 1527 et
3330 1469 3517 1528 incola
3573 1468 3740 1528 urbis

249 1556 440 1608 tamen
499 1550 739 1609 infimis.
773 1551 884 1609 Hic
910 1551 1323 1611 Constantinus
1354 1570 1507 1613 anno
1538 1555 1813 1614 vicesimo
1840 1556 1951 1614 im-
2043 1564 2349 1629 Romana),
2381 1559 2780 1633 Hierosolyma
2817 1558 2890 1616 ob
2920 1558 3285 1617 devotionem
3312 1558 3472 1630 abiit,
3506 1558 3739 1618 Urbano

248 1638 395 1711 perii
422 1639 537 1711 Sui,
557 1639 825 1713 Crispum
856 1641 1045 1700 ﬁlium
1080 1658 1325 1715 veneno,
1351 1643 1625 1702 Faustam
1649 1645 1956 1719 coniugem
2048 1653 2173 1712 tilio
2221 1652 2422 1711 Romae
2448 1651 2667 1709 relicto.
2702 1650 2843 1720 Quae
2878 1650 2958 1707 ita
2983 1665 3043 1707 se
3070 1650 3131 1706 in
3160 1658 3366 1709 cuncta
3394 1650 3646 1708 bonitate
3676 1664 3744 1707 ac

248 1730 469 1789 calente
538 1731 746 1792 balneo
812 1733 1119 1806 interfecit,
1179 1735 1395 1794 scilicet
1435 1736 1589 1810 quod
1642 1730 2019 1810 proditorcsB
2046 1741 2347 1801 sanctitate
2396 1738 2673 1798 omnibus
2715 1738 2982 1813 praebuit,
3012 1744 3075 1797 ut
3104 1739 3312 1798 Thecla
3341 1744 3643 1799 vocaretur
3670 1738 3744 1797 ab

204 1822 412 1894 .regui
441 1821 565 1895 ejus
595 1838 717 1881 esse
776 1823 1113 1882 voluissent.
1170 1822 1364 1898 Hujus
1418 1831 1671 1899 tempore
1717 1844 1961 1887 venera-
2035 1830 2261 1889 incolis.
3169 1868 3175 1875 ι

248 1911 364 1968 bile
414 1914 603 1971 crucis
649 1913 971 1972 Dominicre
1010 1916 1237 1986 lignum
1281 1932 1385 1988 per
1433 1918 1694 1975 studium
1722 1919 1962 1978 Helenae

254 2003 451 2061 matris
491 2005 616 2078 ejus
669 2012 962 2077 repertum
1012 2010 1118 2075 est,
1174 2005 1451 2077 prodente
1494 2006 1642 2064 Juda
1689 2008 1958 2081 Hebraeo,

2110 1919 2400 1979 XXXVII.
2434 1919 2567 1977 Post
2599 1923 2841 1977 mortem
2866 1924 3060 1978 autem
3088 1917 3497 1990 Valentiniani,
3534 1918 3747 1978 Valens

2043 2008 2259 2083 integri
2314 2022 2608 2065 successor
2681 2006 2933 2081 imperii,
2986 2008 3299 2065 monachos
3349 2007 3419 2065 ad
3472 2006 3744 2065 militiam

252 2095 357 2169 qui
402 2100 527 2168 post
569 2096 924 2169 baptismum
965 2096 1273 2167 Quiriacus
1310 2105 1395 2155 est
1421 2099 1723 2159 vocitatus.
1765 2101 1961 2176 Usque
2048 2102 2177 2175 cogi
2243 2100 2428 2173 jubet,
2508 2099 2766 2158 nolentes
2818 2098 3066 2158 fustibus
3119 2098 3380 2172 praecipit
3430 2097 3743 2157 verberari.

254 2186 364 2243 hoc
392 2189 618 2259 tempus
647 2188 1147 2260 historiographus
1180 2188 1241 2246 in
1274 2190 1574 2249 Chronicis
1612 2192 1811 2250 scribit
1842 2193 1963 2252 Eu-

2052 2191 2332 2261 Posthtec,
2374 2190 2595 2248 bellum
2651 2189 3041 2249 saavissimum
3094 2190 3155 2246 in
3206 2189 3449 2248 Thracia
3501 2186 3751 2246 Romani

212 2324 221 2339 ,
257 2273 471 2331 sebius.
521 2277 572 2332 A
617 2275 896 2334 vicesimo
941 2276 1132 2349 primo
1163 2276 1321 2334 enim
1359 2280 1484 2352 ejus
1529 2280 1757 2354 imperii
1788 2297 1962 2356 anno,
2049 2297 2275 2355 gessere
2302 2290 2328 2325 ε
2360 2300 2372 2337 :
2428 2286 2522 2343 29
2578 2281 2638 2337 in
2690 2295 2805 2353 quo
2847 2286 3000 2337 tanta
3029 2285 3246 2351 strages
3281 2278 3410 2350 fuit,
3445 2282 3507 2336 ut
3536 2276 3755 2335 Roma-

254 2365 652 2439 Hieronymus
700 2366 999 2440 presbyter
1046 2367 1287 2437 addidit,
1337 2367 1604 2428 indicans
1635 2372 1964 2433 Juvencum
2048 2371 2133 2441 ni,
2196 2370 2409 2428 amisso
2464 2384 2746 2443 equorum
2809 2368 3098 2441 praesidio,
3167 2366 3409 2440 pedibus
3468 2366 3753 2436 fugerent.

258 2455 666 2529 presbyterum
714 2456 1034 2529 Evangelia
1076 2457 1345 2516 versibus
1392 2462 1818 2536 conscripsisse,
1868 2481 1962 2523 ro-

256 2553 427 2618 gante
459 2547 786 2620 supradicto
810 2546 1171 2617 imperatore.

329 2632 563 2692 XXXV.
625 2632 748 2691 Sub
800 2633 1127 2691 Constantis
1170 2638 1365 2692 autem
1415 2635 1683 2711 imperio,
1721 2640 1967 2702 Jacobus

261 2725 576 2783 Nisibenus
602 2723 621 2752 "
645 2724 774 2795 fuit,
805 2723 875 2779 ad
901 2729 996 2786 28
1026 2725 1195 2798 cujus
1234 2741 1430 2797 preces
1480 2729 1773 2789 inclinatae
1800 2748 1969 2793 aures

263 2813 482 2871 divinas
508 2812 848 2885 clementia},
883 2813 1069 2872 multa
1120 2813 1376 2883 pericula
1403 2831 1435 2871 a
1464 2816 1693 2875 civitate
1720 2822 1849 2895 ejus
1877 2837 1970 2879 re-

269 2902 557 2975 pulerunt.
592 2901 704 2960 Sed
757 2909 813 2958 et
870 2902 1230 2961 Maximinus
1260 2903 1643 2965 Treverorum
1670 2910 1971 2987 episcopus

262 3001 463 3071 potens
490 2994 551 3051 in
583 2992 745 3051 omni
773 2994 1072 3052 sanctitate
1096 2997 1400 3069 reperitur.

2059 2463 2319 2534 Cumque
2344 2475 2377 2517 a
2416 2460 2641 2517 Gotthis
2671 2458 3063 2515 internecione
3091 2457 3351 2514 maxima
3378 2455 3755 2524 caederentur,

2055 2556 2109 2608 et
2133 2548 2340 2605 Valens
2370 2548 2590 2620 fugeret
2619 2548 2821 2617 sagitta
2844 2545 3151 2615 sauciatus,
3182 2559 3425 2619 parvum
3456 2540 3757 2612 tugurium

2057 2641 2379 2712 ingressus,
2412 2625 2865 2697 imminentibus
2912 2637 3197 2707 hostibus,
3227 2652 3400 2710 super
3431 2649 3491 2691 se
3520 2632 3758 2690 incensa

2059 2732 2274 2805 casula,
2303 2735 2494 2803 optata
2544 2730 2727 2787 caruit
2778 2728 3099 2802 sepultura.
3153 2727 3362 2802 Sicque
3386 2724 3529 2783 ultio
3556 2720 3760 2779 divina

2055 2823 2129 2881 ob
2187 2827 2516 2878 sanctorum
2557 2820 2809 2878 effusum
2857 2819 3223 2891 sanguinem,
3278 2814 3507 2875 tandem
3546 2810 3760 2870 emissa

2055 2912 2350 2987 processit.
2398 2911 2532 2969 Huc
2582 2925 2767 2983 usque
2815 2908 3209 2983 Hieronymus
3266 2931 3279 2965 :
3335 2905 3406 2963 ab
3458 2904 3563 2961 hoc
3621 2915 3759 2961 vero

2058 3010 2332 3075 tempore,
2357 3000 2594 3059 Orosius
2620 2999 2920 3074 presbyter
2948 2999 3078 3073 plus
3103 2997 3349 3073 scripsit.

340 3087 504 3145 Nono
534 3085 758 3144 decimo
791 3084 1112 3145 Constantii
1140 3099 1161 3124 ο
1181 3088 1439 3162 junioris
1471 3106 1646 3163 anno,
1682 3075 2027 3154 AntoniusG
2132 3090 2451 3151 XXXVIII.
2480 3091 2669 3166 Igitur
2691 3106 2827 3149 cum
2856 3090 3165 3149 Gratianus
3188 3089 3498 3163 imperator
3525 3082 3761 3143 destitu-

279 3177 600 3237 monachus
650 3176 897 3248 transiit,
949 3176 1517 3251 centesimo.quinto
1560 3182 1585 3217 ἀ
1624 3183 1810 3242 aetatis
1849 3202 1972 3245 suae

271 3286 446 3330 anno.
474 3268 854 3328 Beatissimus
904 3266 1167 3328 Hilarius
1220 3269 1598 3331 Pictaviensis
1653 3276 1970 3350 episcopus,

275 3376 453 3421 suasu
505 3357 911 3418 haereticorum
946 3357 1155 3415 exsilio
1184 3358 1492 3433 deputatur
1524 3377 1536 3410 :
1569 3361 1766 3437 ibique
1800 3366 1977 3426 libros

272 3465 375 3523 pro
429 3446 543 3503 ﬁde
597 3446 872 3504 catholica
927 3444 1204 3513 scribens,
1262 3444 1596 3507 Constantio
1647 3451 1823 3522 misit,
1873 3456 1979 3529 qui

278 3542 481 3612 quarto
511 3536 707 3593 exsilii
750 3550 903 3593 anno
951 3551 1086 3595 eum
1129 3535 1351 3595 absolvi
1373 3539 1605 3612 jubens,
1651 3543 1724 3601 ad
1750 3549 1980 3625 propria

274 3628 461 3687 redire
487 3625 767 3699 permisit.

349 3714 613 3775 XXXVI.
655 3714 863 3773 Tunc°
912 3715 1033 3789 jam
1077 3720 1132 3774 et
1176 3716 1671 3780 lumen‘nostrum
1698 3724 1979 3798 exoritur,

346 3907 365 3927 -
398 3896 587 3956 Hodie,
629 3897 687 3948 ut
732 3896 942 3957 putant,
996 3896 1253 3960 oppidum
1304 3901 1387 3951 est
1447 3900 1755 3965 Hungariae,
1806 3906 1983 3960 Szom-

286 3970 428 4023 balet
479 3969 694 4033 dictum,
742 3969 878 4019 alias
913 3970 1073 4020 Stain
1106 3983 1198 4021 am
1225 3971 1455 4034 Angem,
1502 3974 1555 4024 in
1590 3976 1846 4029 comitatu
1886 3980 1984 4032 Ca—

290 4038 647 4094 striferrensi.
729 4039 1003 4092 Cluverius
1084 4043 1266 4095 tamen
1355 4044 1626 4098 existimat
1712 4049 1985 4104 Sabariam

292 4114 565 4178 antiquam
605 4113 733 4166 olim
783 4114 1075 4171 exstitisse,
1125 4113 1217 4164 ubi
1260 4115 1421 4168 hodie
1464 4120 1546 4169 est
1592 4123 1827 4173 castrum
1857 4121 1990 4175 Sar-

2056 3190 2171 3242 tam
2197 3182 2219 3211 ¹³
2241 3187 2500 3241 cerneret
2558 3197 2680 3241 esse
2738 3181 3179 3255 rempublicam,
3222 3177 3611 3238 Theodosium
3640 3172 3763 3232 col-

2058 3273 2246 3345 legam
2299 3271 2529 3345 imperii
2584 3271 2734 3329 facit.
2765 3271 2875 3329 Hic
2906 3270 3265 3331 Theodosius
3319 3281 3552 3329 omnem
3600 3278 3764 3338 spem

2061 3379 2225 3422 suam
2283 3370 2456 3437 atque
2504 3362 2780 3422 ﬁduciam
2829 3363 2892 3421 in
2932 3363 3036 3422 Dei
3069 3360 3522 3422 misericordiam
3576 3356 3762 3432 ponit.

2061 3453 2172 3524 Qui
2196 3453 2410 3511 multas
2433 3460 2631 3527 gentes
2662 3469 2779 3512 non
2829 3461 2944 3517 tam
2993 3454 3205 3529 gladio,
3238 3468 3416 3529 quam
3465 3448 3683 3522 vigiliis
3710 3451 3767 3504 et

2062 3544 2392 3618 operatione
2429 3544 2799 3617 compescuit,
2856 3544 3271 3619 rempublicam
3319 3538 3688 3601 conﬁrmavit
3724 3533 3763 3609 ί,

2064 3634 2626 3709 Constantinopolim
2650 3636 2857 3695 urbem
2888 3637 3070 3695 victor
3095 3636 3389 3711 ingressus
3418 3638 3520 3731 est.

2138 3727 2432 3786 Maximus
2455 3742 2593 3787 vero
2639 3743 2774 3787 cum
2802 3744 2905 3801 per
2931 3728 3299 3803 tyrannidem
3325 3721 3611 3801 oppressis
3634 3721 3767 3781 Bri-

2067 3908 2272 3962 obiisse
2346 3908 2691 3962 verisimilius
2755 3911 2854 3962 est.
2910 3907 3175 3962 Mortuum
3247 3906 3507 3959 infantem
3566 3903 3633 3956 ab
3701 3913 3771 3954 eo

2067 3986 2383 4038 suscitatam
2453 3986 2623 4039 refert
2687 3985 3008 4038 Fortunatus
3058 3988 3113 4037 in
3176 3988 3297 4050 ejus
3362 3985 3489 4035 Vitae
3534 3978 3774 4050 libro}.

2066 4072 2217 4111 num.
2267 4060 2342 4111 12.
2398 4058 2471 4111 De
2519 4059 2622 4112 hoc
2669 4062 2857 4112 sancto
2905 4048 3365 4123 Gregorius'item
3418 4056 3529 4117 agit
3565 4053 3619 4104 in
3675 4048 3772 4101 lib.

2073 4134 2140 4185 de
2190 4130 2365 4184 Gloria
2410 4132 2675 4196 Confess.,
2738 4144 2856 4195 cap.
2919 4132 2973 4180 2.
3040 4131 3275 4183 Melaniae
3333 4129 3520 4182 laudes
3572 4124 3775 4188 praeter

292 4200 431 4272 tear,
477 4189 627 4272 quod
667 4189 913 4272 Germani
959 4186 1293 4272 Rotnenturn
1324 4191 1620 4272 appellant,
1650 4194 1824 4246 tribus
1868 4198 1947 4248 ieu

2124 4206 2461 4269 ieronymum
2517 4186 2673 4257 fuse,
2711 4186 3111 4270 prosequuntur
3178 4203 3266 4255 alii
3336 4200 3507 4253 sancti
3570 4186 3772 4272 Patres.

292 4263 373 4341 Eis
401 4258 556 4341 infra
608 4264 925 4341 Praedictum
963 4263 1237 4327 Oppidum,
1276 4264 1343 4316 ad
1398 4266 1733 4321 confluentes
1764 4269 1992 4324 Sabaria:
2074 4258 2307 4330 Valentis
2362 4281 2605 4341 tempore
2651 4258 2904 4330 maxime.
2946 4277 3141 4329 anituit
3182 4276 3238 4328 in
3285 4272 3535 4326 fovendis
3586 4271 3642 4341 et
3675 4267 3771 4341 ab-

286 4335 433 4389 fluvii
464 4342 519 4392 in
542 4340 887 4392 Arrabonem.

368 4411 389 4440 ι’
423 4413 634 4480 Aliquot
701 4412 832 4465 editi
914 4410 1194 4473 mendose,
1261 4410 1543 4463 Niebenus.
1623 4412 1719 4466 Hic
1784 4414 1983 4479 quippe

294 4487 379 4535 est
423 4457 667 4540 ’ὲέῗθὶἲῖε
705 4457 1764 4548 ἰέἶόὸδιιῖ⁷ἒῇἷέᾱόρὰέῖᾘὶίῖἷγίεῖῐίᾶω
1786 4457 2051 4538 "etiam

2077 4351 2271 4404 deudis
2317 4339 2745 4411 confessoribus,
2801 4363 2936 4416 quos
2976 4351 3067 4402 ille
3112 4346 3564 4422 persequebatur.
3615 4339 3771 4422 Quin:

2078 4440 2181 4494 que
2230 4426 2619 4478 monachorum
2681 4426 2850 4479 millia
2902 4424 3075 4478 semel
3128 4436 3228 4488 per
3277 4421 3518 4474 triduum
3550 4418 3772 4494 tyranni

2074 4487 2298 4553 insidias
2341 4500 2660 4564 fugientium
2711 4500 2875 4563 pavit.
2920 4497 3047 4550 Vide
3117 4487 3165 4548 s.
3214 4496 3416 4547 Paulini
3482 4487 3770 4554 epistolam

294 4560 541 4635 petamire
592 4558 784 4612 urbem
824 4570 856 4609 a
913 4558 1127 4621 Saporis
1176 4556 1457 4609 Persarum
1509 4557 1658 4620 regis
1712 4556 1947 4609 obsidion

2124 4579 2142 4630 l
2189 4556 2464 4635 Severum,
2520 4573 2647 4624 olim
2701 4556 2775 4635 ιὀ,
2828 4573 2885 4624 in
2934 4584 3075 4623 nova
3127 4571 3253 4623 edit.
3299 4569 3379 4619 20.
3431 4567 3603 4617 ὶςζοιιθῑ
3643 4564 3772 4635 Βρετ

294 4632 558 4715 liberavit,
613 4647 807 4715 _anno_
851 4634 959 4685 350.
998 4633 1467 4715 ‘Cieterummnisi
1522 4633 1671 4715 (ipse.
1704 4634 1993 4715 Gregorius
2073 4650 2321 4715 weydus,
2382 4632 2851 4697 in—notationibus
2921 4643 2989 4695 ad
3049 4633 3772 4715 peregrinationemdiufini

295 4709 577 4772 erraverit,
612 4707 905 4769 legendum
932 4708 1012 4757 est
1046 4702 1368 4763 Constantii,
1394 4718 1491 4768 pro
1514 4704 1841 4757 Constantis.

357 4789 374 4807 ο
407 4781 492 4831 Sic
538 4780 659 4832 cod.
704 4778 887 4841 Regm.
932 4777 1045 4838 Alii,
1099 4774 1465 4828 Constantini.
1516 4777 1619 4844 sed
1686 4778 1987 4844 mendose;

293 4864 418 4904 nam
450 4856 654 4928 quarto
701 4852 798 4928 _sui
844 4850 1066 4928 imperii
1090 4862 1262 4928 «anno,
1295 4852 1523 4928 occisus,
1546 4843 1626 4902 est
1681 4850 1987 4928 Constanti-

294 4938 396 4975 nus
442 4926 645 4990 junior.
692 4923 1062 4973 Constantium
1108 4920 1194 4972 hic
1249 4920 1521 4985 juniorem
1577 4922 1812 4987 appellat
1858 4923 1988 4974 Gre-

292 5002 498 5065 gorius,
534 5000 672 5052 forte
696 4999 753 5049 ut
784 4998 962 5059 ipsum
984 5009 1017 5047 a
1051 4995 1352 5047 Constantio
1375 4993 1562 5045 Chloro
1587 4994 1894 5065 distinguat.

353 5074 374 5104 ἀ
410 5072 544 5125 Editi
585 5083 709 5124 cum
762 5068 881 5123 cod.
935 5066 1119 5132 Regio,
1179 5080 1324 5119 anno
1362 5066 1662 5122 centesimo,
1696 5064 1794 5118 sed
1832 5076 1988 5116 men-

289 5148 534 5279 dofeiiaec
595 5183 770 5286 usque
836 5218 903 5272 ad
955 5216 1193 5269 Melania
1244 5229 1389 5279 vero,
1436 5217 1631 5270 desunt
1685 5215 1742 5265 in
1800 5211 1989 5265 codice

289 5308 348 5348 re
392 5307 460 5347 ιο.

302 5402 307 5409 η
352 5309 493 5422 igLis
561 5372 647 5423 est
702 5368 845 5421 inter
901 5369 1156 5421 auctores
1214 5366 1281 5418 de
1331 5367 1419 5419 die
1465 5366 1519 5417 et
1578 5375 1739 5426 anno,
1792 5360 1990 5426 quibus

286 5461 334 5511 S.
380 5455 615 5509 Hilarius
663 5455 899 5507 excessit
944 5466 975 5506 e
1008 5455 1137 5506 vita.
1180 5454 1251 5507 De
1275 5452 1376 5505 hac
1418 5463 1479 5504 re
1500 5450 1674 5505 fusius
1703 5448 1991 5501 disseritur

286 5545 343 5595 in
398 5539 572 5613 ipsius
640 5537 770 5613 Vita,
821 5549 939 5603 quae
993 5540 1113 5603 eius
1180 5536 1438 5602 Operibus
1495 5544 1689 5613 recens
1724 5545 1755 5613 a
1789 5532 1987 5613 nostris

286 5604 448 5667 editis
488 5604 874 5676 'priemittitur,
948 5623 1095 5663 num.
1156 5613 1238 5663 113
1294 5614 1346 5663 et
1394 5621 1511 5672 seq.
1559 5606 1684 5670 Ejus
1726 5604 1986 5657 festivitas

285 5688 466 5741 Idibus
514 5685 753 5738 Januarii
806 5686 861 5737 in
922 5684 1155 5751 antiquis
1211 5688 1263 5737 et
1308 5679 1618 5737 recentibus
1658 5677 1978 5744 martyrolo-

288 5763 397 5828 siis
450 5758 771 5827 celebratur,
828 5772 934 5826 qua
993 5759 1080 5815 die
1150 5761 1204 5814 et
1245 5757 1463 5824 quidem
1516 5766 1660 5811 anno
1704 5752 1796 5807 368
1856 5762 1981 5807 eum

2073 4725 2128 4775 et
2164 4708 2427 4779 Melaniae,
2476 4715 2791 4780 Gregorium
2824 4717 2910 4769 hic
2946 4716 3160 4779 lapsum
3207 4726 3353 4772 esse,
3409 4710 3499 4776 qui
3531 4708 3773 4760 Melaniae

2074 4794 2244 4846 ﬁlium
2291 4788 2579 4857 appellavit
2635 4786 2927 4848 Urbanum,
2982 4801 3052 4840 ex
3110 4788 3231 4839 loco
3287 4782 3531 4857 Chronici
3580 4781 3771 4857 Hiero-

2072 4868 2223 4931 nymi
2269 4852 2410 4916 male
2453 4862 2740 4920 intellecto,
2796 4862 2885 4913 ubi
2927 4860 3286 4923 Hieronymus
3329 4852 3617 4931 parvulum
3661 4852 3773 4904 life-

2071 4930 2230 4994 laniae
2282 4940 2453 4989 filium
2501 4940 2788 5001 praetorem
2851 4948 3133 4992 nanANUM,
3179 4934 3233 4985 id
3262 4934 3343 4985 est
3374 4930 3623 4982 Romana:
3684 4940 3776 4979 ur»

2072 5015 2179 5075 bis,
2244 5012 2517 5065 exstitisse
2568 5010 2847 5069 memorat,
2918 5008 3063 5071 quod
3115 5007 3195 5057 sic
3252 5003 3638 5075 interpretatus
3692 5002 3779 5052 est

2072 5072 2363 5151 Gregorius
2384 5082 2538 5146 quasi
2571 5092 2827 5134 UBBANUS
2864 5091 3066 5132 nomen
3099 5075 3323 5151 parvuli
3337 5072 3519 5125 fuerit.

2136 5145 2415 5222 {Aliquot
2461 5155 2638 5214 codd.,
2717 5152 2992 5205 Thracias.
3067 5148 3327 5205 Nonnulli
3398 5158 3536 5222 cum
3611 5145 3777 5198 editis

2077 5217 2328 5285 Thracas.
2397 5228 2629 5280 Valentis
2692 5225 3130 5291 persecutionem
3200 5235 3263 5275 ac
3348 5217 3779 5272 orthodoxorum

2071 5306 2363 5369 praeclaras
2445 5300 2823 5354 confessiones
2888 5297 3025 5372 fuse
3104 5291 3780 5372 describuntuGregorius

2071 5362 2365 5445 Nysseuus,
2431 5376 2781 5433 Sozomenus,
2825 5368 3331 5445 _Tl_1eodorit_usA_et
3391 5362 3481 5445 alii
3536 5363 3778 5445 passim.

2072 5432 2178 5505 Lex
2243 5432 2432 5505 contra
2482 5432 2782 5499 monachos
2824 5443 3071 5503 habetur,
3121 5442 3155 5493 ι.
3206 5441 3285 5503 26,
3336 5449 3381 5489 ο.
3426 5434 3489 5485 de
3522 5432 3781 5486 θεων-ἰο-

2069 5524 2241 5577 nibus.
2284 5524 2419 5575 Obiit
2476 5521 2563 5572 die
2611 5522 2640 5571 9
2693 5516 2918 5579 Augusti
2968 5527 3108 5569 anno
3143 5513 3253 5577 378,
3303 5520 3426 5563 cum
3475 5506 3639 5573 paulo
3667 5517 3781 5561 am-

2067 5599 2214 5664 plius
2250 5609 2409 5663 quam
2439 5604 2609 5646 annos
2636 5591 2690 5642 15
2712 5590 3014 5653 regnasset.

2127 5672 2149 5703 δ
2181 5671 2303 5723 Cod.
2336 5670 2535 5733 Regm,
2569 5664 2917 5716 destructum.

2123 5746 2135 5777 ί
2160 5744 2298 5801 Cod.
2321 5742 2527 5808 Regm.,
2550 5749 2763 5803 remque
2784 5734 3056 5801 publicam
3072 5734 3416 5798 conﬁrmem.
