4008 6184
426 273 526 333 183

1498 271 1556 330 S.
1600 271 1960 332 GBEGOBII
1997 270 2330 331 EPISCOPI
2370 269 2838 330 TUBONENSIS

3808 272 3906 331 184

423 401 593 470 tatus,
626 400 799 475 atque
831 398 956 458 oleo
986 402 1179 458 sancto
1199 404 1534 471 perunctus,
1570 399 1854 459 tribuente
1880 398 2187 461 DominoA
2208 398 2388 457 buere
2412 414 2486 473 pa
2498 403 2711 467 rentes,
2741 402 2797 456 et
2815 397 2887 455 ad
2913 396 3338 472 propagandam
3357 398 3785 468 generationem
3813 404 3906 462 33

423 489 685 549 redditur
710 489 964 547 sanitati.
994 489 1107 559 Qui
1154 504 1285 546 cum
1328 489 1401 547 ab
1430 491 1630 549 eodem
1663 497 1855 548 sancto
1874 488 2123 547 verbum
2204 493 2550 565 conjungere
2583 491 2913 562 voluerunt,
2946 507 3019 547 ne
3046 489 3444 549 recedentibus
3479 489 3563 547 eis
3590 489 3659 546 de
3689 490 3906 548 mundo

425 581 849 653 praedicationis
892 580 1218 653 accepisset,
1243 580 1457 640 oblitus
1490 589 1599 638 tarn
1646 597 1913 654 sponsam
1944 586 2124 638 terre-

426 688 583 744 nam,
641 688 815 745 quam
872 672 1170 729 facultates
1215 673 1492 746 proprias,
1553 678 1763 729 sanctae
1824 672 2124 745 copulatur

432 761 719 832 Ecclesiae,
754 762 1051 836 factusque
1103 761 1347 820 clericus
1406 763 1468 820 in
1522 768 1677 819 tanta
1734 762 2006 836 praelatus
2040 768 2124 819 est

425 852 744 921 sanctitate,
806 856 871 908 ut
921 850 1084 908 beato
1138 851 1456 924 Nepotiano
1513 867 1803 910 successor
1857 853 2127 910 existeret

401 939 493 996 .ad
525 939 805 1011 regendas
835 940 1024 1013 gregis
1047 940 1330 999 Dominici
1362 941 1557 1000 caulas
1580 955 1623 997 ει.

494 1030 677 1088 XLII.
711 1032 818 1089 Per
857 1031 1010 1091 idem
1050 1040 1273 1107 tempus
1303 1035 1631 1109 Injuriosus
1677 1034 1915 1108 quidam
1940 1035 2009 1091 de
2036 1050 2120 1091 se-

422 1119 727 1178 natoribus
751 1122 1049 1191 Arvernis,
1084 1139 1218 1182 cum
1245 1125 1473 1197 magnis
1500 1124 1707 1197 opibus
1733 1123 1982 1180 similem
2015 1123 2126 1180 sibi

424 1205 485 1262 in
516 1222 617 1264 con
620 1207 784 1281 jugio
816 1208 1070 1282 puellam
1101 1211 1360 1282 expetiit,
1381 1212 1626 1286 datoque
1652 1211 1953 1281 arrabone,
1972 1210 2126 1268 diem

423 1299 726 1358 constituit
755 1302 1112 1374 nuptiarum.
1146 1302 1279 1361 Erat
1304 1308 1497 1361 autem
1529 1309 1773 1374 uterque
1796 1301 2006 1359 unicus
2034 1316 2127 1373 pa-

426 1388 515 1445 tri.
548 1388 908 1447 Adveniente
941 1406 1077 1449 vero
1107 1391 1220 1462 die,
1246 1390 1526 1449 celebrata
1555 1388 1895 1462 nuptiarum
1922 1390 2127 1447 solem-

426 1477 619 1547 nitate,
678 1478 739 1535 in
793 1495 910 1537 uno
959 1486 1136 1538 strato
1191 1497 1267 1538 ex
1329 1496 1487 1538 more
1548 1479 1827 1538 locantur.
1886 1486 1981 1543 32
2013 1480 2124 1538 Sed

424 1568 617 1642 puella
643 1570 894 1642 graviter
924 1572 1282 1642 contristata,
1312 1587 1513 1631 aversa
1537 1570 1607 1627 ad
1639 1570 1934 1643 parietem,
1963 1587 2121 1628 ama-

422 1658 651 1716 rissime
675 1659 863 1717 ﬂebat.
903 1659 1009 1718 Cui
1042 1660 1141 1718 ille
1168 1681 1180 1719 :
1233 1661 1403 1732 Quid,
1438 1660 1648 1734 inquit,
1697 1659 1995 1717 turbaris?
2023 1659 2123 1717 Iu—

2207 584 2533 641 succederet
2554 583 2745 640 haeres
2768 589 3101 641 extraneus.
3145 581 3253 639 Cui
3286 580 3387 638 illa
3411 604 3422 637 :
3446 580 3604 637 Nihil
3633 587 3717 638 est
3744 597 3906 639 mun‘

2206 672 2336 741 dus,
2368 673 2517 729 nihil
2540 680 2678 730 sunt
2700 672 2939 743 divitiae,
2975 671 3225 729 nihilest
3252 685 3455 743 pompa
3483 670 3685 727 szeculi
3708 670 3906 742 hujus,

2209 761 2357 819 nihil
2388 768 2472 821 est
2499 764 2615 820 vita
2646 763 2770 835 ipsa
2798 779 2911 835 qua
2960 763 3241 821 fruimur:
3276 762 3373 819 sed
3427 761 3527 819 illa
3570 762 3757 833 magis
3793 761 3906 819 vita

2208 852 2518 926 qumrenda
2547 858 2649 923 est,
2686 869 2817 926 quae
2844 859 3026 909 morte
3060 852 3403 910 terminante
3430 866 3546 908 non
3597 850 3906 920 clauditur,

2208 958 2340 1017 quae
2371 943 2499 1000 labe
2519 942 2639 1001 ulla
2668 957 2784 999 non
2808 942 3073 1013 solvitur,
3101 957 3208 999 nec
3235 941 3429 1014 aliquo
3449 954 3652 998 occasu
3682 939 3906 1010 ﬁnitur,

2209 1034 2310 1090 ubi
2350 1034 2522 1091 homo
2580 1034 2641 1090 in
2700 1032 3055 1089 beatitudine
3101 1038 3315 1088 aeterna
3365 1044 3729 1103 permanens,
3781 1028 3906 1087 luce

2214 1140 2323 1183 non
2360 1123 2649 1182 occidente
2678 1122 2840 1181 vivit.
2872 1121 2961 1192 Et,
2991 1122 3142 1196 quod
3168 1120 3357 1193 majus
3384 1124 3468 1177 est
3496 1118 3588 1175 his
3612 1117 3906 1188 omnibus,

2208 1214 2395 1288 ipsius
2460 1214 2693 1273 Domini
2744 1212 3067 1287 praesentia,
3119 1211 3247 1285 jugi
3300 1212 3602 1284 perfruens
3647 1216 3906 1267 contem-

2206 1305 2481 1377 platione,
2556 1305 2616 1360 in
2674 1303 2934 1375 angelico
2992 1302 3298 1359 translatus
3357 1306 3527 1370 statu,
3584 1299 3906 1358 indissolu-

2207 1392 2311 1449 bili
2339 1391 2536 1449 lzetitia
2568 1390 2793 1463 gaudet.
2834 1389 2920 1447 Ad
2942 1390 3066 1447 haec
3091 1388 3189 1446 ille
3219 1407 3231 1445 :
3264 1387 3638 1456 Dulcissimis,
3690 1386 3906 1459 inquit,

2208 1479 2453 1552 eloquiis
2483 1478 2595 1536 tuis
2624 1484 2839 1535 {eterna
2865 1477 3011 1534 mihi
3039 1477 3157 1535 vita
3203 1481 3475 1547 tanquam
3506 1488 3782 1547 magnum
3805 1475 3906 1547 ju-

2206 1570 2309 1627 bar
2346 1566 2562 1635 illuxit,
2595 1573 2650 1623 et
2680 1565 2806 1623 ideo
2858 1566 2908 1622 si
2957 1566 3046 1622 vis
3077 1581 3110 1621 a
3140 1562 3355 1621 carnali
3383 1562 3667 1620 abstinere
3691 1578 3906 1620 concu-

2208 1658 2505 1734 piscentia,
2544 1657 2827 1731 particeps
2855 1662 2970 1714 tuae
3001 1655 3211 1713 mentis
3254 1653 3487 1711 eiiiciar.
3536 1651 3643 1709 Illa
3671 1667 3906 1724 respon-

425 1747 572 1819 dica,
612 1763 833 1822 quzeso,
866 1748 1034 1806 mihi.
1088 1749 1309 1825 Illaque
1343 1749 1564 1819 silente,
1600 1749 1805 1823 adjecit
1854 1749 1974 1809 vir:
2007 1749 2182 1825 Ob-B
2206 1748 2291 1805 dit
2319 1766 2331 1803 :
2368 1745 2610 1805 Diﬂicile
2638 1753 2723 1804 est
2743 1762 2952 1805 sexum
2974 1745 3203 1802 virilem
3229 1741 3577 1800 mulieribus
3604 1741 3709 1798 ista
3765 1755 3906 1813 prae.

422 1843 660 1895 secrete
699 1853 801 1910 per
846 1837 1045 1896 Jesum
1101 1838 1395 1898 Christum
1445 1837 1660 1896 Filium
1709 1838 1831 1910 Dei,
1884 1846 1948 1897 ut
1980 1837 2126 1896 mihi

424 1926 563 1999 quid
597 1926 791 1984 doleas
839 1927 1127 2000 sapienter
1180 1944 1457 2001 exponas.
1514 1929 1673 1986 Tunc
1716 1926 1814 1984 illa
1853 1944 2127 1986 conversa

422 2016 496 2073 ad
519 2032 674 2086 cum,
701 2017 779 2074 ait
807 2037 819 2075 :
859 2017 919 2076 Si
952 2018 1228 2076 omnibus
1256 2018 1462 2076 diebus
1501 2017 1635 2076 vitae
1667 2034 1814 2076 mete
1831 2019 2124 2094 plangam,

428 2104 695 2178 nunquid
718 2110 889 2162 tantm
914 2112 1086 2163 erunt
1114 2106 1406 2180 lacrymze,
1433 2111 1495 2163 ut
1517 2113 1729 2179 queant
1755 2107 1987 2165 abluere
2012 2114 2126 2166 tam

418 2189 775 2249 immensum
807 2192 1050 2264 pectoris
1083 2193 1196 2250 mei
1239 2192 1495 2251 dolorem
1524 2202 1545 2250 ἱ)
1591 2193 1912 2252 Statueram
1946 2194 2124 2266 enim,

424 2289 487 2340 ut
518 2283 930 2356 corpusculum
962 2298 1159 2342 meum
1180 2283 1624 2342 immaculatum
1655 2284 1878 2343 Christo
1910 2301 1943 2341 a
1970 2286 2128 2344 virili

430 2378 583 2429 tactu
615 2387 904 2430 servarem
931 2396 943 2429 :
1003 2372 1099 2429 sed
1130 2389 1218 2430 vae
1249 2372 1416 2441 mihi,
1459 2388 1594 2445 qum
1626 2370 1814 2431 taliter
1840 2372 1911 2429 ab
1941 2388 2007 2430 eo
2034 2388 2127 2430 re-

424 2457 556 2516 licta
585 2474 737 2530 sum,
769 2465 835 2517 ut
878 2458 1031 2533 quod
1062 2460 1329 2532 optabam
1375 2459 1651 2531 perlicere
1705 2476 1821 2518 non
1856 2461 2124 2533 valerem,

425 2557 479 2608 et
505 2550 653 2623 quod
677 2550 749 2607 ab
768 2550 934 2608 initio
961 2549 1145 2607 aetatis
1165 2566 1310 2608 mete
1338 2550 1585 2619 servavi,
1609 2549 1667 2606 in
1688 2549 1794 2607 hac
1814 2552 2130 2610 novissima

425 2641 537 2712 die,
583 2656 759 2715 quam
793 2642 990 2699 videre
1018 2657 1134 2698 non
1163 2640 1495 2710 debueram,
1524 2640 1768 2713 perdidi.
1800 2641 1943 2699 Ecce
1970 2643 2129 2700 enim

423 2730 620 2789 relicta
659 2732 730 2789 ab
777 2731 1096 2789 immortali
1145 2731 1392 2802 Christo,
1426 2730 1526 2804 qui
1567 2730 1712 2788 mihi
1758 2730 1949 2790 dotem
1992 2748 2125 2805 pro-

431 2824 686 2882 mittebat
740 2825 1090 2898 paradisum,
1140 2824 1398 2882 mortalis
1431 2823 1689 2880 hominis
1744 2839 1876 2881 sum
1931 2824 2129 2883 sortita

426 2915 802 2985 consortium,
833 2920 888 2972 et
913 2931 1017 2989 pro
1039 2914 1185 2971 rosis
1215 2912 1811 2980 immarcescibilibus,
1838 2913 2130 2972 arentium

432 3022 522 3062 me
556 3020 820 3063 rosarum
869 3020 988 3062 non
1041 3010 1226 3073 ornat,
1280 3002 1378 3060 sed
1408 3001 1690 3060 deformat
1725 3002 2029 3077 spolium”.
2064 3004 2134 3060 Et

2211 1843 2377 1896 stare.
2407 1834 2627 1893 Tamen
2656 1836 2704 1894 si
2735 1835 2956 1907 feceris,
2984 1840 3051 1893 ut
3087 1831 3442 1891 immaculati
3466 1844 3906 1904 permaneamus

2209 1928 2273 1985 in
2307 1927 2536 1995 saeculo,
2572 1942 2678 1997 ego
2707 1925 2809 1983 tibi
2842 1931 3057 1998 partem
3105 1922 3353 1980 tribuam
3388 1920 3555 1990 dotis,
3585 1935 3759 1992 quam
3784 1934 3906 1990 pro-

2210 2018 2448 2075 missam
2498 2017 2680 2075 habeo
2732 2032 2765 2073 a
2798 2030 3008 2089 SpOUSO
3037 2013 3281 2073 Domino
3334 2030 3461 2072 meo
3496 2013 3633 2071 Jesu
3664 2009 3906 2067 Christo.

2212 2108 2305 2167 cui
2336 2123 2425 2165 me
2464 2112 2519 2165 et
2550 2106 2829 2166 famulam
2876 2105 3084 2165 devovi
3142 2120 3267 2162 esse
3299 2108 3356 2162 et
3407 2116 3694 2176 sponsam.
3748 2099 3906 2157 Tunc

2211 2201 2310 2259 ille
2344 2196 2831 2259 armatus'crucis
2864 2198 3102 2267 vexillo,
3135 2198 3244 2255 ait:
3300 2196 3528 2254 Faciam
3557 2209 3687 2268 quae
3716 2192 3906 2251 horta-

2209 2289 2309 2346 ris.
2367 2289 2437 2345 Et
2466 2288 2615 2347 datis
2660 2288 2810 2345 inter
2868 2302 2926 2343 se
2983 2284 3223 2354 dextris,
3282 2283 3653 2358 quieverunt.
3703 2280 3906 2338 Multos

2212 2385 2404 2451 postea
2456 2377 2517 2434 in
2550 2393 2671 2435 uno
2729 2381 2902 2433 strato
2955 2374 3355 2432 recumbentes
3402 2386 3605 2440 annos,
3638 2369 3906 2426 vixerunl

2211 2480 2349 2522 cum
2372 2464 2627 2521 castitate
2658 2461 2956 2521 laudabili.
2996 2461 3159 2531 Quod
3189 2468 3379 2534 postea
3410 2460 3471 2515 in
3506 2474 3706 2516 eorum
3739 2463 3905 2514 trans

2209 2555 2293 2613 itu
2336 2554 2687 2611 declaratum
2732 2560 2835 2611 est.
2900 2552 3044 2610 Nam
3100 2566 3235 2609 cum
3285 2548 3520 2622 impleto
3577 2546 3905 2605 certamine.

2210 2643 2403 2719 puella
2457 2644 2730 2717 migraret
2779 2643 2851 2699 ad
2907 2642 3221 2711 Christum,
3284 2645 3509 2712 peracto
3549 2636 3640 2692 vir
3694 2636 3906 2694 funeris

2210 2735 2417 2803 ofﬁcio,
2469 2750 2604 2791 cum
2645 2734 2893 2806 puellam
2943 2732 3003 2789 in
3057 2731 3388 2805 sepulcrum
3420 2728 3746 2801 deponeret,
3791 2727 3906 2783 ait:

2212 2826 2437 2889 Gratias
2474 2826 2573 2883 tibi
2601 2841 2729 2898 ago,
2782 2831 2997 2882 mterne
3032 2823 3273 2881 Domine
3305 2822 3457 2879 Deus
3502 2825 3712 2889 noster,
3773 2820 3906 2893 quia

2216 2918 2376 2975 hunc
2408 2917 2740 2975 thesaurum
2772 2916 2920 2974 sicut
2958 2932 2991 2973 a
3019 2924 3070 2973 te
3096 2913 3557 2973 commendatum
3596 2910 3805 2983 accepi,
3839 2909 3906 2966 ita

2226 3005 2663 3064 immaculatum
2699 3004 2895 3078 pietati
2925 3012 3039 3063 tute
3064 3004 3321 3063 restituo.
3352 3003 3439 3061 Ad
3460 3002 3583 3059 hmo
3612 3000 3711 3057 illa
3736 3000 3906 3059 subri

429 3110 567 3152 eum
606 3092 781 3151 debui
825 3108 998 3166 super
1053 3092 1384 3164 quadriﬂuo
1414 3090 1567 3164 Agni
1606 3090 1849 3148 ﬂumine
1879 3086 2196 3164 puritatisC
2218 3096 2400 3153 dens:
2432 3094 2602 3166 Quid,
2642 3095 2854 3171 inquit,
2891 3095 3143 3168 loqueris
3174 3094 3330 3167 quod
3356 3108 3472 3150 non
3501 3091 3906 3165 interrogarisi

430 3184 636 3241 stolam
669 3183 932 3253 induere,
967 3182 1089 3241 haec
1137 3181 1285 3239 mihi
1318 3181 1493 3239 vestis
1518 3197 1667 3239 onus
1696 3180 1983 3246 exhibuit,
2015 3197 2135 3239 non

432 3274 729 3331 honorem.
776 3272 887 3332 Sed
926 3272 1070 3345 quid
1098 3272 1349 3346 amplius
1370 3271 1543 3329 verba
1575 3269 2007 3344 protrahimus?
2034 3271 2135 3327 In-

432 3360 576 3418 felix
604 3376 728 3434 ego,
793 3376 923 3434 quee
951 3359 1125 3417 debui
1187 3365 1337 3417 sorte
1386 3359 1595 3416 mereri
1622 3358 1800 3432 polos,
1834 3357 2002 3416 hodie
2032 3359 2135 3416 de-

434 3467 664 3523 mergor
692 3451 750 3508 in
783 3450 1100 3523 abyssos.0
1125 3449 1174 3506 si
1204 3448 1350 3507 mihi
1382 3449 1505 3506 haec
1537 3449 1729 3506 futura
1754 3454 2135 3521 erant,quare

437 3555 553 3597 non
582 3539 704 3596 dies
738 3538 870 3596 vitae
900 3554 1047 3597 mete
1081 3537 1203 3613 ipse
1232 3539 1343 3598 fuit
1394 3536 1548 3608 linis,
1584 3537 1683 3611 qui
1712 3536 1824 3595 fuit
1851 3537 2088 3595 initium
2117 3538 2129 3595 !

434 3626 478 3685 Ο
511 3628 559 3685 si
579 3632 712 3686 ante
735 3628 1063 3686 introissem
1080 3628 1282 3685 mortis
1299 3628 1564 3701 januam,
1598 3643 1771 3701 quam
1796 3626 1957 3684 lactis
1994 3628 2137 3685 acci-

432 3732 629 3792 perem
658 3716 957 3774 alimenta!
991 3716 1034 3775 O
1055 3716 1102 3773 si
1142 3716 1288 3773 mihi
1315 3718 1574 3775 dulcium
1604 3717 1891 3775 nutricum
1916 3715 2132 3788 oscula,

434 3807 497 3865 in
531 3807 736 3864 funere
764 3805 1008 3864 fuissent
1034 3820 1289 3877 expensa
1324 3810 1334 3862 !
1373 3805 1625 3863 Horrent
1654 3806 1811 3863 enim
1846 3807 1991 3877 mihi
2018 3811 2129 3864 ter-

440 3908 594 3952 rente
619 3894 853 3969 species,
887 3895 1021 3970 quia
1054 3911 1156 3968 pro
1194 3896 1399 3954 mundi
1435 3895 1551 3954 vita
1590 3898 1898 3955 transﬁan
1927 3913 2137 3957 manus

442 3984 694 4057 suspicio
724 3983 1140 4057 Redemptoris.
1198 3985 1314 4042 Nec
1345 4001 1517 4043 cerno
1546 3986 1866 4044 diademata
1894 3986 2140 4061 gemmis

439 4072 770 4147 insignibus
781 4076 1300 4145 coruscantia,cum
1314 4075 1475 4133 illam
1488 4077 1746 4149 spineam
1758 4078 1937 4135 miror
1949 4084 2142 4137 mente

445 4180 735 4224 coronam.
777 4164 1006 4238 Respuo
1062 4164 1229 4239 longe
1267 4166 1489 4239 lateque
1517 4166 1726 4225 diﬂ‘usa
1755 4170 1934 4242 spatia
1976 4177 2140 4229 terrze

447 4261 581 4324 tute,
615 4254 753 4327 quia
791 4254 1185 4340 amoenitatem
1227 4255 1567 4327 concupisco
1592 4257 1860 4329 paradisi.
1895 4254 2144 4315 Horrdnt

449 4353 549 4406 tua
571 4345 830 4417 solariaC,
847 4361 980 4404 cum
1002 4347 1319 4406 Dominum
1351 4347 1697 4405 residentem
1709 4349 1959 4421 suspicio
1970 4366 2142 4423 super

2218 3184 2505 3257 Illamque
2535 3182 2817 3255 sepultam
2845 3182 2969 3257 ipse
2996 3198 3109 3239 non
3141 3188 3269 3255 post
3295 3181 3547 3238 multum
3566 3177 3905 3251 insequitur,

2219 3281 2316 3337 34
2346 3273 2519 3330 Porro
2546 3288 2681 3329 cum
2705 3273 3010 3345 utriusque
3034 3272 3364 3344 sepulcrum
3396 3285 3426 3327 e
3455 3266 3697 3326 diversis
3731 3268 3906 3340 parie.

2219 3367 2377 3425 tibus
2404 3365 2751 3423 collocatum
2780 3364 3007 3435 fuisset,
3033 3361 3299 3454 miraculi
3324 3365 3547 3419 novitas
3562 3375 3691 3434 quze
3717 3375 3906 3417 eorun

2225 3456 2539 3514 castitatem
2568 3454 2978 3525 manifestaret,
3041 3451 3323 3529 apparuit.
3358 3452 3502 3510 Nam
3553 3451 3699 3507 facto
3750 3467 3906 3509 mani

2221 3561 2355 3603 cum
2383 3545 2453 3601 ad
2493 3543 2686 3602 locum
2717 3543 2913 3617 populi
2950 3543 3300 3611 accederent,
3347 3542 3693 3598 invenerunt
3720 3538 3906 3611 sepul-

2218 3651 2311 3694 cra
2339 3637 2569 3710 pariter,
2600 3650 2732 3709 qum
2760 3637 2929 3709 longe
2957 3635 3108 3692 inter
3135 3650 3195 3691 se
3240 3632 3511 3690 distantia
3542 3629 3905 3703 reliquerant,

2220 3726 2435 3785 scilicet
2463 3732 2527 3782 ut
2558 3741 2704 3799 quos
2746 3730 2896 3783 tenet
2945 3724 3126 3782 socios
3162 3722 3395 3788 coelum,
3443 3719 3796 3792 sepultorum
3825 3718 3906 3775 hit

2218 3831 2523 3891 corporum
2551 3831 2667 3873 non
2692 3820 2914 3887 separet
2940 3818 3411 3871 monumentum.
3448 3808 3567 3866 Hos
3594 3822 3777 3881 usque
3812 3805 3906 3864 ho.

2220 3906 2333 3977 die,
2396 3906 2552 3964 Duos
2599 3906 2879 3964 Amantes
2907 3902 3159 3961 vocitare
3199 3899 3309 3959 loci
3356 3897 3559 3956 incolze
3582 3894 3903 3955 voluerunt

2221 3995 2713 4069 Meminimusque
2741 3995 2813 4053 de
2840 3993 2932 4052 his
2962 3992 3023 4051 in
3051 3993 3197 4050 libro
3218 3988 3632 4049 Miraculorum
3657 3988 3705 4045 ἀ.
3798 4046 3799 4049 η

2294 4086 2502 4145 XLIII.
2556 4086 2789 4145 Arcadii
2836 4072 2974 4143 vero
3016 4089 3071 4141 et
3118 4082 3360 4141 Honorii
3420 4076 3669 4137 secundo
3696 4076 3905 4149 imperi

2227 4194 2380 4236 anno
2400 4191 2439 4242 ο,
2520 4183 2751 4234 sanctus
2806 4175 3091 4233 Martinus
3175 4174 3548 4232 Turonorum
3600 4168 3904 4243 episcopus

2225 4269 2433 4343 plenus
2468 4266 2783 4325 virtutibus
2845 4274 2898 4324 et
2951 4265 3268 4337 sanctitate,
3349 4262 3613 4337 praebens
3672 4258 3906 4317 inﬁrmi:

2226 4356 2410 4416 multa
2454 4354 2752 4425 beneficia,
2807 4354 3151 4427 octogesimo
3217 4357 3273 4409 et
3330 4350 3520 4425 primo
3572 4347 3755 4408 zetatis
3801 4363 3906 4406 sua

445 4438 931 4497 astra.Taliacum
958 4452 1168 4509 magno
1184 4437 1321 4495 ﬂetu
1342 4438 1915 4510 jactanticommotus
1937 4438 2203 4516 pietateD
2230 4460 2403 4516 anno,
2429 4444 2790 4518 episcopatus
2817 4448 3013 4501 autem
3044 4440 3324 4515 vigesimo
3376 4445 3539 4497 sexto
3586 4436 3737 4511 apud
3771 4435 3906 4494 Con-

454 4528 690 4602 juvenis
719 4527 829 4587 ait:
863 4526 1071 4587 Unicos
1102 4541 1207 4586 nos
1236 4526 1582 4586 nobilissimi
1606 4527 2005 4586 Arvernorum
2036 4529 2141 4586 ha-

506 4793 522 4812 ·
560 4783 796 4837 Ecclesia
846 4786 1017 4838 sancti
1068 4786 1286 4839 Artemii
1334 4791 1667 4841 memoratur
1727 4790 1783 4841 ln
1834 4787 2016 4842 libello
2078 4790 2144 4842 de

443 4857 690 4910 ecclesiis
757 4860 1099 4921 Claromont.,
1172 4875 1290 4923 cap.
1357 4864 1437 4920 29,
1496 4875 1657 4927 quam
1710 4864 2039 4916 destructam
2090 4866 2144 4915 et

442 4931 713 4988 violatam,
754 4934 807 4984 et
853 4945 1033 4984 arcam
1066 4932 1333 4996 lapideam
1376 4946 1496 4998 quae
1536 4934 1663 4986 olim
1710 4934 1849 4988 beati
1880 4937 1984 4987 viri
2020 4948 2146 4989 ossa

445 5002 771 5062 continebat,
833 5007 1276 5067 praetereuntium
1336 5006 1564 5069 pedibus
1630 5009 1998 5061 conculcatam
2057 5010 2145 5060 lu-

442 5080 533 5139 get
584 5078 782 5130 Savaro
836 5078 891 5128 in
937 5079 1081 5131 notis
1128 5078 1196 5131 ad
1239 5078 1384 5131 hunc
1417 5077 1629 5131 librum.
1660 5079 1786 5146 Ejus
1812 5081 2008 5135 festum
2041 5095 2141 5135 co-

441 5152 572 5201 litur
595 5151 682 5204 die
706 5152 766 5202 ‘24
797 5152 1053 5205 Januarii.

506 5224 528 5252 ι’
572 5224 772 5288 Regm.,
837 5238 947 5277 non
1022 5228 1240 5287 ornant,
1293 5228 1379 5279 sed
1437 5226 1750 5293 deformant
1807 5231 2141 5291 sponsalia...

443 5312 605 5361 super
634 5297 943 5363 quadriﬂuo
978 5298 1157 5351 amnis
1185 5301 1453 5365 margine.

506 5382 524 5402 ⁸
562 5374 741 5437 Bign.,
801 5377 923 5433 etc.,
974 5373 1202 5433 solatia;
1261 5376 1480 5435 rectius,
1534 5373 1758 5432 salaria,
1811 5372 1866 5424 id
1913 5369 1995 5426 e'st
2052 5386 2141 5425 su-

443 5446 689 5511 periores
717 5447 911 5498 aedium
934 5452 1132 5510 partes.

507 5517 527 5547 ³
564 5518 622 5569 lu
690 5517 827 5570 libro
896 5520 962 5571 de
1035 5519 1207 5572 Gloria
1276 5518 1513 5570 Confess.
1568 5529 1685 5581 cap.
1739 5514 1815 5565 3‘2.
1874 5514 2033 5568 Porro
2089 5517 2145 5568 hi

449 5599 560 5649 Duo
634 5595 887 5649 Amantes
943 5593 994 5643 in
1054 5594 1285 5647 ecclesia
1347 5592 1516 5644 sancti
1565 5590 1717 5641 lllidii
1774 5589 1971 5651 sepulti
2022 5589 2148 5641 iue-

447 5674 590 5730 runt,
646 5674 699 5724 et
762 5668 961 5734 puellae
1010 5681 1226 5729 nomen,
1284 5668 1427 5734 quod
1482 5667 1569 5718 hic
1626 5677 1739 5717 non
1802 5663 2145 5728 exprimitur,

452 5748 760 5814 colligimus
831 5758 903 5801 ex
964 5743 1059 5800 lib.
1123 5758 1143 5799 ι
1207 5745 1275 5800 de
1330 5742 1582 5799 ecclesiis
1646 5740 1995 5804 Claromont.,
2054 5738 2145 5793 ubi

2226 4537 2522 4597 datenSem
2545 4534 2810 4596 dicecesis
2838 4551 2961 4595 suze
3005 4534 3201 4594 vicum
3230 4534 3250 4570 ί
3304 4530 3587 4591 excedens
3629 4546 3663 4587 a
3712 4527 3906 4587 SEBCUIt

2210 4801 2347 4855 cap.
2406 4788 2479 4845 ll,
2540 4787 2596 4839 in
2650 4784 2881 4838 ecclesia
2936 4781 3179 4834 lllidlana
3230 4780 3288 4834 S.
3339 4780 3646 4855 Injuriosus
3679 4782 3728 4831 et
3761 4776 3905 4830 Schol

2224 4864 2417 4915 laslica
2484 4862 2546 4913 in
2602 4873 2823 4924 corpore
2878 4858 3162 4923 quiescere
3220 4857 3491 4909 dicuntur.
3545 4854 3745 4919 Quippe
3804 4865 3906 4904 cun

2227 4936 2514 4999 Gregorius
2570 4933 2898 4998 lnjuriosum
2961 4931 3190 4983 alterum
3241 4940 3271 4980 e
3322 4927 3531 4979 duobus
3590 4926 3677 4977 hic
3735 4926 3906 4989 appet

2224 5012 2313 5071 let,
2369 5009 2588 5061 dubium
2639 5018 2746 5057 non
2796 5007 2878 5056 est
2931 5005 3061 5069 quin
3111 5001 3443 5063 Scholastica
3491 4999 3672 5061 fuerit,
3723 5009 3847 5064 quae
3880 5011 3906 5050 e

2223 5085 2415 5149 nuptut
2441 5082 2633 5133 tradita
2656 5080 2847 5131 iuerat.

2291 5140 2321 5195 ε’
2365 5155 2589 5207 Clarom.
2666 5152 2722 5201 in
2776 5160 2900 5212 quo,
2961 5149 3017 5196 ut
3070 5147 3123 5196 et
3184 5146 3235 5195 in
3296 5144 3416 5196 aliis
3472 5141 3717 5203 plurimis
3774 5140 3905 5191 codil

2228 5230 2379 5283 cibus
2428 5227 2531 5278 hoc
2582 5226 2741 5290 caput
2794 5211 2992 5283 legitur
3025 5219 3125 5270 sub
3154 5217 3415 5269 sermonis
3448 5212 3693 5290 Gregorii
3726 5211 3906 5264 Turon

2228 5300 2405 5364 titulo,
2460 5286 2923 5361 haben—Arcadio
2973 5301 3019 5343 et
3070 5291 3304 5343 Honorio
3358 5286 3906 5364 imperantibus-san

2229 5378 2361 5436 ctus,
2389 5357 2521 5424 'etc.
2577 5357 2659 5421 Sic
2706 5372 2761 5419 et
2801 5366 2918 5418 cod.
2958 5364 3110 5416 Corb.
3135 5375 3401 5436 annorum
3428 5361 3551 5436 A900,
3584 5358 3673 5411 ubi
3702 5357 3905 5409 habetu

2229 5447 2329 5499 sub
2349 5433 2512 5498 titulo
2544 5440 2786 5506 Epistola:
2815 5439 2878 5490 de
2909 5437 3151 5490 transitu
3181 5435 3240 5489 S.
3269 5433 3517 5486 Martini.

2294 5519 2311 5555 ί
2352 5518 2516 5582 Vulgo
2566 5503 2761 5567 dicitur
2815 5509 3019 5563 Uandes
3069 5530 3081 5559 :
3133 5512 3273 5561 situs
3315 5510 3401 5561 est
3450 5509 3506 5560 in
3554 5503 3786 5582 conﬁnio
3816 5503 3905 5554 Tui

2229 5603 2420 5644 ronum
2449 5576 2532 5641 vet
2578 5587 2986 5653 Andegavorum
3043 5582 3110 5634 ad
3156 5583 3409 5646 Vigennae
3461 5583 3516 5632 et
3563 5576 3764 5653 Ligeris
3797 5588 3906 5653 con

2229 5666 2476 5721 ﬂuentes,
2547 5660 2692 5712 unde
2742 5648 2961 5709 inomen
3032 5656 3211 5708 traxit.
3298 5656 3519 5708 Veteres
3596 5650 3742 5703 enim
3797 5648 3906 5704 Gali

2229 5734 2521 5792 Condatnm
2583 5729 2929 5801 appellabant
2979 5730 3211 5786 duorum
3263 5728 3544 5783 ﬂuminum
3598 5723 3906 5781 conatuum
