4008 6184
205 314 285 373 185

1154 304 1518 367 HISTORIA
1555 306 2033 371 FRANCOBUM.
2078 314 2303 375 LIBER
2341 276 2641 377 rnIMus.

3540 319 3642 381 186

200 435 405 496 feliciter
436 432 698 506 migravit
727 432 799 490 ad
830 430 1630 491 Christum.Transiit-autem
1666 433 1917 495 mediaA
1940 436 1999 493 in
2028 438 2218 498 medio
2246 442 2521 513 positum,
2573 442 2816 502 ﬁrmatis
2871 459 3025 503 serra
3055 444 3236 517 ostiis,
3288 446 3360 504 ab
3397 450 3643 519 utroque

200 536 351 598 nocte,
375 542 498 599 quae
530 524 823 583 Dominica
870 522 1209 594 habebatur,
1240 523 1427 581 Attico
1457 523 1857 597 Ccesarioque=Il

198 622 513 683 consulibus.
546 620 712 681 Multi
746 619 904 677 enim
930 619 991 677 in
1017 620 1142 693 ejus
1176 619 1419 677 transitu
1450 621 1815 692 psallentium
1836 621 1857 650 δ

197 713 470 771 audierunt
501 711 561 767 in
597 710 762 781 cmlo,
800 710 955 784 quod
1008 710 1072 766 in
1098 709 1247 767 libro
1276 710 1559 769 virtutum
1589 711 1714 783 ejus
1736 713 1856 785 pri-

200 820 273 862 mo
300 806 442 875 (Cap.
470 803 501 859 4
532 808 585 860 et
615 803 665 872 5)
694 801 930 874 plenius
959 801 1358 874 exposuimus.
1393 802 1537 859 Nam
1569 818 1702 860 cum
1738 802 1857 876 pri-

199 896 343 953 mitus
384 900 610 952 sanctus
645 893 750 951 Dei
809 891 962 967 apud
1007 889 1448 964 Condatensem,
1484 899 1547 952 ut
1576 894 1856 967 diximus,

158 1022 165 1057 ιλ
196 982 357 1038 vicum
416 989 688 1053 aegrotare
754 981 1037 1054 erupisset,
1104 982 1321 1041 Pictavi
1372 984 1571 1056 populi
1617 985 1688 1041 ad
1738 987 1862 1058 ejus

198 1070 466 1139 transitum
496 1070 643 1129 sicut
684 1070 959 1129 Turonici
1002 1080 1412 1130 convenerunt.
1450 1072 1571 1142 Quo
1602 1075 1862 1148 migran-

198 1168 253 1228 te,
278 1161 493 1231 grandis
521 1162 815 1220 altercatio
850 1162 915 1218 in
945 1169 1261 1236 utrumque
1280 1167 1532 1221 surrexit
1558 1166 1859 1238 populum.

198 1248 431 1307 Dicebant
483 1252 645 1308 enim
704 1250 959 1309 Pictavi:
1033 1252 1239 1309 Noster
1294 1259 1378 1310 est
1443 1256 1763 1313 monachus
1794 1267 1859 1327 °;

196 1337 332 1394 nobis
355 1337 493 1395 abba
524 1338 785 1409 exstitit;
848 1355 954 1397 nos
984 1338 1337 1412 requirimus
1370 1342 1858 1399 commendatum.

198 1425 413 1485 Sufﬁciat
471 1428 655 1495 vobis,
690 1428 845 1502 quod
904 1430 1043 1488 dum
1076 1437 1222 1487 esset
1276 1430 1334 1487 in
1376 1432 1595 1490 mundo
1639 1434 1857 1505 episco-

194 1530 293 1587 pus,
342 1517 424 1574 usi
452 1516 591 1574 estis
620 1517 745 1587 ejus
772 1517 1078 1591 colloquio,
1124 1517 1507 1590 participastis
1565 1521 1853 1592 convivio,

193 1606 369 1663 ﬁrmati
402 1607 594 1665 fuistis
628 1600 1150 1677 benedictionibus,
1194 1608 1431 1683 insuper
1460 1616 1514 1667 et
1544 1610 1860 1670 virtutibus

189 1696 464 1765 jocundati.
527 1695 832 1756 Sufﬁciunt
877 1714 1013 1772 ergo
1055 1698 1220 1756 vobis
1266 1700 1371 1757 ista
1416 1701 1647 1760 omnia:
1692 1703 1860 1761 nobis

1940 528 2150 601 populo
2182 530 2516 601 custoditur,
2551 532 2816 591 futurum
2846 539 2911 593 ut
2942 550 3111 592 mane
3142 536 3287 595 facto
3315 552 3348 593 a
3390 534 3639 594 Pictavis

1938 630 2041 688 per
2098 617 2431 677 violentiam
2477 623 2838 680 auferretur:
2894 624 2992 680 sed
3062 624 3214 681 Deus
3275 624 3643 697 omnipotens

1942 706 2129 765 noluit
2176 708 2380 766 urbem
2407 710 2756 769 Turonicam
2790 728 2823 769 a
2877 701 3106 785 proprio
3153 712 3427 771 frustrare
3454 717 3646 786 patro-

1942 810 2037 851 no.
2104 795 2364 871 Denique
2424 807 2589 858 nocte
2653 800 2841 858 media
2912 800 3102 858 omnis
3154 799 3385 857 Pictava
3437 816 3644 859 somno

1942 885 2225 961 phalanga
2269 890 2687 962 comprimitur,
2742 907 2847 950 nec
2885 892 3046 967 ullus
3092 892 3376 965 superfuit
3412 892 3514 966 qui
3566 907 3644 950 ex

1944 976 2050 1033 hac
2080 978 2457 1036 multitudine
2486 980 2768 1053 vigilaret.

2014 1062 2198 1135 Igitur
2246 1066 2348 1123 ubi
2393 1067 2669 1126 Turonici
2726 1084 2821 1126 eos
2874 1068 3235 1143 conspiciunt
3263 1066 3639 1138 obdormisse,

1946 1154 2363 1224 apprehensum
2415 1156 2764 1215 sanctissimi
2794 1163 2889 1220 36
2945 1156 3199 1229 corporis
3245 1154 3493 1227 glebam,
3538 1154 3642 1213 alii

1944 1259 2045 1316 per
2097 1246 2407 1305 fenestram
2446 1248 2702 1321 ejiciunt,
2750 1250 2849 1307 alii
2889 1266 2921 1308 a
2946 1249 3085 1308 foris
3112 1248 3455 1322 suscipiunt,
3487 1246 3643 1320 posi-

1944 1337 2184 1407 tumque
2234 1336 2295 1393 iu
2328 1336 2461 1393 navi
2491 1352 2624 1394 cum
2669 1338 2828 1395 omni
2860 1336 3073 1410 populo
3099 1353 3199 1411 per
3230 1336 3599 1410 Vingennam
3625 1338 3645 1374 ί

1942 1423 2189 1481 ﬂuvium
2222 1425 2593 1483 descendunt.
2639 1426 3009 1500 Ingressique
3037 1426 3259 1500 Ligeris
3288 1413 3645 1496 alveumpad

1941 1519 2144 1576 urbem
2167 1520 2511 1580 Turonicam
2527 1538 2656 1580 cum
2684 1522 2912 1593 magnis
2933 1520 3205 1579 laudibus
3227 1520 3645 1594 psallentioque

1941 1609 2201 1683 dirigunt
2227 1611 2475 1684 copioso.
2510 1613 2589 1671 De
2602 1628 2853 1687 quorum
2874 1611 3115 1669 vocibus
3138 1609 3647 1685 Pictaviexperge-

1940 1700 2095 1769 facti,
2130 1702 2279 1759 nihil
2318 1705 2387 1762 de
2416 1705 2683 1763 thesauro
2714 1719 2887 1778 quem
2918 1701 3316 1762 custodiebant
3340 1701 3643 1773 habentes,

195 1783 327 1842 liccat
366 1788 594 1846 auferre
623 1789 717 1847 vel
761 1789 1003 1848 cadaver
1063 1798 1158 1855 35
1214 1793 1576 1852 exanimum.
1619 1796 1707 1853 Ad
1736 1797 1918 1865 hrecB
1940 1806 2069 1848 cum
2104 1807 2309 1865 magna
2336 1794 2671 1851 confusione
2696 1794 2767 1852 ad
2792 1793 3019 1866 propria
3048 1796 3184 1850 sunt
3209 1789 3446 1848 reversi.
3479 1788 3645 1859 Quod

196 1873 913 1952 Turonicirespoudebaut:
956 1880 1017 1940 Si
1049 1882 1327 1940 virtutum
1360 1885 1526 1942 nobis
1556 1886 1701 1943 facta
1733 1887 1859 1945 suf-

199 1960 334 2019 ﬁcere
353 1964 557 2037 dicitis,
594 1968 790 2024 scitote
825 1968 961 2040 quia
990 1969 1289 2029 vobiscum
1324 1971 1563 2044 positus,
1606 1974 1859 2047 amplius

194 2059 259 2108 est
311 2070 475 2127 quam
526 2058 625 2115 hic
673 2066 958 2131 operatus.
1014 2060 1181 2131 Nam,
1236 2068 1299 2119 ut
1352 2063 1859 2135 praetermittamus

191 2138 417 2214 plurima,
497 2146 667 2205 vobis
736 2148 1035 2207 suscitavit
1094 2152 1238 2209 duos
1327 2158 1605 2222 mortuos,
1688 2153 1855 2212 nobis

194 2245 377 2303 unum;
432 2242 504 2305 et,
546 2242 611 2294 ut
670 2237 793 2310 ipse
822 2254 969 2311 sazpe
1000 2239 1221 2297 dicebat
1250 2241 1293 2310 ά,
1350 2240 1531 2314 major
1567 2241 1620 2299 ei
1667 2243 1855 2302 virtus

191 2330 295 2377 ante
317 2324 708 2400 episcopatum
734 2328 1074 2403 fuit,-quam
1102 2336 1226 2403 post
1256 2331 1665 2403 episcopatum.
1704 2334 1855 2406 Ergo

192 2424 382 2471 necesse
414 2424 515 2486 est,
559 2423 626 2475 ut
654 2420 809 2491 quod
833 2419 1136 2477 nobiscum
1175 2435 1289 2477 non
1336 2421 1601 2494 implevit
1627 2423 1852 2496 vivens,

190 2503 379 2575 expleat
408 2507 495 2565 vel
539 2508 869 2569 defunctus.
915 2510 1090 2569 Vobis
1145 2518 1230 2569 est
1264 2512 1422 2569 enim
1472 2513 1713 2583 ablatus,
1747 2512 1856 2574 no-

193 2589 302 2648 bisa
338 2594 443 2653 Deo
478 2598 752 2657 donatus.
791 2598 1009 2657 Verum
1063 2600 1111 2657 si
1168 2616 1294 2659 mos
1323 2601 1645 2674 antiquitus
1687 2604 1857 2663 insti-

192 2684 319 2737 tutus
362 2695 645 2757 servatur,
678 2687 737 2745 in
792 2688 934 2747 urbe
974 2705 1090 2762 qua
1124 2689 1422 2749 ordinatus
1469 2699 1572 2762 est,
1624 2693 1858 2753 habebit

190 2767 280 2858 Deo
299 2774 527 2845 jubente
562 2778 917 2850 sepulcrum.
948 2778 1109 2837 Certe
1140 2779 1188 2836 si
1233 2796 1336 2853 pro
1366 2783 1700 2851 monasterii
1736 2786 1854 2858 pri-

192 2857 410 2930 vilegioo
438 2864 659 2938 cupitis
712 2867 1023 2939 vindicare,
1085 2868 1283 2927 scitote
1329 2870 1468 2943 quia
1496 2857 1753 2943 primum
1804 2873 1858 2930 ei

192 2952 570 3035 monasterium
625 2971 758 3013 cum
816 2955 1347 3017 Mediolaneusibus
1408 2960 1537 3019 fuit.
1588 2961 1696 3020 His
1725 2978 1857 3035 ergo

118 3046 129 3055 ο
189 3032 534 3113 litigantibus,
599 3042 717 3101 sole
771 3052 974 3103 ruente
1026 3062 1145 3105 nox
1184 3038 1492 3119 clauditur,
1537 3032 1861 3125 corpusque

236 3157 542 3233 '__SicAcod.
604 3163 763 3216 Corb.
824 3169 875 3218 et
940 3168 1133 3228 Germ.;
1197 3169 1304 3232 alii,
1364 3169 1654 3233 Cazsarico;
1717 3186 1860 3225 nou-

188 3226 306 3285 nulli,
360 3228 610 3286 Czsareo.
669 3236 868 3295 Quibus
924 3226 1533 3305 consulibusvulgaris
1589 3226 1710 3296 serae
1764 3258 1856 3296 au-

187 3310 266 3350 nus
311 3305 395 3355 397
444 3308 784 3371 designatur,
840 3324 1000 3375 quem
1054 3314 1277 3364 Martino
1331 3320 1634 3368 extremum
1689 3317 1859 3371 fuisse

1942 1880 1989 1937 si
2021 1882 2155 1952 quis
2185 1880 2455 1955 requiret,
2488 1899 2590 1942 cur
2619 1890 2745 1957 post
2771 1882 3076 1941 transitum
3109 1880 3338 1939 Gatiani
3367 1878 3645 1954 episcopi,

1941 1984 2094 2026 unus
2134 1976 2383 2039 tantum,
2434 1972 2494 2029 id
2551 1978 2637 2030 est
2688 1972 2946 2030 Litorius
2968 1980 3014 2041 ε,
3055 1986 3242 2044 usque
3279 1969 3350 2027 ad
3381 1973 3647 2027 sanctum

1940 2056 2255 2115 Martinum
2304 2059 2506 2117 fuisset
2555 2059 2873 2132 episcopus,
2904 2060 3132 2118 noverit
3177 2056 3313 2130 quia
3361 2056 3646 2114 obsisten-

1942 2145 2097 2203 tibus
2122 2148 2382 2219 paganis,
2416 2146 2518 2207 diu
2544 2149 2745 2207 civitas
2775 2148 3061 2206 Turonica
3089 2147 3215 2205 sine
3243 2145 3644 2204 benedictione

1945 2236 2280 2295 sacerdotali
2311 2238 2441 2297 fuit.
2500 2239 2646 2297 Nam
2681 2237 2784 2312 qui
2813 2236 3125 2295 Christiani
3176 2252 3243 2294 eo
3272 2243 3527 2309 tempore
3556 2237 3645 2295 vi-

1943 2323 2246 2395 debantur,
2279 2327 2497 2385 occulte
2545 2333 2601 2384 et
2650 2342 2752 2400 per
2794 2324 3038 2382 latebras
3068 2324 3339 2385 divinum
3389 2325 3648 2385 ofﬁcium

1944 2414 2325 2474 celebrabant.
2382 2416 2528 2474 Nam
2562 2416 2610 2473 si
2641 2416 2743 2490 qui
2787 2431 2820 2472 a
2869 2414 3110 2489 paganis
3155 2415 3363 2488 reperti
3399 2416 3648 2474 fuissent

1943 2504 2276 2576 Christiani,
2340 2510 2440 2565 aut
2490 2504 2890 2565 adiciebantur
2919 2504 3278 2575 verberibus,
3326 2510 3428 2564 aut
3452 2504 3645 2579 gladio

1936 2596 2374 2656 truncabantur.

2011 2689 2061 2745 A
2093 2687 2363 2745 Passione
2417 2701 2551 2759 ergo
2608 2684 2863 2756 Domini,
2914 2699 3100 2759 usque
3131 2683 3435 2742 transitum
3464 2684 3646 2744 sancti

1941 2776 2196 2846 Martini,
2220 2776 2360 2833 anni
2393 2775 2498 2834 412
2524 2776 2545 2805 ¹¹
2570 2780 3000 2847 computantur.

2011 2864 2340 2937 Explicitus
2365 2868 2449 2923 est
2480 2864 2628 2922 liber
2652 2863 2896 2937 primus,
2924 2863 3230 2922 continens
3270 2879 3456 2922 annos
3486 2862 3647 2935 5546,

1939 2953 2045 3027 qui
2082 2960 2491 3026 computantur
2515 2969 2547 3010 a
2578 2953 2863 3027 principio
2892 2952 3101 3012 mundi
3128 2968 3315 3025 usque
3339 2952 3411 3011 ad
3433 2952 3647 3011 transi-

1945 3048 2071 3098 tum
2109 3040 2291 3098 sancti
2329 3039 2562 3098 Martini
2588 3042 2858 3115 episcopi.

1943 3165 2178 3228 gimine;
2256 3163 2353 3215 sed
2424 3166 2613 3225 postea
2680 3162 2835 3215 locus
2906 3164 2958 3214 in
3028 3163 3325 3228 prioratum
3375 3165 3643 3231 redactus,

1942 3237 2155 3289 tandem
2182 3234 2425 3301 patribus
2447 3236 2723 3285 Societatis
2752 3236 2879 3287 Jesu
2917 3238 3101 3287 cessit.

2002 3309 2023 3339 ει
2059 3309 2114 3359 Id
2169 3310 2346 3372 ipsum
2391 3310 2617 3358 testatur
2660 3309 2894 3360 Severus
2937 3308 3208 3371 Sulpicius
3265 3308 3320 3359 in
3367 3308 3582 3373 dialogo
3615 3308 3647 3358 2

188 3378 305 3446 Dltlat
349 3383 397 3429 et
441 3364 637 3443 probat
683 3364 933 3437 Cointius
962 3390 1108 3438 tomo
1160 3387 1178 3436 Ι
1214 3364 1634 3443 Anausin};
1941 3385 2007 3437 de
2029 3364 2275 3446 εἰιιδάὲιῐι
2306 3383 2475 3434 sane“
2510 3383 2814 3434 Virtutibus-

186 3444 239 3495 ιὰ
274 3461 455 3503 annum
499 3456 614 3506 498.
664 3456 905 3521 Scaliger
944 3457 1035 3509 lib.
1091 3472 1141 3511 vr
1192 3462 1259 3512 de
1303 3460 1688 3515 Emendatione
1719 3444 1860 3516 tem-

188 3526 345 3577 Pomm
400 3528 680 3579 contendit
734 3542 858 3582 eum
918 3543 1059 3583 anno
1132 3533 1223 3583 395
1275 3533 1492 3584 obiisse.
1546 3535 1643 3585 Alii
1693 3536 1858 3589 alium

184 3599 372 3668 annum,
406 3599 709 3661 assignant,
772 3606 829 3653 ut
888 3605 1074 3655 videre
1144 3610 1223 3655 est
1294 3604 1437 3668 apud
1504 3605 1553 3656 ν.
1624 3606 1700 3657 Ct.
1745 3608 1854 3660 Jos.

184 3659 465 3744 intelmium
523 3659 581 3721 in
638 3659 909 3737 singulari
962 3676 1029 3727 de
1080 3676 1181 3728 hac
1232 3688 1292 3729 re
1332 3659 1742 3730 dissertatione.
1800 3659 1859 3734 Et

186 3738 369 3818 quidem
440 3757 567 3798 cum
628 3761 733 3801 nec
783 3751 1020 3803 Severus
1076 3753 1363 3817 Sulpicius,
1416 3766 1520 3806 nec
1570 3756 1856 3818 Gregorius

186 3810 297 3871 inse,
346 3816 397 3866 in
446 3818 805 3883 designandis
857 3810 1259 3877 characteribus
1313 3810 1715 3889 cbronologicis
1754 3829 1855 3879 sibi

184 3890 417 3963 constent,
496 3904 661 3945 suum
731 3894 960 3958 quisque
1035 3897 1299 3950 calculum
1355 3900 1731 3963 praeferentes,
1798 3901 1855 3953 in

184 3952 395 4035 diversas
456 3952 759 4028 Opiniones'
804 3952 1003 4020 abiere.
1064 3968 1221 4020 Nobis
1289 3952 1422 4023 satis
1487 3973 1556 4023 sit
1616 3952 1855 4035 Gregorii

185 4026 376 4105 textum,
426 4026 505 4085 ut'
543 4036 596 4086 in
650 4048 781 4088 mss.
838 4042 892 4090 et
944 4038 1105 4090 editis
1157 4039 1401 4098 habetur,
1438 4026 1852 4105 repraesentare,

182 4092 372 4173 liberam
405 4107 640 4170 eligendi
672 4109 967 4173 unicuique
998 4092 1367 4173 relinquendo
1388 4092 1712 4166 facultatem.

232 4169 250 4197 δ
279 4173 352 4225 Sic
396 4169 576 4237 Corb.;
634 4181 720 4232 alii
779 4169 982 4233 add-unt
1034 4169 1202 4234 voces.
1257 4186 1315 4236 At
1358 4185 1649 4250 Gregorius
1682 4192 1733 4240 et
1763 4188 1854 4241 alii

180 4243 408 4325 ⁸198..εὴ-
432 4257 685 4304 auctores
714 4254 1063 4315 psallentium
1096 4256 1434 4310 substantive
1463 4243 1746 4325 usurpant.

232 4322 245 4341 '
278 4315 541 4392 Martinam
620 4324 672 4373 iu
745 4325 1077 4377 monasterio
1142 4340 1312 4392 prope
1381 4315 1619 4382 Pictavos
1689 4332 1851 4384 vitam

182 4389 396 4467 monachi
464 4393 689 4445 duxisse
755 4396 923 4449 refert
976 4397 1210 4451 Severus
1247 4389 1527 4463 Sulpicius
1579 4403 1632 4452 in
1687 4405 1854 4465 ipsius

184 4454 289 4541 Vita.
348 4463 1147 4541 tiuuc__iocnmiLocociacum
1202 4454 1423 4536 dictum,
1474 4472 1640 4538 vulgo
1694 4454 1853 4541 13qu

176 4529 250 4611 θέε
303 4537 568 4611 miraculis
639 4540 913 4594 celebrem
984 4544 1170 4595 invisit
1236 4529 1543 4609 Gregorius,
1569 4529 1665 4598 “ut
1736 4529 1854 4611 ipse

179 4602 322 4686 refert
368 4610 481 4686 _lib.
551 4623 611 4664 tv
644 4613 736 4686 _de
787 4614 966 4667 Mirac.
1027 4617 1077 4667 S.
1126 4616 1293 4675 Mart.,
1341 4602 1468 4683 cap.
1524 4602 1618 4677 30;
1672 4602 1853 4686 ibique

179 4676 285 4727 tunc
332 4681 540 4745 vigebat
596 4684 772 4737 adhuc
812 4688 1145 4741 mouasticus
1189 4688 1324 4742 ordo
1377 4676 1477 4743 sub
1521 4676 1727 4743 abbatis
1762 4676 1855 4744 re-

2002 3461 2139 3512 eSic
2211 3459 2465 3518 Clarom.,
2542 3458 2696 3509 Corb.
2771 3458 2896 3522 duo,
2970 3459 3147 3510 Germ.
3221 3461 3273 3511 et
3338 3458 3484 3511 Viuc.
3545 3457 3647 3511 Alii

1939 3547 2094 3593 vero,
2127 3533 2457 3584 monasterio
2491 3532 2855 3596 privilegium.

2003 3608 2021 3644 ι
2054 3606 2226 3667 Alias,
2312 3605 2576 3667 Vigenna;
2628 3605 2910 3662 nonnulli.
2970 3605 3269 3665 Vincenna,
3328 3604 3385 3658 la
3450 3604 3643 3657 Viane.

1938 3679 2025 3732 vel
2080 3680 2133 3730 la
2194 3677 2487 3740 Vignanne,
2546 3679 2716 3742 vulgo
2770 3680 2825 3729 la
2888 3677 3082 3730 Vienna
3134 3678 3351 3730 dicitur.
3386 3678 3562 3730 Oritur
3592 3679 3646 3728 in

1940 3750 2343 3809 Lemovicibus,
2419 3763 2684 3815 quorum,
2754 3751 2894 3802 sicut
2961 3755 3014 3802 et
3080 3750 3373 3813 Pictonum,
3441 3751 3648 3814 aliquot

1939 3827 2137 3887 Oppida
2207 3824 2384 3883 alluit;
2456 3822 2690 3887 denique
2764 3835 2935 3887 prope
2994 3824 3173 3887 ipsum
3234 3822 3536 3875 Coudatum
3590 3823 3644 3873 in

1938 3895 2164 3960 Ligerim
2194 3894 2516 3948 devolvitur.

2001 3980 2026 4015 ε
2064 3970 2274 4034 Aliquot
2348 3980 2478 4019 mss.
2553 3970 2606 4018 et
2675 3966 2823 4029 editi,
2892 3965 3158 4020 Lidorius.
3237 3966 3422 4019 Plures
3469 3967 3645 4020 Gatia-

1935 4052 2064 4091 num
2128 4040 2271 4090 inter
2321 4037 2385 4089 a'c
2436 4038 2718 4089 Martinam
2769 4037 3133 4089 admittendos
3180 4050 3306 4090 esse
3359 4038 3647 4102 episcopos

1918 4113 2110 4172 ,iuuuit
2167 4112 2430 4176 Sulpicius
2479 4112 2713 4162 Severus
2761 4111 2814 4161 in
2859 4110 2999 4162 libro
3055 4111 3121 4164 de
3173 4111 3285 4163 Vita
3336 4111 3385 4162 S.
3418 4112 3645 4172 Martini,

1936 4199 2054 4252 cap.
2111 4188 2158 4246 8,
2218 4187 2306 4237 ubi
2372 4198 2547 4248 agens
2602 4186 2670 4237 de
2718 4186 2875 4236 altari
2934 4185 3221 4249 cujusdam
3284 4187 3641 4251 pseudomar—

1934 4261 2091 4324 tyris,
2168 4259 2313 4322 quod
2386 4257 2642 4309 Martinus
2712 4258 2923 4317 evertit,
2994 4256 3129 4308 illud
3195 4270 3229 4309 a
3277 4259 3665 4321 superiorin

1934 4333 2187 4396 episcopis
2247 4328 2599 4382 constitutum
2654 4327 2822 4380 fuisse
2875 4327 3020 4380 dicit.
3076 4328 3221 4387 Quod
3268 4342 3392 4382 cum
3452 4334 3645 4384 sancto

1935 4405 2152 4457 Gatiauo
2199 4405 2370 4466 primo
2426 4402 2684 4465 episc0po
2743 4402 3007 4462 imputare
3060 4399 3215 4452 nefas
3262 4404 3348 4461 sit,
3385 4403 3474 4453 alii
3503 4416 3638 4466 prae-

1935 4480 2017 4527 ter
2042 4476 2091 4525 S.
2120 4476 2370 4526 Litorium
2395 4471 2696 4526 intermedii
2721 4472 2976 4524 videntur
2999 4472 3339 4525 admittendi.

1998 4546 2018 4576 "
2060 4548 2296 4609 Scaliger
2349 4545 2441 4597 lib.
2498 4558 2553 4598 γι
2604 4544 2671 4595 de
2726 4544 2943 4595 emend.
2994 4547 3297 4608 temporum
3345 4546 3434 4599 hic
3488 4550 3539 4600 et
3582 4548 3638 4599 in

1936 4620 2043 4671 ﬁne
2082 4619 2174 4670 lib.
2222 4631 2278 4671 ιν
2326 4621 2379 4669 ct
2421 4630 2495 4675 vr,
2545 4615 2831 4679 legendum
2871 4628 2994 4668 esse
3030 4621 3219 4669 censet
3244 4619 3358 4681 362;
3396 4632 3503 4684 quo
3534 4634 3643 4673 nu-

1934 4703 2085 4743 mero
2133 4690 2300 4742 additi
2350 4689 2477 4740 anni
2528 4688 2587 4739 33
2633 4687 2831 4739 Christi
2880 4688 3026 4750 vitae,
3062 4688 3292 4743 emcitur
3324 4704 3499 4745 anuus
3528 4695 3637 4745 395.

180 4793 3637 4821 M

177 4810 3639 4838 Ἢ

740 4931 965 4994 37-33
1069 4895 1553 4981 lNClPlUNT
1659 4899 2131 4983 CAPITULA
2235 4897 2489 4977 LIBRI
2592 4895 3039 4978 SECUNDI.

174 5024 211 5077 Ι.
246 5026 307 5078 De
335 5032 639 5095 episcopatu
673 5032 893 5085 Briccii.

174 5098 238 5179 II.
290 5100 354 5182 [ξε
416 5105 668 5157 Vandali:
722 5109 773 5158 et
833 5107 1202 5170 persecutione
1262 5104 1702 5163 Christianorum
1754 5108 1849 5161 sub

172 5187 381 5297 Ιιῗψῖε
437 5247 631 5314 Cyrota
678 5248 1053 5304 hereticorum
1108 5252 1366 5320 episcOpo,
1417 5257 1467 5307 et
1531 5253 1596 5305 de
1647 5253 1847 5307 sanctis

221 5318 555 5368 Narturibus.

221 5320 555 5385 Nartyribus.

172 5391 243 5439 IV.
282 5391 350 5443 De
380 5396 745 5457 persecutione
773 5395 869 5447 sub
899 5396 1231 5449 Athanarico
1260 5397 1491 5463 agitata.

177 5462 215 5514 V.
254 5470 317 5518 Ue
348 5471 606 5524 Aravatio
639 5474 881 5537 episcOpo
907 5476 955 5525 et
994 5471 1210 5524 Chunis.

174 5537 238 5592 ΓΙ.
273 5544 342 5595 De
371 5544 597 5597 basilica
625 5547 804 5599 sancti
835 5545 1101 5609 Stephani
1132 5546 1280 5611 apud
1314 5548 1615 5602 Hettensem
1644 5546 1847 5600 urbem.

174 5615 263 5666 ΠΙ,
300 5616 367 5665 De
396 5631 562 5669 uxore
593 5619 753 5669 Aetii.
793 5619 866 5671 De
898 5620 1086 5672 Attila.

177 5685 309 5762 i’III.
341 5690 480 5757 Quid
512 5694 577 5743 de
611 5694 764 5745 Aetio
792 5692 1216 5758 historiographi
1245 5694 1597 5762 scripserunt.

167 5758 240 5813 ιι.
278 5761 421 5829 Quid
453 5765 514 5818 de
540 5764 761 5823 Francis
795 5765 962 5824 iidem
990 5766 1194 5824 dicant.

1933 5039 1989 5091 Χ.
2066 5037 2206 5104 Quid
2275 5037 2338 5087 de
2410 5036 2720 5088 simulacris
2773 5036 3020 5102 gentium
3086 5035 3357 5102 prophetas
3419 5039 3638 5111 Domini

1994 5114 2231 5169 scribant
2242 5151 2252 5162 .

1934 5198 2017 5252 II.
2060 5198 2129 5249 De
2162 5196 2316 5248 Avito
2350 5195 2696 5259 imperatore.

1934 5274 2051 5328 XII.
2087 5275 2159 5328 De
2179 5271 2475 5325 Ghitderico
2502 5286 2621 5335 rege
2644 5276 2692 5324 et
2717 5270 2945 5335 Egidio.

1927 5356 2075 5409 XIII.
2115 5358 2187 5409 De
2228 5356 2538 5419 episcopatu
2590 5352 2889 5405 Venerandi
2916 5363 2981 5403 ac
3003 5348 3209 5401 Rustici
3235 5350 3509 5406 Arvernis.

1928 5438 2056 5492 XIV.
2094 5439 2167 5491 De
2217 5438 2528 5502 episcOpatu
2580 5434 2855 5489 Eustachii
2911 5431 3163 5486 Turonici
3220 5436 3379 5500 atque
3433 5440 3632 5505 Perpe-

1994 5522 2103 5576 tui:
2142 5524 2193 5572 et
2221 5521 2281 5569 de
2302 5516 2528 5569 basilica
2551 5515 2730 5569 sancti
2762 5514 3007 5567 Martini.

1928 5599 2027 5653 XV.
2066 5599 2138 5649 De
2168 5598 2392 5651 basilica
2422 5596 2602 5649 sancti
2628 5594 3037 5662 Symphoriani.

1930 5679 2060 5733 XVI.
2096 5679 2169 5731 De
2203 5677 2465 5732 Namatio
2502 5675 2758 5741 episcopo,
2790 5678 2841 5729 et
2877 5675 3093 5728 ecclesia
3121 5675 3386 5728 Arverna.

1933 5762 2089 5819 XVII.
2122 5764 2195 5817 De
2221 5762 2443 5826 conjuge
2470 5758 2605 5825 ejus,
2638 5762 2685 5814 et
2721 5756 2943 5815 basilica
2966 5758 3144 5816 sancti
3168 5754 3446 5822 Stephani.
