4006 6182
331 255 434 315 187

248 450 259 461 χ
327 379 517 454 ΧνΙΙΙ3
595 383 745 497 ρυοά
814 386 1137 459 thldericus
1205 390 1536 458 Aurelianis,
1601 399 1652 449 et
1736 399 2033 464 Andegavis

390 447 535 497 venit
578 468 599 497 κ
625 446 933 497 donamus-

390 446 535 497 venit
578 446 933 502 zidouacrius.

326 504 453 572 {IL
473 508 690 572 ﬂauum
721 512 870 564 inter
896 511 1135 567 Saxonas
1169 528 1230 568 ac
1258 518 1541 572 Romanos.

322 568 417 620 ᾸΧ.
461 570 530 622 De
564 571 791 624 Victoria
819 577 966 629 duce.

328 630 465 703 {ﬁt
494 633 566 703 [)9
598 634 867 703 Eparchio
897 641 1155 703 epichpo.

520 695 607 767 υς
626 692 868 767 ις’ἰαοηίοΔ
884 692 1139 767 episcopo.

327 755 980 837 ῌΙλανεᾳηοιίιὰιᾳ
1019 755 1263 837 Sidonii
1291 769 1539 835 episcopi,
1585 772 1636 821 et
1693 768 1757 822 de
1805 772 2028 837 injuriis

391 822 597 882 ultione
628 823 823 876 divina
848 828 1160 882 moderatis.

325 881 434 994 ig]
448 882 495 933 V.
534 882 780 998 Degame
811 881 1154 953 Burgundiar,
1183 899 1232 945 et
1266 893 1491 948 Ecditz'o.

420 948 468 994 V.
502 945 573 996 De
660 963 885 998 uvarene
918 961 1250 998 ﬂammulam

502 945 573 1014 De
609 942 885 1014 Euuarege
918 942 1267 1014 persecutore.

323 1005 495 1078 ΧΧΥΙ.
524 1008 604 1081 _I)e
661 1005 1041 1084 obitu'sa'ncti
1086 1005 1358 1083 Perpetui,
1411 1025 1457 1075 et
1508 1020 1814 1085 episcopatu
1869 1019 2027 1070 Volu-

386 1083 532 1121 stana
566 1084 630 1121 ac
670 1076 808 1121 Veri.

386 1083 532 1121 εῑαηῑ
566 1084 630 1121 ac
675 1083 808 1123 Veri.

320 1129 535 1208 ξιξ..
558 1133 707 1208 Quod
730 1134 1120 1208 ,UIi‘iodopechtts
1149 1148 1376 1208 regnum
1399 1146 1620 1208 accepit.

325 1191 509 1271 λεί]
516 1191 587 1271 1.;
594 1196 761 1268 Quod.
778 1191 1174 1271 (ἱΙιιοιίουειοΙηιεΔ
1186 1191 1637 1271 i'iieliiz'iiiéih
1663 1209 1887 1271 accepit.

1408 262 1467 325 S.
1511 267 1869 330 GREGORII
1907 270 2244 335 EPISCOPI
2282 272 2754 337 TURONENSIS

397 1212 433 1277 με
449 1212 1639 1277 μι,Πραρςξέ-ριμοαουεοηαε*ρήνρυιερῇτιαετη
1663 1212 1887 1277 occepit,
1952 1268 1963 1277 _
2108 1212 2267 1277 (XLII:
2293 1214 2364 1261 De
2398 1214 2629 1277 interitu
2657 1212 3024 1277 Ragnacharzi‘
3047 1221 3097 1269 et

324 1254 491 1308 ΧΧΙΧ.
544 1254 623 1308 Ηέ
669 1260 846 1322 primo
900 1254 1111 1317 eorum’
1138 1254 1266 1333 fit—io
1291 1254 1639 1336 5555555522
1664 1254 1898 1322 ἶῖίᾶᾜίίὲ
1927 1268 2019 1319 dc—
2104 1254 2940 1333 iiiii."ﬁe'biﬁd'éhib’it‘b’iZEHE

3724 280 3827 341 188

2176 400 2386 461 functo.
2816 422 2827 439 γ

2114 464 2263 513 XXX.
2304 463 2509 515 Bellwn
2543 469 2737 517 contra
2766 464 3113 518 Alamannos.

2112 526 2291 576 XXII.
2326 528 2397 589 De
2425 528 2686 589 baptismo
2720 526 3072 579 Chlodovrehi.

2112 590 2319 637 XLIII.
2360 586 2563 640 Bellum
2589 594 2780 642 contra
2804 589 3202 643 Gundebadum.

2112 652 2345 737 iii-ile
2380 652 2709 737 eaeaeae
2736 652 3040 737 (έοιέςρίεςιξτ

2111 714 2275 761 XXXI
2288 716 2335 763 ν.

2111 776 2243 823 XXX
2258 778 2306 824 Γ,

2377 714 2524 778 Quod
2551 713 2905 767 (hmdebarlu's
2935 717 3177 768 converti
3196 715 3444 769 voluerit.

2342 777 2492 840 Quod
2523 778 2904 830 Chlodovechus
2934 784 2983 831 et
3009 781 3253 831 Atarwus
3276 792 3327 830 se
3353 780 3633 834 viderunt.

2110 840 2335 911 λςμιςι.
2368 842 2437 889 De
2464 842 2758 951 ﬂuvitantia
2783 844 3041 914 episcOpo.

2110 902 2187 947 ,Μ
2202 903 2235 947 .i
2256 904 2277 947 ιλ
2292 903 2360 951 II.
2399 902 2487 951 Ber
2515 917 2603 951 um
2636 908 2827 951 contra
2852 905 3036 951 Alanc

2109 902 2360 951 11.11"”.
2399 902 2603 952 Bellum
2636 902 2827 954 contra
2852 902 3146 955 Alaricum.

2110 964 2245 1031 11311
2254 965 2315 1031 Κ(
2322 965 2401 1031 II._
2424 966 2827 1031 Dg_Patricia_tu
2858 967 3202 1019 Chtodovechi
3232 968 3387 1031 regis.

2109 1026 2332 1090 LXXIX.
2369 1028 2438 1075 De
2462 1025 2662 1078 Licinio
2683 1029 2940 1090 episcopo.

2110 1088 2221 1157 {In
2246 1090 2315 1157 De
2342 1090 2572 1157 interitu
2593 1088 3092 1157 Spigibertijscnioris
3118 1096 3167 1143 el
3187 1092 3290 1157 ﬁlii
3310 1095 3443 1157 ejus.

2112 1150 2243 1218 iiii;
2270 1152 2341 1218 De
2367 1151 2596 1218 interitu
2619 1154 2906 1218 Ubararici
2926 1159 2975 1205 et
3000 1156 3102 1218 ﬁlii
3124 1150 3257 1218 ejus.

3154 1222 3369 1270 rutrum
3392 1222 3528 1285 ejus.

325 1382 3816 1422 ——___________________________________

1363 1497 1823 1615 LIBER
1924 1493 2755 1620 SECUNDUS.

1749 1675 2362 1831 iurataque.

401 1854 497 1912 39
520 1848 939 1926 Prosequentes
969 1854 1235 1914 ordinem
1285 1865 1635 1936 temporum,
1682 1859 1854 1918 miste
1892 1858 2087 1917 con-A
2111 1860 2219 1916 sub
2250 1860 2507 1921 Ezechim
2539 1868 2811 1939 tempore,
2856 1868 2951 1926 cui
2979 1868 3133 1925 Deus
3162 1868 3439 1927 ad-vitam
3476 1869 3823 1942 quindecim

320 1940 565 2015 fusaque
595 1949 711 2002 tam
742 1945 982 2007 virtutes
1036 1958 1387 2025 sanctorum,
1416 1971 1605 2027 quam!
1628 1958 1844 2025 strages
1880 1969 2023 2025 gen-

328 2034 471 2094 tium
496 2053 912 2102 memoramus.
972 2045 1100 2103 Non
1130 2047 1285 2106 enim
1320 2050 1794 2108 irrationabiliter
1842 2048 2025 2122 accipi

323 2130 481 2197 puto,
545 2128 593 2185 si
629 2128 853 2189 felicem
891 2132 1193 2192 beatorum
1244 2138 1425 2195 vitam
1481 2139 1634 2196 inter
1677 2138 2023 2195 miserorum

320 2230 709 2279 memoremus
744 2223 992 2294 eXcidia,
1025 2240 1160 2283 cum
1192 2226 1248 2284 id
1283 2244 1402 2285 non
1434 2229 1678 2286 facilitas
1708 2228 2020 2301 scriptoris,

328 2304 427 2362 sed
466 2311 787 2381 temporum
813 2313 989 2371 series
1016 2322 1260 2387 prmstct.
1319 2316 1463 2374 Nam
1505 2317 1788 2376 sollicitus
1829 2316 2023 2389 lector,

327 2394 375 2451 si
395 2394 653 2469 inquirat
683 2406 939 2475 strenue,
968 2404 1228 2462 inveniet
1254 2404 1404 2463 inter
1441 2406 1571 2464 illas
1599 2422 1803 2479 regum
1852 2406 2046 2473 Israes

326 2485 616 2546 liticorum
646 2490 936 2564 historias,
991 2495 1099 2554 sub
1142 2495 1377 2555 Samuel
1424 2500 1579 2573 justo
1626 2498 1909 2556 Pliineem
1942 2498 2027 2555 in-

320 2578 516 2635 terisse
551 2580 895 2655 sacrilegum
922 2602 937 2654 ;
970 2599 1034 2642 ac
1064 2586 1171 2645 sub
1201 2586 1405 2658 David,
1438 2606 1613 2663 quem
1640 2588 1864 2647 Fortem
1901 2604 2024 2647 ma-

321 2681 501 2725 num-
516 2667 977 2740 dicunt,Goliam
998 2674 1360 2751 allophylum
1373 2678 1675 2738 corruisse.
1697 2678 2027 2736 Meminerit

324 2759 496 2818 etiam
545 2762 655 2820 sub
677 2762 864 2822 Helim
917 2766 1122 2825 eximii
1174 2769 1319 2828 vatis
1349 2776 1624 2844 tempore,
1654 2771 1762 2844 'qui
1796 2770 2026 2844 pluvias

312 2863 445 2907 cum
475 2850 661 2909 voluit
706 2852 961 2923 abstulit,
1021 2862 1075 2913 et
1124 2873 1257 2915 cum
1308 2857 1480 2916 libuit
1535 2859 1831 2917 arentibus
1861 2859 2025 2917 terris

318 2940 555 3011 infudit;
582 2943 686 3016 qui
717 2942 914 3003 viduas
940 2953 1332 3021 paupertatem
1346 2950 1604 3008 oratione
1628 2948 2018 3022 locupletavit;

319 3040 553 3106 quantae
592 3035 937 3109 pepulerum
960 3043 1184 3112 strages
1212 3047 1309 3103 40
1338 3043 1519 3112 fuere,
1551 3049 1785 3115 quantae
1816 3041 2019 3111 fames,

319 3131 412 3191 vel
443 3148 577 3207 quae
620 3132 843 3195 siccitas
876 3139 1149 3197 miseram
1180 3139 1523 3213 oppresserit
1554 3140 1826 3201 humum.
1876 3139 2020 3210 Quae

374 3270 393 3291 ·
430 3262 514 3316 Sic
538 3262 714 3327 Corb.;
744 3264 855 3328 alii,
886 3265 1106 3321 Fortem
1137 3280 1328 3321 manu.

374 3334 396 3363 δ
429 3335 515 3388 Sic
544 3337 666 3389 cod.
695 3338 896 3401 Casin.;
929 3341 1038 3406 alii,
1054 3343 1300 3405 jubente.

377 3415 395 3435 ε
431 3406 587 3460 Deest
640 3408 745 3462 hoc
796 3416 958 3475 caput
1004 3414 1058 3463 in
1108 3412 1289 3477 Corb.
1320 3414 1374 3464 et
1425 3411 1550 3475 Reg.
1576 3412 1751 3462 Porro
1774 3410 2023 3463 nonnulli

312 3480 478 3545 hujus
535 3486 792 3546 temporis
841 3484 1039 3538 eruditi
1092 3488 1213 3545 viri,
1263 3487 1459 3552 quibus
1514 3498 1628 3539 non
1681 3484 1857 3549 placet
1908 3485 2025 3538 haec

311 3554 553 3615 Gregorii
604 3558 861 3619 narratio,
907 3571 1031 3610 eum
1081 3560 1137 3609 in
1192 3558 1295 3611 hoc
1346 3558 1543 3611 falsum
1593 3558 1761 3609 fuisse
1817 3561 2022 3619 putant,

314 3624 460 3686 quod
509 3626 849 3689 Brictionem,
903 3629 970 3681 de
1025 3643 1135 3694 quo
1176 3632 1442 3694 Sulpicius
1494 3634 1548 3684 in
1597 3631 1704 3681 fine
1748 3630 1959 3693 Dialog.
1992 3629 2021 3679 3

312 3695 546 3760 scripsit,
599 3711 722 3750 cum
772 3702 974 3753 Briccio
1025 3704 1198 3755 sancti
1251 3704 1458 3757 Martini
1503 3702 1827 3764 confuderit,
1885 3714 2022 3765 quos

312 3768 490 3821 tamen
541 3770 787 3825 diversos
834 3775 1055 3827 omnino
1109 3774 1282 3828 fuisse
1334 3776 1523 3829 volunt
1570 3796 1583 3825 :
1638 3776 1827 3836 primo,
1877 3775 2020 3837 quod

314 3853 493 3907 neque
570 3848 872 3911 Sulpicius,
939 3864 1117 3917 neque
1179 3853 1528 3915 Fortunatus,
1585 3852 1677 3916 qui
1736 3849 2020 3901 Brictionis

312 3918 475 3969 etiam
558 3920 821 3983 meminit,
875 3935 1000 3975 eum
1056 3924 1279 3977 Martino
1347 3924 1683 3977 successisse
1746 3923 2013 3983 dixerint;

308 3989 360 4040 2°
414 3990 561 4055 quod
606 3994 904 4045 verisimile
959 4008 1068 4047 non
1121 3998 1192 4048 sit
1245 3997 1518 4048 hominem
1567 3997 1701 4048 adeo
1737 3992 2017 4045 facinoro-

313 4074 452 4127 sum,
526 4067 700 4130 qualis
770 4068 962 4121 Brlctio
1030 4070 1096 4122 ab
1148 4071 1257 4122 illis
1308 4070 1623 4122 auctoribus
1670 4066 2015 4130 describitur,

312 4138 461 4190 tanto
507 4141 624 4194 viro
679 4143 735 4195 in
779 4145 1097 4209 episcopatu
1145 4148 1516 4206 successisse;
1554 4147 1602 4196 3'
1634 4144 1794 4210 quod,
1822 4144 1866 4193 si
1902 4142 2019 4193 Bri-

312 4210 418 4283 ctio
475 4211 697 4267 Martino
759 4219 1135 4279 successisset,
1189 4219 1455 4283 Sulpicius
1512 4218 1603 4282 qui
1667 4230 1733 4268 eo
1788 4216 2017 4267 Turonis

312 4281 537 4336 sedente
598 4285 848 4351 Dialogos
906 4291 1154 4353 scripsit,
1217 4281 1361 4342 tanta
1417 4281 1541 4353 ejus
1597 4289 1865 4349 facinora,
1928 4291 2019 4339 aut

312 4353 503 4428 saltem
556 4369 754 4412 nomen
805 4362 1129 4414 reticuisset.
1184 4363 1425 4428 Denique
1478 4362 1623 4426 quod
1665 4360 1932 4424 Sulpicius
1966 4363 2019 4412 et

314 4426 633 4482 Fortunatus
704 4433 1025 4486 Brictionem
1097 4426 1532 4496 nominaverint,
1608 4433 1811 4483 Martini
1889 4444 2017 4484 vero

311 4511 603 4556 successor
664 4504 905 4559 Briccius
953 4508 1115 4559 etiam
1168 4506 1232 4559 ab
1285 4508 1403 4570 ipso
1434 4506 1689 4569 Gregorio
1720 4503 2017 4569 appellatus

313 4573 492 4624 fuerit.
539 4576 672 4635 Quin
722 4582 776 4631 et
820 4579 911 4631 alii
961 4579 1148 4631 volunt
1199 4583 1369 4631 totum
1420 4578 1524 4631 hoc
1580 4581 1740 4642 caput
1775 4578 2017 4641 Gregorii

316 4646 560 4697 Historiae
628 4649 695 4700 ab
755 4652 934 4716 aliquo
1008 4652 1398 4717 interpolatore
1453 4652 1621 4703 fuisse
1681 4651 2012 4715 adjectum:

2109 1965 2294 2009 annos
2321 1954 2506 2024 auxit,
2530 1954 2929 2033 Hierosolyma
2960 1957 3110 2015 mala
3140 1960 3457 2032 pertulerit.
3483 1960 3595 2017 Sed
3626 1966 3685 2018 et
3714 1960 3824 2018 sub

2110 2037 2318 2098 Elisaao
2346 2044 2638 2116 propheta,
2690 2048 2793 2118 qui
2853 2055 3109 2105 mortuos
3139 2048 3271 2106 vitm
3304 2051 3571 2121 restituit,
3621 2058 3679 2109 et
3709 2051 3822 2107 alia

2110 2129 2170 2185 in
2202 2132 2432 2204 populis
2464 2136 2743 2194 miracula
2766 2138 2949 2196 multa
3001 2139 3152 2207 fecit,
3194 2146 3426 2213 quantae
3456 2141 3821 2199 internecio-

2112 2237 2235 2291 nes,
2268 2240 2403 2297 qure
2432 2227 2682 2285 miseria)
2733 2229 2927 2302 ipsum
2964 2230 3347 2290 Israeliticum
3378 2231 3667 2304 populum
3716 2246 3823 2305 op-

2110 2322 2462 2382 presserunt.
2522 2317 2615 2374 Sic
2693 2325 2747 2376 et
2828 2320 3134 2390 Eusebius,
3200 2319 3471 2392 Severus,
3529 2321 3822 2393 Hierony-
3884 2318 3887 2319 ⁷

2110 2408 2355 2472 musque
2382 2402 2441 2459 in
2464 2404 2781 2475 Clironicis,
2816 2412 2987 2481 atque
3014 2406 3267 2477 Orosius,
3317 2414 3371 2466 et
3406 2408 3557 2467 bella
3588 2423 3817 2481 regum,

2111 2497 2164 2547 et
2191 2490 2434 2549 virtutes
2489 2502 2811 2569 martyrum
2850 2497 3065 2571 pariter
3102 2504 3434 2556 texuerunt.
3487 2499 3571 2556 Ita
3603 2506 3665 2556 et
3714 2512 3819 2555 nos

2109 2580 2321 2639 idcirco
2347 2582 2430 2640 sic
2473 2586 2832 2659 scripsimus,
2873 2604 2991 2663 quo
3022 2590 3249 2647 facilius
3278 2588 3625 2648 saeculorum
3653 2590 3815 2658 ordo,

2109 2673 2199 2731 vel
2228 2688 2519 2731 annorum
2552 2678 2695 2735 ratio
2731 2694 2918 2753 usque
2947 2680 3017 2737 ad
3052 2688 3246 2738 nostra
3274 2688 3531 2755 tempora
3578 2686 3699 2739 tota
3726 2696 3816 2738 re-

2108 2764 2383 2837 periatur.
2418 2766 2727 2826 Venientes
2763 2786 2898 2842 ergo
2920 2788 3020 2844 per
3041 2778 3172 2829 ante
3197 2773 3482 2830 dictorum
3503 2778 3812 2831 auctorum

2110 2852 2412 2926 Historias,
2445 2871 2511 2914 ea
2552 2873 2685 2931 quas
2739 2859 2797 2916 in
2853 2868 3147 2934 posterum
3197 2869 3321 2920 acta
3352 2867 3511 2933 sunt,
3563 2862 3813 2922 Domino
3888 2936 3889 2939 η

2110 2946 2176 3005 ad
2179 2947 2419 3019 juvante
2440 2947 2460 2977 ¹³
2487 2948 2856 3027 disseremus.

2178 3036 2226 3095 Ι.
2274 3038 2504 3110 Igitur°
2554 3046 2679 3114 post
2711 3057 3015 3102 excessum
3076 3046 3226 3104 beati
3269 3054 3360 3110 41
3417 3046 3654 3105 Martini
3694 3044 3811 3103 Tu-

2109 3132 2321 3192 rouicae
2378 3133 2627 3193 civitatis
2677 3136 2945 3212 episc0pi,
2980 3141 3195 3199 summi
3235 3147 3291 3199 et
3341 3138 3809 3215 incomparabilis

2033 3260 2291 3324 Bnerata
2341 3263 2439 3320 est,
2494 3261 2546 3311 et
2601 3261 2763 3313 etiam
2816 3274 2961 3314 nunc
3011 3264 3159 3316 cuitu
3213 3263 3428 3329 publico
3485 3264 3632 3317 colit.
3693 3263 3809 3321 Quae

2103 3340 2283 3385 autem
2353 3332 2683 3397 objiciuntur
2752 3335 3020 3389 adversus
3084 3338 3223 3389 hanc
3287 3338 3647 3399 traditionem,
3704 3347 3810 3388 non

2104 3404 2332 3457 fortasse
2388 3406 2520 3455 tanti
2565 3405 2907 3467 videbuntur,
2969 3422 3086 3473 quae
3139 3410 3279 3461 hanc
3330 3410 3551 3461 omnino
3601 3409 3810 3472 possint

2104 3479 2338 3530 elevare.
2393 3478 2526 3537 Quid
2579 3480 2723 3530 enim
2773 3482 2971 3533 mirum
3015 3484 3061 3534 si
3114 3483 3367 3541 Briccius,
3416 3482 3499 3533 vir
3541 3481 3679 3534 alias
3709 3483 3807 3533 do-

2103 3550 2245 3602 tibus
2298 3550 2451 3603 bonis
2504 3564 2611 3601 non
2664 3551 2822 3616 plane
2876 3555 3185 3619 destitutus,
3232 3558 3388 3618 cujus
3438 3554 3662 3606 crimina
3713 3564 3806 3605 oc-

2106 3623 2405 3675 cultaverat
2454 3628 2677 3676 sanctus
2730 3626 3003 3691 Martinus,
3057 3642 3219 3694 quem
3267 3632 3321 3680 et
3375 3629 3494 3692 ipse
3542 3640 3574 3679 a
3604 3626 3807 3678 teneris

2104 3696 2159 3747 in
2212 3697 2539 3748 monasterio
2589 3709 2686 3749 suo
2736 3698 3040 3762 educatum,
3093 3704 3471 3764 presbyterum
3505 3700 3803 3757 creaverat,

2102 3767 2207 3830 ipsi
2261 3769 2317 3819 in
2371 3779 2747 3820 successorem
2799 3771 3059 3823 suiiectus
3110 3772 3299 3825 fuerit?
3356 3771 3620 3835 Sulpicius
3673 3781 3803 3822 vero

2101 3842 2220 3901 ejus
2270 3840 2323 3889 in
2378 3844 2624 3891 sanctum
2674 3842 2849 3893 virum
2912 3844 3155 3896 convicia
3208 3844 3405 3902 retulit,
3445 3844 3542 3895 sed
3586 3855 3651 3895 eo
3689 3844 3805 3907 ipso

2100 3915 2367 3976 tempore,
2408 3925 2513 3976 quo
2558 3927 2623 3968 ea
2681 3914 2922 3968 Briccius
2962 3930 2993 3969 a
3030 3917 3143 3969 suis
3170 3922 3397 3969 vexatus
3424 3917 3603 3981 palam
3632 3918 3804 3968 conﬂ-

2102 3986 2330 4048 tebaiur,
2387 3992 2552 4054 juste,
2611 3992 2669 4042 ut
2722 3990 2888 4041 refert
2939 3991 3056 4055 ipse
3106 3992 3413 4056 Gregorius,
3445 3993 3547 4044 sibi
3582 3992 3803 4045 calami-

2102 4060 2241 4112 tates
2294 4062 2590 4123 contigisse
2640 4062 2845 4124 dicens,
2880 4063 3021 4126 quod
3053 4064 3175 4127 ipse
3209 4065 3405 4129 sacpius
3438 4067 3684 4115 sanctum
3717 4065 3801 4115 vl-

2102 4143 2221 4182 rum
2278 4134 2563 4186 calumniis
2613 4135 2950 4198 impetiisset.
2982 4134 3118 4186 Nihil
3160 4149 3322 4199 porro
3353 4136 3505 4189 obest
3537 4136 3672 4189 levis
3714 4140 3801 4191 illa

2100 4208 2378 4258 nominum
2457 4208 2758 4269 diversitas,
2832 4220 2954 4259 cum
3021 4209 3425 4274 martyrologia,
3485 4210 3645 4261 etiam
3700 4225 3797 4266 ve-

2099 4277 2409 4342 tustissima,
2466 4282 2523 4330 ut
2580 4281 2633 4329 in
2685 4278 2960 4344 plerisque
3030 4282 3458 4343 observavimus,
3516 4283 3797 4347 aliquando

2098 4347 2392 4410 Briccium,
2443 4352 2731 4416 aliquando
2783 4350 3141 4416 Briccionem,
3191 4354 3337 4407 hunc
3376 4355 3591 4406 beatum
3625 4358 3799 4408 virum

2100 4422 2390 4486 appellent.
2446 4425 2565 4482 Quae
2631 4429 2808 4477 autem
2869 4426 2936 4478 de
2994 4426 3282 4479 Fortunato
3346 4427 3615 4491 dicuntur,
3669 4428 3799 4481 nihil

2099 4497 2462 4561 objectiouem
2511 4497 2784 4556 roborant,
2839 4510 2963 4550 cum
3011 4504 3217 4551 certum
3262 4501 3333 4551 sit
3369 4513 3432 4551 ea
3463 4502 3796 4555 solummodo

2098 4569 2164 4619 ab
2216 4583 2280 4622 eo
2333 4570 2589 4622 versibus
2641 4583 2904 4634 expressa
2952 4570 3140 4631 fuisse,
3186 4584 3304 4635 qua:
3336 4572 3598 4635 Sulpicius
3627 4576 3798 4627 soluta

2100 4644 2344 4694 oratione
2397 4641 2625 4694 dixerat.
2680 4644 2798 4702 Quae
2848 4655 2977 4694 vero
3026 4644 3093 4694 ad
3143 4643 3422 4695 historiam
3473 4644 3613 4698 hanc
3664 4648 3795 4700 Gre-

313 4730 439 4771 cum
486 4721 541 4770 in
589 4722 747 4773 codd.
788 4714 1186 4787 vetustissimis,
1219 4725 1533 4778 Corbeiensi
1568 4714 1774 4775 scilicet
1808 4728 1860 4774 et
1892 4714 2249 4777 Bel-Cgorio
2298 4714 2716 4777 “indicandam
2767 4716 3135 4780 Ρτοῖεΐυηίιιτι
3190 4716 3358 4768 mum)
3412 4717 3638 4771 minoris
3676 4722 3799 4774 sunt

208 4842 211 4847 λ
310 4789 606 4855 iovacensi,
664 4805 774 4846 non
824 4795 1102 4856 habeatur,
1159 4801 1213 4848 et
1268 4800 1320 4847 in
1356 4811 1421 4850 eo
1452 4796 1797 4861 proferantur
1829 4798 2015 4861 multa,

314 4875 434 4935 quae
484 4876 595 4917 non
648 4867 780 4917 satis
832 4866 932 4918 sibi
982 4871 1248 4927 constant,
1306 4873 1365 4920 ut
1416 4881 1447 4919 a
1504 4868 1759 4930 Gregorio
1816 4870 2019 4935 scripta

313 4934 420 4986 dici
471 4938 705 5002 possint,
751 4938 1003 4992 videlicet
1053 4940 1327 4993 hominem
1380 4954 1581 4993 vanum
1634 4941 1857 4993 Martino
1888 4953 2016 4993 suc-

312 5008 567 5073 cessisse,
639 5023 873 5077 cumque
946 5023 1118 5063 annos
1176 5012 1367 5064 saltem
1430 5013 1774 5076 septuaginta
1834 5016 2019 5063 natum

313 5079 566 5135 adulterii
612 5084 839 5137 crimine
896 5082 1230 5147 impetitum;
1270 5084 1461 5143 Romae,
1508 5088 1567 5137 ut
1611 5097 1763 5137 suam
1797 5097 2018 5138 causam

313 5153 576 5215 tueretur,
654 5168 827 5209 annos
898 5160 1108 5219 septem
1185 5161 1591 5212 commoratum.
1662 5158 1754 5209 liis
1816 5159 2018 5212 addunt

314 5226 584 5286 pontificis
635 5227 875 5286 Romani,
928 5228 1017 5293 qui
1076 5232 1255 5280 tamen
1319 5230 1574 5294 Gregorio
1632 5228 1802 5293 probe
1858 5236 2018 5285 notus

312 5300 444 5355 erat,
529 5311 727 5353 nomen
796 5312 1187 5365 suppressum;
1263 5302 1467 5356 nullam
1525 5303 1759 5368 denique
1818 5304 2013 5359 horum

310 5372 572 5423 factorum
626 5372 760 5425 alias
816 5375 1132 5426 memoriam
1184 5372 1387 5436 haberi,
1446 5373 1659 5438 aliaque
1712 5375 1765 5427 id
1819 5390 2011 5441 genus,

309 5456 430 5507 qua:
477 5454 508 5493 a
552 5441 628 5493 Cl.
674 5442 727 5494 V.
774 5444 1007 5509 Josepho
1058 5445 1320 5497 Antelmio
1368 5447 1422 5496 in
1475 5446 1705 5509 epistola
1750 5448 1818 5500 ad
1866 5449 1919 5502 ii.
1960 5452 2009 5503 P.

307 5517 421 5565 Ant.
449 5513 667 5575 Pagium
696 5513 910 5565 Parisiis
937 5516 1079 5568 edita
1104 5529 1244 5569 anno
1274 5518 1389 5567 1693
1417 5517 1782 5580 proferuntur.

373 5585 564 5637 Verum
614 5584 699 5636 his
750 5585 998 5638 omnibus
1045 5590 1246 5653 apponi
1296 5592 1475 5653 potest
1523 5591 1745 5653 antiqua
1795 5591 1847 5642 et
1877 5601 2013 5644 con-

305 5663 458 5711 stans
536 5658 784 5711 Ecclesiae
863 5658 1193 5714 Turonensis
1276 5662 1506 5723 traditio,
1574 5675 1692 5726 quae
1750 5663 2012 5717 Briccium

308 5744 485 5797 suum,
537 5730 713 5798 qualis
761 5744 795 5787 a
842 5732 1098 5798 Gregorio
1154 5739 1602 5802 repraesentetur,
1650 5749 1869 5801 semper
1912 5748 2013 5795 ve-

2100 4789 2381 4839 momenti.
2438 4788 2565 4838 Nam
2615 4787 2767 4839 abest
2814 4789 3031 4852 quidem
3065 4802 3094 4839 a
3129 4790 3315 4840 codice
3345 4788 3677 4855 Corheiensl,
3705 4793 3798 4846 sed

2101 4862 2157 4913 in
2211 4863 2313 4911 isto
2368 4860 2553 4912 codice
2603 4860 2769 4912 multa
2819 4860 2922 4913 alia
2971 4861 3368 4922 desiderantur,
3406 4874 3524 4927 quae
3556 4868 3737 4920 tamen
3768 4878 3798 4919 a

2102 4933 2360 4996 Gregorio
2424 4933 2625 4996 scripta
2688 4931 2857 4983 fuisse
2912 4932 3129 4984 aliunde
3182 4941 3390 4986 certum
3438 4940 3542 4998 est,
3596 4940 3654 4989 ut
3701 4952 3797 4991 suo

2098 5006 2220 5058 loco
2277 5005 2587 5069 probamus.
2643 5005 2716 5055 Ex
2767 5004 2955 5057 codice
3010 5009 3191 5057 autem
3253 5006 3617 5061 llellovacensi
3664 5011 3794 5063 nihil

2101 5084 2217 5134 erui
2275 5084 2469 5145 potest,
2520 5092 2646 5131 cum
2691 5079 2897 5132 avulsis
2926 5079 2991 5132 ab
3022 5092 3087 5133 eo
3115 5082 3320 5147 aliquot
3353 5082 3513 5142 foliis,
3549 5096 3580 5134 a
3611 5088 3797 5149 capitis

2099 5154 2239 5206 tertii
2294 5154 2401 5204 (ine
2450 5152 2637 5203 folium
2686 5153 2918 5217 primum
2948 5153 3092 5217 quod
3123 5158 3373 5217 superest
3406 5154 3644 5218 incipiat.
3677 5158 3792 5208 Cae-

2098 5228 2275 5278 terum
2322 5225 2437 5278 haec
2487 5224 2712 5277 historia
2763 5226 2817 5275 in
2872 5223 3009 5287 aliis,
3060 5226 3219 5277 etiam
3278 5226 3507 5279 vetustis
3560 5233 3612 5278 et
3644 5226 3795 5280 bonae

2097 5306 2254 5362 noue,
2312 5297 2593 5351 codicibus
2653 5295 2899 5358 habetur,
2952 5300 3059 5348 tam
3110 5298 3163 5349 in
3222 5299 3339 5361 ipsa
3387 5298 3618 5352 Historia
3666 5301 3797 5354 Gre-

2096 5374 2256 5437 gorii,
2312 5385 2471 5436 quam
2511 5372 2567 5423 in
2614 5370 2734 5423 aliis
2782 5370 2939 5423 codd.
2985 5370 3085 5421 sub
3116 5371 3268 5423 titulo
3302 5371 3421 5422 Vitae
3449 5374 3614 5423 sancti
3650 5373 3796 5425 Bric-

2096 5448 2183 5508 cii,
2232 5451 2283 5499 et
2329 5446 2547 5510 quidem
2594 5446 2695 5498 sub
2738 5446 2909 5508 ipsius
2942 5445 3185 5508 Gregorii
3214 5441 3632 5504 nomine.‘0uod
3668 5458 3794 5497 vero

2095 5520 2256 5571 homo
2306 5533 2479 5571 vanus
2528 5522 2583 5572 in
2632 5520 3001 5583 episcopatum
3043 5524 3282 5577 evectus,
3315 5520 3405 5571 vel
3433 5525 3793 5582 septuagena-

2096 5593 2209 5645 rius
2275 5592 2527 5644 adulterii
2600 5591 2823 5644 crimine
2894 5592 3165 5656 impetitus
3236 5590 3417 5651 fuerit,
3481 5594 3572 5642 aut
3621 5590 3793 5642 Romae

2095 5677 2194 5730 pro
2248 5675 2414 5716 causa
2464 5664 2683 5726 tuenda,
2731 5674 2829 5715 seu
2877 5675 2976 5728 pro
3030 5663 3221 5726 quavis
3274 5661 3381 5715 alia
3432 5664 3638 5714 ratione
3687 5666 3793 5716 toto

2096 5738 2388 5803 septennio
2454 5736 2620 5793 fuerit
2687 5739 2951 5799 moratus;
3025 5736 3261 5801 denique
3319 5736 3464 5800 quod
3524 5734 3792 5801 pontificis
