4006 6182
122 305 224 363 189

1058 302 1422 364 HISTORIA
1462 305 1941 369 FBANCORUM.
1986 310 2211 371 LIBER
2250 310 2655 371 SECUNDUS.

3512 318 3615 381 190

119 426 252 496 viri,
295 426 367 485 de
389 424 550 498 cujus
572 424 910 499 virtutibus,
940 441 1149 501 magna
1182 428 1335 503 apud
1374 444 1480 489 nos
1519 431 1877 497 voluminaA
1900 434 2153 493 volentes
2203 449 2338 493 eum
2389 434 2748 494 unanimiter
2784 435 3056 509 lapidare.
3099 435 3375 496 Dicebant
3399 441 3559 500 enim
3591 460 3605 500 :

117 517 461 588 retinentur,
503 515 765 575 Briccius
822 518 893 575 ad
961 517 1352 593 episc0paturn
1420 522 1706 582 succedit-
1745 525 1821 582 At

118 622 251 664 vero
280 604 538 663 Briccius
565 605 690 671 iste,
715 622 849 665 cum
870 615 1019 666 esset
1039 608 1335 681 primaevae
1356 612 1537 669 aetatis
1560 611 1814 685 juvenis,

117 704 315 754 sancto
343 696 528 754 adhuc
566 696 814 756 Martino
842 698 1062 757 viventi
1096 698 1157 756 in
1187 714 1420 773 corpore
1450 703 1662 760 multas
1692 709 1819 761 ten-

115 786 283 845 debat
302 786 559 857 insidias,
589 804 694 861 pro
714 804 781 847 eo
811 791 966 866 quod
996 790 1067 848 ab
1092 791 1293 849 eodem
1327 792 1689 868 plerumque,
1716 810 1819 852 cur

113 878 312 936 faciles
347 891 370 916 ι
414 895 505 937 res
533 886 891 953 sequeretur,
937 882 1301 955 arguebatur.
1333 883 1590 953 Quadam
1623 892 1817 942 autem

115 967 221 1037 die,
261 968 403 1026 dum
432 968 671 1040 quidam
694 969 983 1028 .inlirmus
1028 969 1375 1029 medicinam
1404 988 1437 1029 a
1471 973 1635 1031 beato
1664 972 1818 1029 Mar-

120 1056 236 1114 tino
264 1063 575 1129 expeteret,
623 1057 918 1117 Briccium
966 1058 1158 1118 adhuc
1202 1060 1511 1119 diaconum
1541 1062 1602 1119 in
1632 1062 1818 1134 platea

115 1147 414 1218 convenit;
464 1148 561 1205 cui
610 1147 951 1222 simpliciter
1001 1149 1081 1207 ait
1127 1168 1139 1207 :
1182 1150 1326 1208 Ecce
1370 1167 1473 1224 ego
1522 1154 1818 1225 praistolor

116 1238 344 1295 beatum
398 1238 615 1309 virum,
665 1244 721 1296 et
767 1240 961 1299 nescio
1017 1240 1118 1298 ubi
1168 1240 1260 1309 sit,
1314 1242 1403 1299 vel
1439 1243 1581 1316 quid
1631 1246 1818 1318 operis

114 1328 288 1399 agat?
313 1328 420 1386 Cui
448 1328 747 1388 Briccius:
801 1330 883 1401 Si,
930 1331 1139 1407 inquit,
1168 1333 1419 1393 delirum
1453 1336 1622 1396 illum
1651 1354 1817 1412 qum-

118 1417 208 1485 ris,
235 1419 494 1492 prospice
520 1418 752 1479 eminus
780 1440 791 1478 :
817 1436 946 1480 ecce
966 1423 1177 1483 ccelum
1200 1426 1367 1484 solito
1392 1427 1414 1455 ”
1446 1421 1597 1487 sicut
1616 1445 1817 1489 amens

118 1508 356 1579 respicit.
390 1509 651 1584 Cumque
678 1527 898 1587 pauper
929 1513 1045 1586 ille,
1071 1532 1316 1575 occursu
1343 1529 1364 1555 °
1391 1520 1631 1592 reddito,
1658 1524 1815 1597 quod

122 1597 343 1669 petierat
380 1599 763 1674 impetrasset,
807 1602 1099 1663 Briccium
1144 1605 1452 1667 diaconum
1484 1610 1574 1667 vir
1610 1610 1814 1671 beatus

122 1684 426 1757 alloquitur
482 1706 495 1743 :
557 1689 647 1746 En
708 1706 829 1765 ego,
879 1691 1083 1765 Bricci,
1131 1694 1348 1756 delirus
1405 1698 1506 1757 tibi
1562 1700 1812 1762 videor?

1899 526 2012 585 Diu
2036 527 2217 599 pietas
2241 525 2427 585 sancti
2455 532 2611 584 tuam
2654 526 2862 585 celavit
2893 526 3192 586 luxuriam
3228 548 3240 587 :
3272 545 3381 589 nec
3412 532 3431 567 ί
3459 531 3611 591 Deus

1901 633 2005 674 nos
2034 617 2253 676 diutius
2281 619 2419 676 sinit
2448 635 2656 677 manus
2687 625 2812 678 tuas
2850 620 3120 694 indignas
3150 622 3461 682 osculando
3490 624 3611 697 pol-

1899 706 2004 765 lui.
2036 707 2141 765 Illo
2198 723 2429 781 quoque
2480 710 2799 767 econtrario
2852 709 3099 768 viriliter
3142 711 3269 768 hanc
3316 720 3607 786 negante:

1900 799 2136 871 Aﬂ‘erte,
2200 800 2409 874 inquit,
2459 800 2737 858 infantem
2790 802 2862 859 ad
2908 817 3020 860 me.
3075 801 3339 877 Cumque
3381 806 3610 865 oblatus

1900 888 2105 947 fuisset
2150 890 2363 960 infans,
2411 891 2645 963 triginta
2690 892 2813 950 dies
2861 893 2933 950 ab
2982 898 3111 953 ortu
3146 895 3390 966 habens,
3432 894 3513 954 ait
3534 897 3639 954 ad-

1898 983 1996 1039 43
2043 993 2178 1035 eum
2230 978 2493 1036 Briccius
2535 980 2835 1052 episcopus
2870 996 2881 1035 :
2927 981 3151 1054 Adiuro
3183 988 3235 1039 te
3274 998 3375 1056 per
3402 983 3601 1043 Jesum

1902 1065 2196 1124 Christum
2229 1066 2445 1125 Filium
2489 1067 2592 1126 Dei
2636 1069 3063 1141 omnipotentis,
3111 1076 3178 1128 ut
3214 1071 3262 1129 si
3293 1087 3395 1144 ego
3427 1077 3479 1131 te
3503 1089 3604 1147 ge-

1900 1156 2122 1227 neravi,
2172 1172 2367 1215 coram
2416 1157 2640 1216 cunctis
2687 1157 2894 1216 edicas.
2935 1158 3006 1215 Et
3043 1158 3140 1217 ille
3174 1178 3187 1217 :
3242 1159 3369 1219 Non
3395 1177 3475 1234 es,
3508 1162 3606 1221 in-

1898 1250 2046 1324 quit,
2099 1256 2161 1308 tu
2208 1256 2368 1335 pater
2415 1248 2600 1310 meus.
2649 1250 2883 1325 Populis
2925 1255 3122 1310 autem
3150 1252 3510 1326 rogantibus,
3539 1260 3605 1312 ut
3704 1278 3711 1281 ν

1899 1336 2032 1409 quis
2065 1345 2212 1397 esset
2250 1346 2413 1413 pater
2458 1341 2855 1413 interrogaret,
2901 1341 2980 1398 ait
3022 1340 3327 1401 sacerdos:
3362 1342 3493 1401 Non
3518 1349 3603 1401 est

1898 1429 2009 1486 hoc
2056 1445 2275 1487 meum.
2327 1430 2615 1499 Quodjad
2666 1446 2759 1489 me
2810 1430 3110 1505 pertinuit,
3153 1426 3436 1491 sollicitus
3470 1432 3599 1492 fui:
3653 1434 3665 1446 '

1897 1520 2062 1579 vobis
2090 1521 2139 1578 si
2188 1522 2411 1598 aliquid
2445 1523 2713 1596 suppetit,
2746 1538 2848 1596 per
2877 1539 2979 1581 vos
3018 1524 3279 1597 quaerite.
3319 1524 3484 1583 Tunc
3514 1522 3605 1582 illi

1895 1609 2134 1681 magicis
2187 1611 2313 1669 haec
2367 1611 2587 1671 artibus
2638 1613 2783 1671 facta
2820 1616 3231 1683 asseverantes,
3286 1613 3603 1685 insurgunt

1896 1712 2093 1764 contra
2120 1723 2257 1779 eum
2300 1709 2362 1766 in
2416 1724 2533 1767 una
2573 1709 3016 1782 conspiratione.
3046 1709 3117 1766 Et
3144 1708 3434 1767 trahentes
3463 1722 3602 1769 eum

120 1775 372 1851 Cumque
415 1777 514 1837 ille
573 1782 851 1841 confusus
893 1785 1019 1842 haec
1054 1787 1319 1858 audiens,
1359 1788 1578 1849 dixisse
1610 1810 1669 1851 se
1710 1795 1873 1871 de-B
1897 1775 2203 1860 dicebant:
2241 1803 2372 1862 Non
2398 1802 2626 1862 diutius
2674 1775 2843 1861 nobis
2894 1802 3039 1861 falso
3080 1801 3324 1875 pastoris
3361 1800 3601 1860 nomine

114 1875 356 1938 negaret,
401 1871 479 1928 ait
524 1872 617 1930 vir
659 1882 889 1934 sanctus
929 1893 941 1926 :
989 1876 1195 1936 Nonne
1238 1895 1407 1939 aures
1452 1898 1597 1943 mea:
1635 1885 1707 1943 ad
1752 1902 1815 1946 os

120 1964 271 2044 tuum
302 1968 489 2031 erant,
516 1979 653 2021 cum
686 1965 808 2024 haec
828 1967 1062 2026 eminus
1085 1969 1449 2044 loquebaris?
1472 1976 1662 2034 Amen
1686 1978 1813 2036 dico

116 2042 226 2132 tibi,
272 2046 418 2117 quia
460 2049 689 2108 obtinui
717 2053 883 2126 apud.
904 2054 1111 2128 Deum,
1146 2042 1210 2116 ut
1233 2066 1359 2132 post
1392 2077 1591 2121 meum
1623 2071 1808 2125 trans-

114 2129 249 2188 itum
277 2136 351 2192 ad
400 2138 763 2209 pontiﬁcatus
799 2148 897 2205 42
936 2145 1215 2205 honorem
1233 2129 1524 2209 accedas:
1561 2155 1659 2211 sed
1700 2172 1807 2215 no-

116 2221 252 2314 veris
368 2223 431 2281 in
460 2228 790 2303 episcopatu
818 2236 1002 2293 multa
1028 2237 1265 2297 adversa
1294 2258 1622 2315 passurum.
1656 2245 1809 2305 Bric-

112 2312 222 2366 cius
276 2312 407 2369 haec
454 2317 701 2377 audiens
746 2322 1042 2395 irridebat,
1087 2312 1324 2387 dicens“:
1365 2331 1569 2390 Nonne
1600 2351 1806 2394 verum

110 2400 247 2500 dixi,
272 2404 457 2464 istum
488 2408 670 2470 delira
702 2415 876 2473 verba
916 2418 1209 2492 proferre?
1238 2422 1348 2480 Sed
1385 2430 1440 2481 et
1466 2427 1809 2500 presbyterii

112 2492 317 2551 honore
370 2499 667 2572 praeditus,
724 2505 938 2579 saepius
992 2508 1226 2570 beatum
1290 2492 1486 2573 virum
1530 2492 1807 2579 conviciis

112 2581 408 2683 lacessivit.
463 2590 722 2683 Adeptus
776 2612 930 2668 ergo,
1004 2603 1496 2666 consentientibus
1553 2608 1801 2683 civibus,

110 2670 465 2737 pontiﬁcatus
505 2677 783 2753 oﬂicium,
823 2686 1072 2745 orationi
1120 2690 1367 2751 vacabat.
1418 2692 1563 2762 Quia
1619 2670 1799 2771 quan:

111 2773 274 2828 quam
318 2774 469 2823 esset
514 2770 799 2843 superbus
836 2783 890 2833 et
930 2794 1134 2851 vanus,
1181 2788 1373 2841 castus
1404 2790 1593 2845 tamen
1622 2770 1800 2849 liabe-

110 2851 268 2911 batur
304 2871 561 2930 corpore.
608 2861 922 2933 Tricesimo
970 2871 1133 2929 tertio
1176 2874 1203 2910 ἀ
1252 2890 1387 2934 vero
1425 2878 1805 2940 ordinationis

108 2942 225 3042 ejus
250 2962 447 3047 anno,
460 2951 645 3011 oritur
686 2964 884 3016 contra
919 2976 1054 3020 eum
1085 2963 1476 3027 lamentabilis
1496 2986 1667 3029 causa
1700 2988 1803 3047 pro

110 3036 364 3138 crimine.
394 3040 542 3138 l‘lam
576 3046 806 3138 mulier,
842 3051 914 3109 ad
944 3069 1122 3128 quam
1143 3059 1487 3120 cubicularii
1512 3066 1641 3138 ejus
1668 3036 1803 3125 ves-

1897 1890 2308 1951 dominaberis.
2362 1894 2466 1951 Ille
2517 1900 2712 1952 autem
2761 1894 2834 1952 ad
2887 1892 3358 1971 satisfaciendum
3410 1893 3603 1951 adhuc

1894 1980 2126 2053 populo,
2160 1998 2380 2054 prunas
2407 1983 2672 2040 ardentes
2701 1983 2763 2040 in
2791 1984 3028 2057 byrrum
3047 1994 3067 2028 κ
3087 1997 3261 2040 suum
3289 1981 3480 2054 posuit
3505 1996 3519 2036 :
3548 1986 3605 2039 et

1893 2068 1964 2126 ad
1995 2084 2055 2127 se
2084 2070 2397 2144 stringens,
2445 2088 2631 2147 usque
2681 2072 2753 2130 ad
2791 2072 3122 2144 sepulcrum
3171 2071 3325 2161 beati
3367 2069 3601 2128 Martini

1894 2173 2015 2216 una
2046 2175 2178 2217 cum
2207 2160 2557 2234 populorum
2589 2161 2773 2219 turbis
2800 2161 3040 2219 accedit:
3069 2160 3449 2235 projectisque
3467 2164 3602 2217 ante

1892 2249 2222 2321 sepulcrum
2235 2253 2458 2325 prunis,
2470 2252 2880 2310 vestimentum
2893 2252 3018 2324 ejus
3033 2251 3299 2309 inustum
3312 2248 3595 2322 apparuit.

1892 2337 2001 2396 Illo
2028 2354 2258 2413 quoque
2297 2340 2380 2397 sic
2424 2346 2803 2414 prosequente
2835 2364 2848 2398 :
2903 2339 3063 2398 Sicut
3092 2338 3247 2396 istud
3278 2336 3597 2395 vestimen-

1894 2434 2019 2488 tum
2061 2431 2134 2489 ab
2189 2431 2280 2488 bis
2326 2431 2564 2503 ignibus
2607 2430 2815 2489 videtis
2852 2429 3125 2499 illaesum,
3172 2430 3251 2486 ita
3292 2432 3347 2486 et
3388 2443 3596 2501 corpus

1891 2536 2089 2580 meum
2117 2538 2150 2579 a
2188 2527 2337 2579 tactu
2365 2521 2745 2595 mulierisque
2768 2520 2923 2579 coitu
2948 2526 3033 2577 est
3054 2518 3449 2592 impollutum.
3468 2515 3595 2576 Illis

1891 2628 2027 2671 vero
2058 2629 2173 2671 non
2207 2612 2594 2683 credentibus,
2625 2614 2723 2671 sed
2751 2610 3295 2681 contradicentibus,
3327 2608 3595 2680 trahitur,

1888 2702 2297 2772 calumniatur,
2325 2703 2608 2777 ejicitur",
2642 2709 2707 2761 ut
2740 2717 2928 2761 sermo
2953 2702 3134 2760 sancti
3157 2698 3589 2774 adimpleretur:

1888 2790 2128 2851 Noveris
2174 2800 2224 2850 te
2273 2793 2335 2851 in
2376 2796 2703 2868 episcopatu
2762 2794 2947 2851 multa
2992 2794 3231 2851 adversa
3258 2804 3592 2864 passurum.

1886 2880 2009 2940 Hoc
2063 2881 2222 2939 enim
2275 2881 2473 2955 ejecto,
2505 2881 2903 2940 Justinianum
2934 2881 2994 2939 in
3018 2880 3348 2954 episcopatu
3377 2877 3593 2936 consti-

1885 2976 2077 3028 tuunt.
2102 2969 2363 3043 Denique
2382 2970 2642 3029 Briccius
2671 2971 2952 3030 Romanae
2981 2968 3144 3028 urbis
3170 2981 3378 3040 papam
3411 2980 3592 3040 expe-

1886 3061 1994 3131 tiit,
2039 3062 2187 3120 ﬂens
2241 3067 2296 3119 et
2347 3061 2596 3134 ejulans,
2629 3068 2800 3136 atque
2833 3060 3031 3118 dicens
3061 3081 3074 3117 :
3102 3055 3306 3116 Merito
3336 3056 3461 3113 haec
3490 3070 3586 3127 pa—

110 3120 335 3240 ξίξηεξηᾶ
377 3129 596 3240 Elei-erle
646 3136 905 3199 solebant
950 3120 1023 3201 ad
1081 3147 1464 3223 abluendum,
1684 3120 2013 3240 ἐῶ)ρῖὼά
2046 3151 2186 3226 quia
2214 3120 2444 3224 peccavi
2500 3120 2877 3209 in'san‘ctu'm
2921 3149 3060 3240 Deis
3080 3154 3135 3207 et
3158 3160 3293 3240 eum
3338 3120 3590 3202 delirum

106 3219 612 3320 δβθςξεξθίίὲῖρηίε
641 3235 762 3287 erat
795 3237 952 3291 veste
980 3242 1215 3297 mutata
1240 3253 1283 3313 ο,
1315 3219 1576 3318 concepit
1607 3252 1663 3304 et
1695 3219 1856 3320 pe--u
1880 3247 1936 3300 et
1966 3219 2255 3301 amentem
2296 3258 2447 3317 saepe
2478 3244 2679 3301 vocavi
2711 3241 2914 3316 cujus;
2944 3239 3148 3297 videns
3176 3238 3436 3305 virtutes,
3465 3249 3585 3291 non

109 3305 259 3405 perit.
289 3308 416 3381 Qua
457 3314 528 3374 de
556 3332 618 3376 re
643 3323 899 3382 surrexit
934 3328 1125 3386 omnis
1148 3305 1397 3404 populus
1425 3305 1797 3398 Turonorum

110 3409 167 3452 1n
196 3412 362 3474 nam,
396 3410 452 3464 et
481 3411 660 3469 totum
694 3413 914 3475 crimen
948 3434 1121 3494 super
1151 3424 1483 3500 episcopum
1514 3432 1792 3504 referunt,

108 3533 685 3623 nomenﬂigregorio
737 3554 1103 3623 suppressum~
1143 3549 1323 3613 fuerit,
1375 3556 1592 3621 aliaque
1648 3562 1791 3623 ejus-

108 3599 238 3688 modi
288 3599 637 3688 argumenta,
670 3626 781 3666 non
808 3599 966 3671 adeo
1016 3599 1797 3688 suntvalidarutvt‘raditio-

106 3682 224 3763 nent
281 3675 591 3763 ‘bactenusn
624 3683 1011 3763 inconcussam
1073 3675 1796 3763 evellereﬂipossin't.

107 3748 465 3838 necmdgegsint,
522 3754 684 3838 etiam
742 3760 1257 3838 istis_temporibus,
1294 3748 1796 3838 ieiehibiifqiféi‘é

109 3816 337 3908 gregarii
408 3830 649 3908 narratio
693 3833 982 3908 approbari
1020 3816 1597 3908 'possitht'

106 3902 661 3987 {nu‘shpapnaA-repist.
696 3906 758 3987 m4
814 3908 1070 3987 Aurelio,‘
1106 3915 1230 3987 etc.,
1291 3902 1430 3968 Afris
1494 3919 1789 3987 episcopis,

108 3967 315 4055 testatur
371 3972 641 4055 Briccium
695 3975 969 4055 Turonicae
1018 3967 1260 4039 civitatis
1307 3967 1791 4055 episcopus—{Eleo

108 4046 439 4127 accusatum.
473 4045 644 4127 fuisse
712 4063 745 4127 a
813 4052 1027 4127 Lazaro.
1077 4058 1170 4117 Qui
1219 4045 1596 4127 Lazérusfuti
1648 4045 1791 4121 idem

105 4120 244 4195 Papa
279 4117 652 4195 refertAepist.
704 4124 751 4195 6,
807 4125 1088 4181 damnatus
1137 4131 1239 4183 fuit
1293 4134 1347 4185 in
1394 4117 1547 4187 conc.
1603 4117 1790 4191 Tauri:

106 4192 279 4275 nensi,
335 4192 477 4275 quod
541 4194 741 4275 Briccii
774 4199 1090 4275 innocentis
1138 4206 1369 4270 episcopi
1409 4208 1583 4261 vitam
1632 4211 1788 4275 falsis

106 4254 467 4318 cbjectionibus
496 4268 801 4331 appetisset.

116 4331 772 4413 γνιῘ.Ῑ⁴³¹ίΡ,ίῘ¹⁵,.¹θΕθΠ(ῘΡΠΞ
827 4346 977 4413 Ριιίβΐ
1021 4346 1232 4413 futiles.
1282 4348 1483 4413 Regm.,
1532 4352 1706 4405 Germ.
1736 4357 1789 4407 et

105 4388 394 4473 glarlcor
437 4388 773 4473 faciiefS—ed
824 4388 1787 4473 fatisia;"ﬁi‘im’i‘°i‘é‘éiio?°ii6‘a'eiﬁ

102 4455 288 4519 rﬁlippe
335 4455 505 4532 sensu
550 4464 689 4517 hanc
744 4455 1787 4541 ioéém‘V‘Ecaet"iisiﬁrﬁzIF'éie‘é‘b‘iiﬁ‘é

101 4514 181 4563 lib.
215 4532 254 4563 η
288 4521 441 4563 Μιηιρ
492 4526 522 4563 .Q
574 4526 775 4563 Mar-fini
834 4544 930 4563 Mn
986 4546 1004 4563 .
1057 4540 1107 4563 οι
1140 4534 1263 4563 ι)ΙίΒὶ
1294 4538 1488 4563 ,μωρίη-

120 4518 255 4599 tua
285 4521 461 4599 Mirac.
492 4526 541 4577 s.
572 4518 801 4591 Martini,
824 4518 953 4596 eis.
985 4518 1511 4599 i,"'e't"éiibi'§a‘é§imi

156 4589 289 4672 fuste
340 4595 520 4660 Regm.
577 4612 700 4651 cum
747 4589 1139 4670 editis'2;ralii,
1168 4589 1336 4669 solita,
1376 4610 1519 4663 unde
1552 4611 1785 4667 Latinius

99 4660 309 4740 sollicite
338 4674 712 4733 reponendum
741 4662 980 4740 conjicit.

151 4746 167 4765 ε
202 4738 402 4804 Regm.,
435 4757 613 4795 cursu.

151 4810 171 4839 ει
201 4810 355 4883 illan,
389 4816 560 4868 Germ.
599 4822 651 4871 et
680 4819 883 4883 Regm.,
915 4820 1202 4875 Tricesimo
1234 4836 1377 4877 vero.
1704 4850 1713 4855 -

152 4882 331 4963 fliota
396 4891 629 4963 vestium
701 4882 1049 4945 mutationem
1097 4895 1165 4946 ab
1214 4897 1280 4947 iis
1330 4901 1425 4962 qui
1472 4900 1784 4963 religiosam

100 4957 260 5035 vitam,
296 4961 549 5023 agebant,
608 4964 751 5029 quod
803 4969 855 5016 et
905 4965 1223 5029 frequenter
1257 4957 1402 5029 apud
1436 4957 1656 5035 Gregor.
1688 4988 1785 5028 oc-

98 5032 301 5093 curret;
381 5035 477 5086 sed
543 5037 714 5089 semel
782 5040 1072 5091 annotasse
1137 5040 1382 5095 sufﬁciat.
1436 5032 1565 5098 Vide
1627 5047 1782 5101 Conc.

101 5104 278 5156 Arelat.
320 5105 377 5165 ll,
412 5120 534 5159 can.
566 5109 647 5158 25.

149 5175 163 5209 ι
202 5175 404 5255 ltegm.,
455 5180 577 5232 Non
626 5181 766 5255 Deus
810 5182 960 5236 sinat
1011 5197 1109 5237 nos
1138 5198 1334 5238 manus
1369 5190 1490 5239 tuas
1524 5190 1782 5255 indignas

96 5250 366 5300 osculando
415 5255 591 5314 pottui
646 5253 871 5308 diutius.
923 5256 1081 5309 Vetus
1121 5262 1207 5310 est
1236 5262 1288 5311 et
1316 5260 1476 5324 plane
1505 5250 1665 5316 laude
1697 5267 1784 5318 dl-

96 5334 185 5383 gna
231 5328 569 5377 consuetudo
625 5332 819 5379 manus
866 5327 1255 5393 EpiscOporum
1298 5335 1596 5394 osculandi,
1636 5339 1784 5401 quod

96 5409 177 5471 per
242 5412 430 5452 earum
508 5400 906 5463 imposttionem
967 5406 1211 5457 tradatur
1263 5407 1490 5471 Spiritus
1543 5400 1781 5468 sanctus.

98 5466 221 5548 lianc
273 5472 464 5526 videre
518 5478 602 5527 est
655 5478 709 5528 in
741 5477 853 5529 Vita
885 5479 934 5529 S.
966 5480 1229 5533 Ambrosii
1259 5466 1358 5544 per
1393 5483 1687 5548 Paulinum,
1727 5466 1782 5539 in

98 5542 186 5626 i’ita
239 5550 289 5626 S_.
345 5548 611 5626 lfulgentii
658 5563 759 5621 per
810 5554 1154 5618 Ferrandum,
1214 5542 1316 5609 etc.
1346 5558 1400 5610 Id
1431 5560 1590 5612 etiam
1620 5542 1781 5626 reges

95 5617 266 5697 honori
335 5617 668 5697 ducebantf
704 5626 762 5675 ut
809 5630 1037 5679 testatur
1093 5628 1402 5693 Gerbertns,
1456 5642 1553 5683 seu
1607 5617 1782 5697 quivis

95 5690 210 5743 alius
254 5694 513 5765 antiquus
563 5699 751 5749 auctor
797 5699 896 5751 sub
952 5702 1125 5753 sancti
1168 5690 1426 5755 Ambrosii
1455 5690 1690 5765 nomine,
1723 5707 1781 5761 in

94 5765 211 5820 libro
282 5764 347 5819 de
379 5766 663 5833 Dignitate
691 5771 1048 5838 sacerdotum,
1080 5783 1198 5838 cap.
1229 5773 1277 5830 2.
1310 5771 1444 5831 Cum
1474 5775 1657 5832 videas
1678 5764 1780 5832 Vre-

1880 3331 2120 3390 credidi.
2151 3330 2284 3391 Post
2311 3331 2480 3405 cujus
2510 3332 2862 3402 abscessum,
2895 3328 3064 3388 aiunt
3090 3324 3370 3386 Turonici
3398 3339 3586 3382 sacer-

1878 3423 1996 3483 doti
2047 3439 2153 3484 suo
2205 3440 2218 3475 =
2278 3422 2433 3483 Vade
2492 3429 2619 3498 post
2656 3420 2807 3484 eum
2834 3423 2872 3495 ί,
2930 3426 2985 3480 et
3031 3434 3238 3479 exerce
3284 3416 3586 3491 negotium

1875 3563 2006 3619 gum
2057 3551 2192 3619 coita
2231 3555 2291 3619 et
2335 3551 2669 3619 principum
2699 3549 2954 3619 submitti
2979 3546 3198 3619 genibus
3224 3544 3583 3602 sacerdotum,

1878 3611 1927 3666 Et
1972 3616 2277 3665 eaascutata
2330 3611 2526 3665 eorum
2547 3612 2771 3667 dextera
2806 3611 3140 3665 orationibus
3172 3620 3360 3661 eorum
3386 3621 3439 3659 se
3469 3618 3581 3658 cre-

1879 3677 2014 3729 dant
2045 3677 2390 3737 communiri,
2429 3682 2532 3729 etc.

1940 3760 1965 3824 s
2017 3750 2184 3824 Byrri
2227 3751 2463 3824 nomine
2497 3749 2676 3824 vestis
2716 3749 3035 3824 designatur
3084 3747 3141 3824 in
3188 3744 3330 3824 Actis
3378 3743 3427 3793 S-
3478 3740 3575 3824 ςγ-

1875 3822 2068 3886 priani,
2123 3822 2192 3875 ad
2244 3835 2363 3887 quae
2412 3821 2571 3886 plura
2628 3821 3040 3875 observavimus
3091 3820 3148 3870 in
3197 3818 3336 3867 Actis
3376 3818 3578 3877 martyo

1877 3886 2291 3969 rumisinceris,
2345 3909 2399 3959 p.
2454 3895 2569 3969 218ἒ
2619 3895 2710 3946 His
2753 3894 2909 3969 adde
2940 3895 3121 3946 locum
3160 3901 3227 3969 ex
3258 3886 3422 3969 limit
3456 3886 3577 3969 Vitae

1874 3965 1924 4018 S.
1997 3967 2194 4019 Odouis
2265 3968 2393 4020 Saec.
2448 3980 2482 4019 v
2546 3968 2766 4025 Bened.,
2820 3966 2914 4019 ubi
2964 3977 3115 4017 num.
3167 3962 3195 4011 5
3247 3959 3441 4011 dicitur
3487 3958 3578 4011 ille

1875 4044 2097 4092 sanctus
2143 4052 2243 4104 per
2294 4040 2450 4100 birri,
2504 4052 2610 4105 quo
2664 4052 2816 4095 more
2867 4051 3049 4105 cappaa
3098 4032 3402 4097 tegebatur,
3451 4032 3575 4084 tim-

1873 4114 2045 4181 briam
2073 4116 2464 4181 apprehensus,

1936 4177 1958 4206 ³³
1999 4177 2193 4242 Germ},
2228 4179 2589 4232 calumniatus
2624 4179 2867 4243 ejicitur.

1934 4250 2106 4302 iCod.
2179 4236 2511 4304 Turonensis
2587 4236 2730 4314 apud
2812 4248 3089 4303 Moralium
3170 4242 3371 4302 habet,
3436 4236 3575 4289 Vade

1872 4327 1985 4389 post
2030 4337 2171 4384 eum,
2220 4327 2271 4375 et
2311 4337 2466 4375 exere
2512 4323 2788 4386 negotium
2827 4326 3010 4381 tuum;
3043 4319 3173 4384 quia
3194 4318 3383 4396 sicam
3407 4324 3577 4396 perse-

1872 4387 2025 4469 cutus
2059 4411 2170 4451 non
2205 4398 2394 4465 lueris,
2433 4413 2467 4450 a
2499 4402 2683 4450 nostra
2716 4398 2963 4450 omnium
2988 4395 3299 4469 contemptu
3324 4387 3576 4469 humilia-

1873 4468 2029 4523 beris.
2079 4460 2212 4524 Hinc
2279 4460 2443 4537 porro
2500 4470 2760 4534 colligere
2813 4472 2940 4523 licet
2992 4468 3096 4521 hoc
3150 4466 3217 4517 de
3266 4464 3336 4537 S._
3366 4460 3571 4537 Briccio

1796 4546 2030 4611 Dcaput
2080 4545 2136 4595 in
2188 4530 2297 4596 ms:
2348 4530 2657 4595 Turonensi
2702 4543 2995 4594 exstitisse.
3048 4539 3100 4589 Si
3132 4535 3415 4611 veroejus
3450 4530 3572 4611 ills-

1871 4602 2009 4666 toria
2065 4617 2335 4680 exemplis
2387 4614 2676 4679 approbari
2727 4617 2797 4666 sit
2843 4623 3088 4669 necesse,
3119 4608 3283 4690 Aquod
3320 4615 3419 4690 suo
3450 4602 3573 4654 loco

1867 4689 2050 4742 facere
2097 4704 2206 4742 non
2260 4691 2428 4751 licuit,
2480 4691 2679 4754 quippe
2737 4701 2860 4741 cum
2897 4691 3010 4752 jam
3042 4688 3179 4738 nota:
3209 4684 3434 4734 nimium
3463 4691 3568 4754 ex-

1870 4765 2189 4825 crcvissent,
2262 4752 2590 4829 proferimus
2658 4763 2833 4828 primo
2887 4762 3112 4813 Victoris
3162 4757 3204 4809 ll
3260 4756 3412 4823 pont.
3467 4752 3571 4829 Ro-

1868 4837 2011 4910 mani
2086 4827 2578 4910 exemplnmsex
2655 4827 2853 4910 Papirii
2906 4833 3132 4885 Massont
3188 4829 3327 4910 libro
3385 4840 3446 4910 iv
3502 4827 3572 4910 de

1867 4908 1993 4961 Vitis
2028 4899 2365 4983 pontiﬁcum,
2418 4908 2512 4983 ubi
2544 4899 2748 4983 narrat
2791 4900 3450 4983 _Victorem_,hqui_lleoni
3498 4899 3568 4950 lx

1867 4992 1965 5033 suo
2012 4982 2286 5034 decessori
2342 4982 2622 5033 molestias
2674 4980 2944 5041 intulerat,
2995 4978 3213 5033 solitum
3233 4975 3412 5052 fuisse
3434 4983 3569 5052 ~cum

1868 5054 1918 5106 ei
1968 5053 2173 5116 aliquid
2227 5054 2446 5107 adversi
2496 5053 2838 5116 contingeret
2870 5053 3071 5111 dicere,
3102 5048 3241 5115 quod
3268 5045 3396 5111 fecit
3425 5045 3564 5094 Sau-

1867 5126 1947 5177 lus
1996 5125 2092 5177 hoc
2132 5129 2347 5189 patitur
2408 5126 2624 5177 Paulus.
2664 5124 2919 5177 lnlantuli
2952 5136 3104 5183 vero,
3141 5122 3231 5187 qui
3265 5120 3332 5171 ad
3360 5116 3565 5189 calum:

1864 5198 1984 5249 nias
2054 5186 2146 5248 abi
2196 5197 2576 5273 innocentibus
2614 5186 3181 5273 avertendasdivino
3226 5194 3359 5273 nutu
3403 5186 3591 5273 locutlx

1866 5270 2008 5329 sunt,
2072 5268 2275 5331 passim
2328 5272 2624 5321 occurrunt
2678 5270 2735 5321 in
2786 5266 3018 5321 Historia
3062 5262 3448 5325 ecclesiastica,
3498 5273 3568 5313 ex

1865 5352 2095 5403 quorum
2166 5353 2395 5393 numero
2449 5355 2616 5394 unum
2665 5346 2755 5395 aut
2805 5342 3034 5395 alterum
3083 5336 3392 5403 exemplum
3435 5347 3569 5399 pro-

1862 5410 2009 5463 ferre
2062 5412 2308 5465 sufficiat.
2362 5415 2412 5464 S.
2459 5414 2634 5466 Broon
2681 5415 2987 5478 episcopus,
3025 5411 3167 5464 beati
3216 5410 3567 5462 Patriclidis-

1867 5482 2098 5547 cipulus,
2166 5498 2193 5535 a
2269 5485 2432 5537 simili
2505 5485 2776 5539 calumnia
2845 5485 3146 5536 vindicatus
3194 5486 3294 5545 est,
3343 5482 3568 5548 jubente
3636 5528 3649 5539 .

1866 5559 2079 5623 Brigida
2128 5558 2389 5613 infautula
2452 5564 2511 5614 ut
2559 5565 2768 5626 patrem
2818 5571 2977 5614 suum
3023 5560 3344 5621 declararet,
3374 5560 3428 5611 in
3456 5561 3568 5615 Vita

1865 5632 1913 5683 Β.
1982 5632 2208 5698 Brigidan
2279 5635 2424 5698 apud
2492 5636 2704 5688 Surium
2757 5636 2809 5686 et
2864 5632 3194 5693 Bollandum,
3253 5634 3342 5686 die
3398 5632 3416 5682 1
3467 5633 3565 5687 Fe-

1862 5705 2089 5760 bruarii.
2166 5705 2215 5756 S.
2296 5708 2516 5771 Sergius
2585 5720 2724 5773 papa
2773 5708 3043 5763 Romanus
3090 5708 3253 5762 simili
3304 5707 3563 5761 miraculo

1864 5780 2132 5838 inponens
2201 5779 2507 5838 declaratus
2573 5781 2692 5846 fuit,
2753 5784 2951 5848 agente
3001 5786 3189 5841 sancto
3233 5779 3559 5847 Adhelelmo,
