  <div class='ocr_page' id='page_1' title='image "/cluster/home/n/w/nwhite01/storage/ocr_20150623/71/hvd.32044054758750/101.png"; bbox 0 0 4006 6182; ppageno 0'>
   <div class='ocr_carea' id='block_1_1' title="bbox 386 300 491 361">
    <p class='ocr_par' dir='ltr' id='par_1_1' title="bbox 386 300 491 361">
     <span class='ocr_line' id='line_1_1' title="bbox 386 300 491 361; baseline -0.019 0"><span class='ocrx_word' id='word_1_1' title='bbox 386 300 491 361; x_wconf 60' lang='grc'><strong>»191</strong></span> 
     </span>
    </p>
   </div>
   <div class='ocr_carea' id='block_1_2' title="bbox 1472 297 2817 365">
    <p class='ocr_par' dir='ltr' id='par_1_2' title="bbox 1472 297 2817 365">
     <span class='ocr_line' id='line_1_2' title="bbox 1472 297 2817 365; baseline -0.005 0"><span class='ocrx_word' id='word_1_2' title='bbox 1472 304 1533 365; x_wconf 92' lang='lat' dir='ltr'>S.</span> <span class='ocrx_word' id='word_1_3' title='bbox 1577 300 1933 362; x_wconf 81' lang='lat' dir='ltr'>GBEGOBII</span> <span class='ocrx_word' id='word_1_4' title='bbox 1973 300 2307 362; x_wconf 87' lang='lat' dir='ltr'>EPISCOPI</span> <span class='ocrx_word' id='word_1_5' title='bbox 2345 297 2817 359; x_wconf 79' lang='lat' dir='ltr'>TURONENSIS</span> 
     </span>
    </p>
   </div>
   <div class='ocr_carea' id='block_1_3' title="bbox 3782 302 3887 362">
    <p class='ocr_par' dir='ltr' id='par_1_3' title="bbox 3782 302 3887 362">
     <span class='ocr_line' id='line_1_3' title="bbox 3782 302 3887 362; baseline 0 -2"><span class='ocrx_word' id='word_1_6' title='bbox 3782 302 3887 362; x_wconf 79' lang='lat'>192</span> 
     </span>
    </p>
   </div>
   <div class='ocr_carea' id='block_1_4' title="bbox 394 421 3883 504">
    <p class='ocr_par' dir='ltr' id='par_1_4' title="bbox 394 421 3883 504">
     <span class='ocr_line' id='line_1_4' title="bbox 394 421 3883 504; baseline -0.001 -18"><span class='ocrx_word' id='word_1_7' title='bbox 394 429 731 503; x_wconf 90' lang='lat' dir='ltr'>tuum,quia</span> <span class='ocrx_word' id='word_1_8' title='bbox 755 430 804 489; x_wconf 90' lang='lat' dir='ltr'>si</span> <span class='ocrx_word' id='word_1_9' title='bbox 832 446 964 489; x_wconf 91' lang='lat' dir='ltr'>eum</span> <span class='ocrx_word' id='word_1_10' title='bbox 997 434 1330 503; x_wconf 78' lang='lat' dir='ltr'>prosecutus</span> <span class='ocrx_word' id='word_1_11' title='bbox 1365 448 1479 491; x_wconf 92' lang='lat' dir='ltr'>non</span> <span class='ocrx_word' id='word_1_12' title='bbox 1512 421 1796 503; x_wconf 85' lang='lat' dir='ltr'>fueris,ad</span> <span class='ocrx_word' id='word_1_13' title='bbox 1826 434 2151 492; x_wconf 85' lang='lat' dir='ltr'>nostrumA</span> <span class='ocrx_word' id='word_1_14' title='bbox 2172 430 2490 504; x_wconf 78' lang='lat' dir='ltr'>spepondit,</span> <span class='ocrx_word' id='word_1_15' title='bbox 2541 435 2605 488; x_wconf 92' lang='lat' dir='ltr'>ut</span> <span class='ocrx_word' id='word_1_16' title='bbox 2636 429 2872 500; x_wconf 85' lang='lat' dir='ltr'>scilicet,</span> <span class='ocrx_word' id='word_1_17' title='bbox 2905 426 3236 502; x_wconf 84' lang='lat' dir='ltr'>praparatis</span> <span class='ocrx_word' id='word_1_18' title='bbox 3264 424 3492 485; x_wconf 87' lang='lat' dir='ltr'>itineris</span> <span class='ocrx_word' id='word_1_19' title='bbox 3520 426 3883 497; x_wconf 82' lang='lat' dir='ltr'>necessariis,</span> 
     </span>
    </p>
   </div>
   <div class='ocr_carea' id='block_1_5' title="bbox 391 520 2097 599">
    <p class='ocr_par' dir='ltr' id='par_1_5' title="bbox 391 520 2097 599">
     <span class='ocr_line' id='line_1_5' title="bbox 391 520 2097 599; baseline 0.002 -23"><span class='ocrx_word' id='word_1_20' title='bbox 391 520 662 578; x_wconf 92' lang='lat' dir='ltr'>omnium</span> <span class='ocrx_word' id='word_1_21' title='bbox 687 527 1081 599; x_wconf 89' lang='lat' dir='ltr'>contemptum</span> <span class='ocrx_word' id='word_1_22' title='bbox 1117 523 1542 581; x_wconf 87' lang='lat' dir='ltr'>humiliaberis.</span> <span class='ocrx_word' id='word_1_23' title='bbox 1570 523 1939 581; x_wconf 85' lang='lat' dir='ltr'>Justiniauus</span> <span class='ocrx_word' id='word_1_24' title='bbox 1962 538 2097 579; x_wconf 87' lang='lat' dir='ltr'>vero</span> 
     </span>
    </p>
   </div>
   <div class='ocr_carea' id='block_1_6' title="bbox 393 609 2099 683">
    <p class='ocr_par' dir='ltr' id='par_1_6' title="bbox 393 609 2099 683">
     <span class='ocr_line' id='line_1_6' title="bbox 393 609 2099 683; baseline 0 -17"><span class='ocrx_word' id='word_1_25' title='bbox 393 624 661 681; x_wconf 87' lang='lat' dir='ltr'>egressus</span> <span class='ocrx_word' id='word_1_26' title='bbox 715 625 746 665; x_wconf 90' lang='lat' dir='ltr'>a</span> <span class='ocrx_word' id='word_1_27' title='bbox 799 609 1069 680; x_wconf 90' lang='lat' dir='ltr'>Turonis,</span> <span class='ocrx_word' id='word_1_28' title='bbox 1113 611 1396 670; x_wconf 90' lang='lat' dir='ltr'>Vercellas</span> <span class='ocrx_word' id='word_1_29' title='bbox 1450 610 1631 669; x_wconf 79' lang='lat' dir='ltr'>Italia</span> <span class='ocrx_word' id='word_1_30' title='bbox 1676 611 1966 669; x_wconf 86' lang='lat' dir='ltr'>civitatem</span> <span class='ocrx_word' id='word_1_31' title='bbox 1997 627 2099 683; x_wconf 82' lang='lat' dir='ltr'>ag-</span> 
     </span>
    </p>
   </div>
   <div class='ocr_carea' id='block_1_7' title="bbox 391 700 2096 777">
    <p class='ocr_par' dir='ltr' id='par_1_7' title="bbox 391 700 2096 777">
     <span class='ocr_line' id='line_1_7' title="bbox 391 700 2096 777; baseline 0.001 -22"><span class='ocrx_word' id='word_1_32' title='bbox 391 714 645 771; x_wconf 80' lang='lat' dir='ltr'>gressus,</span> <span class='ocrx_word' id='word_1_33' title='bbox 669 700 890 773; x_wconf 87' lang='lat' dir='ltr'>judicio</span> <span class='ocrx_word' id='word_1_34' title='bbox 920 701 1019 759; x_wconf 86' lang='lat' dir='ltr'>Dei</span> <span class='ocrx_word' id='word_1_35' title='bbox 1060 718 1380 777; x_wconf 88' lang='lat' dir='ltr'>percussus,</span> <span class='ocrx_word' id='word_1_36' title='bbox 1416 703 1555 761; x_wconf 92' lang='lat' dir='ltr'>obiit</span> <span class='ocrx_word' id='word_1_37' title='bbox 1585 703 1941 776; x_wconf 84' lang='lat' dir='ltr'>peregrinus.</span> <span class='ocrx_word' id='word_1_38' title='bbox 1976 700 2096 758; x_wconf 92' lang='lat' dir='ltr'>Tu-</span> 
     </span>
    </p>
   </div>
   <div class='ocr_carea' id='block_1_8' title="bbox 390 790 2099 866">
    <p class='ocr_par' dir='ltr' id='par_1_8' title="bbox 390 790 2099 866">
     <span class='ocr_line' id='line_1_8' title="bbox 390 790 2099 866; baseline 0.003 -22"><span class='ocrx_word' id='word_1_39' title='bbox 390 790 574 847; x_wconf 88' lang='lat' dir='ltr'>ronici</span> <span class='ocrx_word' id='word_1_40' title='bbox 604 791 732 864; x_wconf 90' lang='lat' dir='ltr'>ejus</span> <span class='ocrx_word' id='word_1_41' title='bbox 757 791 982 849; x_wconf 89' lang='lat' dir='ltr'>obitum</span> <span class='ocrx_word' id='word_1_42' title='bbox 1013 793 1315 853; x_wconf 84' lang='lat' dir='ltr'>audientes</span> <span class='ocrx_word' id='word_1_43' title='bbox 1363 801 1418 852; x_wconf 92' lang='lat' dir='ltr'>et</span> <span class='ocrx_word' id='word_1_44' title='bbox 1470 795 1526 852; x_wconf 91' lang='lat' dir='ltr'>in</span> <span class='ocrx_word' id='word_1_45' title='bbox 1580 810 1684 852; x_wconf 82' lang='lat' dir='ltr'>sua.</span> <span class='ocrx_word' id='word_1_46' title='bbox 1719 792 1942 850; x_wconf 86' lang='lat' dir='ltr'>malitia</span> <span class='ocrx_word' id='word_1_47' title='bbox 1966 808 2099 866; x_wconf 90' lang='lat' dir='ltr'>per-</span> 
     </span>
    </p>
   </div>
   <div class='ocr_carea' id='block_1_9' title="bbox 394 879 2101 959">
    <p class='ocr_par' dir='ltr' id='par_1_9' title="bbox 394 879 2101 959">
     <span class='ocr_line' id='line_1_9' title="bbox 394 879 2101 959; baseline 0.004 -24"><span class='ocrx_word' id='word_1_48' title='bbox 394 879 690 952; x_wconf 90' lang='lat' dir='ltr'>durantes,</span> <span class='ocrx_word' id='word_1_49' title='bbox 746 884 1116 942; x_wconf 85' lang='lat' dir='ltr'>Armentium</span> <span class='ocrx_word' id='word_1_50' title='bbox 1176 885 1237 943; x_wconf 93' lang='lat' dir='ltr'>in</span> <span class='ocrx_word' id='word_1_51' title='bbox 1292 886 1418 959; x_wconf 90' lang='lat' dir='ltr'>ejus</span> <span class='ocrx_word' id='word_1_52' title='bbox 1456 887 1580 944; x_wconf 92' lang='lat' dir='ltr'>loco</span> <span class='ocrx_word' id='word_1_53' title='bbox 1611 886 1989 943; x_wconf 89' lang='lat' dir='ltr'>constituunt.</span> <span class='ocrx_word' id='word_1_54' title='bbox 2026 887 2101 941; x_wconf 85' lang='lat' dir='ltr'>At</span> 
     </span>
    </p>
   </div>
   <div class='ocr_carea' id='block_1_10' title="bbox 391 966 2102 1046">
    <p class='ocr_par' dir='ltr' id='par_1_10' title="bbox 391 966 2102 1046">
     <span class='ocr_line' id='line_1_10' title="bbox 391 966 2102 1046; baseline 0.004 -24"><span class='ocrx_word' id='word_1_55' title='bbox 391 966 650 1027; x_wconf 89' lang='lat' dir='ltr'>Briccius</span> <span class='ocrx_word' id='word_1_56' title='bbox 677 971 979 1044; x_wconf 88' lang='lat' dir='ltr'>episcopus</span> <span class='ocrx_word' id='word_1_57' title='bbox 1010 973 1252 1031; x_wconf 80' lang='lat' dir='ltr'>Romam</span> <span class='ocrx_word' id='word_1_58' title='bbox 1286 975 1549 1045; x_wconf 90' lang='lat' dir='ltr'>veniens,</span> <span class='ocrx_word' id='word_1_59' title='bbox 1579 981 1784 1032; x_wconf 88' lang='lat' dir='ltr'>cuneta</span> <span class='ocrx_word' id='word_1_60' title='bbox 1821 988 1952 1046; x_wconf 87' lang='lat' dir='ltr'>qua</span> <span class='ocrx_word' id='word_1_61' title='bbox 1981 988 2102 1046; x_wconf 89' lang='lat' dir='ltr'>per-</span> 
     </span>
    </p>
   </div>
   <div class='ocr_carea' id='block_1_11' title="bbox 392 1056 2105 1137">
    <p class='ocr_par' dir='ltr' id='par_1_11' title="bbox 392 1056 2105 1137">
     <span class='ocr_line' id='line_1_11' title="bbox 392 1056 2105 1137; baseline 0.004 -26"><span class='ocrx_word' id='word_1_62' title='bbox 392 1056 604 1114; x_wconf 84' lang='lat' dir='ltr'>tulerat</span> <span class='ocrx_word' id='word_1_63' title='bbox 632 1074 793 1132; x_wconf 89' lang='lat' dir='ltr'>papa</span> <span class='ocrx_word' id='word_1_64' title='bbox 821 1061 1013 1119; x_wconf 84' lang='lat' dir='ltr'>refert.</span> <span class='ocrx_word' id='word_1_65' title='bbox 1058 1061 1169 1130; x_wconf 89' lang='lat' dir='ltr'>Qui</span> <span class='ocrx_word' id='word_1_66' title='bbox 1219 1062 1291 1119; x_wconf 88' lang='lat' dir='ltr'>ad</span> <span class='ocrx_word' id='word_1_67' title='bbox 1328 1064 1520 1122; x_wconf 87' lang='lat' dir='ltr'>sedem</span> <span class='ocrx_word' id='word_1_68' title='bbox 1563 1063 1932 1137; x_wconf 79' lang='lat' dir='ltr'>apostolicam</span> <span class='ocrx_word' id='word_1_69' title='bbox 1963 1062 2105 1118; x_wconf 82' lang='lat' dir='ltr'>resi-</span> 
     </span>
    </p>
   </div>
   <div class='ocr_carea' id='block_1_12' title="bbox 390 1145 2102 1222">
    <p class='ocr_par' dir='ltr' id='par_1_12' title="bbox 390 1145 2102 1222">
     <span class='ocr_line' id='line_1_12' title="bbox 390 1145 2102 1222; baseline 0.002 -20"><span class='ocrx_word' id='word_1_70' title='bbox 390 1145 552 1214; x_wconf 87' lang='lat' dir='ltr'>dens,</span> <span class='ocrx_word' id='word_1_71' title='bbox 585 1147 927 1222; x_wconf 89' lang='lat' dir='ltr'>plerumque</span> <span class='ocrx_word' id='word_1_72' title='bbox 960 1149 1270 1208; x_wconf 86' lang='lat' dir='ltr'>Missarum</span> <span class='ocrx_word' id='word_1_73' title='bbox 1301 1152 1584 1210; x_wconf 88' lang='lat' dir='ltr'>solemnia</span> <span class='ocrx_word' id='word_1_74' title='bbox 1607 1151 1923 1222; x_wconf 88' lang='lat' dir='ltr'>celebrans,</span> <span class='ocrx_word' id='word_1_75' title='bbox 1955 1150 2102 1207; x_wconf 91' lang='lat' dir='ltr'>inibi</span> 
     </span>
    </p>
   </div>
   <div class='ocr_carea' id='block_1_13' title="bbox 398 1228 2103 1316">
    <p class='ocr_par' dir='ltr' id='par_1_13' title="bbox 398 1228 2103 1316">
     <span class='ocr_line' id='line_1_13' title="bbox 398 1228 2103 1316; baseline 0.004 -26"><span class='ocrx_word' id='word_1_76' title='bbox 398 1235 683 1307; x_wconf 87' lang='lat' dir='ltr'>quidquid</span> <span class='ocrx_word' id='word_1_77' title='bbox 729 1236 791 1294; x_wconf 92' lang='lat' dir='ltr'>in</span> <span class='ocrx_word' id='word_1_78' title='bbox 839 1246 1104 1297; x_wconf 89' lang='lat' dir='ltr'>sanctum</span> <span class='ocrx_word' id='word_1_79' title='bbox 1152 1239 1267 1297; x_wconf 88' lang='lat' dir='ltr'>Dei-</span> <span class='ocrx_word' id='word_1_80' title='bbox 1314 1228 1673 1316; x_wconf 46' lang='lat' dir='ltr'>deliquerat“</span> <span class='ocrx_word' id='word_1_81' title='bbox 1702 1240 1801 1295; x_wconf 84' lang='lat'><strong>44</strong></span> <span class='ocrx_word' id='word_1_82' title='bbox 1839 1240 2103 1298; x_wconf 88' lang='lat' dir='ltr'>deﬂendo</span> 
     </span>
    </p>
   </div>
   <div class='ocr_carea' id='block_1_14' title="bbox 400 1321 2103 1401">
    <p class='ocr_par' dir='ltr' id='par_1_14' title="bbox 400 1321 2103 1401">
     <span class='ocr_line' id='line_1_14' title="bbox 400 1321 2103 1401; baseline 0.004 -23"><span class='ocrx_word' id='word_1_83' title='bbox 400 1321 591 1379; x_wconf 92' lang='lat' dir='ltr'>diluit.</span> <span class='ocrx_word' id='word_1_84' title='bbox 634 1322 889 1397; x_wconf 89' lang='lat' dir='ltr'>Septimo</span> <span class='ocrx_word' id='word_1_85' title='bbox 927 1326 1105 1399; x_wconf 80' lang='lat' dir='ltr'>igitur</span> <span class='ocrx_word' id='word_1_86' title='bbox 1137 1345 1432 1401; x_wconf 81' lang='lat' dir='ltr'>regressus</span> <span class='ocrx_word' id='word_1_87' title='bbox 1475 1346 1629 1387; x_wconf 90' lang='lat' dir='ltr'>anno</span> <span class='ocrx_word' id='word_1_88' title='bbox 1660 1347 1692 1387; x_wconf 93' lang='lat' dir='ltr'>a</span> <span class='ocrx_word' id='word_1_89' title='bbox 1720 1331 1924 1397; x_wconf 82' lang='lat' dir='ltr'>Roma,</span> <span class='ocrx_word' id='word_1_90' title='bbox 1967 1343 2103 1385; x_wconf 90' lang='lat' dir='ltr'>cum</span> 
     </span>
    </p>
   </div>
   <div class='ocr_carea' id='block_1_15' title="bbox 400 1412 2103 1492">
    <p class='ocr_par' dir='ltr' id='par_1_15' title="bbox 400 1412 2103 1492">
     <span class='ocr_line' id='line_1_15' title="bbox 400 1412 2103 1492; baseline 0.005 -24"><span class='ocrx_word' id='word_1_91' title='bbox 400 1412 733 1470; x_wconf 83' lang='lat' dir='ltr'>auctoritate</span> <span class='ocrx_word' id='word_1_92' title='bbox 762 1430 924 1489; x_wconf 79' lang='lat' dir='ltr'>papa</span> <span class='ocrx_word' id='word_1_93' title='bbox 960 1416 1141 1487; x_wconf 89' lang='lat' dir='ltr'>illius,</span> <span class='ocrx_word' id='word_1_94' title='bbox 1194 1419 1458 1477; x_wconf 90' lang='lat' dir='ltr'>Turonos</span> <span class='ocrx_word' id='word_1_95' title='bbox 1506 1420 1691 1477; x_wconf 91' lang='lat' dir='ltr'>redire</span> <span class='ocrx_word' id='word_1_96' title='bbox 1721 1419 1976 1492; x_wconf 89' lang='lat' dir='ltr'>disponit</span> <span class='ocrx_word' id='word_1_97' title='bbox 2007 1435 2018 1469; x_wconf 91' lang='lat'>:</span> <span class='ocrx_word' id='word_1_98' title='bbox 2049 1426 2103 1476; x_wconf 89' lang='lat' dir='ltr'>et</span> 
     </span>
    </p>
   </div>
   <div class='ocr_carea' id='block_1_16' title="bbox 404 1509 2099 1587">
    <p class='ocr_par' dir='ltr' id='par_1_16' title="bbox 404 1509 2099 1587">
     <span class='ocr_line' id='line_1_16' title="bbox 404 1509 2099 1587; baseline 0.004 -23"><span class='ocrx_word' id='word_1_99' title='bbox 404 1509 648 1565; x_wconf 91' lang='lat' dir='ltr'>veniens</span> <span class='ocrx_word' id='word_1_100' title='bbox 699 1510 770 1566; x_wconf 91' lang='lat' dir='ltr'>ad</span> <span class='ocrx_word' id='word_1_101' title='bbox 802 1512 1011 1586; x_wconf 17' lang='lat' dir='ltr'>vicum,</span> <span class='ocrx_word' id='word_1_102' title='bbox 1048 1514 1219 1587; x_wconf 87' lang='lat' dir='ltr'>cujus</span> <span class='ocrx_word' id='word_1_103' title='bbox 1273 1531 1484 1572; x_wconf 87' lang='lat' dir='ltr'>nomen</span> <span class='ocrx_word' id='word_1_104' title='bbox 1531 1521 1616 1574; x_wconf 89' lang='lat' dir='ltr'>est</span> <span class='ocrx_word' id='word_1_105' title='bbox 1666 1516 2023 1573; x_wconf 87' lang='lat' dir='ltr'>Laudiaeum</span> <span class='ocrx_word' id='word_1_106' title='bbox 2056 1527 2099 1584; x_wconf 73' lang='grc' dir='ltr'>ει,</span> 
     </span>
    </p>
   </div>
   <div class='ocr_carea' id='block_1_17' title="bbox 405 1598 2102 1678">
    <p class='ocr_par' dir='ltr' id='par_1_17' title="bbox 405 1598 2102 1678">
     <span class='ocr_line' id='line_1_17' title="bbox 405 1598 2102 1678; baseline 0.004 -24"><span class='ocrx_word' id='word_1_107' title='bbox 405 1605 568 1655; x_wconf 86' lang='lat' dir='ltr'>sexto</span> <span class='ocrx_word' id='word_1_108' title='bbox 598 1598 670 1655; x_wconf 90' lang='lat' dir='ltr'>ab</span> <span class='ocrx_word' id='word_1_109' title='bbox 697 1599 841 1656; x_wconf 85' lang='lat' dir='ltr'>urbe</span> <span class='ocrx_word' id='word_1_110' title='bbox 867 1600 1160 1672; x_wconf 90' lang='lat' dir='ltr'>milliario,</span> <span class='ocrx_word' id='word_1_111' title='bbox 1196 1605 1557 1663; x_wconf 88' lang='lat' dir='ltr'>mansionem</span> <span class='ocrx_word' id='word_1_112' title='bbox 1586 1606 1821 1678; x_wconf 89' lang='lat' dir='ltr'>accepit.</span> <span class='ocrx_word' id='word_1_113' title='bbox 1851 1607 2102 1661; x_wconf 86' lang='lat' dir='ltr'>Armen-</span> 
     </span>
    </p>
   </div>
   <div class='ocr_carea' id='block_1_18' title="bbox 2180 518 3929 591">
    <p class='ocr_par' dir='ltr' id='par_1_18' title="bbox 2180 518 3929 591">
     <span class='ocr_line' id='line_1_18' title="bbox 2180 518 3929 591; baseline -0.002 -15"><span class='ocrx_word' id='word_1_114' title='bbox 2180 535 2241 576; x_wconf 89' lang='lat' dir='ltr'>se</span> <span class='ocrx_word' id='word_1_115' title='bbox 2268 536 2301 576; x_wconf 90' lang='lat' dir='ltr'>a</span> <span class='ocrx_word' id='word_1_116' title='bbox 2334 518 2551 576; x_wconf 90' lang='lat' dir='ltr'>finibus</span> <span class='ocrx_word' id='word_1_117' title='bbox 2576 518 2876 591; x_wconf 91' lang='lat' dir='ltr'>Hispania</span> <span class='ocrx_word' id='word_1_118' title='bbox 2906 521 3244 576; x_wconf 86' lang='lat' dir='ltr'>removeret.</span> <span class='ocrx_word' id='word_1_119' title='bbox 3926 582 3929 583; x_wconf 21' lang='grc' dir='ltr'><em>ν</em></span> 
     </span>
    </p>
   </div>
   <div class='ocr_carea' id='block_1_19' title="bbox 2256 601 3890 679">
    <p class='ocr_par' dir='ltr' id='par_1_19' title="bbox 2256 601 3890 679">
     <span class='ocr_line' id='line_1_19' title="bbox 2256 601 3890 679; baseline -0.003 -13"><span class='ocrx_word' id='word_1_120' title='bbox 2256 610 2361 666; x_wconf 91' lang='lat' dir='ltr'>Per</span> <span class='ocrx_word' id='word_1_121' title='bbox 2391 608 2543 665; x_wconf 90' lang='lat' dir='ltr'>idem</span> <span class='ocrx_word' id='word_1_122' title='bbox 2573 623 2707 665; x_wconf 88' lang='lat' dir='ltr'>vero</span> <span class='ocrx_word' id='word_1_123' title='bbox 2737 613 2966 679; x_wconf 87' lang='lat' dir='ltr'>tempus</span> <span class='ocrx_word' id='word_1_124' title='bbox 3012 604 3473 679; x_wconf 88' lang='lat' dir='ltr'>persecutionem</span> <span class='ocrx_word' id='word_1_125' title='bbox 3505 603 3567 660; x_wconf 92' lang='lat' dir='ltr'>in</span> <span class='ocrx_word' id='word_1_126' title='bbox 3601 601 3890 661; x_wconf 87' lang='lat' dir='ltr'>Christia-</span> 
     </span>
    </p>
   </div>
   <div class='ocr_carea' id='block_1_20' title="bbox 2185 692 3893 766">
    <p class='ocr_par' dir='ltr' id='par_1_20' title="bbox 2185 692 3893 766">
     <span class='ocr_line' id='line_1_20' title="bbox 2185 692 3893 766; baseline -0.002 -9"><span class='ocrx_word' id='word_1_127' title='bbox 2185 715 2288 757; x_wconf 90' lang='lat' dir='ltr'>nos</span> <span class='ocrx_word' id='word_1_128' title='bbox 2319 697 2759 756; x_wconf 88' lang='lat' dir='ltr'>Trasamundus</span> <span class='ocrx_word' id='word_1_129' title='bbox 2795 695 3077 761; x_wconf 78' lang='lat' dir='ltr'>exercuit,</span> <span class='ocrx_word' id='word_1_130' title='bbox 3113 711 3179 753; x_wconf 91' lang='lat' dir='ltr'>ac</span> <span class='ocrx_word' id='word_1_131' title='bbox 3216 701 3393 752; x_wconf 90' lang='lat' dir='ltr'>totam</span> <span class='ocrx_word' id='word_1_132' title='bbox 3425 692 3796 766; x_wconf 85' lang='lat' dir='ltr'>Hispaniam,</span> <span class='ocrx_word' id='word_1_133' title='bbox 3826 698 3893 753; x_wconf 92' lang='lat' dir='ltr'>ut</span> 
     </span>
    </p>
   </div>
   <div class='ocr_carea' id='block_1_21' title="bbox 2181 776 3893 863">
    <p class='ocr_par' dir='ltr' id='par_1_21' title="bbox 2181 776 3893 863">
     <span class='ocr_line' id='line_1_21' title="bbox 2181 776 3893 863; baseline -0.002 -17"><span class='ocrx_word' id='word_1_134' title='bbox 2181 790 2252 846; x_wconf 91' lang='lat' dir='ltr'>ad</span> <span class='ocrx_word' id='word_1_135' title='bbox 2292 789 2595 863; x_wconf 87' lang='lat' dir='ltr'>perﬁdiam</span> <span class='ocrx_word' id='word_1_136' title='bbox 2620 796 2717 851; x_wconf 85' lang='lat'>45</span> <span class='ocrx_word' id='word_1_137' title='bbox 2752 776 2983 844; x_wconf 80' lang='lat' dir='ltr'>Ariana</span> <span class='ocrx_word' id='word_1_138' title='bbox 3010 791 3177 843; x_wconf 82' lang='lat' dir='ltr'>secta</span> <span class='ocrx_word' id='word_1_139' title='bbox 3196 784 3564 853; x_wconf 85' lang='lat' dir='ltr'>consentiret,</span> <span class='ocrx_word' id='word_1_140' title='bbox 3586 783 3893 843; x_wconf 84' lang='lat' dir='ltr'>tormentis</span> 
     </span>
    </p>
   </div>
   <div class='ocr_carea' id='block_1_22' title="bbox 2182 877 3894 952">
    <p class='ocr_par' dir='ltr' id='par_1_22' title="bbox 2182 877 3894 952">
     <span class='ocr_line' id='line_1_22' title="bbox 2182 877 3894 952; baseline -0.004 -13"><span class='ocrx_word' id='word_1_141' title='bbox 2182 899 2247 940; x_wconf 90' lang='lat' dir='ltr'>ac</span> <span class='ocrx_word' id='word_1_142' title='bbox 2276 882 2524 939; x_wconf 84' lang='lat' dir='ltr'>diversis</span> <span class='ocrx_word' id='word_1_143' title='bbox 2548 880 2829 939; x_wconf 86' lang='lat' dir='ltr'>mortibus</span> <span class='ocrx_word' id='word_1_144' title='bbox 2860 878 3190 952; x_wconf 86' lang='lat' dir='ltr'>impellebat</span> <span class='ocrx_word' id='word_1_145' title='bbox 3234 877 3399 935; x_wconf 84' lang='lat' dir='ltr'>Unde</span> <span class='ocrx_word' id='word_1_146' title='bbox 3436 877 3651 934; x_wconf 86' lang='lat' dir='ltr'>factum</span> <span class='ocrx_word' id='word_1_147' title='bbox 3681 879 3790 947; x_wconf 88' lang='lat' dir='ltr'>est,</span> <span class='ocrx_word' id='word_1_148' title='bbox 3826 879 3894 935; x_wconf 89' lang='lat' dir='ltr'>ut</span> 
     </span>
    </p>
   </div>
   <div class='ocr_carea' id='block_1_23' title="bbox 2181 963 3895 1044">
    <p class='ocr_par' dir='ltr' id='par_1_23' title="bbox 2181 963 3895 1044">
     <span class='ocr_line' id='line_1_23' title="bbox 2181 963 3895 1044; baseline -0.004 -15"><span class='ocrx_word' id='word_1_149' title='bbox 2181 971 2373 1044; x_wconf 89' lang='lat' dir='ltr'>puella</span> <span class='ocrx_word' id='word_1_150' title='bbox 2400 963 2668 1041; x_wconf 78' lang='lat' dir='ltr'>quadarn</span> <span class='ocrx_word' id='word_1_151' title='bbox 2698 968 2983 1041; x_wconf 85' lang='lat' dir='ltr'>religiosa,</span> <span class='ocrx_word' id='word_1_152' title='bbox 3015 967 3298 1041; x_wconf 87' lang='lat' dir='ltr'>pradives</span> <span class='ocrx_word' id='word_1_153' title='bbox 3326 964 3551 1039; x_wconf 86' lang='lat' dir='ltr'>opibus,</span> <span class='ocrx_word' id='word_1_154' title='bbox 3585 982 3650 1024; x_wconf 91' lang='lat' dir='ltr'>ac</span> <span class='ocrx_word' id='word_1_155' title='bbox 3678 982 3895 1025; x_wconf 90' lang='lat' dir='ltr'>secun-</span> 
     </span>
    </p>
   </div>
   <div class='ocr_carea' id='block_1_24' title="bbox 2180 1055 3895 1130">
    <p class='ocr_par' dir='ltr' id='par_1_24' title="bbox 2180 1055 3895 1130">
     <span class='ocr_line' id='line_1_24' title="bbox 2180 1055 3895 1130; baseline -0.003 -12"><span class='ocrx_word' id='word_1_156' title='bbox 2180 1061 2322 1118; x_wconf 92' lang='lat' dir='ltr'>dum</span> <span class='ocrx_word' id='word_1_157' title='bbox 2351 1059 2550 1117; x_wconf 86' lang='lat' dir='ltr'>saculi</span> <span class='ocrx_word' id='word_1_158' title='bbox 2600 1058 2941 1130; x_wconf 86' lang='lat' dir='ltr'>dignitatem</span> <span class='ocrx_word' id='word_1_159' title='bbox 2995 1056 3292 1113; x_wconf 84' lang='lat' dir='ltr'>nobilitate</span> <span class='ocrx_word' id='word_1_160' title='bbox 3331 1055 3616 1113; x_wconf 86' lang='lat' dir='ltr'>senatoria</span> <span class='ocrx_word' id='word_1_161' title='bbox 3657 1055 3895 1126; x_wconf 88' lang='lat' dir='ltr'>ﬂorens,</span> 
     </span>
    </p>
   </div>
   <div class='ocr_carea' id='block_1_25' title="bbox 2186 1145 3900 1223">
    <p class='ocr_par' dir='ltr' id='par_1_25' title="bbox 2186 1145 3900 1223">
     <span class='ocr_line' id='line_1_25' title="bbox 2186 1145 3900 1223; baseline -0.004 -15"><span class='ocrx_word' id='word_1_162' title='bbox 2186 1158 2260 1220; x_wconf 90' lang='lat' dir='ltr'>et,</span> <span class='ocrx_word' id='word_1_163' title='bbox 2315 1150 2469 1223; x_wconf 88' lang='lat' dir='ltr'>quod</span> <span class='ocrx_word' id='word_1_164' title='bbox 2517 1149 2611 1205; x_wconf 88' lang='lat' dir='ltr'>his</span> <span class='ocrx_word' id='word_1_165' title='bbox 2667 1147 2940 1205; x_wconf 90' lang='lat' dir='ltr'>omnibus</span> <span class='ocrx_word' id='word_1_166' title='bbox 2992 1154 3076 1203; x_wconf 88' lang='lat' dir='ltr'>est</span> <span class='ocrx_word' id='word_1_167' title='bbox 3128 1145 3405 1215; x_wconf 88' lang='lat' dir='ltr'>nobilius,</span> <span class='ocrx_word' id='word_1_168' title='bbox 3458 1146 3567 1203; x_wconf 84' lang='lat' dir='ltr'>fide</span> <span class='ocrx_word' id='word_1_169' title='bbox 3613 1145 3900 1203; x_wconf 89' lang='lat' dir='ltr'>catholica</span> 
     </span>
    </p>
   </div>
   <div class='ocr_carea' id='block_1_26' title="bbox 2186 1233 3893 1313">
    <p class='ocr_par' dir='ltr' id='par_1_26' title="bbox 2186 1233 3893 1313">
     <span class='ocr_line' id='line_1_26' title="bbox 2186 1233 3893 1313; baseline -0.004 -17"><span class='ocrx_word' id='word_1_170' title='bbox 2186 1240 2431 1313; x_wconf 90' lang='lat' dir='ltr'>pollens,</span> <span class='ocrx_word' id='word_1_171' title='bbox 2463 1238 2699 1307; x_wconf 86' lang='lat' dir='ltr'>Deoque</span> <span class='ocrx_word' id='word_1_172' title='bbox 2745 1234 3126 1306; x_wconf 87' lang='lat' dir='ltr'>omnipotenti</span> <span class='ocrx_word' id='word_1_173' title='bbox 3156 1233 3737 1306; x_wconf 86' lang='lat' dir='ltr'>irreprehensibiliter</span> <span class='ocrx_word' id='word_1_174' title='bbox 3771 1249 3893 1293; x_wconf 85' lang='lat' dir='ltr'>ser-</span> 
     </span>
    </p>
   </div>
   <div class='ocr_carea' id='block_1_27' title="bbox 2188 1322 3890 1399">
    <p class='ocr_par' dir='ltr' id='par_1_27' title="bbox 2188 1322 3890 1399">
     <span class='ocr_line' id='line_1_27' title="bbox 2188 1322 3890 1399; baseline -0.004 -11"><span class='ocrx_word' id='word_1_175' title='bbox 2188 1329 2371 1399; x_wconf 90' lang='lat' dir='ltr'>viens,</span> <span class='ocrx_word' id='word_1_176' title='bbox 2425 1327 2496 1383; x_wconf 90' lang='lat' dir='ltr'>ad</span> <span class='ocrx_word' id='word_1_177' title='bbox 2554 1326 2703 1383; x_wconf 89' lang='lat' dir='ltr'>hanc</span> <span class='ocrx_word' id='word_1_178' title='bbox 2755 1326 3133 1398; x_wconf 83' lang='lat' dir='ltr'>quastionem</span> <span class='ocrx_word' id='word_1_179' title='bbox 3180 1324 3576 1382; x_wconf 89' lang='lat' dir='ltr'>adduceretur.</span> <span class='ocrx_word' id='word_1_180' title='bbox 3624 1322 3890 1397; x_wconf 87' lang='lat' dir='ltr'>Cumque</span> 
     </span>
    </p>
   </div>
   <div class='ocr_carea' id='block_1_28' title="bbox 2186 1412 3895 1490">
    <p class='ocr_par' dir='ltr' id='par_1_28' title="bbox 2186 1412 3895 1490">
     <span class='ocr_line' id='line_1_28' title="bbox 2186 1412 3895 1490; baseline -0.005 -14"><span class='ocrx_word' id='word_1_181' title='bbox 2186 1417 2336 1490; x_wconf 86' lang='lat' dir='ltr'>regis</span> <span class='ocrx_word' id='word_1_182' title='bbox 2368 1417 2570 1475; x_wconf 87' lang='lat' dir='ltr'>fuisset</span> <span class='ocrx_word' id='word_1_183' title='bbox 2599 1415 2787 1473; x_wconf 91' lang='lat' dir='ltr'>oblata</span> <span class='ocrx_word' id='word_1_184' title='bbox 2820 1413 3242 1486; x_wconf 86' lang='lat' dir='ltr'>eonspeetibus,</span> <span class='ocrx_word' id='word_1_185' title='bbox 3274 1413 3443 1485; x_wconf 88' lang='lat' dir='ltr'>coepit</span> <span class='ocrx_word' id='word_1_186' title='bbox 3468 1428 3591 1469; x_wconf 85' lang='lat' dir='ltr'>eam</span> <span class='ocrx_word' id='word_1_187' title='bbox 3631 1412 3895 1483; x_wconf 89' lang='lat' dir='ltr'>primum</span> 
     </span>
    </p>
   </div>
   <div class='ocr_carea' id='block_1_29' title="bbox 2184 1502 3900 1582">
    <p class='ocr_par' dir='ltr' id='par_1_29' title="bbox 2184 1502 3900 1582">
     <span class='ocr_line' id='line_1_29' title="bbox 2184 1502 3900 1582; baseline -0.005 -14"><span class='ocrx_word' id='word_1_188' title='bbox 2184 1511 2254 1568; x_wconf 90' lang='lat' dir='ltr'>ad</span> <span class='ocrx_word' id='word_1_189' title='bbox 2296 1508 2768 1582; x_wconf 89' lang='lat' dir='ltr'>rebaptizandum</span> <span class='ocrx_word' id='word_1_190' title='bbox 2806 1505 3035 1563; x_wconf 86' lang='lat' dir='ltr'>blandis</span> <span class='ocrx_word' id='word_1_191' title='bbox 3083 1504 3449 1563; x_wconf 88' lang='lat' dir='ltr'>sermonibus</span> <span class='ocrx_word' id='word_1_192' title='bbox 3475 1503 3714 1560; x_wconf 86' lang='lat' dir='ltr'>illicere.</span> <span class='ocrx_word' id='word_1_193' title='bbox 3748 1502 3900 1571; x_wconf 85' lang='lat' dir='ltr'>Qua</span> 
     </span>
    </p>
   </div>
   <div class='ocr_carea' id='block_1_30' title="bbox 2186 1592 3897 1671">
    <p class='ocr_par' dir='ltr' id='par_1_30' title="bbox 2186 1592 3897 1671">
     <span class='ocr_line' id='line_1_30' title="bbox 2186 1592 3897 1671; baseline -0.008 -8"><span class='ocrx_word' id='word_1_194' title='bbox 2186 1619 2321 1663; x_wconf 92' lang='lat' dir='ltr'>cum</span> <span class='ocrx_word' id='word_1_195' title='bbox 2340 1615 2699 1661; x_wconf 88' lang='lat' dir='ltr'>venenosum</span> <span class='ocrx_word' id='word_1_196' title='bbox 2716 1598 2843 1671; x_wconf 90' lang='lat' dir='ltr'>ejus</span> <span class='ocrx_word' id='word_1_197' title='bbox 2863 1597 3124 1669; x_wconf 89' lang='lat' dir='ltr'>jaculum</span> <span class='ocrx_word' id='word_1_198' title='bbox 3148 1596 3281 1653; x_wconf 76' lang='lat' dir='ltr'>fidei</span> <span class='ocrx_word' id='word_1_199' title='bbox 3306 1604 3503 1667; x_wconf 84' lang='lat' dir='ltr'>parma</span> <span class='ocrx_word' id='word_1_200' title='bbox 3526 1592 3897 1667; x_wconf 83' lang='lat' dir='ltr'>propelleret,</span> 
     </span>
    </p>
   </div>
   <div class='ocr_carea' id='block_1_31' title="bbox 402 1681 3905 1765">
    <p class='ocr_par' dir='ltr' id='par_1_31' title="bbox 402 1681 3905 1765">
     <span class='ocr_line' id='line_1_31' title="bbox 402 1681 3905 1765; baseline -0 -24"><span class='ocrx_word' id='word_1_201' title='bbox 402 1686 520 1744; x_wconf 91' lang='lat' dir='ltr'>tius</span> <span class='ocrx_word' id='word_1_202' title='bbox 568 1702 704 1745; x_wconf 89' lang='lat' dir='ltr'>vero</span> <span class='ocrx_word' id='word_1_203' title='bbox 757 1688 911 1747; x_wconf 90' lang='lat' dir='ltr'>febre</span> <span class='ocrx_word' id='word_1_204' title='bbox 962 1691 1288 1765; x_wconf 85' lang='lat' dir='ltr'>corripitur,</span> <span class='ocrx_word' id='word_1_205' title='bbox 1325 1699 1379 1749; x_wconf 92' lang='lat' dir='ltr'>et</span> <span class='ocrx_word' id='word_1_206' title='bbox 1408 1693 1597 1750; x_wconf 86' lang='lat' dir='ltr'>media</span> <span class='ocrx_word' id='word_1_207' title='bbox 1634 1699 1797 1750; x_wconf 93' lang='lat' dir='ltr'>nocte</span> <span class='ocrx_word' id='word_1_208' title='bbox 1837 1693 2153 1765; x_wconf 88' lang='lat' dir='ltr'>spiritum_</span> <span class='ocrx_word' id='word_1_209' title='bbox 2187 1692 2457 1765; x_wconf 83' lang='lat' dir='ltr'>pracepit</span> <span class='ocrx_word' id='word_1_210' title='bbox 2487 1705 2589 1747; x_wconf 85' lang='lat' dir='ltr'>rex</span> <span class='ocrx_word' id='word_1_211' title='bbox 2620 1686 2920 1745; x_wconf 88' lang='lat' dir='ltr'>facultates</span> <span class='ocrx_word' id='word_1_212' title='bbox 2965 1686 3089 1759; x_wconf 87' lang='lat' dir='ltr'>ejus</span> <span class='ocrx_word' id='word_1_213' title='bbox 3131 1682 3366 1753; x_wconf 89' lang='lat' dir='ltr'>auferri,</span> <span class='ocrx_word' id='word_1_214' title='bbox 3396 1698 3527 1754; x_wconf 81' lang='lat' dir='ltr'>qua</span> <span class='ocrx_word' id='word_1_215' title='bbox 3554 1681 3674 1754; x_wconf 86' lang='lat' dir='ltr'>jam</span> <span class='ocrx_word' id='word_1_216' title='bbox 3699 1687 3905 1740; x_wconf 88' lang='lat' dir='ltr'>mente</span> 
     </span>
    </p>
   </div>
   <div class='ocr_carea' id='block_1_32' title="bbox 405 1760 3909 1857">
    <p class='ocr_par' dir='ltr' id='par_1_32' title="bbox 405 1760 3909 1857">
     <span class='ocr_line' id='line_1_32' title="bbox 405 1760 3909 1857; baseline -0.001 -27"><span class='ocrx_word' id='word_1_217' title='bbox 405 1775 721 1835; x_wconf 84' lang='lat' dir='ltr'>exhalavit.</span> <span class='ocrx_word' id='word_1_218' title='bbox 754 1776 914 1845; x_wconf 89' lang='lat' dir='ltr'>Quod</span> <span class='ocrx_word' id='word_1_219' title='bbox 962 1760 1224 1851; x_wconf 74' lang='lat' dir='ltr'>protinus</span> <span class='ocrx_word' id='word_1_220' title='bbox 1252 1760 1472 1839; x_wconf 89' lang='lat' dir='ltr'>Briccio</span> <span class='ocrx_word' id='word_1_221' title='bbox 1498 1783 1761 1855; x_wconf 91' lang='lat' dir='ltr'>episcopo</span> <span class='ocrx_word' id='word_1_222' title='bbox 1788 1760 1888 1855; x_wconf 74' lang='lat' dir='ltr'>per</span> <span class='ocrx_word' id='word_1_223' title='bbox 1915 1760 2163 1839; x_wconf 88' lang='lat' dir='ltr'>visumB</span> <span class='ocrx_word' id='word_1_224' title='bbox 2187 1760 2509 1857; x_wconf 74' lang='lat' dir='ltr'>possidebat</span> <span class='ocrx_word' id='word_1_225' title='bbox 2538 1795 2709 1851; x_wconf 84' lang='lat' dir='ltr'>regna</span> <span class='ocrx_word' id='word_1_226' title='bbox 2742 1776 2991 1851; x_wconf 89' lang='lat' dir='ltr'>paradisi</span> <span class='ocrx_word' id='word_1_227' title='bbox 3017 1794 3033 1845; x_wconf 87' lang='lat'><strong>;</strong></span> <span class='ocrx_word' id='word_1_228' title='bbox 3071 1774 3279 1832; x_wconf 89' lang='lat' dir='ltr'>deinde</span> <span class='ocrx_word' id='word_1_229' title='bbox 3311 1772 3609 1845; x_wconf 88' lang='lat' dir='ltr'>suppliciis</span> <span class='ocrx_word' id='word_1_230' title='bbox 3646 1771 3909 1843; x_wconf 87' lang='lat' dir='ltr'>applica-</span> 
     </span>
    </p>
   </div>
   <div class='ocr_carea' id='block_1_33' title="bbox 402 1862 2106 1943">
    <p class='ocr_par' dir='ltr' id='par_1_33' title="bbox 402 1862 2106 1943">
     <span class='ocr_line' id='line_1_33' title="bbox 402 1862 2106 1943; baseline 0.004 -24"><span class='ocrx_word' id='word_1_231' title='bbox 402 1862 721 1921; x_wconf 90' lang='lat' dir='ltr'>revelatum</span> <span class='ocrx_word' id='word_1_232' title='bbox 757 1871 863 1935; x_wconf 91' lang='lat' dir='ltr'>est,</span> <span class='ocrx_word' id='word_1_233' title='bbox 896 1866 999 1940; x_wconf 89' lang='lat' dir='ltr'>qui</span> <span class='ocrx_word' id='word_1_234' title='bbox 1033 1868 1114 1924; x_wconf 89' lang='lat' dir='ltr'>ait</span> <span class='ocrx_word' id='word_1_235' title='bbox 1142 1867 1263 1926; x_wconf 91' lang='lat' dir='ltr'>suis</span> <span class='ocrx_word' id='word_1_236' title='bbox 1303 1886 1315 1924; x_wconf 88' lang='lat'><strong>:</strong></span> <span class='ocrx_word' id='word_1_237' title='bbox 1354 1868 1584 1943; x_wconf 80' lang='lat' dir='ltr'>Surgite</span> <span class='ocrx_word' id='word_1_238' title='bbox 1633 1871 1911 1940; x_wconf 82' lang='lat' dir='ltr'>velocius,</span> <span class='ocrx_word' id='word_1_239' title='bbox 1942 1876 2007 1927; x_wconf 90' lang='lat' dir='ltr'>ut</span> <span class='ocrx_word' id='word_1_240' title='bbox 2033 1868 2106 1925; x_wconf 91' lang='lat' dir='ltr'>ad</span> 
     </span>
    </p>
   </div>
   <div class='ocr_carea' id='block_1_34' title="bbox 401 1950 2108 2032">
    <p class='ocr_par' dir='ltr' id='par_1_34' title="bbox 401 1950 2108 2032">
     <span class='ocr_line' id='line_1_34' title="bbox 401 1950 2108 2032; baseline 0.004 -24"><span class='ocrx_word' id='word_1_241' title='bbox 401 1950 814 2012; x_wconf 89' lang='lat' dir='ltr'>tumulandum</span> <span class='ocrx_word' id='word_1_242' title='bbox 842 1955 1078 2014; x_wconf 90' lang='lat' dir='ltr'>fratrem</span> <span class='ocrx_word' id='word_1_243' title='bbox 1109 1965 1371 2016; x_wconf 87' lang='lat' dir='ltr'>nostrum</span> <span class='ocrx_word' id='word_1_244' title='bbox 1398 1961 1756 2018; x_wconf 89' lang='lat' dir='ltr'>Turonicum</span> <span class='ocrx_word' id='word_1_245' title='bbox 1776 1958 2108 2032; x_wconf 82' lang='lat' dir='ltr'>pontiﬁcem</span> 
     </span>
    </p>
   </div>
   <div class='ocr_carea' id='block_1_35' title="bbox 396 2041 2114 2122">
    <p class='ocr_par' dir='ltr' id='par_1_35' title="bbox 396 2041 2114 2122">
     <span class='ocr_line' id='line_1_35' title="bbox 396 2041 2114 2122; baseline 0.005 -27"><span class='ocrx_word' id='word_1_246' title='bbox 396 2052 799 2100; x_wconf 82' lang='lat' dir='ltr'>occurramus.</span> <span class='ocrx_word' id='word_1_247' title='bbox 840 2041 1109 2117; x_wconf 85' lang='lat' dir='ltr'>Cumque</span> <span class='ocrx_word' id='word_1_248' title='bbox 1147 2045 1237 2103; x_wconf 91' lang='lat' dir='ltr'>illi</span> <span class='ocrx_word' id='word_1_249' title='bbox 1276 2047 1572 2106; x_wconf 83' lang='lat' dir='ltr'>venientes</span> <span class='ocrx_word' id='word_1_250' title='bbox 1608 2055 1833 2122; x_wconf 89' lang='lat' dir='ltr'>portam</span> <span class='ocrx_word' id='word_1_251' title='bbox 1863 2046 2114 2106; x_wconf 86' lang='lat' dir='ltr'>civitatis</span> 
     </span>
    </p>
   </div>
   <div class='ocr_carea' id='block_1_36' title="bbox 403 2126 2111 2210">
    <p class='ocr_par' dir='ltr' id='par_1_36' title="bbox 403 2126 2111 2210">
     <span class='ocr_line' id='line_1_36' title="bbox 403 2126 2111 2210; baseline 0.005 -27"><span class='ocrx_word' id='word_1_252' title='bbox 403 2126 863 2202; x_wconf 86' lang='lat' dir='ltr'>ingrederentur,</span> <span class='ocrx_word' id='word_1_253' title='bbox 920 2149 1048 2192; x_wconf 92' lang='lat' dir='ltr'>ecce</span> <span class='ocrx_word' id='word_1_254' title='bbox 1095 2135 1272 2193; x_wconf 87' lang='lat' dir='ltr'>istum</span> <span class='ocrx_word' id='word_1_255' title='bbox 1320 2152 1419 2208; x_wconf 92' lang='lat' dir='ltr'>per</span> <span class='ocrx_word' id='word_1_256' title='bbox 1465 2137 1642 2194; x_wconf 90' lang='lat' dir='ltr'>aliam</span> <span class='ocrx_word' id='word_1_257' title='bbox 1696 2144 1916 2210; x_wconf 90' lang='lat' dir='ltr'>portam</span> <span class='ocrx_word' id='word_1_258' title='bbox 1957 2150 2111 2193; x_wconf 85' lang='lat' dir='ltr'>mor-</span> 
     </span>
    </p>
   </div>
   <div class='ocr_carea' id='block_1_37' title="bbox 406 2217 2113 2295">
    <p class='ocr_par' dir='ltr' id='par_1_37' title="bbox 406 2217 2113 2295">
     <span class='ocr_line' id='line_1_37' title="bbox 406 2217 2113 2295; baseline 0.005 -24"><span class='ocrx_word' id='word_1_259' title='bbox 406 2220 574 2273; x_wconf 92' lang='lat' dir='ltr'>tuum</span> <span class='ocrx_word' id='word_1_260' title='bbox 600 2217 937 2280; x_wconf 70' lang='lat' dir='ltr'>efferebant.</span> <span class='ocrx_word' id='word_1_261' title='bbox 970 2221 1095 2289; x_wconf 90' lang='lat' dir='ltr'>Quo</span> <span class='ocrx_word' id='word_1_262' title='bbox 1129 2226 1373 2295; x_wconf 90' lang='lat' dir='ltr'>sepulto,</span> <span class='ocrx_word' id='word_1_263' title='bbox 1403 2225 1662 2284; x_wconf 90' lang='lat' dir='ltr'>Briccius</span> <span class='ocrx_word' id='word_1_264' title='bbox 1690 2226 1752 2282; x_wconf 90' lang='lat' dir='ltr'>in</span> <span class='ocrx_word' id='word_1_265' title='bbox 1781 2226 2113 2283; x_wconf 84' lang='lat' dir='ltr'>cathedram</span> 
     </span>
    </p>
   </div>
   <div class='ocr_carea' id='block_1_38' title="bbox 284 2312 2114 2389">
    <p class='ocr_par' dir='ltr' id='par_1_38' title="bbox 284 2312 2114 2389">
     <span class='ocr_line' id='line_1_38' title="bbox 284 2312 2114 2389; baseline 0.008 -32"><span class='ocrx_word' id='word_1_266' title='bbox 284 2386 297 2389; x_wconf 24' lang='grc'><strong><em>4</em></strong></span> <span class='ocrx_word' id='word_1_267' title='bbox 400 2316 570 2359; x_wconf 89' lang='lat' dir='ltr'>suam</span> <span class='ocrx_word' id='word_1_268' title='bbox 624 2320 919 2377; x_wconf 86' lang='lat' dir='ltr'>regressus</span> <span class='ocrx_word' id='word_1_269' title='bbox 972 2316 1072 2381; x_wconf 91' lang='lat' dir='ltr'>est,</span> <span class='ocrx_word' id='word_1_270' title='bbox 1137 2317 1355 2385; x_wconf 89' lang='lat' dir='ltr'>septem</span> <span class='ocrx_word' id='word_1_271' title='bbox 1408 2320 1602 2386; x_wconf 90' lang='lat' dir='ltr'>postea</span> <span class='ocrx_word' id='word_1_272' title='bbox 1640 2312 1884 2372; x_wconf 88' lang='lat' dir='ltr'>feliciter</span> <span class='ocrx_word' id='word_1_273' title='bbox 1910 2315 2114 2372; x_wconf 86' lang='lat' dir='ltr'>vivens</span> 
     </span>
    </p>
   </div>
   <div class='ocr_carea' id='block_1_39' title="bbox 401 2394 2115 2475">
    <p class='ocr_par' dir='ltr' id='par_1_39' title="bbox 401 2394 2115 2475">
     <span class='ocr_line' id='line_1_39' title="bbox 401 2394 2115 2475; baseline 0.009 -29"><span class='ocrx_word' id='word_1_274' title='bbox 401 2406 604 2451; x_wconf 88' lang='lat' dir='ltr'>annos.</span> <span class='ocrx_word' id='word_1_275' title='bbox 665 2394 771 2454; x_wconf 90' lang='lat' dir='ltr'>Cui</span> <span class='ocrx_word' id='word_1_276' title='bbox 820 2405 947 2470; x_wconf 91' lang='lat' dir='ltr'>post</span> <span class='ocrx_word' id='word_1_277' title='bbox 1003 2401 1512 2472; x_wconf 78' lang='lat' dir='ltr'>quadragesimum</span> <span class='ocrx_word' id='word_1_278' title='bbox 1553 2401 1864 2473; x_wconf 91' lang='lat' dir='ltr'>septimum</span> <span class='ocrx_word' id='word_1_279' title='bbox 1894 2405 2115 2475; x_wconf 89' lang='lat' dir='ltr'>episco-</span> 
     </span>
    </p>
   </div>
   <div class='ocr_carea' id='block_1_40' title="bbox 404 2486 2115 2569">
    <p class='ocr_par' dir='ltr' id='par_1_40' title="bbox 404 2486 2115 2569">
     <span class='ocr_line' id='line_1_40' title="bbox 404 2486 2115 2569; baseline 0.011 -33"><span class='ocrx_word' id='word_1_280' title='bbox 404 2486 574 2552; x_wconf 89' lang='lat' dir='ltr'>patus</span> <span class='ocrx_word' id='word_1_281' title='bbox 620 2498 845 2543; x_wconf 90' lang='lat' dir='ltr'>annum</span> <span class='ocrx_word' id='word_1_282' title='bbox 873 2487 1146 2548; x_wconf 82' lang='lat' dir='ltr'>defuncto</span> <span class='ocrx_word' id='word_1_283' title='bbox 1178 2496 1411 2548; x_wconf 90' lang='lat' dir='ltr'>sanctus</span> <span class='ocrx_word' id='word_1_284' title='bbox 1439 2489 1791 2552; x_wconf 88' lang='lat' dir='ltr'>Eustochius</span> <span class='ocrx_word' id='word_1_285' title='bbox 1822 2498 2115 2569; x_wconf 89' lang='lat' dir='ltr'>successit,</span> 
     </span>
    </p>
   </div>
   <div class='ocr_carea' id='block_1_41' title="bbox 406 2569 1276 2641">
    <p class='ocr_par' dir='ltr' id='par_1_41' title="bbox 406 2569 1276 2641">
     <span class='ocr_line' id='line_1_41' title="bbox 406 2569 1276 2641; baseline 0.015 -17"><span class='ocrx_word' id='word_1_286' title='bbox 406 2569 735 2641; x_wconf 87' lang='lat' dir='ltr'>magnifica</span> <span class='ocrx_word' id='word_1_287' title='bbox 770 2574 1086 2635; x_wconf 88' lang='lat' dir='ltr'>sanctitatis</span> <span class='ocrx_word' id='word_1_288' title='bbox 1113 2577 1204 2634; x_wconf 93' lang='lat' dir='ltr'>vir</span> <span class='ocrx_word' id='word_1_289' title='bbox 1230 2578 1276 2637; x_wconf 77' lang='lat'>”.</span> 
     </span>
    </p>
   </div>
   <div class='ocr_carea' id='block_1_42' title="bbox 477 2657 2116 2744">
    <p class='ocr_par' dir='ltr' id='par_1_42' title="bbox 477 2657 2116 2744">
     <span class='ocr_line' id='line_1_42' title="bbox 477 2657 2116 2744; baseline 0.01 -28"><span class='ocrx_word' id='word_1_290' title='bbox 477 2657 555 2717; x_wconf 89' lang='grc' dir='ltr'>ΙΙ.</span> <span class='ocrx_word' id='word_1_291' title='bbox 611 2658 871 2720; x_wconf 86' lang='lat' dir='ltr'>Posthac</span> <span class='ocrx_word' id='word_1_292' title='bbox 923 2673 944 2699; x_wconf 87' lang='lat'><strong><em>°</em></strong></span> <span class='ocrx_word' id='word_1_293' title='bbox 992 2663 1238 2723; x_wconf 89' lang='lat' dir='ltr'>Vandali</span> <span class='ocrx_word' id='word_1_294' title='bbox 1290 2683 1323 2724; x_wconf 91' lang='lat' dir='ltr'>a</span> <span class='ocrx_word' id='word_1_295' title='bbox 1370 2667 1495 2727; x_wconf 94' lang='lat' dir='ltr'>loco</span> <span class='ocrx_word' id='word_1_296' title='bbox 1533 2685 1641 2729; x_wconf 93' lang='lat' dir='ltr'>suo</span> <span class='ocrx_word' id='word_1_297' title='bbox 1685 2670 1946 2744; x_wconf 88' lang='lat' dir='ltr'>digressi,</span> <span class='ocrx_word' id='word_1_298' title='bbox 1981 2689 2116 2732; x_wconf 91' lang='lat' dir='ltr'>cum</span> 
     </span>
    </p>
   </div>
   <div class='ocr_carea' id='block_1_43' title="bbox 410 2745 2115 2826">
    <p class='ocr_par' dir='ltr' id='par_1_43' title="bbox 410 2745 2115 2826">
     <span class='ocr_line' id='line_1_43' title="bbox 410 2745 2115 2826; baseline 0.009 -22"><span class='ocrx_word' id='word_1_299' title='bbox 410 2745 741 2808; x_wconf 88' lang='lat' dir='ltr'>Gunderico</span> <span class='ocrx_word' id='word_1_300' title='bbox 767 2766 900 2823; x_wconf 89' lang='lat' dir='ltr'>rege</span> <span class='ocrx_word' id='word_1_301' title='bbox 924 2752 987 2809; x_wconf 92' lang='lat' dir='ltr'>in</span> <span class='ocrx_word' id='word_1_302' title='bbox 1012 2752 1225 2813; x_wconf 89' lang='lat' dir='ltr'>Gallias</span> <span class='ocrx_word' id='word_1_303' title='bbox 1251 2763 1453 2815; x_wconf 91' lang='lat' dir='ltr'>ruunt.</span> <span class='ocrx_word' id='word_1_304' title='bbox 1482 2752 1710 2826; x_wconf 84' lang='lat' dir='ltr'>Quibus</span> <span class='ocrx_word' id='word_1_305' title='bbox 1737 2758 1903 2817; x_wconf 87' lang='lat' dir='ltr'>valde</span> <span class='ocrx_word' id='word_1_306' title='bbox 1926 2770 2115 2819; x_wconf 90' lang='lat' dir='ltr'>vasta-</span> 
     </span>
    </p>
   </div>
   <div class='ocr_carea' id='block_1_44' title="bbox 414 2835 2112 2921">
    <p class='ocr_par' dir='ltr' id='par_1_44' title="bbox 414 2835 2112 2921">
     <span class='ocr_line' id='line_1_44' title="bbox 414 2835 2112 2921; baseline 0.009 -29"><span class='ocrx_word' id='word_1_307' title='bbox 414 2835 506 2905; x_wconf 90' lang='lat' dir='ltr'>tis,</span> <span class='ocrx_word' id='word_1_308' title='bbox 566 2837 878 2912; x_wconf 89' lang='lat' dir='ltr'>Hispanias</span> <span class='ocrx_word' id='word_1_309' title='bbox 908 2850 1206 2916; x_wconf 90' lang='lat' dir='ltr'>appetunt.</span> <span class='ocrx_word' id='word_1_310' title='bbox 1262 2844 1383 2903; x_wconf 92' lang='lat' dir='ltr'>Hos</span> <span class='ocrx_word' id='word_1_311' title='bbox 1434 2847 1614 2905; x_wconf 88' lang='lat' dir='ltr'>secuti</span> <span class='ocrx_word' id='word_1_312' title='bbox 1674 2844 1870 2918; x_wconf 89' lang='lat' dir='ltr'>Suevi,</span> <span class='ocrx_word' id='word_1_313' title='bbox 1914 2850 1972 2907; x_wconf 92' lang='lat' dir='ltr'>id</span> <span class='ocrx_word' id='word_1_314' title='bbox 2011 2841 2112 2921; x_wconf 79' lang='lat' dir='ltr'>est,</span> 
     </span>
    </p>
   </div>
   <div class='ocr_carea' id='block_1_45' title="bbox 406 2924 2119 3009">
    <p class='ocr_par' dir='ltr' id='par_1_45' title="bbox 406 2924 2119 3009">
     <span class='ocr_line' id='line_1_45' title="bbox 406 2924 2119 3009; baseline 0.009 -29"><span class='ocrx_word' id='word_1_315' title='bbox 406 2924 741 2999; x_wconf 88' lang='lat' dir='ltr'>Alamanni,</span> <span class='ocrx_word' id='word_1_316' title='bbox 785 2929 1087 2989; x_wconf 87' lang='lat' dir='ltr'>Galliciam</span> <span class='ocrx_word' id='word_1_317' title='bbox 1123 2935 1582 3007; x_wconf 89' lang='lat' dir='ltr'>apprehendunt.</span> <span class='ocrx_word' id='word_1_318' title='bbox 1628 2935 1744 2994; x_wconf 89' lang='lat' dir='ltr'>Nec</span> <span class='ocrx_word' id='word_1_319' title='bbox 1776 2936 1958 2995; x_wconf 90' lang='lat' dir='ltr'>multo</span> <span class='ocrx_word' id='word_1_320' title='bbox 1993 2942 2119 3009; x_wconf 90' lang='lat' dir='ltr'>post</span> 
     </span>
    </p>
   </div>
   <div class='ocr_carea' id='block_1_46' title="bbox 2188 1858 3911 1941">
    <p class='ocr_par' dir='ltr' id='par_1_46' title="bbox 2188 1858 3911 1941">
     <span class='ocr_line' id='line_1_46' title="bbox 2188 1858 3911 1941; baseline -0.006 -13"><span class='ocrx_word' id='word_1_321' title='bbox 2188 1878 2325 1938; x_wconf 87' lang='lat' dir='ltr'>tam,</span> <span class='ocrx_word' id='word_1_322' title='bbox 2347 1869 2473 1926; x_wconf 91' lang='lat' dir='ltr'>sine</span> <span class='ocrx_word' id='word_1_323' title='bbox 2492 1883 2590 1941; x_wconf 91' lang='lat' dir='ltr'>spe</span> <span class='ocrx_word' id='word_1_324' title='bbox 2613 1866 2913 1939; x_wconf 79' lang='lat' dir='ltr'>prasentis</span> <span class='ocrx_word' id='word_1_325' title='bbox 2926 1866 3061 1922; x_wconf 86' lang='lat' dir='ltr'>vita</span> <span class='ocrx_word' id='word_1_326' title='bbox 3084 1861 3356 1936; x_wconf 87' lang='lat' dir='ltr'>torqueri.</span> <span class='ocrx_word' id='word_1_327' title='bbox 3374 1860 3523 1930; x_wconf 91' lang='lat' dir='ltr'>Quid</span> <span class='ocrx_word' id='word_1_328' title='bbox 3544 1858 3740 1932; x_wconf 86' lang='lat' dir='ltr'>plura?</span> <span class='ocrx_word' id='word_1_329' title='bbox 3764 1859 3911 1918; x_wconf 85' lang='lat' dir='ltr'>Post</span> 
     </span>
    </p>
   </div>
   <div class='ocr_carea' id='block_1_47' title="bbox 2190 1949 3909 2033">
    <p class='ocr_par' dir='ltr' id='par_1_47' title="bbox 2190 1949 3909 2033">
     <span class='ocr_line' id='line_1_47' title="bbox 2190 1949 3909 2033; baseline -0.007 -15"><span class='ocrx_word' id='word_1_330' title='bbox 2190 1961 2404 2019; x_wconf 89' lang='lat' dir='ltr'>multas</span> <span class='ocrx_word' id='word_1_331' title='bbox 2421 1959 2699 2033; x_wconf 87' lang='lat' dir='ltr'>quastion</span> <span class='ocrx_word' id='word_1_332' title='bbox 2708 1973 2787 2023; x_wconf 88' lang='lat' dir='ltr'>es,</span> <span class='ocrx_word' id='word_1_333' title='bbox 2806 1962 2930 2028; x_wconf 91' lang='lat' dir='ltr'>post</span> <span class='ocrx_word' id='word_1_334' title='bbox 2944 1954 3162 2012; x_wconf 88' lang='lat' dir='ltr'>ablatos</span> <span class='ocrx_word' id='word_1_335' title='bbox 3179 1960 3537 2011; x_wconf 89' lang='lat' dir='ltr'>terrenarum</span> <span class='ocrx_word' id='word_1_336' title='bbox 3554 1949 3909 2007; x_wconf 84' lang='lat' dir='ltr'>divitiarum</span> 
     </span>
    </p>
   </div>
   <div class='ocr_carea' id='block_1_48' title="bbox 2196 2039 3912 2118">
    <p class='ocr_par' dir='ltr' id='par_1_48' title="bbox 2196 2039 3912 2118">
     <span class='ocr_line' id='line_1_48' title="bbox 2196 2039 3912 2118; baseline -0.008 -11"><span class='ocrx_word' id='word_1_337' title='bbox 2196 2052 2512 2118; x_wconf 89' lang='lat' dir='ltr'>thesauros,</span> <span class='ocrx_word' id='word_1_338' title='bbox 2554 2062 2686 2105; x_wconf 91' lang='lat' dir='ltr'>eum</span> <span class='ocrx_word' id='word_1_339' title='bbox 2722 2045 2793 2102; x_wconf 90' lang='lat' dir='ltr'>ad</span> <span class='ocrx_word' id='word_1_340' title='bbox 2819 2045 2926 2102; x_wconf 90' lang='lat' dir='ltr'>hoc</span> <span class='ocrx_word' id='word_1_341' title='bbox 2954 2040 3140 2114; x_wconf 87' lang='lat' dir='ltr'>frangi</span> <span class='ocrx_word' id='word_1_342' title='bbox 3187 2058 3302 2099; x_wconf 93' lang='lat' dir='ltr'>non</span> <span class='ocrx_word' id='word_1_343' title='bbox 3338 2047 3543 2114; x_wconf 89' lang='lat' dir='ltr'>posset,</span> <span class='ocrx_word' id='word_1_344' title='bbox 3577 2045 3641 2097; x_wconf 90' lang='lat' dir='ltr'>ut</span> <span class='ocrx_word' id='word_1_345' title='bbox 3669 2039 3912 2096; x_wconf 83' lang='lat' dir='ltr'>beatam</span> 
     </span>
    </p>
   </div>
   <div class='ocr_carea' id='block_1_49' title="bbox 2197 2128 3915 2205">
    <p class='ocr_par' dir='ltr' id='par_1_49' title="bbox 2197 2128 3915 2205">
     <span class='ocr_line' id='line_1_49' title="bbox 2197 2128 3915 2205; baseline -0.006 -9"><span class='ocrx_word' id='word_1_346' title='bbox 2197 2139 2481 2197; x_wconf 89' lang='lat' dir='ltr'>scinderet</span> <span class='ocrx_word' id='word_1_347' title='bbox 2510 2137 2872 2204; x_wconf 86' lang='lat' dir='ltr'>Trinitatem,</span> <span class='ocrx_word' id='word_1_348' title='bbox 2910 2134 2981 2191; x_wconf 89' lang='lat' dir='ltr'>ad</span> <span class='ocrx_word' id='word_1_349' title='bbox 3009 2130 3482 2205; x_wconf 90' lang='lat' dir='ltr'>rebaptizandum</span> <span class='ocrx_word' id='word_1_350' title='bbox 3513 2129 3700 2191; x_wconf 89' lang='lat' dir='ltr'>invita</span> <span class='ocrx_word' id='word_1_351' title='bbox 3729 2128 3915 2186; x_wconf 89' lang='lat' dir='ltr'>dedu-</span> 
     </span>
    </p>
   </div>
   <div class='ocr_carea' id='block_1_50' title="bbox 2196 2219 3915 2299">
    <p class='ocr_par' dir='ltr' id='par_1_50' title="bbox 2196 2219 3915 2299">
     <span class='ocr_line' id='line_1_50' title="bbox 2196 2219 3915 2299; baseline -0.006 -13"><span class='ocrx_word' id='word_1_352' title='bbox 2196 2230 2363 2287; x_wconf 89' lang='lat' dir='ltr'>citur.</span> <span class='ocrx_word' id='word_1_353' title='bbox 2414 2228 2677 2299; x_wconf 87' lang='lat' dir='ltr'>Cumque</span> <span class='ocrx_word' id='word_1_354' title='bbox 2708 2226 2770 2282; x_wconf 95' lang='lat' dir='ltr'>in</span> <span class='ocrx_word' id='word_1_355' title='bbox 2806 2224 2953 2282; x_wconf 91' lang='lat' dir='ltr'>illud</span> <span class='ocrx_word' id='word_1_356' title='bbox 2983 2238 3282 2281; x_wconf 79' lang='lat' dir='ltr'>cariosum</span> <span class='ocrx_word' id='word_1_357' title='bbox 3322 2221 3611 2278; x_wconf 89' lang='lat' dir='ltr'>lavacrum</span> <span class='ocrx_word' id='word_1_358' title='bbox 3650 2219 3711 2276; x_wconf 90' lang='lat' dir='ltr'>vi</span> <span class='ocrx_word' id='word_1_359' title='bbox 3738 2233 3915 2291; x_wconf 84' lang='lat' dir='ltr'>coge-</span> 
     </span>
    </p>
   </div>
   <div class='ocr_carea' id='block_1_51' title="bbox 2198 2304 3909 2387">
    <p class='ocr_par' dir='ltr' id='par_1_51' title="bbox 2198 2304 3909 2387">
     <span class='ocr_line' id='line_1_51' title="bbox 2198 2304 3909 2387; baseline -0.008 -12"><span class='ocrx_word' id='word_1_360' title='bbox 2198 2325 2358 2375; x_wconf 89' lang='lat' dir='ltr'>retur</span> <span class='ocrx_word' id='word_1_361' title='bbox 2386 2314 2677 2387; x_wconf 89' lang='lat' dir='ltr'>immergi,</span> <span class='ocrx_word' id='word_1_362' title='bbox 2726 2328 2791 2369; x_wconf 91' lang='lat' dir='ltr'>ac</span> <span class='ocrx_word' id='word_1_363' title='bbox 2837 2311 3215 2384; x_wconf 85' lang='lat' dir='ltr'>proclamaret</span> <span class='ocrx_word' id='word_1_364' title='bbox 3246 2325 3258 2362; x_wconf 86' lang='lat'><strong>:</strong></span> <span class='ocrx_word' id='word_1_365' title='bbox 3306 2307 3532 2365; x_wconf 87' lang='lat' dir='ltr'>Patrem</span> <span class='ocrx_word' id='word_1_366' title='bbox 3559 2321 3693 2387; x_wconf 80' lang='lat' dir='ltr'>eum</span> <span class='ocrx_word' id='word_1_367' title='bbox 3725 2304 3909 2375; x_wconf 88' lang='lat' dir='ltr'>Filio,</span> 
     </span>
    </p>
   </div>
   <div class='ocr_carea' id='block_1_52' title="bbox 2196 2382 3913 2478">
    <p class='ocr_par' dir='ltr' id='par_1_52' title="bbox 2196 2382 3913 2478">
     <span class='ocr_line' id='line_1_52' title="bbox 2196 2382 3913 2478; baseline -0.006 -14"><span class='ocrx_word' id='word_1_368' title='bbox 2196 2423 2260 2464; x_wconf 92' lang='lat' dir='ltr'>ae</span> <span class='ocrx_word' id='word_1_369' title='bbox 2305 2405 2585 2478; x_wconf 88' lang='lat' dir='ltr'>Spiritum</span> <span class='ocrx_word' id='word_1_370' title='bbox 2602 2382 2896 2461; x_wconf 59' lang='lat' dir='ltr'>wsanctum</span> <span class='ocrx_word' id='word_1_371' title='bbox 2949 2400 3127 2458; x_wconf 90' lang='lat' dir='ltr'>unius</span> <span class='ocrx_word' id='word_1_372' title='bbox 3172 2399 3341 2458; x_wconf 89' lang='lat' dir='ltr'>credo</span> <span class='ocrx_word' id='word_1_373' title='bbox 3394 2412 3517 2453; x_wconf 90' lang='lat' dir='ltr'>esse</span> <span class='ocrx_word' id='word_1_374' title='bbox 3562 2382 3913 2454; x_wconf 63' lang='lat' dir='ltr'>substantia</span> 
     </span>
    </p>
   </div>
   <div class='ocr_carea' id='block_1_53' title="bbox 2199 2482 3913 2566">
    <p class='ocr_par' dir='ltr' id='par_1_53' title="bbox 2199 2482 3913 2566">
     <span class='ocr_line' id='line_1_53' title="bbox 2199 2482 3913 2566; baseline -0.008 -15"><span class='ocrx_word' id='word_1_375' title='bbox 2199 2494 2613 2566; x_wconf 79' lang='lat' dir='ltr'>essentiaque;</span> <span class='ocrx_word' id='word_1_376' title='bbox 2639 2490 2814 2564; x_wconf 85' lang='lat' dir='ltr'>digno</span> <span class='ocrx_word' id='word_1_377' title='bbox 2835 2504 3013 2563; x_wconf 90' lang='lat' dir='ltr'>aquas</span> <span class='ocrx_word' id='word_1_378' title='bbox 3044 2487 3304 2560; x_wconf 89' lang='lat' dir='ltr'>unguine</span> <span class='ocrx_word' id='word_1_379' title='bbox 3333 2490 3576 2543; x_wconf 89' lang='lat' dir='ltr'>cunctas</span> <span class='ocrx_word' id='word_1_380' title='bbox 3599 2483 3818 2552; x_wconf 86' lang='lat' dir='ltr'>infecit,</span> <span class='ocrx_word' id='word_1_381' title='bbox 3840 2482 3913 2539; x_wconf 89' lang='lat' dir='ltr'>id</span> 
     </span>
    </p>
   </div>
   <div class='ocr_carea' id='block_1_54' title="bbox 2196 2572 3915 2654">
    <p class='ocr_par' dir='ltr' id='par_1_54' title="bbox 2196 2572 3915 2654">
     <span class='ocr_line' id='line_1_54' title="bbox 2196 2572 3915 2654; baseline -0.007 -13"><span class='ocrx_word' id='word_1_382' title='bbox 2196 2588 2280 2641; x_wconf 89' lang='lat' dir='ltr'>est</span> <span class='ocrx_word' id='word_1_383' title='bbox 2310 2583 2479 2641; x_wconf 84' lang='lat' dir='ltr'>ﬂuxu</span> <span class='ocrx_word' id='word_1_384' title='bbox 2523 2583 2739 2639; x_wconf 89' lang='lat' dir='ltr'>ventris</span> <span class='ocrx_word' id='word_1_385' title='bbox 2770 2580 3037 2654; x_wconf 88' lang='lat' dir='ltr'>aspergit.</span> <span class='ocrx_word' id='word_1_386' title='bbox 3088 2577 3321 2635; x_wconf 87' lang='lat' dir='ltr'>Exhinc</span> <span class='ocrx_word' id='word_1_387' title='bbox 3349 2576 3420 2633; x_wconf 90' lang='lat' dir='ltr'>ad</span> <span class='ocrx_word' id='word_1_388' title='bbox 3459 2573 3773 2647; x_wconf 74' lang='lat' dir='ltr'>legitimam</span> <span class='ocrx_word' id='word_1_389' title='bbox 3807 2572 3915 2630; x_wconf 85' lang='lat' dir='ltr'>de-</span> 
     </span>
    </p>
   </div>
   <div class='ocr_carea' id='block_1_55' title="bbox 2196 2663 3913 2743">
    <p class='ocr_par' dir='ltr' id='par_1_55' title="bbox 2196 2663 3913 2743">
     <span class='ocr_line' id='line_1_55' title="bbox 2196 2663 3913 2743; baseline -0.007 -15"><span class='ocrx_word' id='word_1_390' title='bbox 2196 2672 2367 2730; x_wconf 89' lang='lat' dir='ltr'>ducta</span> <span class='ocrx_word' id='word_1_391' title='bbox 2395 2671 2793 2743; x_wconf 89' lang='lat' dir='ltr'>quastionem,</span> <span class='ocrx_word' id='word_1_392' title='bbox 2846 2676 2971 2742; x_wconf 91' lang='lat' dir='ltr'>post</span> <span class='ocrx_word' id='word_1_393' title='bbox 3021 2666 3319 2740; x_wconf 89' lang='lat' dir='ltr'>equuleos,</span> <span class='ocrx_word' id='word_1_394' title='bbox 3376 2670 3500 2736; x_wconf 91' lang='lat' dir='ltr'>post</span> <span class='ocrx_word' id='word_1_395' title='bbox 3542 2663 3804 2720; x_wconf 91' lang='lat' dir='ltr'>ﬂammas</span> <span class='ocrx_word' id='word_1_396' title='bbox 3845 2664 3913 2717; x_wconf 89' lang='lat' dir='ltr'>et</span> 
     </span>
    </p>
   </div>
   <div class='ocr_carea' id='block_1_56' title="bbox 2199 2747 3907 2830">
    <p class='ocr_par' dir='ltr' id='par_1_56' title="bbox 2199 2747 3907 2830">
     <span class='ocr_line' id='line_1_56' title="bbox 2199 2747 3907 2830; baseline -0.008 -15"><span class='ocrx_word' id='word_1_397' title='bbox 2199 2756 2471 2830; x_wconf 87' lang='lat' dir='ltr'>ungulas,</span> <span class='ocrx_word' id='word_1_398' title='bbox 2502 2756 2727 2815; x_wconf 86' lang='lat' dir='ltr'>Christo</span> <span class='ocrx_word' id='word_1_399' title='bbox 2768 2755 3015 2813; x_wconf 93' lang='lat' dir='ltr'>Domino</span> <span class='ocrx_word' id='word_1_400' title='bbox 3063 2752 3263 2825; x_wconf 84' lang='lat' dir='ltr'>capitis</span> <span class='ocrx_word' id='word_1_401' title='bbox 3290 2750 3578 2808; x_wconf 88' lang='lat' dir='ltr'>decisione</span> <span class='ocrx_word' id='word_1_402' title='bbox 3605 2747 3830 2804; x_wconf 86' lang='lat' dir='ltr'>dicatur</span> <span class='ocrx_word' id='word_1_403' title='bbox 3852 2758 3907 2801; x_wconf 76' lang='grc' dir='ltr'>ο.</span> 
     </span>
    </p>
   </div>
   <div class='ocr_carea' id='block_1_57' title="bbox 2199 2835 3909 2920">
    <p class='ocr_par' dir='ltr' id='par_1_57' title="bbox 2199 2835 3909 2920">
     <span class='ocr_line' id='line_1_57' title="bbox 2199 2835 3909 2920; baseline -0.008 -15"><span class='ocrx_word' id='word_1_404' title='bbox 2199 2848 2458 2906; x_wconf 89' lang='lat' dir='ltr'>Posthac</span> <span class='ocrx_word' id='word_1_405' title='bbox 2481 2846 2962 2920; x_wconf 88' lang='lat' dir='ltr'>prosequentibus</span> <span class='ocrx_word' id='word_1_406' title='bbox 2998 2842 3343 2917; x_wconf 79' lang='lat' dir='ltr'>Alamannis</span> <span class='ocrx_word' id='word_1_407' title='bbox 3373 2854 3557 2912; x_wconf 89' lang='lat' dir='ltr'>usque</span> <span class='ocrx_word' id='word_1_408' title='bbox 3585 2838 3653 2895; x_wconf 91' lang='lat' dir='ltr'>ad</span> <span class='ocrx_word' id='word_1_409' title='bbox 3685 2835 3909 2893; x_wconf 84' lang='lat' dir='ltr'>Tradu-</span> 
     </span>
    </p>
   </div>
   <div class='ocr_carea' id='block_1_58' title="bbox 2199 2927 3909 3008">
    <p class='ocr_par' dir='ltr' id='par_1_58' title="bbox 2199 2927 3909 3008">
     <span class='ocr_line' id='line_1_58' title="bbox 2199 2927 3909 3008; baseline -0.008 -12"><span class='ocrx_word' id='word_1_410' title='bbox 2199 2945 2347 2995; x_wconf 90' lang='lat' dir='ltr'>ctam</span> <span class='ocrx_word' id='word_1_411' title='bbox 2379 2938 2417 3008; x_wconf 68' lang='grc' dir='ltr'>ί,</span> <span class='ocrx_word' id='word_1_412' title='bbox 2457 2937 2695 2994; x_wconf 91' lang='lat' dir='ltr'>transito</span> <span class='ocrx_word' id='word_1_413' title='bbox 2726 2937 2873 2993; x_wconf 90' lang='lat' dir='ltr'>mari</span> <span class='ocrx_word' id='word_1_414' title='bbox 2912 2932 3159 2991; x_wconf 88' lang='lat' dir='ltr'>Vandali</span> <span class='ocrx_word' id='word_1_415' title='bbox 3208 2947 3308 3005; x_wconf 92' lang='lat' dir='ltr'>per</span> <span class='ocrx_word' id='word_1_416' title='bbox 3343 2936 3519 2987; x_wconf 89' lang='lat' dir='ltr'>totam</span> <span class='ocrx_word' id='word_1_417' title='bbox 3552 2927 3809 2986; x_wconf 85' lang='lat' dir='ltr'>Africam</span> <span class='ocrx_word' id='word_1_418' title='bbox 3836 2940 3909 2982; x_wconf 88' lang='lat' dir='ltr'>ac</span> 
     </span>
    </p>
   </div>
   <div class='ocr_carea' id='block_1_59' title="bbox 406 3013 3066 3123">
    <p class='ocr_par' dir='ltr' id='par_1_59' title="bbox 406 3013 3066 3123">
     <span class='ocr_line' id='line_1_59' title="bbox 406 3013 3066 3123; baseline 0.005 -53"><span class='ocrx_word' id='word_1_419' title='bbox 406 3013 745 3115; x_wconf 80' lang='lat' dir='ltr'>scandalum</span> <span class='ocrx_word' id='word_1_420' title='bbox 772 3017 923 3123; x_wconf 76' lang='lat' dir='ltr'>inter</span> <span class='ocrx_word' id='word_1_421' title='bbox 953 3024 1266 3095; x_wconf 89' lang='lat' dir='ltr'>utrumque</span> <span class='ocrx_word' id='word_1_422' title='bbox 1297 3023 1481 3081; x_wconf 90' lang='lat' dir='ltr'>oritur</span> <span class='ocrx_word' id='word_1_423' title='bbox 1502 3025 1805 3097; x_wconf 90' lang='lat' dir='ltr'>populum,</span> <span class='ocrx_word' id='word_1_424' title='bbox 1838 3028 2113 3099; x_wconf 90' lang='lat' dir='ltr'>quoniam</span> <span class='ocrx_word' id='word_1_425' title='bbox 2134 3063 2177 3123; x_wconf 68' lang='grc' dir='ltr'>Ο</span> <span class='ocrx_word' id='word_1_426' title='bbox 2198 3029 2609 3088; x_wconf 83' lang='lat' dir='ltr'>Mauritaniam</span> <span class='ocrx_word' id='word_1_427' title='bbox 2638 3034 2775 3086; x_wconf 89' lang='lat' dir='ltr'>sunt</span> <span class='ocrx_word' id='word_1_428' title='bbox 2803 3025 3066 3100; x_wconf 91' lang='lat' dir='ltr'>dispersi.</span> 
     </span>
    </p>
   </div>
   <div class='ocr_carea' id='block_1_60' title="bbox 410 3104 2114 3188">
    <p class='ocr_par' dir='ltr' id='par_1_60' title="bbox 410 3104 2114 3188">
     <span class='ocr_line' id='line_1_60' title="bbox 410 3104 2114 3188; baseline 0.008 -28"><span class='ocrx_word' id='word_1_429' title='bbox 410 3104 727 3178; x_wconf 89' lang='lat' dir='ltr'>propinqui</span> <span class='ocrx_word' id='word_1_430' title='bbox 757 3105 868 3165; x_wconf 89' lang='lat' dir='ltr'>sibi</span> <span class='ocrx_word' id='word_1_431' title='bbox 894 3116 1075 3166; x_wconf 86' lang='lat' dir='ltr'>erant.</span> <span class='ocrx_word' id='word_1_432' title='bbox 1110 3110 1389 3187; x_wconf 74' lang='lat' dir='ltr'>Cumque&quot;</span> <span class='ocrx_word' id='word_1_433' title='bbox 1408 3111 1478 3169; x_wconf 87' lang='lat' dir='ltr'>ad</span> <span class='ocrx_word' id='word_1_434' title='bbox 1501 3112 1721 3173; x_wconf 89' lang='lat' dir='ltr'>bellum</span> <span class='ocrx_word' id='word_1_435' title='bbox 1748 3114 1954 3172; x_wconf 86' lang='lat' dir='ltr'>armati</span> <span class='ocrx_word' id='word_1_436' title='bbox 1980 3131 2114 3188; x_wconf 91' lang='lat' dir='ltr'>pro-</span> 
     </span>
    </p>
   </div>
   <div class='ocr_carea' id='block_1_61' title="bbox 409 3193 2112 3277">
    <p class='ocr_par' dir='ltr' id='par_1_61' title="bbox 409 3193 2112 3277">
     <span class='ocr_line' id='line_1_61' title="bbox 409 3193 2112 3277; baseline 0.008 -30"><span class='ocrx_word' id='word_1_437' title='bbox 409 3193 696 3265; x_wconf 87' lang='lat' dir='ltr'>cederent,</span> <span class='ocrx_word' id='word_1_438' title='bbox 755 3210 821 3251; x_wconf 93' lang='lat' dir='ltr'>ac</span> <span class='ocrx_word' id='word_1_439' title='bbox 866 3196 1225 3273; x_wconf 88' lang='lat' dir='ltr'>jamjamquc</span> <span class='ocrx_word' id='word_1_440' title='bbox 1279 3200 1341 3258; x_wconf 88' lang='lat' dir='ltr'>in</span> <span class='ocrx_word' id='word_1_441' title='bbox 1390 3202 1658 3260; x_wconf 88' lang='lat' dir='ltr'>conﬂictu</span> <span class='ocrx_word' id='word_1_442' title='bbox 1694 3204 1876 3275; x_wconf 87' lang='lat' dir='ltr'>parati</span> <span class='ocrx_word' id='word_1_443' title='bbox 1904 3211 2112 3277; x_wconf 88' lang='lat' dir='ltr'>essent,</span> 
     </span>
    </p>
   </div>
   <div class='ocr_carea' id='block_1_62' title="bbox 404 3282 2111 3369">
    <p class='ocr_par' dir='ltr' id='par_1_62' title="bbox 404 3282 2111 3369">
     <span class='ocr_line' id='line_1_62' title="bbox 404 3282 2111 3369; baseline 0.007 -29"><span class='ocrx_word' id='word_1_444' title='bbox 404 3282 485 3341; x_wconf 88' lang='lat' dir='ltr'>ait</span> <span class='ocrx_word' id='word_1_445' title='bbox 515 3283 980 3347; x_wconf 83' lang='lat' dir='ltr'>Alamannorum</span> <span class='ocrx_word' id='word_1_446' title='bbox 1000 3306 1104 3347; x_wconf 87' lang='lat' dir='ltr'>rex</span> <span class='ocrx_word' id='word_1_447' title='bbox 1136 3314 1148 3348; x_wconf 89' lang='lat'><strong>:</strong></span> <span class='ocrx_word' id='word_1_448' title='bbox 1181 3290 1494 3365; x_wconf 89' lang='lat' dir='ltr'>Quousque</span> <span class='ocrx_word' id='word_1_449' title='bbox 1522 3293 1744 3351; x_wconf 87' lang='lat' dir='ltr'>bellum</span> <span class='ocrx_word' id='word_1_450' title='bbox 1775 3310 1947 3369; x_wconf 89' lang='lat' dir='ltr'>super</span> <span class='ocrx_word' id='word_1_451' title='bbox 1969 3310 2111 3354; x_wconf 87' lang='lat' dir='ltr'>cun-</span> 
     </span>
    </p>
   </div>
   <div class='ocr_carea' id='block_1_63' title="bbox 408 3374 2115 3457">
    <p class='ocr_par' dir='ltr' id='par_1_63' title="bbox 408 3374 2115 3457">
     <span class='ocr_line' id='line_1_63' title="bbox 408 3374 2115 3457; baseline 0.007 -27"><span class='ocrx_word' id='word_1_452' title='bbox 408 3380 569 3430; x_wconf 91' lang='lat' dir='ltr'>etum</span> <span class='ocrx_word' id='word_1_453' title='bbox 599 3374 885 3448; x_wconf 92' lang='lat' dir='ltr'>populum</span> <span class='ocrx_word' id='word_1_454' title='bbox 913 3386 1345 3437; x_wconf 83' lang='lat' dir='ltr'>commovetur?</span> <span class='ocrx_word' id='word_1_455' title='bbox 1374 3380 1456 3438; x_wconf 92' lang='lat' dir='ltr'>Ne</span> <span class='ocrx_word' id='word_1_456' title='bbox 1485 3388 1743 3453; x_wconf 87' lang='lat' dir='ltr'>pereant,</span> <span class='ocrx_word' id='word_1_457' title='bbox 1774 3398 1989 3457; x_wconf 90' lang='lat' dir='ltr'>quaso,</span> <span class='ocrx_word' id='word_1_458' title='bbox 2019 3399 2115 3456; x_wconf 84' lang='lat' dir='ltr'>po-</span> 
     </span>
    </p>
   </div>
   <div class='ocr_carea' id='block_1_64' title="bbox 407 3460 2117 3540">
    <p class='ocr_par' dir='ltr' id='par_1_64' title="bbox 407 3460 2117 3540">
     <span class='ocr_line' id='line_1_64' title="bbox 407 3460 2117 3540; baseline 0.006 -22"><span class='ocrx_word' id='word_1_459' title='bbox 407 3460 531 3533; x_wconf 92' lang='lat' dir='ltr'>puli</span> <span class='ocrx_word' id='word_1_460' title='bbox 568 3462 882 3538; x_wconf 87' lang='lat' dir='ltr'>utriusque</span> <span class='ocrx_word' id='word_1_461' title='bbox 919 3465 1223 3539; x_wconf 87' lang='lat' dir='ltr'>phalanga</span> <span class='ocrx_word' id='word_1_462' title='bbox 1254 3486 1267 3523; x_wconf 87' lang='lat'><strong>:</strong></span> <span class='ocrx_word' id='word_1_463' title='bbox 1308 3467 1404 3524; x_wconf 85' lang='lat' dir='ltr'>sed</span> <span class='ocrx_word' id='word_1_464' title='bbox 1437 3468 1742 3540; x_wconf 87' lang='lat' dir='ltr'>procedant</span> <span class='ocrx_word' id='word_1_465' title='bbox 1767 3469 1882 3527; x_wconf 92' lang='lat' dir='ltr'>duo</span> <span class='ocrx_word' id='word_1_466' title='bbox 1911 3472 1982 3528; x_wconf 91' lang='lat' dir='ltr'>de</span> <span class='ocrx_word' id='word_1_467' title='bbox 2016 3486 2117 3528; x_wconf 93' lang='lat' dir='ltr'>no-</span> 
     </span>
    </p>
   </div>
   <div class='ocr_carea' id='block_1_65' title="bbox 408 3548 2119 3639">
    <p class='ocr_par' dir='ltr' id='par_1_65' title="bbox 408 3548 2119 3639">
     <span class='ocr_line' id='line_1_65' title="bbox 408 3548 2119 3639; baseline 0.009 -35"><span class='ocrx_word' id='word_1_468' title='bbox 408 3548 549 3639; x_wconf 88' lang='lat' dir='ltr'>stris</span> <span class='ocrx_word' id='word_1_469' title='bbox 566 3549 628 3639; x_wconf 86' lang='lat' dir='ltr'>in</span> <span class='ocrx_word' id='word_1_470' title='bbox 667 3566 941 3639; x_wconf 74' lang='lat' dir='ltr'>campum</span> <span class='ocrx_word' id='word_1_471' title='bbox 992 3568 1129 3611; x_wconf 91' lang='lat' dir='ltr'>cum</span> <span class='ocrx_word' id='word_1_472' title='bbox 1158 3555 1336 3612; x_wconf 91' lang='lat' dir='ltr'>armis</span> <span class='ocrx_word' id='word_1_473' title='bbox 1364 3555 1605 3627; x_wconf 87' lang='lat' dir='ltr'>bellicis,</span> <span class='ocrx_word' id='word_1_474' title='bbox 1642 3564 1696 3614; x_wconf 91' lang='lat' dir='ltr'>et</span> <span class='ocrx_word' id='word_1_475' title='bbox 1725 3557 1836 3631; x_wconf 90' lang='lat' dir='ltr'>ipsi</span> <span class='ocrx_word' id='word_1_476' title='bbox 1872 3560 2028 3618; x_wconf 89' lang='lat' dir='ltr'>inter</span> <span class='ocrx_word' id='word_1_477' title='bbox 2059 3577 2119 3619; x_wconf 89' lang='lat' dir='ltr'>se</span> 
     </span>
    </p>
   </div>
   <div class='ocr_carea' id='block_1_66' title="bbox 408 3638 2118 3724">
    <p class='ocr_par' dir='ltr' id='par_1_66' title="bbox 408 3638 2118 3724">
     <span class='ocr_line' id='line_1_66' title="bbox 408 3638 2118 3724; baseline 0.009 -30"><span class='ocrx_word' id='word_1_478' title='bbox 408 3638 943 3711; x_wconf 27' lang='lat' dir='ltr'>eonﬂigant..Tunc</span> <span class='ocrx_word' id='word_1_479' title='bbox 987 3643 1108 3716; x_wconf 87' lang='lat' dir='ltr'>ille,</span> <span class='ocrx_word' id='word_1_480' title='bbox 1163 3647 1329 3719; x_wconf 90' lang='lat' dir='ltr'>cujus</span> <span class='ocrx_word' id='word_1_481' title='bbox 1379 3663 1523 3719; x_wconf 89' lang='lat' dir='ltr'>puer</span> <span class='ocrx_word' id='word_1_482' title='bbox 1552 3648 1774 3721; x_wconf 88' lang='lat' dir='ltr'>vicerit,</span> <span class='ocrx_word' id='word_1_483' title='bbox 1822 3651 2118 3724; x_wconf 84' lang='lat' dir='ltr'>regionem</span> 
     </span>
    </p>
   </div>
   <div class='ocr_carea' id='block_1_67' title="bbox 409 3728 2119 3801">
    <p class='ocr_par' dir='ltr' id='par_1_67' title="bbox 409 3728 2119 3801">
     <span class='ocr_line' id='line_1_67' title="bbox 409 3728 2119 3801; baseline 0.009 -16"><span class='ocrx_word' id='word_1_484' title='bbox 409 3728 537 3787; x_wconf 91' lang='lat' dir='ltr'>sine</span> <span class='ocrx_word' id='word_1_485' title='bbox 588 3733 901 3791; x_wconf 88' lang='lat' dir='ltr'>certamine</span> <span class='ocrx_word' id='word_1_486' title='bbox 951 3734 1248 3794; x_wconf 88' lang='lat' dir='ltr'>obtinebit.</span> <span class='ocrx_word' id='word_1_487' title='bbox 1283 3737 1373 3795; x_wconf 90' lang='lat' dir='ltr'>Ad</span> <span class='ocrx_word' id='word_1_488' title='bbox 1402 3738 1527 3796; x_wconf 89' lang='lat' dir='ltr'>hac</span> <span class='ocrx_word' id='word_1_489' title='bbox 1556 3748 1799 3800; x_wconf 91' lang='lat' dir='ltr'>cunctus</span> <span class='ocrx_word' id='word_1_490' title='bbox 1825 3744 2119 3801; x_wconf 90' lang='lat' dir='ltr'>consensit</span> 
     </span>
    </p>
   </div>
   <div class='ocr_carea' id='block_1_68' title="bbox 413 3817 2110 3904">
    <p class='ocr_par' dir='ltr' id='par_1_68' title="bbox 413 3817 2110 3904">
     <span class='ocr_line' id='line_1_68' title="bbox 413 3817 2110 3904; baseline 0.008 -29"><span class='ocrx_word' id='word_1_491' title='bbox 413 3817 678 3891; x_wconf 90' lang='lat' dir='ltr'>populus,</span> <span class='ocrx_word' id='word_1_492' title='bbox 713 3836 788 3879; x_wconf 91' lang='lat' dir='ltr'>ne</span> <span class='ocrx_word' id='word_1_493' title='bbox 835 3823 1107 3881; x_wconf 90' lang='lat' dir='ltr'>universa</span> <span class='ocrx_word' id='word_1_494' title='bbox 1133 3824 1446 3885; x_wconf 91' lang='lat' dir='ltr'>multitudo</span> <span class='ocrx_word' id='word_1_495' title='bbox 1476 3829 1538 3886; x_wconf 92' lang='lat' dir='ltr'>in</span> <span class='ocrx_word' id='word_1_496' title='bbox 1567 3844 1664 3887; x_wconf 91' lang='lat' dir='ltr'>ore</span> <span class='ocrx_word' id='word_1_497' title='bbox 1692 3830 1869 3904; x_wconf 84' lang='lat' dir='ltr'>gladii</span> <span class='ocrx_word' id='word_1_498' title='bbox 1900 3838 2110 3889; x_wconf 88' lang='lat' dir='ltr'>rueret.</span> 
     </span>
    </p>
   </div>
   <div class='ocr_carea' id='block_1_69' title="bbox 412 3909 2113 3995">
    <p class='ocr_par' dir='ltr' id='par_1_69' title="bbox 412 3909 2113 3995">
     <span class='ocr_line' id='line_1_69' title="bbox 412 3909 2113 3995; baseline 0.008 -28"><span class='ocrx_word' id='word_1_499' title='bbox 412 3909 520 3967; x_wconf 89' lang='lat' dir='ltr'>His</span> <span class='ocrx_word' id='word_1_500' title='bbox 534 3910 693 3969; x_wconf 89' lang='lat' dir='ltr'>enim</span> <span class='ocrx_word' id='word_1_501' title='bbox 713 3913 918 3972; x_wconf 91' lang='lat' dir='ltr'>diebus</span> <span class='ocrx_word' id='word_1_502' title='bbox 940 3914 1301 3975; x_wconf 87' lang='lat' dir='ltr'>Gunderieus</span> <span class='ocrx_word' id='word_1_503' title='bbox 1322 3934 1426 3976; x_wconf 80' lang='lat' dir='ltr'>rex</span> <span class='ocrx_word' id='word_1_504' title='bbox 1451 3918 1690 3992; x_wconf 89' lang='lat' dir='ltr'>obierat,</span> <span class='ocrx_word' id='word_1_505' title='bbox 1708 3921 1769 3979; x_wconf 92' lang='lat' dir='ltr'>in</span> <span class='ocrx_word' id='word_1_506' title='bbox 1798 3922 1966 3995; x_wconf 91' lang='lat' dir='ltr'>cujus</span> <span class='ocrx_word' id='word_1_507' title='bbox 1990 3922 2113 3981; x_wconf 92' lang='lat' dir='ltr'>loco</span> 
     </span>
    </p>
   </div>
   <div class='ocr_carea' id='block_1_70' title="bbox 412 3998 2114 4087">
    <p class='ocr_par' dir='ltr' id='par_1_70' title="bbox 412 3998 2114 4087">
     <span class='ocr_line' id='line_1_70' title="bbox 412 3998 2114 4087; baseline 0.009 -31"><span class='ocrx_word' id='word_1_508' title='bbox 412 3998 851 4062; x_wconf 88' lang='lat' dir='ltr'>Trasamundus</span> <span class='ocrx_word' id='word_1_509' title='bbox 884 4006 910 4041; x_wconf 73' lang='grc' dir='ltr'>ά</span> <span class='ocrx_word' id='word_1_510' title='bbox 940 4005 1269 4066; x_wconf 86' lang='lat' dir='ltr'>obtinuerat</span> <span class='ocrx_word' id='word_1_511' title='bbox 1326 4023 1593 4082; x_wconf 84' lang='lat' dir='ltr'>regnum.</span> <span class='ocrx_word' id='word_1_512' title='bbox 1655 4010 2114 4087; x_wconf 89' lang='lat' dir='ltr'>Conﬂigentibus</span> 
     </span>
    </p>
   </div>
   <div class='ocr_carea' id='block_1_71' title="bbox 412 4093 2116 4174">
    <p class='ocr_par' dir='ltr' id='par_1_71' title="bbox 412 4093 2116 4174">
     <span class='ocr_line' id='line_1_71' title="bbox 412 4093 2116 4174; baseline 0.008 -26"><span class='ocrx_word' id='word_1_513' title='bbox 412 4106 551 4149; x_wconf 92' lang='lat' dir='ltr'>vero</span> <span class='ocrx_word' id='word_1_514' title='bbox 579 4093 791 4165; x_wconf 92' lang='lat' dir='ltr'>pueris,</span> <span class='ocrx_word' id='word_1_515' title='bbox 816 4097 951 4166; x_wconf 86' lang='lat' dir='ltr'>&#39;pars</span> <span class='ocrx_word' id='word_1_516' title='bbox 984 4094 1375 4157; x_wconf 87' lang='lat' dir='ltr'>Vandalorum</span> <span class='ocrx_word' id='word_1_517' title='bbox 1400 4099 1549 4157; x_wconf 91' lang='lat' dir='ltr'>victa</span> <span class='ocrx_word' id='word_1_518' title='bbox 1575 4102 1916 4174; x_wconf 89' lang='lat' dir='ltr'>succubuit;</span> <span class='ocrx_word' id='word_1_519' title='bbox 1946 4104 2116 4162; x_wconf 89' lang='lat' dir='ltr'>inter-</span> 
     </span>
    </p>
   </div>
   <div class='ocr_carea' id='block_1_72' title="bbox 408 4186 2119 4264">
    <p class='ocr_par' dir='ltr' id='par_1_72' title="bbox 408 4186 2119 4264">
     <span class='ocr_line' id='line_1_72' title="bbox 408 4186 2119 4264; baseline 0.008 -20"><span class='ocrx_word' id='word_1_520' title='bbox 408 4186 678 4261; x_wconf 90' lang='lat' dir='ltr'>fectoque</span> <span class='ocrx_word' id='word_1_521' title='bbox 715 4202 914 4261; x_wconf 90' lang='lat' dir='ltr'>puero,</span> <span class='ocrx_word' id='word_1_522' title='bbox 964 4188 1247 4263; x_wconf 88' lang='lat' dir='ltr'>placitum</span> <span class='ocrx_word' id='word_1_523' title='bbox 1292 4192 1625 4264; x_wconf 88' lang='lat' dir='ltr'>egrediendi</span> <span class='ocrx_word' id='word_1_524' title='bbox 1680 4194 2119 4257; x_wconf 89' lang='lat' dir='ltr'>Trasamundus</span> 
     </span>
    </p>
   </div>
   <div class='ocr_carea' id='block_1_73' title="bbox 409 4371 2118 4445">
    <p class='ocr_par' dir='ltr' id='par_1_73' title="bbox 409 4371 2118 4445">
     <span class='ocr_line' id='line_1_73' title="bbox 409 4371 2118 4445; baseline 0.008 -25"><span class='ocrx_word' id='word_1_525' title='bbox 409 4372 603 4433; x_wconf 85' lang='lat' dir='ltr'>postea</span> <span class='ocrx_word' id='word_1_526' title='bbox 648 4371 1093 4445; x_wconf 85' lang='lat' dir='ltr'>Schireburnensi</span> <span class='ocrx_word' id='word_1_527' title='bbox 1139 4377 1412 4441; x_wconf 85' lang='lat' dir='ltr'>episcopo,</span> <span class='ocrx_word' id='word_1_528' title='bbox 1469 4382 1527 4430; x_wconf 91' lang='lat' dir='ltr'>ut</span> <span class='ocrx_word' id='word_1_529' title='bbox 1581 4380 1635 4430; x_wconf 91' lang='lat' dir='ltr'>in</span> <span class='ocrx_word' id='word_1_530' title='bbox 1691 4382 1811 4445; x_wconf 83' lang='lat' dir='ltr'>ejus</span> <span class='ocrx_word' id='word_1_531' title='bbox 1842 4380 1952 4432; x_wconf 81' lang='lat' dir='ltr'>Vita</span> <span class='ocrx_word' id='word_1_532' title='bbox 1987 4393 2118 4433; x_wconf 88' lang='lat' dir='ltr'>nar-</span> 
     </span>
    </p>
   </div>
   <div class='ocr_carea' id='block_1_74' title="bbox 2274 3106 3907 3193">
    <p class='ocr_par' dir='ltr' id='par_1_74' title="bbox 2274 3106 3907 3193">
     <span class='ocr_line' id='line_1_74' title="bbox 2274 3106 3907 3193; baseline -0.009 -15"><span class='ocrx_word' id='word_1_533' title='bbox 2274 3121 2378 3183; x_wconf 92' lang='lat' dir='ltr'>III.</span> <span class='ocrx_word' id='word_1_534' title='bbox 2433 3118 2542 3179; x_wconf 91' lang='lat' dir='ltr'>Sed</span> <span class='ocrx_word' id='word_1_535' title='bbox 2595 3120 2872 3193; x_wconf 89' lang='lat' dir='ltr'>quoniam</span> <span class='ocrx_word' id='word_1_536' title='bbox 2926 3132 3125 3175; x_wconf 90' lang='lat' dir='ltr'>eorum</span> <span class='ocrx_word' id='word_1_537' title='bbox 3181 3122 3434 3187; x_wconf 90' lang='lat' dir='ltr'>tempore</span> <span class='ocrx_word' id='word_1_538' title='bbox 3488 3106 3809 3185; x_wconf 86' lang='lat' dir='ltr'>persecutio</span> <span class='ocrx_word' id='word_1_539' title='bbox 3840 3106 3907 3163; x_wconf 88' lang='lat' dir='ltr'>in</span> 
     </span>
    </p>
   </div>
   <div class='ocr_carea' id='block_1_75' title="bbox 2203 3200 3905 3279">
    <p class='ocr_par' dir='ltr' id='par_1_75' title="bbox 2203 3200 3905 3279">
     <span class='ocr_line' id='line_1_75' title="bbox 2203 3200 3905 3279; baseline -0.011 -8"><span class='ocrx_word' id='word_1_540' title='bbox 2203 3212 2560 3271; x_wconf 90' lang='lat' dir='ltr'>Christianos</span> <span class='ocrx_word' id='word_1_541' title='bbox 2588 3208 2860 3279; x_wconf 89' lang='lat' dir='ltr'>invaluit,</span> <span class='ocrx_word' id='word_1_542' title='bbox 2892 3206 3040 3265; x_wconf 91' lang='lat' dir='ltr'>sicut</span> <span class='ocrx_word' id='word_1_543' title='bbox 3070 3205 3340 3278; x_wconf 89' lang='lat' dir='ltr'>superius</span> <span class='ocrx_word' id='word_1_544' title='bbox 3368 3201 3587 3260; x_wconf 88' lang='lat' dir='ltr'>mentio</span> <span class='ocrx_word' id='word_1_545' title='bbox 3620 3200 3765 3256; x_wconf 87' lang='lat' dir='ltr'>facta</span> <span class='ocrx_word' id='word_1_546' title='bbox 3795 3200 3905 3268; x_wconf 85' lang='lat' dir='ltr'>est,</span> 
     </span>
    </p>
   </div>
   <div class='ocr_carea' id='block_1_76' title="bbox 2201 3286 3906 3371">
    <p class='ocr_par' dir='ltr' id='par_1_76' title="bbox 2201 3286 3906 3371">
     <span class='ocr_line' id='line_1_76' title="bbox 2201 3286 3906 3371; baseline -0.011 -11"><span class='ocrx_word' id='word_1_547' title='bbox 2201 3303 2434 3361; x_wconf 90' lang='lat' dir='ltr'>videtur</span> <span class='ocrx_word' id='word_1_548' title='bbox 2461 3305 2516 3357; x_wconf 91' lang='lat' dir='ltr'>et</span> <span class='ocrx_word' id='word_1_549' title='bbox 2544 3298 2740 3371; x_wconf 89' lang='lat' dir='ltr'>aliqua</span> <span class='ocrx_word' id='word_1_550' title='bbox 2783 3311 2859 3354; x_wconf 83' lang='lat' dir='ltr'>ex</span> <span class='ocrx_word' id='word_1_551' title='bbox 2906 3296 2999 3354; x_wconf 91' lang='lat' dir='ltr'>his</span> <span class='ocrx_word' id='word_1_552' title='bbox 3041 3310 3171 3368; x_wconf 89' lang='lat' dir='ltr'>qua</span> <span class='ocrx_word' id='word_1_553' title='bbox 3201 3294 3349 3351; x_wconf 90' lang='lat' dir='ltr'>circa</span> <span class='ocrx_word' id='word_1_554' title='bbox 3381 3289 3485 3350; x_wconf 90' lang='lat' dir='ltr'>Dei</span> <span class='ocrx_word' id='word_1_555' title='bbox 3513 3286 3783 3347; x_wconf 90' lang='lat' dir='ltr'>ecclesias</span> <span class='ocrx_word' id='word_1_556' title='bbox 3820 3286 3906 3342; x_wconf 92' lang='lat' dir='ltr'>in-</span> 
     </span>
    </p>
   </div>
   <div class='ocr_carea' id='block_1_77' title="bbox 2202 3374 3902 3459">
    <p class='ocr_par' dir='ltr' id='par_1_77' title="bbox 2202 3374 3902 3459">
     <span class='ocr_line' id='line_1_77' title="bbox 2202 3374 3902 3459; baseline -0.011 -11"><span class='ocrx_word' id='word_1_557' title='bbox 2202 3391 2479 3457; x_wconf 84' lang='lat' dir='ltr'>tulerunt,</span> <span class='ocrx_word' id='word_1_558' title='bbox 2511 3388 2603 3457; x_wconf 85' lang='lat' dir='ltr'>vel</span> <span class='ocrx_word' id='word_1_559' title='bbox 2658 3384 3155 3459; x_wconf 87' lang='lat' dir='ltr'>quemadmodum</span> <span class='ocrx_word' id='word_1_560' title='bbox 3198 3382 3268 3440; x_wconf 93' lang='lat' dir='ltr'>de</span> <span class='ocrx_word' id='word_1_561' title='bbox 3303 3395 3481 3454; x_wconf 89' lang='lat' dir='ltr'>regno</span> <span class='ocrx_word' id='word_1_562' title='bbox 3508 3374 3741 3449; x_wconf 82' lang='lat' dir='ltr'>expulsi</span> <span class='ocrx_word' id='word_1_563' title='bbox 3766 3374 3902 3443; x_wconf 90' lang='lat' dir='ltr'>sint,</span> 
     </span>
    </p>
   </div>
   <div class='ocr_carea' id='block_1_78' title="bbox 2201 3463 3906 3547">
    <p class='ocr_par' dir='ltr' id='par_1_78' title="bbox 2201 3463 3906 3547">
     <span class='ocr_line' id='line_1_78' title="bbox 2201 3463 3906 3547; baseline -0.011 -9"><span class='ocrx_word' id='word_1_564' title='bbox 2201 3492 2540 3538; x_wconf 86' lang='lat' dir='ltr'>memorare.</span> <span class='ocrx_word' id='word_1_565' title='bbox 2578 3476 2856 3534; x_wconf 88' lang='lat' dir='ltr'>Defuncto</span> <span class='ocrx_word' id='word_1_566' title='bbox 2882 3474 3060 3547; x_wconf 86' lang='lat' dir='ltr'>igitur</span> <span class='ocrx_word' id='word_1_567' title='bbox 3086 3469 3505 3537; x_wconf 88' lang='lat' dir='ltr'>Trasamundo,</span> <span class='ocrx_word' id='word_1_568' title='bbox 3534 3472 3661 3541; x_wconf 88' lang='lat' dir='ltr'>post</span> <span class='ocrx_word' id='word_1_569' title='bbox 3687 3463 3906 3523; x_wconf 87' lang='lat' dir='ltr'>scelera</span> 
     </span>
    </p>
   </div>
   <div class='ocr_carea' id='block_1_79' title="bbox 2200 3560 3908 3645">
    <p class='ocr_par' dir='ltr' id='par_1_79' title="bbox 2200 3560 3908 3645">
     <span class='ocr_line' id='line_1_79' title="bbox 2200 3560 3908 3645; baseline -0.011 -16"><span class='ocrx_word' id='word_1_570' title='bbox 2200 3586 2333 3645; x_wconf 81' lang='lat' dir='ltr'>qua</span> <span class='ocrx_word' id='word_1_571' title='bbox 2356 3568 2415 3624; x_wconf 91' lang='lat' dir='ltr'>in</span> <span class='ocrx_word' id='word_1_572' title='bbox 2449 3565 2661 3624; x_wconf 85' lang='lat' dir='ltr'>sanctis</span> <span class='ocrx_word' id='word_1_573' title='bbox 2706 3564 2808 3622; x_wconf 93' lang='lat' dir='ltr'>Dei</span> <span class='ocrx_word' id='word_1_574' title='bbox 2835 3563 3116 3632; x_wconf 82' lang='lat' dir='ltr'>exercuit,</span> <span class='ocrx_word' id='word_1_575' title='bbox 3148 3560 3482 3619; x_wconf 90' lang='lat' dir='ltr'>Hunericus</span> <span class='ocrx_word' id='word_1_576' title='bbox 3511 3568 3537 3604; x_wconf 77' lang='grc' dir='ltr'>ε</span> <span class='ocrx_word' id='word_1_577' title='bbox 3559 3561 3753 3645; x_wconf 84' lang='lat' dir='ltr'>mente</span> <span class='ocrx_word' id='word_1_578' title='bbox 3774 3568 3908 3645; x_wconf 81' lang='lat' dir='ltr'>eru-</span> 
     </span>
    </p>
   </div>
   <div class='ocr_carea' id='block_1_80' title="bbox 2200 3643 3906 3727">
    <p class='ocr_par' dir='ltr' id='par_1_80' title="bbox 2200 3643 3906 3727">
     <span class='ocr_line' id='line_1_80' title="bbox 2200 3643 3906 3727; baseline -0.01 -12"><span class='ocrx_word' id='word_1_579' title='bbox 2200 3643 2382 3715; x_wconf 88' lang='lat' dir='ltr'>delior</span> <span class='ocrx_word' id='word_1_580' title='bbox 2404 3654 2748 3713; x_wconf 83' lang='lat' dir='ltr'>Africanum</span> <span class='ocrx_word' id='word_1_581' title='bbox 2764 3659 3003 3727; x_wconf 89' lang='lat' dir='ltr'>occupat</span> <span class='ocrx_word' id='word_1_582' title='bbox 3026 3667 3292 3725; x_wconf 84' lang='lat' dir='ltr'>regnum,</span> <span class='ocrx_word' id='word_1_583' title='bbox 3321 3656 3492 3723; x_wconf 90' lang='lat' dir='ltr'>atque</span> <span class='ocrx_word' id='word_1_584' title='bbox 3520 3661 3595 3704; x_wconf 85' lang='lat' dir='ltr'>ex</span> <span class='ocrx_word' id='word_1_585' title='bbox 3622 3643 3906 3703; x_wconf 91' lang='lat' dir='ltr'>electione</span> 
     </span>
    </p>
   </div>
   <div class='ocr_carea' id='block_1_81' title="bbox 2203 3732 3905 3816">
    <p class='ocr_par' dir='ltr' id='par_1_81' title="bbox 2203 3732 3905 3816">
     <span class='ocr_line' id='line_1_81' title="bbox 2203 3732 3905 3816; baseline -0.011 -12"><span class='ocrx_word' id='word_1_586' title='bbox 2203 3743 2597 3803; x_wconf 88' lang='lat' dir='ltr'>Vandalorum</span> <span class='ocrx_word' id='word_1_587' title='bbox 2641 3743 2784 3816; x_wconf 88' lang='lat' dir='ltr'>ipsis</span> <span class='ocrx_word' id='word_1_588' title='bbox 2834 3740 3211 3814; x_wconf 87' lang='lat' dir='ltr'>praponitur.</span> <span class='ocrx_word' id='word_1_589' title='bbox 3268 3736 3448 3810; x_wconf 89' lang='lat' dir='ltr'>Cujus</span> <span class='ocrx_word' id='word_1_590' title='bbox 3492 3732 3602 3792; x_wconf 92' lang='lat' dir='ltr'>sub</span> <span class='ocrx_word' id='word_1_591' title='bbox 3646 3738 3905 3805; x_wconf 89' lang='lat' dir='ltr'>tempore</span> 
     </span>
    </p>
   </div>
   <div class='ocr_carea' id='block_1_82' title="bbox 2200 3819 3908 3904">
    <p class='ocr_par' dir='ltr' id='par_1_82' title="bbox 2200 3819 3908 3904">
     <span class='ocr_line' id='line_1_82' title="bbox 2200 3819 3908 3904; baseline -0.008 -16"><span class='ocrx_word' id='word_1_592' title='bbox 2200 3829 2402 3904; x_wconf 89' lang='lat' dir='ltr'>quanti</span> <span class='ocrx_word' id='word_1_593' title='bbox 2440 3830 2901 3887; x_wconf 86' lang='lat' dir='ltr'>Christianorum</span> <span class='ocrx_word' id='word_1_594' title='bbox 2942 3826 3142 3901; x_wconf 89' lang='lat' dir='ltr'>populi</span> <span class='ocrx_word' id='word_1_595' title='bbox 3173 3840 3275 3899; x_wconf 93' lang='lat' dir='ltr'>pro</span> <span class='ocrx_word' id='word_1_596' title='bbox 3305 3825 3430 3897; x_wconf 90' lang='lat' dir='ltr'>ipso</span> <span class='ocrx_word' id='word_1_597' title='bbox 3465 3819 3679 3880; x_wconf 87' lang='lat' dir='ltr'>Christi</span> <span class='ocrx_word' id='word_1_598' title='bbox 3720 3834 3908 3877; x_wconf 56' lang='lat' dir='ltr'>sacra.</span> 
     </span>
    </p>
   </div>
   <div class='ocr_carea' id='block_1_83' title="bbox 2202 3912 3909 3988">
    <p class='ocr_par' dir='ltr' id='par_1_83' title="bbox 2202 3912 3909 3988">
     <span class='ocr_line' id='line_1_83' title="bbox 2202 3912 3909 3988; baseline -0.007 -10"><span class='ocrx_word' id='word_1_599' title='bbox 2202 3919 2423 3978; x_wconf 89' lang='lat' dir='ltr'>tissimo</span> <span class='ocrx_word' id='word_1_600' title='bbox 2464 3920 2702 3977; x_wconf 91' lang='lat' dir='ltr'>nomine</span> <span class='ocrx_word' id='word_1_601' title='bbox 2743 3917 2876 3975; x_wconf 89' lang='lat' dir='ltr'>casi</span> <span class='ocrx_word' id='word_1_602' title='bbox 2922 3917 3058 3988; x_wconf 92' lang='lat' dir='ltr'>sint,</span> <span class='ocrx_word' id='word_1_603' title='bbox 3088 3916 3162 3973; x_wconf 90' lang='lat' dir='ltr'>ab</span> <span class='ocrx_word' id='word_1_604' title='bbox 3192 3912 3528 3973; x_wconf 90' lang='lat' dir='ltr'>hominibus</span> <span class='ocrx_word' id='word_1_605' title='bbox 3570 3924 3691 3967; x_wconf 91' lang='lat' dir='ltr'>non</span> <span class='ocrx_word' id='word_1_606' title='bbox 3725 3914 3909 3983; x_wconf 88' lang='lat' dir='ltr'>potest</span> 
     </span>
    </p>
   </div>
   <div class='ocr_carea' id='block_1_84' title="bbox 2197 3999 3908 4083">
    <p class='ocr_par' dir='ltr' id='par_1_84' title="bbox 2197 3999 3908 4083">
     <span class='ocr_line' id='line_1_84' title="bbox 2197 3999 3908 4083; baseline -0.01 -13"><span class='ocrx_word' id='word_1_607' title='bbox 2197 4009 2626 4083; x_wconf 89' lang='lat' dir='ltr'>comprehendi.</span> <span class='ocrx_word' id='word_1_608' title='bbox 2663 4008 2848 4066; x_wconf 89' lang='lat' dir='ltr'>Testis</span> <span class='ocrx_word' id='word_1_609' title='bbox 2887 4012 2972 4064; x_wconf 89' lang='lat' dir='ltr'>est</span> <span class='ocrx_word' id='word_1_610' title='bbox 3022 4012 3217 4063; x_wconf 88' lang='lat' dir='ltr'>tamen</span> <span class='ocrx_word' id='word_1_611' title='bbox 3253 4004 3447 4062; x_wconf 87' lang='lat' dir='ltr'>Africa</span> <span class='ocrx_word' id='word_1_612' title='bbox 3472 4016 3606 4075; x_wconf 88' lang='lat' dir='ltr'>qua</span> <span class='ocrx_word' id='word_1_613' title='bbox 3635 3999 3819 4070; x_wconf 89' lang='lat' dir='ltr'>misit,</span> <span class='ocrx_word' id='word_1_614' title='bbox 3851 4003 3908 4079; x_wconf 77' lang='lat' dir='ltr'>et</span> 
     </span>
    </p>
   </div>
   <div class='ocr_carea' id='block_1_85' title="bbox 2198 4087 3909 4171">
    <p class='ocr_par' dir='ltr' id='par_1_85' title="bbox 2198 4087 3909 4171">
     <span class='ocr_line' id='line_1_85' title="bbox 2198 4087 3909 4171; baseline -0.007 -12"><span class='ocrx_word' id='word_1_615' title='bbox 2198 4100 2410 4160; x_wconf 89' lang='lat' dir='ltr'>Christi</span> <span class='ocrx_word' id='word_1_616' title='bbox 2460 4101 2715 4163; x_wconf 85' lang='lat' dir='ltr'>dextera,</span> <span class='ocrx_word' id='word_1_617' title='bbox 2776 4112 2906 4171; x_wconf 88' lang='lat' dir='ltr'>qua</span> <span class='ocrx_word' id='word_1_618' title='bbox 2988 4095 3235 4169; x_wconf 89' lang='lat' dir='ltr'>gemmis</span> <span class='ocrx_word' id='word_1_619' title='bbox 3318 4087 3909 4151; x_wconf 88' lang='lat' dir='ltr'>immarcescibilibus</span> 
     </span>
    </p>
   </div>
   <div class='ocr_carea' id='block_1_86' title="bbox 2196 4180 3910 4259">
    <p class='ocr_par' dir='ltr' id='par_1_86' title="bbox 2196 4180 3910 4259">
     <span class='ocr_line' id='line_1_86' title="bbox 2196 4180 3910 4259; baseline -0.008 -8"><span class='ocrx_word' id='word_1_620' title='bbox 2196 4196 2293 4253; x_wconf 84' lang='lat'>46</span> <span class='ocrx_word' id='word_1_621' title='bbox 2320 4188 2634 4247; x_wconf 89' lang='lat' dir='ltr'>coronavit.</span> <span class='ocrx_word' id='word_1_622' title='bbox 2674 4186 2952 4259; x_wconf 87' lang='lat' dir='ltr'>Legimus</span> <span class='ocrx_word' id='word_1_623' title='bbox 3000 4192 3195 4243; x_wconf 90' lang='lat' dir='ltr'>tamen</span> <span class='ocrx_word' id='word_1_624' title='bbox 3225 4180 3614 4255; x_wconf 90' lang='lat' dir='ltr'>quorumdam</span> <span class='ocrx_word' id='word_1_625' title='bbox 3644 4180 3910 4253; x_wconf 88' lang='lat' dir='ltr'>ipsorum</span> 
     </span>
    </p>
   </div>
   <div class='ocr_carea' id='block_1_87' title="bbox 2263 4367 3907 4438">
    <p class='ocr_par' dir='ltr' id='par_1_87' title="bbox 2263 4367 3907 4438">
     <span class='ocr_line' id='line_1_87' title="bbox 2263 4367 3907 4438; baseline -0.005 -11"><span class='ocrx_word' id='word_1_626' title='bbox 2263 4384 2281 4405; x_wconf 85' lang='lat'><strong><em>°</em></strong></span> <span class='ocrx_word' id='word_1_627' title='bbox 2336 4376 2483 4427; x_wconf 88' lang='lat' dir='ltr'>Hanc</span> <span class='ocrx_word' id='word_1_628' title='bbox 2550 4374 2773 4438; x_wconf 86' lang='lat' dir='ltr'>Hispani</span> <span class='ocrx_word' id='word_1_629' title='bbox 2824 4372 3099 4437; x_wconf 89' lang='lat' dir='ltr'>appellant</span> <span class='ocrx_word' id='word_1_630' title='bbox 3151 4371 3495 4429; x_wconf 69' lang='lat' dir='ltr'>Vincentium,</span> <span class='ocrx_word' id='word_1_631' title='bbox 3550 4381 3713 4433; x_wconf 84' lang='lat' dir='ltr'>quam</span> <span class='ocrx_word' id='word_1_632' title='bbox 3766 4367 3907 4419; x_wconf 75' lang='lat' dir='ltr'>Cau-</span> 
     </span>
    </p>
   </div>
   <div class='ocr_carea' id='block_1_88' title="bbox 410 4438 3907 4512">
    <p class='ocr_par' dir='ltr' id='par_1_88' title="bbox 410 4438 3907 4512">
     <span class='ocr_line' id='line_1_88' title="bbox 410 4438 3907 4512; baseline -0 -21"><span class='ocrx_word' id='word_1_633' title='bbox 410 4445 577 4504; x_wconf 88' lang='lat' dir='ltr'>ratur,</span> <span class='ocrx_word' id='word_1_634' title='bbox 652 4444 794 4507; x_wconf 89' lang='lat' dir='ltr'>apud</span> <span class='ocrx_word' id='word_1_635' title='bbox 863 4446 1083 4497; x_wconf 90' lang='lat' dir='ltr'>eosdem</span> <span class='ocrx_word' id='word_1_636' title='bbox 1142 4438 1390 4500; x_wconf 77' lang='lat' dir='ltr'>auctores</span> <span class='ocrx_word' id='word_1_637' title='bbox 1438 4450 1525 4501; x_wconf 90' lang='lat' dir='ltr'>die</span> <span class='ocrx_word' id='word_1_638' title='bbox 1577 4450 1636 4499; x_wconf 79' lang='lat'>25</span> <span class='ocrx_word' id='word_1_639' title='bbox 1692 4438 1826 4512; x_wconf 73' lang='lat' dir='ltr'>Maii,</span> <span class='ocrx_word' id='word_1_640' title='bbox 1881 4455 1935 4505; x_wconf 91' lang='lat' dir='ltr'>et</span> <span class='ocrx_word' id='word_1_641' title='bbox 1978 4452 2119 4505; x_wconf 89' lang='lat' dir='ltr'>inter</span> <span class='ocrx_word' id='word_1_642' title='bbox 2202 4449 2293 4499; x_wconf 77' lang='lat' dir='ltr'>ria</span> <span class='ocrx_word' id='word_1_643' title='bbox 2344 4448 2397 4499; x_wconf 90' lang='lat' dir='ltr'>in</span> <span class='ocrx_word' id='word_1_644' title='bbox 2452 4448 2722 4499; x_wconf 84' lang='lat' dir='ltr'>Lusitania</span> <span class='ocrx_word' id='word_1_645' title='bbox 2767 4458 2979 4510; x_wconf 87' lang='lat' dir='ltr'>passam</span> <span class='ocrx_word' id='word_1_646' title='bbox 3008 4444 3239 4498; x_wconf 81' lang='lat' dir='ltr'>volunt:</span> <span class='ocrx_word' id='word_1_647' title='bbox 3279 4445 3344 4496; x_wconf 91' lang='lat' dir='ltr'>de</span> <span class='ocrx_word' id='word_1_648' title='bbox 3375 4444 3477 4496; x_wconf 89' lang='lat' dir='ltr'>hac</span> <span class='ocrx_word' id='word_1_649' title='bbox 3506 4443 3720 4505; x_wconf 85' lang='lat' dir='ltr'>egimus</span> <span class='ocrx_word' id='word_1_650' title='bbox 3749 4440 3805 4491; x_wconf 90' lang='lat' dir='ltr'>in</span> <span class='ocrx_word' id='word_1_651' title='bbox 3836 4438 3907 4490; x_wconf 87' lang='lat' dir='ltr'>li—</span> 
     </span>
    </p>
   </div>
   <div class='ocr_carea' id='block_1_89' title="bbox 410 4512 3608 4586">
    <p class='ocr_par' dir='ltr' id='par_1_89' title="bbox 410 4512 3608 4586">
     <span class='ocr_line' id='line_1_89' title="bbox 410 4512 3608 4586; baseline 0 -23"><span class='ocrx_word' id='word_1_652' title='bbox 410 4514 535 4566; x_wconf 76' lang='lat' dir='ltr'>Acta</span> <span class='ocrx_word' id='word_1_653' title='bbox 602 4516 682 4567; x_wconf 88' lang='lat' dir='ltr'>SS.</span> <span class='ocrx_word' id='word_1_654' title='bbox 743 4518 862 4569; x_wconf 89' lang='lat' dir='ltr'>0rd.</span> <span class='ocrx_word' id='word_1_655' title='bbox 918 4518 1246 4571; x_wconf 86' lang='lat' dir='ltr'>Benedictini</span> <span class='ocrx_word' id='word_1_656' title='bbox 1317 4520 1443 4572; x_wconf 78' lang='lat' dir='ltr'>Sac.</span> <span class='ocrx_word' id='word_1_657' title='bbox 1498 4534 1579 4572; x_wconf 83' lang='lat' dir='ltr'>in.</span> <span class='ocrx_word' id='word_1_658' title='bbox 1636 4522 1875 4586; x_wconf 87' lang='lat' dir='ltr'>Denique</span> <span class='ocrx_word' id='word_1_659' title='bbox 1933 4512 2174 4577; x_wconf 90' lang='lat' dir='ltr'>DanielD</span> <span class='ocrx_word' id='word_1_660' title='bbox 2195 4519 2292 4571; x_wconf 90' lang='lat' dir='ltr'>bro</span> <span class='ocrx_word' id='word_1_661' title='bbox 2326 4520 2539 4571; x_wconf 89' lang='lat' dir='ltr'>laudato</span> <span class='ocrx_word' id='word_1_662' title='bbox 2568 4519 2636 4570; x_wconf 92' lang='lat' dir='ltr'>de</span> <span class='ocrx_word' id='word_1_663' title='bbox 2665 4512 3046 4583; x_wconf 76' lang='lat' dir='ltr'>perseeution&#39;e</span> <span class='ocrx_word' id='word_1_664' title='bbox 3074 4515 3371 4573; x_wconf 84' lang='lat' dir='ltr'>Vandalica,</span> <span class='ocrx_word' id='word_1_665' title='bbox 3407 4528 3528 4579; x_wconf 86' lang='lat' dir='ltr'>cap.</span> <span class='ocrx_word' id='word_1_666' title='bbox 3560 4514 3608 4564; x_wconf 80' lang='lat'>2.</span> 
     </span>
    </p>
   </div>
   <div class='ocr_carea' id='block_1_90' title="bbox 409 4589 2111 4655">
    <p class='ocr_par' dir='ltr' id='par_1_90' title="bbox 409 4589 2111 4655">
     <span class='ocr_line' id='line_1_90' title="bbox 409 4589 2111 4655; baseline 0.008 -20"><span class='ocrx_word' id='word_1_667' title='bbox 409 4596 581 4637; x_wconf 78' lang='lat' dir='ltr'>senex</span> <span class='ocrx_word' id='word_1_668' title='bbox 634 4589 934 4640; x_wconf 84' lang='lat' dir='ltr'>monachus</span> <span class='ocrx_word' id='word_1_669' title='bbox 985 4591 1203 4655; x_wconf 85' lang='lat' dir='ltr'>publica</span> <span class='ocrx_word' id='word_1_670' title='bbox 1253 4593 1474 4645; x_wconf 83' lang='lat' dir='ltr'>infantis</span> <span class='ocrx_word' id='word_1_671' title='bbox 1525 4595 1587 4644; x_wconf 78' lang='lat'>25</span> <span class='ocrx_word' id='word_1_672' title='bbox 1623 4595 1836 4646; x_wconf 88' lang='lat' dir='ltr'>dierum</span> <span class='ocrx_word' id='word_1_673' title='bbox 1870 4596 2111 4649; x_wconf 87' lang='lat' dir='ltr'>declara-</span> 
     </span>
    </p>
   </div>
   <div class='ocr_carea' id='block_1_91' title="bbox 408 4659 2117 4727">
    <p class='ocr_par' dir='ltr' id='par_1_91' title="bbox 408 4659 2117 4727">
     <span class='ocr_line' id='line_1_91' title="bbox 408 4659 2117 4727; baseline 0.008 -19"><span class='ocrx_word' id='word_1_674' title='bbox 408 4659 579 4716; x_wconf 88' lang='lat' dir='ltr'>tione,</span> <span class='ocrx_word' id='word_1_675' title='bbox 631 4673 662 4709; x_wconf 87' lang='lat' dir='ltr'>a</span> <span class='ocrx_word' id='word_1_676' title='bbox 710 4663 1049 4725; x_wconf 73' lang='lat' dir='ltr'>suspicione&quot;</span> <span class='ocrx_word' id='word_1_677' title='bbox 1083 4664 1335 4716; x_wconf 87' lang='lat' dir='ltr'>adulterii</span> <span class='ocrx_word' id='word_1_678' title='bbox 1386 4665 1649 4718; x_wconf 92' lang='lat' dir='ltr'>liberatus</span> <span class='ocrx_word' id='word_1_679' title='bbox 1704 4670 1803 4727; x_wconf 87' lang='lat' dir='ltr'>est,</span> <span class='ocrx_word' id='word_1_680' title='bbox 1859 4670 1913 4720; x_wconf 90' lang='lat' dir='ltr'>in</span> <span class='ocrx_word' id='word_1_681' title='bbox 1964 4670 2117 4723; x_wconf 90' lang='lat' dir='ltr'>Prato</span> 
     </span>
    </p>
   </div>
   <div class='ocr_carea' id='block_1_92' title="bbox 410 4730 2118 4803">
    <p class='ocr_par' dir='ltr' id='par_1_92' title="bbox 410 4730 2118 4803">
     <span class='ocr_line' id='line_1_92' title="bbox 410 4730 2118 4803; baseline 0.009 -24"><span class='ocrx_word' id='word_1_682' title='bbox 410 4730 697 4791; x_wconf 87' lang='lat' dir='ltr'>Spirituali,</span> <span class='ocrx_word' id='word_1_683' title='bbox 749 4745 870 4796; x_wconf 87' lang='lat' dir='ltr'>cap.</span> <span class='ocrx_word' id='word_1_684' title='bbox 925 4735 1030 4784; x_wconf 79' lang='grc'><strong>114.</strong></span> <span class='ocrx_word' id='word_1_685' title='bbox 1074 4735 1268 4786; x_wconf 90' lang='lat' dir='ltr'>Eorum</span> <span class='ocrx_word' id='word_1_686' title='bbox 1318 4749 1446 4788; x_wconf 85' lang='lat' dir='ltr'>vero</span> <span class='ocrx_word' id='word_1_687' title='bbox 1495 4740 1586 4803; x_wconf 89' lang='lat' dir='ltr'>qui</span> <span class='ocrx_word' id='word_1_688' title='bbox 1637 4740 1819 4801; x_wconf 82' lang='lat' dir='ltr'>ignem</span> <span class='ocrx_word' id='word_1_689' title='bbox 1868 4741 1935 4792; x_wconf 88' lang='lat' dir='ltr'>ad</span> <span class='ocrx_word' id='word_1_690' title='bbox 1964 4753 2118 4795; x_wconf 87' lang='lat' dir='ltr'>suam</span> 
     </span>
    </p>
   </div>
   <div class='ocr_carea' id='block_1_93' title="bbox 411 4803 2118 4871">
    <p class='ocr_par' dir='ltr' id='par_1_93' title="bbox 411 4803 2118 4871">
     <span class='ocr_line' id='line_1_93' title="bbox 411 4803 2118 4871; baseline 0.008 -19"><span class='ocrx_word' id='word_1_691' title='bbox 411 4803 712 4854; x_wconf 85' lang='lat' dir='ltr'>castitatem</span> <span class='ocrx_word' id='word_1_692' title='bbox 781 4805 1188 4869; x_wconf 77' lang='lat' dir='ltr'>approbantium</span> <span class='ocrx_word' id='word_1_693' title='bbox 1254 4805 1404 4857; x_wconf 81' lang='lat' dir='ltr'>illaesi</span> <span class='ocrx_word' id='word_1_694' title='bbox 1453 4813 1961 4871; x_wconf 60' lang='lat' dir='ltr'>contrectaverunt.</span> <span class='ocrx_word' id='word_1_695' title='bbox 2002 4813 2118 4866; x_wconf 86' lang='lat' dir='ltr'>fre-</span> 
     </span>
    </p>
   </div>
   <div class='ocr_carea' id='block_1_94' title="bbox 414 4871 2117 4947">
    <p class='ocr_par' dir='ltr' id='par_1_94' title="bbox 414 4871 2117 4947">
     <span class='ocr_line' id='line_1_94' title="bbox 414 4871 2117 4947; baseline 0.01 -28"><span class='ocrx_word' id='word_1_696' title='bbox 414 4871 720 4947; x_wconf 76' lang='lat' dir='ltr'>quentl_ora_</span> <span class='ocrx_word' id='word_1_697' title='bbox 747 4879 872 4924; x_wconf 90' lang='lat' dir='ltr'>sunt</span> <span class='ocrx_word' id='word_1_698' title='bbox 903 4876 1065 4947; x_wconf 77' lang='lat' dir='ltr'>apud</span> <span class='ocrx_word' id='word_1_699' title='bbox 1094 4878 1367 4947; x_wconf 77' lang='lat' dir='ltr'>auctores</span> <span class='ocrx_word' id='word_1_700' title='bbox 1417 4879 1686 4943; x_wconf 76' lang='lat' dir='ltr'>exempla,</span> <span class='ocrx_word' id='word_1_701' title='bbox 1737 4894 1899 4947; x_wconf 90' lang='lat' dir='ltr'>quam</span> <span class='ocrx_word' id='word_1_702' title='bbox 1944 4887 2004 4934; x_wconf 90' lang='lat' dir='ltr'>ut</span> <span class='ocrx_word' id='word_1_703' title='bbox 2030 4882 2117 4947; x_wconf 87' lang='lat' dir='ltr'>hic</span> 
     </span>
    </p>
   </div>
   <div class='ocr_carea' id='block_1_95' title="bbox 410 4942 2059 5001">
    <p class='ocr_par' dir='ltr' id='par_1_95' title="bbox 410 4942 2059 5001">
     <span class='ocr_line' id='line_1_95' title="bbox 410 4942 2059 5001; baseline 0.005 -8"><span class='ocrx_word' id='word_1_704' title='bbox 410 4942 607 4994; x_wconf 90' lang='lat' dir='ltr'>adduci</span> <span class='ocrx_word' id='word_1_705' title='bbox 636 4942 869 4996; x_wconf 82' lang='lat' dir='ltr'>debeant</span> <span class='ocrx_word' id='word_1_706' title='bbox 901 4944 956 4994; x_wconf 92' lang='lat' dir='ltr'>in</span> <span class='ocrx_word' id='word_1_707' title='bbox 988 4944 1370 4997; x_wconf 88' lang='lat' dir='ltr'>testimonium.</span> <span class='ocrx_word' id='word_1_708' title='bbox 1674 4942 1678 4943; x_wconf 29' lang='grc' dir='ltr'>ί</span> <span class='ocrx_word' id='word_1_709' title='bbox 1754 4942 1771 4947; x_wconf 63' lang='grc'>⁷</span> <span class='ocrx_word' id='word_1_710' title='bbox 1954 4996 1960 5001; x_wconf 86' lang='grc'>.</span> <span class='ocrx_word' id='word_1_711' title='bbox 2056 4946 2059 4949; x_wconf 82' lang='grc'><em>’</em></span> 
     </span>
    </p>
   </div>
   <div class='ocr_carea' id='block_1_96' title="bbox 476 5015 2116 5088">
    <p class='ocr_par' dir='ltr' id='par_1_96' title="bbox 476 5015 2116 5088">
     <span class='ocr_line' id='line_1_96' title="bbox 476 5015 2116 5088; baseline 0.01 -24"><span class='ocrx_word' id='word_1_712' title='bbox 476 5025 495 5045; x_wconf 87' lang='grc'><strong>·</strong></span> <span class='ocrx_word' id='word_1_713' title='bbox 546 5015 596 5088; x_wconf 88' lang='lat' dir='ltr'>is</span> <span class='ocrx_word' id='word_1_714' title='bbox 646 5016 764 5079; x_wconf 91' lang='lat' dir='ltr'>ipse</span> <span class='ocrx_word' id='word_1_715' title='bbox 822 5016 976 5068; x_wconf 85' lang='lat' dir='ltr'>locus</span> <span class='ocrx_word' id='word_1_716' title='bbox 1033 5015 1173 5068; x_wconf 83' lang='lat' dir='ltr'>infra</span> <span class='ocrx_word' id='word_1_717' title='bbox 1239 5016 1330 5070; x_wconf 89' lang='lat' dir='ltr'>lib.</span> <span class='ocrx_word' id='word_1_718' title='bbox 1384 5031 1438 5080; x_wconf 84' lang='lat' dir='ltr'>x,</span> <span class='ocrx_word' id='word_1_719' title='bbox 1511 5032 1629 5084; x_wconf 86' lang='lat' dir='ltr'>cap.</span> <span class='ocrx_word' id='word_1_720' title='bbox 1684 5024 1762 5085; x_wconf 87' lang='lat' dir='ltr'>3t,</span> <span class='ocrx_word' id='word_1_721' title='bbox 1811 5025 2116 5088; x_wconf 86' lang='lat' dir='ltr'>appellatur</span> 
     </span>
    </p>
   </div>
   <div class='ocr_carea' id='block_1_97' title="bbox 412 5086 2112 5159">
    <p class='ocr_par' dir='ltr' id='par_1_97' title="bbox 412 5086 2112 5159">
     <span class='ocr_line' id='line_1_97' title="bbox 412 5086 2112 5159; baseline 0.008 -20"><span class='ocrx_word' id='word_1_722' title='bbox 412 5086 886 5147; x_wconf 78' lang='lat' dir='ltr'>Mans-laudiacus,</span> <span class='ocrx_word' id='word_1_723' title='bbox 943 5088 1107 5151; x_wconf 83' lang='lat' dir='ltr'>vulgo</span> <span class='ocrx_word' id='word_1_724' title='bbox 1183 5088 1385 5141; x_wconf 81' lang='lat' dir='ltr'>dicitur</span> <span class='ocrx_word' id='word_1_725' title='bbox 1438 5092 1728 5158; x_wconf 70' lang='lat' dir='ltr'>Hom-lays.</span> <span class='ocrx_word' id='word_1_726' title='bbox 1789 5086 1970 5159; x_wconf 78' lang='lat' dir='ltr'>Regia.</span> <span class='ocrx_word' id='word_1_727' title='bbox 2020 5100 2112 5153; x_wconf 86' lang='lat' dir='ltr'>ha-</span> 
     </span>
    </p>
   </div>
   <div class='ocr_carea' id='block_1_98' title="bbox 410 5159 908 5214">
    <p class='ocr_par' dir='ltr' id='par_1_98' title="bbox 410 5159 908 5214">
     <span class='ocr_line' id='line_1_98' title="bbox 410 5159 908 5214; baseline -0.004 -1"><span class='ocrx_word' id='word_1_728' title='bbox 410 5162 500 5213; x_wconf 86' lang='lat' dir='ltr'>bet</span> <span class='ocrx_word' id='word_1_729' title='bbox 532 5159 908 5214; x_wconf 77' lang='lat' dir='ltr'>Claudiacum.</span> 
     </span>
    </p>
   </div>
   <div class='ocr_carea' id='block_1_99' title="bbox 474 5230 1575 5299">
    <p class='ocr_par' dir='ltr' id='par_1_99' title="bbox 474 5230 1575 5299">
     <span class='ocr_line' id='line_1_99' title="bbox 474 5230 1575 5299; baseline 0.003 -15"><span class='ocrx_word' id='word_1_730' title='bbox 474 5230 495 5259; x_wconf 71' lang='grc' dir='ltr'>δ</span> <span class='ocrx_word' id='word_1_731' title='bbox 532 5231 602 5285; x_wconf 89' lang='lat' dir='ltr'>De</span> <span class='ocrx_word' id='word_1_732' title='bbox 631 5238 863 5299; x_wconf 87' lang='lat' dir='ltr'>utroque</span> <span class='ocrx_word' id='word_1_733' title='bbox 893 5233 1088 5285; x_wconf 86' lang='lat' dir='ltr'>iterum</span> <span class='ocrx_word' id='word_1_734' title='bbox 1122 5231 1214 5283; x_wconf 91' lang='lat' dir='ltr'>lib.</span> <span class='ocrx_word' id='word_1_735' title='bbox 1245 5243 1301 5294; x_wconf 74' lang='grc' dir='ltr'>χ,</span> <span class='ocrx_word' id='word_1_736' title='bbox 1340 5245 1457 5297; x_wconf 87' lang='lat' dir='ltr'>cap.</span> <span class='ocrx_word' id='word_1_737' title='bbox 1496 5236 1575 5287; x_wconf 85' lang='lat' dir='ltr'>3i.</span> 
     </span>
    </p>
   </div>
   <div class='ocr_carea' id='block_1_100' title="bbox 471 5303 1457 5371">
    <p class='ocr_par' dir='ltr' id='par_1_100' title="bbox 471 5303 1457 5371">
     <span class='ocr_line' id='line_1_100' title="bbox 471 5303 1457 5371; baseline -0.001 -14"><span class='ocrx_word' id='word_1_738' title='bbox 471 5314 489 5333; x_wconf 77' lang='lat'><strong><em>°</em></strong></span> <span class='ocrx_word' id='word_1_739' title='bbox 525 5304 651 5368; x_wconf 86' lang='lat' dir='ltr'>Reg.</span> <span class='ocrx_word' id='word_1_740' title='bbox 689 5307 874 5371; x_wconf 86' lang='lat' dir='ltr'>incipit</span> <span class='ocrx_word' id='word_1_741' title='bbox 905 5304 1174 5365; x_wconf 86' lang='lat' dir='ltr'>absolute,</span> <span class='ocrx_word' id='word_1_742' title='bbox 1210 5303 1457 5356; x_wconf 74' lang='lat' dir='ltr'>Vandali.</span> 
     </span>
    </p>
   </div>
   <div class='ocr_carea' id='block_1_101' title="bbox 473 5375 2121 5442">
    <p class='ocr_par' dir='ltr' id='par_1_101' title="bbox 473 5375 2121 5442">
     <span class='ocr_line' id='line_1_101' title="bbox 473 5375 2121 5442; baseline 0.005 -18"><span class='ocrx_word' id='word_1_743' title='bbox 473 5378 496 5405; x_wconf 71' lang='grc' dir='ltr'>ιι</span> <span class='ocrx_word' id='word_1_744' title='bbox 528 5377 612 5427; x_wconf 89' lang='lat' dir='ltr'>Sic</span> <span class='ocrx_word' id='word_1_745' title='bbox 657 5389 874 5441; x_wconf 86' lang='lat' dir='ltr'>semper</span> <span class='ocrx_word' id='word_1_746' title='bbox 921 5376 1082 5429; x_wconf 90' lang='lat' dir='ltr'>Corb.</span> <span class='ocrx_word' id='word_1_747' title='bbox 1135 5377 1262 5438; x_wconf 82' lang='lat' dir='ltr'>Reg.</span> <span class='ocrx_word' id='word_1_748' title='bbox 1310 5388 1460 5437; x_wconf 82' lang='lat' dir='ltr'>vero,</span> <span class='ocrx_word' id='word_1_749' title='bbox 1507 5375 1623 5427; x_wconf 87' lang='lat' dir='ltr'>Bec.</span> <span class='ocrx_word' id='word_1_750' title='bbox 1661 5379 1713 5427; x_wconf 92' lang='lat' dir='ltr'>et</span> <span class='ocrx_word' id='word_1_751' title='bbox 1757 5378 1960 5442; x_wconf 82' lang='lat' dir='ltr'>Regm.,</span> <span class='ocrx_word' id='word_1_752' title='bbox 1996 5391 2121 5434; x_wconf 89' lang='lat' dir='ltr'>cum</span> 
     </span>
    </p>
   </div>
   <div class='ocr_carea' id='block_1_102' title="bbox 411 5447 2116 5512">
    <p class='ocr_par' dir='ltr' id='par_1_102' title="bbox 411 5447 2116 5512">
     <span class='ocr_line' id='line_1_102' title="bbox 411 5447 2116 5512; baseline 0.004 -13"><span class='ocrx_word' id='word_1_753' title='bbox 411 5448 615 5512; x_wconf 87' lang='lat' dir='ltr'>aliquot</span> <span class='ocrx_word' id='word_1_754' title='bbox 695 5449 881 5511; x_wconf 89' lang='lat' dir='ltr'>editis,</span> <span class='ocrx_word' id='word_1_755' title='bbox 971 5448 1432 5506; x_wconf 76' lang='lat' dir='ltr'>Transimundus;</span> <span class='ocrx_word' id='word_1_756' title='bbox 1525 5448 1632 5506; x_wconf 86' lang='lat' dir='ltr'>alii,</span> <span class='ocrx_word' id='word_1_757' title='bbox 1698 5447 2116 5506; x_wconf 73' lang='lat' dir='ltr'>Trasimundus.</span> 
     </span>
    </p>
   </div>
   <div class='ocr_carea' id='block_1_103' title="bbox 417 5518 2189 5579">
    <p class='ocr_par' dir='ltr' id='par_1_103' title="bbox 417 5518 2189 5579">
     <span class='ocr_line' id='line_1_103' title="bbox 417 5518 2189 5579; baseline 0.002 -7"><span class='ocrx_word' id='word_1_758' title='bbox 417 5521 576 5572; x_wconf 88' lang='lat' dir='ltr'>Porro</span> <span class='ocrx_word' id='word_1_759' title='bbox 626 5518 743 5572; x_wconf 78' lang='lat' dir='ltr'>hac</span> <span class='ocrx_word' id='word_1_760' title='bbox 790 5533 901 5573; x_wconf 91' lang='lat' dir='ltr'>non</span> <span class='ocrx_word' id='word_1_761' title='bbox 950 5522 1049 5573; x_wconf 89' lang='lat' dir='ltr'>sub</span> <span class='ocrx_word' id='word_1_762' title='bbox 1095 5520 1483 5579; x_wconf 89' lang='lat' dir='ltr'>Trasamundo,</span> <span class='ocrx_word' id='word_1_763' title='bbox 1536 5519 1631 5569; x_wconf 89' lang='lat' dir='ltr'>sed</span> <span class='ocrx_word' id='word_1_764' title='bbox 1676 5520 1776 5571; x_wconf 88' lang='lat' dir='ltr'>sub</span> <span class='ocrx_word' id='word_1_765' title='bbox 1826 5524 2117 5576; x_wconf 84' lang='lat' dir='ltr'>Genserico</span> <span class='ocrx_word' id='word_1_766' title='bbox 2177 5545 2189 5558; x_wconf 66' lang='grc' dir='ltr'><em>α</em></span> 
     </span>
    </p>
   </div>
   <div class='ocr_carea' id='block_1_104' title="bbox 415 5590 2121 5659">
    <p class='ocr_par' dir='ltr' id='par_1_104' title="bbox 415 5590 2121 5659">
     <span class='ocr_line' id='line_1_104' title="bbox 415 5590 2121 5659; baseline 0.002 -14"><span class='ocrx_word' id='word_1_767' title='bbox 415 5594 795 5655; x_wconf 88' lang='lat' dir='ltr'>contigerunt,</span> <span class='ocrx_word' id='word_1_768' title='bbox 873 5593 950 5643; x_wconf 92' lang='lat' dir='ltr'>uti</span> <span class='ocrx_word' id='word_1_769' title='bbox 1009 5593 1244 5643; x_wconf 78' lang='lat' dir='ltr'>diximus</span> <span class='ocrx_word' id='word_1_770' title='bbox 1309 5592 1365 5642; x_wconf 92' lang='lat' dir='ltr'>in</span> <span class='ocrx_word' id='word_1_771' title='bbox 1430 5590 1659 5641; x_wconf 77' lang='lat' dir='ltr'>Historia</span> <span class='ocrx_word' id='word_1_772' title='bbox 1720 5597 2121 5659; x_wconf 85' lang='lat' dir='ltr'>persecutionis</span> 
     </span>
    </p>
   </div>
   <div class='ocr_carea' id='block_1_105' title="bbox 418 5660 2120 5728">
    <p class='ocr_par' dir='ltr' id='par_1_105' title="bbox 418 5660 2120 5728">
     <span class='ocr_line' id='line_1_105' title="bbox 418 5660 2120 5728; baseline 0.005 -14"><span class='ocrx_word' id='word_1_773' title='bbox 418 5663 737 5724; x_wconf 85' lang='lat' dir='ltr'>Vandalica,</span> <span class='ocrx_word' id='word_1_774' title='bbox 795 5662 890 5715; x_wconf 88' lang='lat' dir='ltr'>ubi</span> <span class='ocrx_word' id='word_1_775' title='bbox 940 5667 1121 5727; x_wconf 87' lang='lat' dir='ltr'>gentis</span> <span class='ocrx_word' id='word_1_776' title='bbox 1166 5663 1329 5726; x_wconf 87' lang='lat' dir='ltr'>hujus</span> <span class='ocrx_word' id='word_1_777' title='bbox 1382 5663 1438 5713; x_wconf 91' lang='lat' dir='ltr'>in</span> <span class='ocrx_word' id='word_1_778' title='bbox 1486 5660 1677 5714; x_wconf 85' lang='lat' dir='ltr'>Gallias</span> <span class='ocrx_word' id='word_1_779' title='bbox 1719 5666 1970 5728; x_wconf 86' lang='lat' dir='ltr'>primum,</span> <span class='ocrx_word' id='word_1_780' title='bbox 2006 5672 2120 5722; x_wconf 91' lang='lat' dir='ltr'>tum</span> 
     </span>
    </p>
   </div>
   <div class='ocr_carea' id='block_1_106' title="bbox 414 5732 1929 5805">
    <p class='ocr_par' dir='ltr' id='par_1_106' title="bbox 414 5732 1929 5805">
     <span class='ocr_line' id='line_1_106' title="bbox 414 5732 1929 5805; baseline 0.001 -16"><span class='ocrx_word' id='word_1_781' title='bbox 414 5738 470 5790; x_wconf 88' lang='lat' dir='ltr'>in</span> <span class='ocrx_word' id='word_1_782' title='bbox 504 5737 787 5805; x_wconf 83' lang='lat' dir='ltr'>Hispanias</span> <span class='ocrx_word' id='word_1_783' title='bbox 821 5741 875 5793; x_wconf 89' lang='lat' dir='ltr'>et</span> <span class='ocrx_word' id='word_1_784' title='bbox 901 5735 1132 5789; x_wconf 75' lang='lat' dir='ltr'>Africam</span> <span class='ocrx_word' id='word_1_785' title='bbox 1166 5735 1496 5803; x_wconf 83' lang='lat' dir='ltr'>irruptiones</span> <span class='ocrx_word' id='word_1_786' title='bbox 1525 5732 1929 5800; x_wconf 86' lang='lat' dir='ltr'>descripsimus.</span> 
     </span>
    </p>
   </div>
   <div class='ocr_carea' id='block_1_107' title="bbox 2260 4584 3876 4657">
    <p class='ocr_par' dir='ltr' id='par_1_107' title="bbox 2260 4584 3876 4657">
     <span class='ocr_line' id='line_1_107' title="bbox 2260 4584 3876 4657; baseline -0.007 -13"><span class='ocrx_word' id='word_1_787' title='bbox 2260 4591 2278 4627; x_wconf 71' lang='grc' dir='ltr'><em>τ</em></span> <span class='ocrx_word' id='word_1_788' title='bbox 2323 4592 2526 4643; x_wconf 84' lang='lat' dir='ltr'>Plinius</span> <span class='ocrx_word' id='word_1_789' title='bbox 2584 4590 2721 4657; x_wconf 86' lang='lat' dir='ltr'>libro</span> <span class='ocrx_word' id='word_1_790' title='bbox 2778 4604 2813 4641; x_wconf 89' lang='lat' dir='ltr'>v</span> <span class='ocrx_word' id='word_1_791' title='bbox 2868 4590 3112 4641; x_wconf 76' lang='lat' dir='ltr'>Historia</span> <span class='ocrx_word' id='word_1_792' title='bbox 3166 4586 3443 4648; x_wconf 84' lang='lat' dir='ltr'>naturalis,</span> <span class='ocrx_word' id='word_1_793' title='bbox 3494 4598 3611 4651; x_wconf 89' lang='lat' dir='ltr'>cap.</span> <span class='ocrx_word' id='word_1_794' title='bbox 3668 4588 3716 4647; x_wconf 87' lang='grc'><strong>1,</strong></span> <span class='ocrx_word' id='word_1_795' title='bbox 3764 4584 3876 4657; x_wconf 78' lang='lat' dir='ltr'>inte</span> 
     </span>
    </p>
   </div>
   <div class='ocr_carea' id='block_1_108' title="bbox 2196 4654 3909 4727">
    <p class='ocr_par' dir='ltr' id='par_1_108' title="bbox 2196 4654 3909 4727">
     <span class='ocr_line' id='line_1_108' title="bbox 2196 4654 3909 4727; baseline -0.005 -13"><span class='ocrx_word' id='word_1_796' title='bbox 2196 4663 2303 4716; x_wconf 89' lang='lat' dir='ltr'>alia</span> <span class='ocrx_word' id='word_1_797' title='bbox 2350 4666 2588 4723; x_wconf 87' lang='lat' dir='ltr'>nomina,</span> <span class='ocrx_word' id='word_1_798' title='bbox 2640 4656 2757 4727; x_wconf 78' lang='lat' dir='ltr'>quae</span> <span class='ocrx_word' id='word_1_799' title='bbox 2810 4664 2940 4714; x_wconf 91' lang='lat' dir='ltr'>olim</span> <span class='ocrx_word' id='word_1_800' title='bbox 2997 4660 3306 4722; x_wconf 83' lang='lat' dir='ltr'>Tingitana,</span> <span class='ocrx_word' id='word_1_801' title='bbox 3360 4659 3521 4711; x_wconf 88' lang='lat' dir='ltr'>etiam</span> <span class='ocrx_word' id='word_1_802' title='bbox 3570 4668 3716 4709; x_wconf 88' lang='lat' dir='ltr'>nunc</span> <span class='ocrx_word' id='word_1_803' title='bbox 3760 4654 3909 4707; x_wconf 76' lang='lat' dir='ltr'>cete-</span> 
     </span>
    </p>
   </div>
   <div class='ocr_carea' id='block_1_109' title="bbox 2199 4728 3906 4797">
    <p class='ocr_par' dir='ltr' id='par_1_109' title="bbox 2199 4728 3906 4797">
     <span class='ocr_line' id='line_1_109' title="bbox 2199 4728 3906 4797; baseline -0.005 -12"><span class='ocrx_word' id='word_1_804' title='bbox 2199 4735 2281 4785; x_wconf 89' lang='lat' dir='ltr'>bri</span> <span class='ocrx_word' id='word_1_805' title='bbox 2327 4735 2515 4786; x_wconf 76' lang='lat' dir='ltr'>Africae</span> <span class='ocrx_word' id='word_1_806' title='bbox 2566 4735 2705 4795; x_wconf 90' lang='lat' dir='ltr'>urbi,</span> <span class='ocrx_word' id='word_1_807' title='bbox 2763 4735 2930 4797; x_wconf 79' lang='lat' dir='ltr'>vulgo</span> <span class='ocrx_word' id='word_1_808' title='bbox 2988 4732 3213 4795; x_wconf 76' lang='lat' dir='ltr'>Tunger,</span> <span class='ocrx_word' id='word_1_809' title='bbox 3264 4732 3385 4780; x_wconf 89' lang='lat' dir='ltr'>data</span> <span class='ocrx_word' id='word_1_810' title='bbox 3441 4728 3610 4779; x_wconf 82' lang='lat' dir='ltr'>fuisse</span> <span class='ocrx_word' id='word_1_811' title='bbox 3664 4737 3906 4779; x_wconf 84' lang='lat' dir='ltr'>comme-</span> 
     </span>
    </p>
   </div>
   <div class='ocr_carea' id='block_1_110' title="bbox 2198 4799 3905 4863">
    <p class='ocr_par' dir='ltr' id='par_1_110' title="bbox 2198 4799 3905 4863">
     <span class='ocr_line' id='line_1_110' title="bbox 2198 4799 3905 4863; baseline -0.005 -6"><span class='ocrx_word' id='word_1_812' title='bbox 2198 4810 2391 4861; x_wconf 86' lang='lat' dir='ltr'>morat,</span> <span class='ocrx_word' id='word_1_813' title='bbox 2422 4808 2495 4857; x_wconf 91' lang='lat' dir='ltr'>ait</span> <span class='ocrx_word' id='word_1_814' title='bbox 2520 4819 2639 4857; x_wconf 84' lang='lat' dir='ltr'>eam</span> <span class='ocrx_word' id='word_1_815' title='bbox 2672 4819 2706 4856; x_wconf 88' lang='lat' dir='ltr'>a</span> <span class='ocrx_word' id='word_1_816' title='bbox 2737 4803 2961 4858; x_wconf 78' lang='lat' dir='ltr'>Claudio</span> <span class='ocrx_word' id='word_1_817' title='bbox 2982 4802 3210 4863; x_wconf 61' lang='grc' dir='ltr'>θρωπε,</span> <span class='ocrx_word' id='word_1_818' title='bbox 3249 4815 3374 4853; x_wconf 84' lang='lat' dir='ltr'>cum</span> <span class='ocrx_word' id='word_1_819' title='bbox 3393 4799 3662 4852; x_wconf 80' lang='lat' dir='ltr'>coloniam</span> <span class='ocrx_word' id='word_1_820' title='bbox 3686 4799 3905 4861; x_wconf 83' lang='lat' dir='ltr'>facerel,</span> 
     </span>
    </p>
   </div>
   <div class='ocr_carea' id='block_1_111' title="bbox 2202 4870 3909 4940">
    <p class='ocr_par' dir='ltr' id='par_1_111' title="bbox 2202 4870 3909 4940">
     <span class='ocr_line' id='line_1_111' title="bbox 2202 4870 3909 4940; baseline -0.004 -13"><span class='ocrx_word' id='word_1_821' title='bbox 2202 4876 2526 4940; x_wconf 87' lang='lat' dir='ltr'>appellatam</span> <span class='ocrx_word' id='word_1_822' title='bbox 2606 4870 2774 4930; x_wconf 87' lang='lat' dir='ltr'>fuisse</span> <span class='ocrx_word' id='word_1_823' title='bbox 2832 4876 3035 4928; x_wconf 68' lang='lat' dir='ltr'>Julian:</span> <span class='ocrx_word' id='word_1_824' title='bbox 3103 4874 3451 4926; x_wconf 84' lang='lat' dir='ltr'>Traductam.</span> <span class='ocrx_word' id='word_1_825' title='bbox 3514 4870 3708 4921; x_wconf 81' lang='lat' dir='ltr'>Juliam</span> <span class='ocrx_word' id='word_1_826' title='bbox 3776 4870 3909 4921; x_wconf 82' lang='lat' dir='ltr'>Tra-</span> 
     </span>
    </p>
   </div>
   <div class='ocr_carea' id='block_1_112' title="bbox 2204 4942 3914 5013">
    <p class='ocr_par' dir='ltr' id='par_1_112' title="bbox 2204 4942 3914 5013">
     <span class='ocr_line' id='line_1_112' title="bbox 2204 4942 3914 5013; baseline -0.004 -16"><span class='ocrx_word' id='word_1_827' title='bbox 2204 4947 2417 4999; x_wconf 87' lang='lat' dir='ltr'>duetam</span> <span class='ocrx_word' id='word_1_828' title='bbox 2472 4951 2527 4999; x_wconf 91' lang='lat' dir='ltr'>in</span> <span class='ocrx_word' id='word_1_829' title='bbox 2581 4949 2751 5001; x_wconf 87' lang='lat' dir='ltr'>altera</span> <span class='ocrx_word' id='word_1_830' title='bbox 2808 4950 2942 5013; x_wconf 90' lang='lat' dir='ltr'>ripa,</span> <span class='ocrx_word' id='word_1_831' title='bbox 3014 4947 3066 4999; x_wconf 91' lang='lat' dir='ltr'>id</span> <span class='ocrx_word' id='word_1_832' title='bbox 3134 4948 3217 4997; x_wconf 90' lang='lat' dir='ltr'>est</span> <span class='ocrx_word' id='word_1_833' title='bbox 3274 4948 3330 4996; x_wconf 91' lang='lat' dir='ltr'>in</span> <span class='ocrx_word' id='word_1_834' title='bbox 3389 4943 3679 5006; x_wconf 85' lang='lat' dir='ltr'>Hispanico</span> <span class='ocrx_word' id='word_1_835' title='bbox 3739 4942 3914 4993; x_wconf 88' lang='lat' dir='ltr'>maris</span> 
     </span>
    </p>
   </div>
   <div class='ocr_carea' id='block_1_113' title="bbox 2202 5015 3912 5080">
    <p class='ocr_par' dir='ltr' id='par_1_113' title="bbox 2202 5015 3912 5080">
     <span class='ocr_line' id='line_1_113' title="bbox 2202 5015 3912 5080; baseline -0.005 -9"><span class='ocrx_word' id='word_1_836' title='bbox 2202 5018 2398 5077; x_wconf 84' lang='lat' dir='ltr'>littore,</span> <span class='ocrx_word' id='word_1_837' title='bbox 2452 5021 2609 5072; x_wconf 84' lang='lat' dir='ltr'>sitam</span> <span class='ocrx_word' id='word_1_838' title='bbox 2651 5020 2824 5073; x_wconf 86' lang='lat' dir='ltr'>fuisse</span> <span class='ocrx_word' id='word_1_839' title='bbox 2853 5020 2943 5071; x_wconf 90' lang='lat' dir='ltr'>alii</span> <span class='ocrx_word' id='word_1_840' title='bbox 2977 5019 3328 5080; x_wconf 90' lang='lat' dir='ltr'>contendunt,</span> <span class='ocrx_word' id='word_1_841' title='bbox 3360 5020 3411 5067; x_wconf 90' lang='lat' dir='ltr'>et</span> <span class='ocrx_word' id='word_1_842' title='bbox 3441 5019 3721 5065; x_wconf 88' lang='lat' dir='ltr'>auctorum</span> <span class='ocrx_word' id='word_1_843' title='bbox 3753 5015 3912 5064; x_wconf 85' lang='lat' dir='ltr'>testi-</span> 
     </span>
    </p>
   </div>
   <div class='ocr_carea' id='block_1_114' title="bbox 2200 5085 3913 5155">
    <p class='ocr_par' dir='ltr' id='par_1_114' title="bbox 2200 5085 3913 5155">
     <span class='ocr_line' id='line_1_114' title="bbox 2200 5085 3913 5155; baseline -0.005 -12"><span class='ocrx_word' id='word_1_844' title='bbox 2200 5092 2398 5143; x_wconf 89' lang='lat' dir='ltr'>moniis</span> <span class='ocrx_word' id='word_1_845' title='bbox 2458 5093 2689 5155; x_wconf 88' lang='lat' dir='ltr'>probant</span> <span class='ocrx_word' id='word_1_846' title='bbox 2739 5113 2750 5142; x_wconf 86' lang='lat'><strong>:</strong></span> <span class='ocrx_word' id='word_1_847' title='bbox 2810 5094 2863 5144; x_wconf 87' lang='lat' dir='ltr'>et</span> <span class='ocrx_word' id='word_1_848' title='bbox 2934 5090 3150 5154; x_wconf 88' lang='lat' dir='ltr'>quidem</span> <span class='ocrx_word' id='word_1_849' title='bbox 3203 5089 3493 5151; x_wconf 85' lang='lat' dir='ltr'>Gregorius</span> <span class='ocrx_word' id='word_1_850' title='bbox 3540 5089 3729 5137; x_wconf 89' lang='lat' dir='ltr'>noster</span> <span class='ocrx_word' id='word_1_851' title='bbox 3776 5085 3913 5136; x_wconf 85' lang='lat' dir='ltr'>Tra-</span> 
     </span>
    </p>
   </div>
   <div class='ocr_carea' id='block_1_115' title="bbox 2202 5158 3917 5227">
    <p class='ocr_par' dir='ltr' id='par_1_115' title="bbox 2202 5158 3917 5227">
     <span class='ocr_line' id='line_1_115' title="bbox 2202 5158 3917 5227; baseline -0.006 -9"><span class='ocrx_word' id='word_1_852' title='bbox 2202 5166 2417 5218; x_wconf 88' lang='lat' dir='ltr'>ductam</span> <span class='ocrx_word' id='word_1_853' title='bbox 2478 5166 2534 5215; x_wconf 91' lang='lat' dir='ltr'>in</span> <span class='ocrx_word' id='word_1_854' title='bbox 2603 5164 2854 5227; x_wconf 82' lang='lat' dir='ltr'>Hispania</span> <span class='ocrx_word' id='word_1_855' title='bbox 2928 5163 3146 5214; x_wconf 76' lang='lat' dir='ltr'>videtnr</span> <span class='ocrx_word' id='word_1_856' title='bbox 3210 5161 3410 5213; x_wconf 89' lang='lat' dir='ltr'>locare.</span> <span class='ocrx_word' id='word_1_857' title='bbox 3472 5158 3789 5209; x_wconf 82' lang='lat' dir='ltr'>Traductam</span> <span class='ocrx_word' id='word_1_858' title='bbox 3861 5159 3917 5208; x_wconf 91' lang='lat' dir='ltr'>in</span> 
     </span>
    </p>
   </div>
   <div class='ocr_carea' id='block_1_116' title="bbox 2176 5228 3919 5301">
    <p class='ocr_par' dir='ltr' id='par_1_116' title="bbox 2176 5228 3919 5301">
     <span class='ocr_line' id='line_1_116' title="bbox 2176 5228 3919 5301; baseline -0.005 -13"><span class='ocrx_word' id='word_1_859' title='bbox 2176 5228 2429 5301; x_wconf 63' lang='lat' dir='ltr'>&#39;utraque</span> <span class='ocrx_word' id='word_1_860' title='bbox 2485 5238 2604 5300; x_wconf 88' lang='lat' dir='ltr'>ripa</span> <span class='ocrx_word' id='word_1_861' title='bbox 2653 5249 2816 5289; x_wconf 86' lang='lat' dir='ltr'>unam</span> <span class='ocrx_word' id='word_1_862' title='bbox 2870 5237 3145 5286; x_wconf 85' lang='lat' dir='ltr'>exstitisse</span> <span class='ocrx_word' id='word_1_863' title='bbox 3194 5235 3380 5284; x_wconf 85' lang='lat' dir='ltr'>censet</span> <span class='ocrx_word' id='word_1_864' title='bbox 3415 5229 3770 5301; x_wconf 81' lang='lat' dir='ltr'>Harduinus:</span> <span class='ocrx_word' id='word_1_865' title='bbox 3806 5240 3919 5293; x_wconf 89' lang='lat' dir='ltr'>quo</span> 
     </span>
    </p>
   </div>
   <div class='ocr_carea' id='block_1_117' title="bbox 2199 5299 3920 5374">
    <p class='ocr_par' dir='ltr' id='par_1_117' title="bbox 2199 5299 3920 5374">
     <span class='ocr_line' id='line_1_117' title="bbox 2199 5299 3920 5374; baseline -0.006 -13"><span class='ocrx_word' id='word_1_866' title='bbox 2199 5299 2356 5374; x_wconf 79' lang='lat' dir='ltr'>pacto</span> <span class='ocrx_word' id='word_1_867' title='bbox 2416 5299 2549 5361; x_wconf 11' lang='lat' dir='ltr'>haec,</span> <span class='ocrx_word' id='word_1_868' title='bbox 2589 5313 2869 5361; x_wconf 89' lang='lat' dir='ltr'>auctorum</span> <span class='ocrx_word' id='word_1_869' title='bbox 2936 5308 3292 5359; x_wconf 88' lang='lat' dir='ltr'>contrarietas</span> <span class='ocrx_word' id='word_1_870' title='bbox 3350 5300 3523 5354; x_wconf 72' lang='lat' dir='ltr'>facile</span> <span class='ocrx_word' id='word_1_871' title='bbox 3573 5299 3920 5374; x_wconf 74' lang='lat' dir='ltr'>conciliatur.</span> 
     </span>
    </p>
   </div>
   <div class='ocr_carea' id='block_1_118' title="bbox 2202 5372 3923 5445">
    <p class='ocr_par' dir='ltr' id='par_1_118' title="bbox 2202 5372 3923 5445">
     <span class='ocr_line' id='line_1_118' title="bbox 2202 5372 3923 5445; baseline -0.005 -13"><span class='ocrx_word' id='word_1_872' title='bbox 2202 5372 2330 5433; x_wconf 72' lang='lat' dir='ltr'>Vide</span> <span class='ocrx_word' id='word_1_873' title='bbox 2379 5392 2497 5444; x_wconf 84' lang='lat' dir='ltr'>qua</span> <span class='ocrx_word' id='word_1_874' title='bbox 2550 5382 2616 5434; x_wconf 89' lang='lat' dir='ltr'>de</span> <span class='ocrx_word' id='word_1_875' title='bbox 2666 5381 2767 5434; x_wconf 88' lang='lat' dir='ltr'>hac</span> <span class='ocrx_word' id='word_1_876' title='bbox 2820 5392 2878 5432; x_wconf 89' lang='lat' dir='ltr'>re</span> <span class='ocrx_word' id='word_1_877' title='bbox 2940 5382 3061 5445; x_wconf 88' lang='lat' dir='ltr'>ipse</span> <span class='ocrx_word' id='word_1_878' title='bbox 3113 5378 3250 5430; x_wconf 80' lang='lat' dir='ltr'>dixit</span> <span class='ocrx_word' id='word_1_879' title='bbox 3289 5376 3345 5427; x_wconf 90' lang='lat' dir='ltr'>in</span> <span class='ocrx_word' id='word_1_880' title='bbox 3376 5376 3518 5428; x_wconf 86' lang='lat' dir='ltr'>notis</span> <span class='ocrx_word' id='word_1_881' title='bbox 3545 5376 3598 5425; x_wconf 88' lang='lat' dir='ltr'>et</span> <span class='ocrx_word' id='word_1_882' title='bbox 3626 5372 3923 5424; x_wconf 86' lang='lat' dir='ltr'>emendata</span> 
     </span>
    </p>
   </div>
   <div class='ocr_carea' id='block_1_119' title="bbox 2202 5452 2861 5506">
    <p class='ocr_par' dir='ltr' id='par_1_119' title="bbox 2202 5452 2861 5506">
     <span class='ocr_line' id='line_1_119' title="bbox 2202 5452 2861 5506; baseline -0.003 -3"><span class='ocrx_word' id='word_1_883' title='bbox 2202 5452 2270 5504; x_wconf 89' lang='lat' dir='ltr'>ad</span> <span class='ocrx_word' id='word_1_884' title='bbox 2298 5452 2443 5504; x_wconf 84' lang='lat' dir='ltr'>hunc</span> <span class='ocrx_word' id='word_1_885' title='bbox 2482 5453 2635 5505; x_wconf 87' lang='lat' dir='ltr'>Plinii</span> <span class='ocrx_word' id='word_1_886' title='bbox 2663 5455 2861 5506; x_wconf 89' lang='lat' dir='ltr'>locum.</span> 
     </span>
    </p>
   </div>
   <div class='ocr_carea' id='block_1_120' title="bbox 2262 5517 3923 5587">
    <p class='ocr_par' dir='ltr' id='par_1_120' title="bbox 2262 5517 3923 5587">
     <span class='ocr_line' id='line_1_120' title="bbox 2262 5517 3923 5587; baseline -0.007 -12"><span class='ocrx_word' id='word_1_887' title='bbox 2262 5534 2285 5570; x_wconf 73' lang='grc' dir='ltr'><em>ε</em></span> <span class='ocrx_word' id='word_1_888' title='bbox 2358 5525 2511 5587; x_wconf 84' lang='lat' dir='ltr'>Editi,</span> <span class='ocrx_word' id='word_1_889' title='bbox 2578 5524 2885 5577; x_wconf 74' lang='lat' dir='ltr'>Honoricus.</span> <span class='ocrx_word' id='word_1_890' title='bbox 2950 5523 3002 5574; x_wconf 90' lang='lat' dir='ltr'>Is</span> <span class='ocrx_word' id='word_1_891' title='bbox 3052 5520 3342 5575; x_wconf 88' lang='lat' dir='ltr'>Genserico</span> <span class='ocrx_word' id='word_1_892' title='bbox 3400 5517 3537 5580; x_wconf 88' lang='lat' dir='ltr'>patri</span> <span class='ocrx_word' id='word_1_893' title='bbox 3610 5523 3746 5587; x_wconf 87' lang='lat' dir='ltr'>suo_</span> <span class='ocrx_word' id='word_1_894' title='bbox 3788 5523 3923 5563; x_wconf 88' lang='lat' dir='ltr'>suc—</span> 
     </span>
    </p>
   </div>
   <div class='ocr_carea' id='block_1_121' title="bbox 2199 5583 3919 5657">
    <p class='ocr_par' dir='ltr' id='par_1_121' title="bbox 2199 5583 3919 5657">
     <span class='ocr_line' id='line_1_121' title="bbox 2199 5583 3919 5657; baseline -0.007 -9"><span class='ocrx_word' id='word_1_895' title='bbox 2199 5596 2363 5648; x_wconf 89' lang='lat' dir='ltr'>cessit</span> <span class='ocrx_word' id='word_1_896' title='bbox 2421 5610 2434 5648; x_wconf 91' lang='lat'>:</span> <span class='ocrx_word' id='word_1_897' title='bbox 2490 5583 2617 5650; x_wconf 82' lang='lat' dir='ltr'>bule</span> <span class='ocrx_word' id='word_1_898' title='bbox 2677 5595 3093 5657; x_wconf 86' lang='lat' dir='ltr'>Guntabundus,</span> <span class='ocrx_word' id='word_1_899' title='bbox 3175 5596 3227 5645; x_wconf 91' lang='lat' dir='ltr'>et</span> <span class='ocrx_word' id='word_1_900' title='bbox 3292 5588 3646 5642; x_wconf 87' lang='lat' dir='ltr'>Guntabundo</span> <span class='ocrx_word' id='word_1_901' title='bbox 3710 5583 3919 5637; x_wconf 81' lang='lat' dir='ltr'>Trasa—</span> 
     </span>
    </p>
   </div>
   <div class='ocr_carea' id='block_1_122' title="bbox 2199 5667 3671 5722">
    <p class='ocr_par' dir='ltr' id='par_1_122' title="bbox 2199 5667 3671 5722">
     <span class='ocr_line' id='line_1_122' title="bbox 2199 5667 3671 5722; baseline -0.007 -1"><span class='ocrx_word' id='word_1_902' title='bbox 2199 5667 2453 5722; x_wconf 89' lang='lat' dir='ltr'>mundus.</span> <span class='ocrx_word' id='word_1_903' title='bbox 3662 5670 3671 5678; x_wconf 83' lang='grc'><strong>·</strong></span> 
     </span>
    </p>
   </div>
  </div>
