4006 6182
144 224 246 284 193

1085 220 1444 318 ΗΙΞΤΟΒῙΑ
1481 217 1966 282 FRANCORUM.
2007 219 2233 280 LIBER
2275 167 2688 282 SECUNDUS.

3531 229 3635 290 194

141 351 460 421 martyrum
492 346 811 420 passiones,
846 363 922 406 ex
961 347 1178 420 quibus
1209 346 1474 422 quaedam
1522 345 1910 420 replicandaA
1929 360 2045 402 non
2077 360 2340 404 reversus
2368 345 2551 418 fuero,
2578 345 2787 405 videbo
2811 361 2913 406 vos
2939 346 3002 405 in
3031 347 3246 408 futura.
3269 349 3409 410 Dico
3439 355 3633 411 tamen

141 442 294 505 sunt,
345 440 408 492 ut
459 433 533 497 ad
573 449 640 492 ea
679 450 813 506 quae
860 435 1274 508 spopondimus
1308 435 1631 494 veniamus.
1665 434 1849 508 igitur

143 526 343 600 Cyrola
391 524 534 582 falso
577 531 812 583 vocatus
883 525 1204 598 episcopus,
1258 524 1659 582 haereticorum
1712 532 1849 581 tunc

144 612 436 671 maximus
462 612 784 695 habebatur
811 618 1074 668 assertor.
1109 613 1372 685 Cumque
1397 611 1468 668 ad
1499 626 1847 684 persequen-

141 703 278 760 dum
321 701 677 758 Christianos
719 716 821 764 rex
849 716 951 772 per
979 700 1205 758 diversa
1255 701 1684 769 transmitteret,
1716 715 1846 756 san-

141 802 294 851 ctum
323 791 650 864 Eugenium
692 791 1044 864 episcopum,
1077 791 1270 848 virum
1299 789 1689 848 inenarrabili
1723 805 1849 846 san-

1931 435 2094 492 vobis
2113 458 2124 492 :
2145 435 2360 506 Valete,
2394 443 2550 494 orate
2581 453 2684 510 pro
2709 437 2897 504 nobis,
2921 443 2976 496 et
2990 438 3249 512 jejunate
3281 443 3458 516 :quia
3477 443 3634 517 jeju-

1932 528 2094 585 nium
2124 535 2179 584 et
2201 527 2568 600 eleemosyna
2613 543 2837 601 semper
2867 528 3180 587 Dominum
3209 532 3281 589 ad
3306 533 3636 592 misericor-

1931 617 2086 675 diam
2112 617 2491 674 deﬂexerunt.
2519 616 2862 675 Mementote
2884 633 3008 676 esse
3046 619 3323 693 scriptum
3348 623 3409 678 in
3437 623 3637 681 Evan-

1931 710 2080 782 gelio
2110 733 2120 766 :
2154 712 2335 768 Nolite
2370 713 2556 764 timere
2591 727 2676 765 eos
2710 713 2808 780 qui
2845 713 3095 767 occidunt
3145 731 3358 784 corpus,
3392 717 3636 771 ani-mam

1929 809 2106 857 autem
2165 818 2271 856 non
2319 807 2548 872 possunt
2599 802 2874 856 occidere:
2911 805 3090 857 timete
3133 808 3311 858 autem
3352 820 3490 868 eum,
3538 809 3637 875 qui

145 883 354 950 ctitate,
385 879 488 953 qui
524 888 659 938 tunc
690 879 982 936 ferebatur
1008 894 1233 952 magna:
1268 878 1590 952 prudentiae
1615 892 1755 946 esse,
1783 877 1846 934 in
1922 899 2217 962 postquam
2245 892 2500 946 occiderit
2529 908 2741 962 corpus,
2785 893 2944 946 habet
2968 895 3289 962 potestatem
3317 900 3366 950 ει
3393 899 3636 951 animum

137 969 474 1028 suburbano
503 965 752 1024 civitatis
781 981 906 1023 suze
937 967 1146 1038 reperit
1172 973 1500 1037 persecutor
1528 981 1539 1019 :
1565 980 1739 1038 quem
1768 964 1847 1020 ita

1929 984 1977 1034 et
2035 996 2225 1050 corpus
2274 979 2501 1049 perdere
2556 984 2606 1033 et
2669 982 2882 1033 mittere
2937 982 2997 1034 in
3050 983 3348 1048 gehennam
3403 984 3632 1054 (Matth.

133 1056 417 1115 violenter
440 1054 650 1127 rapuit,
681 1061 742 1112 ut
775 1069 877 1111 nec
902 1052 974 1110 ad
999 1053 1346 1110 hortandum
1375 1068 1608 1126 gregem
1637 1051 1837 1111 Chris-
1922 1080 1989 1139 χ,
2019 1069 2093 1140 2),
2129 1089 2155 1120 ,,

136 1147 369 1206 ticolum
398 1164 418 1183 -
445 1146 605 1204 abire
639 1145 1006 1216 permitteret.
1039 1142 1144 1201 Ille
1182 1158 1316 1201 vero
1353 1158 1484 1201 cum
1530 1159 1590 1201 se
1618 1143 1839 1202 videret

128 1236 358 1308 abduci,
406 1234 707 1308 epistolam
757 1233 984 1290 civibus
1036 1248 1138 1305 pro
1175 1231 1548 1291 custodienda
1590 1232 1701 1290 lide
1742 1249 1837 1290 ca-

125 1326 332 1384 tholica
363 1326 472 1382 hoc
503 1323 672 1381 modo
706 1322 1028 1380 transmisit
1058 1322 1078 1351 ⁵
1107 1341 1121 1380 :

205 1439 225 1467 ι
271 1418 658 1472 Dilectissimis
699 1419 750 1470 et
797 1418 855 1469 in
899 1416 1102 1470 Christi
1137 1432 1318 1470 amore
1346 1416 1681 1470 dulcissimis
1709 1417 1844 1485 ﬁliis

135 1512 182 1561 et
225 1507 453 1575 ﬁliabus
491 1507 746 1560 Ecclesia
791 1505 931 1559 mihi
963 1521 997 1560 a
1025 1508 1132 1560 Deo
1184 1507 1480 1562 commissa
1505 1514 1544 1576 °,
1567 1508 1845 1574 Eugenius

143 1612 439 1668 episcopus.

1995 1156 2214 1214 Ductus
2234 1154 2428 1228 itaque
2462 1161 2693 1214 sanctus
2711 1155 3011 1228 Eugenius
3031 1156 3101 1214 ad
3129 1175 3345 1231 regem,
3375 1177 3510 1219 cum
3535 1162 3638 1222 illo

1924 1247 2279 1304 Arianorum
2335 1247 2596 1318 episcopo
2660 1261 2763 1318 pro
2822 1246 2934 1304 ﬁde
2986 1245 3263 1307 catholica
3308 1250 3637 1312 decertavit.

1929 1334 2190 1408 Cumque
2224 1349 2358 1392 eum
2401 1334 2470 1392 de
2515 1342 2726 1392 sanctae
2766 1335 3064 1393 Trinitatis
3115 1339 3388 1413 mysterio
3435 1347 3648 1414 poten-

1929 1424 2148 1482 tissime
2175 1423 2498 1493 devicisset,
2529 1429 2584 1481 et
2607 1424 2843 1496 insuper
2868 1426 3081 1483 multas
3109 1443 3211 1499 per
3233 1444 3367 1486 eum
3398 1429 3647 1488 virtutes

1933 1513 2193 1570 Christus
2239 1511 2581 1582 ostenderet,
2615 1512 2678 1568 in
2707 1514 2980 1586 majorem
3009 1514 3296 1574 insaniam
3326 1516 3480 1575 idem
3516 1518 3644 1590 epi-

1932 1618 2157 1675 scopus,
2176 1602 2398 1660 invidia
2421 1602 2839 1672 inﬂammante,
2861 1604 3248 1664 succenditur.
3279 1607 3457 1665 Erant
3483 1608 3644 1666 enim

207 1705 234 1737 α
273 1684 511 1756 Regalis
565 1683 857 1741 emanavit
900 1681 1228 1754 auctoritaS,
1273 1689 1329 1740 et
1378 1699 1480 1756 pro
1527 1683 1909 1768 exercenda};
1933 1701 2070 1751 tunc
2103 1693 2375 1766 temporis
2403 1707 2536 1749 cum
2566 1699 2760 1750 sancto
2789 1692 3050 1764 Eugenio
3071 1694 3182 1751 viri
3211 1697 3649 1768 prudentissimi

143 1773 248 1830 ﬁde
287 1773 592 1843 catholica,
626 1772 811 1830 edicto
855 1787 960 1828 nos
982 1787 1014 1828 a
1042 1768 1389 1843 Carthagine
1419 1773 1444 1808 ἀ
1469 1771 1668 1829 venire
1702 1787 1850 1844 pran-

146 1860 306 1934 cepit.
336 1859 409 1917 Et
451 1860 583 1917 ideo
624 1876 699 1918 ne
739 1858 941 1916 abiens
989 1875 1022 1916 a
1059 1858 1225 1916 vobis
1271 1858 1587 1927 Ecclesium
1634 1859 1740 1916 Dei
1788 1860 1852 1916 in

145 1949 435 2024 ambiguo,
464 1950 576 2008 hoc
623 1955 707 2007 est
751 1949 815 2007 in
856 1965 1156 2022 suspenso,
1185 1948 1557 2019 dimitterem,
1594 1957 1694 2007 aut
1718 1964 1853 2008 oves

139 2038 349 2098 Christi
393 2053 513 2097 non
563 2055 740 2098 verus
790 2045 980 2113 pastor
1028 2037 1258 2096 silentio
1309 2038 1720 2112 relinquerem,
1757 2054 1854 2094 ne-

141 2126 453 2186 cessarium
481 2126 631 2185 duxi
676 2127 780 2185 has
827 2142 929 2200 pro
973 2141 1066 2184 me
1095 2126 1338 2185 vicarias
1369 2133 1577 2185 vestrze
1603 2124 1850 2197 dirigere

143 2216 462 2277 sanctitati:
491 2217 553 2274 in
582 2216 796 2292 quibus
828 2232 943 2274 non
981 2215 1107 2274 sine
1138 2215 1412 2289 lacrymis
1450 2221 1598 2288 peto,
1630 2215 1847 2286 hortor,

145 2322 365 2376 moneo,
411 2313 465 2364 et
504 2307 642 2364 satis
671 2305 1316 2380 abundequembtestor
1371 2320 1471 2378 per
1518 2303 1623 2361 Dei
1669 2303 1849 2376 maje-

147 2406 361 2467 statem,
408 2403 463 2454 et
505 2412 607 2470 per
651 2394 1016 2454 tremendum
1054 2395 1262 2469 judicii
1308 2395 1492 2466 diem,
1525 2401 1696 2467 atque
1747 2394 1846 2450 ad-

152 2495 353 2546 ventus
382 2485 596 2544 Christi
626 2485 943 2560 terribilem
969 2485 1304 2553 claritatem,
1321 2490 1386 2543 ut
1404 2482 1583 2542 fixius
1610 2483 1850 2542 teneatis

151 2575 488 2633 catholicam
516 2575 713 2645 fidem,
736 2579 1054 2632 asserentes
1083 2573 1303 2631 Filium
1330 2572 1484 2630 Patri
1509 2589 1632 2630 esse
1657 2587 1849 2646 aequa-

153 2666 278 2734 lem,
311 2672 365 2723 et
389 2663 673 2738 Spiritum
699 2672 959 2722 sanctum
989 2663 1248 2721 eamdem
1278 2663 1491 2721 habere
1517 2678 1652 2721 cum
1684 2663 1847 2720 Patre

147 2760 200 2813 et
226 2754 375 2813 Filio
398 2754 729 2813 deitatem‘.
766 2753 998 2813 Servate
1041 2753 1236 2828 itaque
1285 2752 1445 2810 unici
1492 2753 1850 2826 baptismatis

148 2846 407 2919 gratiam,
441 2846 827 2904 custodientes
865 2843 1192 2903 chrismatis
1232 2844 1566 2902 unctionem
1599 2845 1634 2902 ί.
1668 2843 1848 2901 Nemo

147 2944 268 3010 post
301 2952 512 3010 aquam
567 2943 885 2995 revertatur
929 2937 999 2994 ad
1037 2950 1276 3008 aquam,
1306 2941 1538 2993 renatus
1568 2951 1642 2993 ex
1677 2951 1845 3007 aqua.

148 3027 303 3086 Nutu
322 3027 478 3086 enim
503 3027 700 3086 Deisal
719 3044 792 3084 ex
805 3043 956 3101 aqua
983 3024 1314 3095 conﬁcitur;
1350 3025 1448 3082 sed
1479 3025 1527 3083 si
1554 3025 1616 3081 in
1638 3040 1844 3099 aquam

147 3118 435 3177 redactum
476 3118 670 3188 fuerit,
700 3117 889 3175 omnis
933 3116 1152 3190 species
1190 3117 1316 3188 ejus
1362 3115 1662 3174 confestim
1712 3131 1848 3172 eva-

144 3214 362 3266 cuatur.
401 3205 567 3264 Unde
607 3221 724 3262 non
758 3206 1048 3263 immerito
1095 3204 1376 3263 Dominus
1423 3204 1484 3260 in
1533 3202 1848 3276 Evangelio

145 3297 220 3353 ait
252 3316 263 3354 :
299 3300 361 3355 Si
387 3298 474 3352 sal
499 3299 835 3364 infatuatum
880 3298 1073 3365 fuerit,
1122 3299 1182 3350 in
1227 3312 1331 3365 quo
1369 3296 1598 3350 satietur
1623 3297 1844 3361 (Matth.

147 3397 203 3455 V,
241 3385 372 3458 13)?
411 3386 482 3444 Et
523 3386 727 3459 utique
777 3386 884 3443 hoc
937 3391 1021 3442 est
1071 3383 1368 3456 infatuari,
1404 3380 1553 3440 velle
1597 3381 1848 3440 secundo

144 3478 388 3548 condiri,
424 3492 558 3535 cum
611 3465 792 3534 semel
845 3477 1056 3534 factum
1106 3474 1371 3533 sufﬁciat.
1426 3473 1555 3531 Non
1607 3471 1851 3531 audistis

143 3566 434 3626 Christum
465 3566 749 3624 dicentem
789 3581 800 3620 :
834 3568 940 3634 Qui
987 3567 1148 3620 semel
1201 3566 1340 3620 lotus
1397 3569 1494 3628 est,
1547 3579 1654 3618 non
1692 3563 1852 3617 habet

142 3661 513 3713 necessitatem
567 3663 666 3721 47
728 3661 923 3713 iterum
1005 3655 1235 3711 lavandi
1283 3657 1472 3724 (Joan.
1527 3665 1657 3722 XIII,
1710 3652 1852 3722 '10)?

141 3740 410 3822 Ideoque,
442 3749 665 3820 fratres,
700 3755 756 3805 et
799 3747 928 3819 lilii,
977 3745 1230 3816 ﬁliaeque
1271 3757 1418 3800 mea:
1452 3743 1530 3800 ‘in
1578 3742 1848 3813 Domino,

139 3847 258 3891 non
294 3850 399 3892 vos
435 3837 730 3895 contristet
775 3833 1033 3892 absentia
1069 3847 1218 3903 mea,
1269 3830 1407 3904 quia
1453 3831 1501 3888 si
1536 3829 1850 3910 catholicae

139 3920 461 3996 disciplina;
518 3924 882 3996 adhaereatis,
944 3937 1048 3996 ego
1103 3935 1205 3979 vos
1269 3935 1377 3977 nec
1427 3919 1850 3992 longinquitate

135 4011 332 4085 aliqua
355 4012 683 4086 obliviscar,
703 4028 810 4071 nec
835 4015 1018 4070 morte
1047 4025 1081 4067 a
1108 4007 1276 4067 vobis
1306 4007 1548 4066 divellar
1569 4016 1612 4065 ε.
1643 4007 1852 4065 Scitote

135 4099 274 4172 quia
305 4117 675 4176 quocumque
713 4117 807 4159 me
851 4099 1087 4158 fecerint
1129 4095 1314 4156 dividi
1345 4111 1575 4170 agones,
1615 4111 1848 4154 mecum

137 4195 223 4246 est
274 4190 467 4263 palma
515 4211 531 4249 :
585 4192 634 4249 si
679 4191 749 4249 ad
797 4189 1077 4248 exsilium
1125 4186 1354 4257 abiero,
1401 4185 1553 4243 beati
1606 4185 1850 4244 Joannis

136 4275 506 4348 evangelista:
537 4276 878 4351 exemplum
906 4275 1088 4334 habeo
1110 4292 1127 4346 ;
1157 4273 1206 4331 si
1235 4273 1307 4331 ad
1343 4273 1544 4331 mortis
1574 4273 1845 4343 exitium,

1863 3074 1906 3134 ί]

1935 1789 2107 1856 atque
2127 1782 2496 1852 sanctissimi,
2518 1782 2902 1841 Vindemialis
2924 1784 2944 1811 "
2966 1791 3022 1841 et
3046 1785 3350 1859 Longinus
3374 1785 3644 1862 episcopi,

1933 1887 2096 1944 pares
2140 1871 2344 1945 gradu,
2396 1878 2450 1929 et
2497 1871 2714 1930 virtute
2750 1888 2866 1930 non
2915 1872 3186 1946 impares;
3220 1875 3367 1933 Nam
3414 1885 3648 1936 sanctus

1931 1961 2320 2036 Yindemialis
2359 1977 2427 2018 eo
2476 1968 2729 2036 tempore
2778 1963 3067 2021 ferebatur
3109 1973 3411 2025 mortuum
3456 1968 3646 2026 susci—

1937 2054 2109 2119 tasse;
2154 2047 2456 2120 Longinus
2494 2055 2687 2105 autem
2736 2047 2940 2105 multis
2969 2049 3222 2107 infirmis
3267 2052 3516 2110 salutem
3542 2053 3646 2112 tri-

1929 2141 2074 2200 buit.
2115 2140 2411 2213 Eugenius
2448 2157 2681 2214 quoque
2712 2158 2829 2200 non
2859 2142 3048 2200 solum
3078 2144 3401 2204 visibilium
3443 2145 3645 2205 oculo-

1932 2244 2066 2286 rum
2093 2231 2428 2299 caecitatem,
2461 2229 2559 2286 sed
2599 2229 2772 2286 etiam
2802 2229 3093 2288 mentium
3113 2230 3456 2304 depellebat.
3481 2233 3647 2303 Quod

1930 2336 2172 2379 cernens
2210 2320 2311 2378 ille
2350 2335 2602 2394 nequam
2629 2321 2982 2380 Arianorum
3023 2322 3345 2397 episcOpus,
3379 2331 3650 2384 vocatum

1930 2410 2001 2467 ad
2036 2427 2095 2468 se
2124 2410 2436 2483 quemdam
2482 2409 2803 2480 hominem,
2838 2410 2910 2467 ab
2939 2410 3043 2468 illo
3089 2426 3204 2482 quo
3249 2413 3372 2486 ipse
3417 2413 3652 2472 vivebat

1931 2516 2125 2560 errore
2158 2507 2256 2564 48
2285 2501 2611 2576 deceptum,
2646 2501 2725 2558 ait
2755 2524 2768 2558 :
2805 2500 2934 2560 Non
2977 2501 3182 2574 patior,
3239 2502 3391 2578 quod
3423 2504 3487 2561 hi
3520 2504 3652 2577 epi-

1931 2592 2086 2665 scopi
2109 2593 2292 2651 multa
2310 2594 2371 2652 in
2393 2595 2607 2668 populo
2622 2595 2786 2668 signa
2802 2596 3168 2669 depromunt,
3187 2593 3433 2669 illosque
3453 2594 3650 2654 cuncti

1931 2695 2024 2738 me
2081 2682 2340 2754 neglecto
2398 2691 2739 2757 sequuntur.
2801 2684 3118 2756 Acquiesce
3168 2698 3325 2740 nunc
3371 2682 3462 2740 bis
3516 2697 3650 2756 quas

1931 2772 2226 2845 praecipio,
2274 2780 2330 2830 et
2381 2775 2625 2848 acceptis
2673 2775 3103 2849 quinquaginta
3150 2775 3366 2844 aureis,
3413 2770 3546 2832 sede
3586 2774 3649 2832 i-n
3741 2829 3744 2833 .

1931 2862 2136 2934 platea,
2168 2879 2267 2934 per
2281 2879 2456 2936 quam
2481 2864 2647 2922 nobis
2667 2872 2762 2921 (est
2791 2867 3082 2932 transitus,
3115 2871 3170 2921 et
3199 2878 3441 2921 manum
3470 2879 3647 2936 super

1931 2950 2155 3008 clausos
2185 2950 2380 3009 oculos
2405 2967 2646 3024 ponens.
2681 2968 2773 3010 me
2805 2959 3184 3026 prastereunte
3217 2967 3354 3010 cum
3384 2951 3648 3025 reliquis,

1931 3042 2191 3100 exclama
2231 3041 2294 3098 in
2342 3057 2550 3114 magna
2601 3041 2833 3111 virtute,
2865 3042 3061 3099 dicens
3106 3059 3119 3097 :
3170 3040 3268 3110 Te,
3318 3041 3648 3099 beatissime

1934 3133 2159 3207 Cyrola,
2201 3141 2412 3190 nostra:
2463 3132 2760 3205 religionis
2811 3133 3069 3203 antistes,
3109 3131 3402 3204 deprecor,
3451 3138 3516 3190 ut
3566 3147 3673 3189 re--

1934 3220 2179 3294 spiciens
2239 3220 2570 3277 manifestes
2620 3218 2864 3292 gloriam
2903 3235 2968 3277 ac
3011 3219 3288 3278 virtutem
3346 3225 3526 3290 tuam,
3585 3224 3649 3276 ut

1933 3306 2132 3364 oculos
2193 3319 2352 3365 meos
2407 3306 2673 3380 aperiens
2724 3323 2947 3388 merear
2995 3307 3186 3366 lucem
3229 3307 3424 3366 videre
3471 3323 3647 3381 quam

1932 3394 2308 3469 perdidi.Qui
2345 3395 2506 3469 jussa
2552 3395 2868 3470 complens,
2904 3397 3277 3472 residensque
3326 3397 3389 3455 in
3438 3398 3648 3473 platea,

1935 3491 2266 3542 transeunte
2299 3484 2568 3543 haeretico
2617 3501 2752 3544 cum
2797 3485 3010 3544 sanctis
3039 3485 3163 3556 Dei,
3195 3484 3303 3543 iste
3329 3486 3431 3558 qui
3458 3486 3650 3546 Deum

1932 3571 2174 3629 irridere
2232 3571 2537 3644 cogitabat,
2583 3573 2870 3632 exclamat
2920 3574 2981 3631 in
3027 3589 3235 3646 magna
3279 3576 3510 3646 virtute,
3559 3576 3652 3634 di-

1934 3677 2069 3719 cens
2100 3685 2111 3718 :
2148 3661 2303 3720 Audi
2333 3677 2446 3733 me,
2481 3663 2814 3723 beatissime
2848 3664 3092 3738 Cyrola;
3150 3665 3287 3723 audi
3317 3681 3432 3734 me,
3460 3671 3654 3725 sancte

1935 3753 2197 3810 sacerdos
2253 3752 2356 3810 Dei
2411 3777 2423 3810 :
2479 3754 2698 3826 respice
2746 3755 3061 3812 caecitatem
3105 3769 3316 3814 meam.
3366 3754 3654 3828 Experiar

1933 3855 2037 3914 ego
2077 3840 2495 3898 medicamenta
2532 3857 2667 3914 quae
2719 3857 2868 3916 saepe
2917 3843 3054 3902 caeci
3101 3843 3312 3916 reliqui
3357 3860 3388 3902 a
3435 3851 3487 3902 te
3523 3860 3648 3903 me-

1934 3936 2200 4001 ruerunt,
2235 3945 2367 4004 quae
2408 3930 2618 4004 leprosi
2666 3933 2888 4006 experti
2939 3940 3097 4008 sunt,
3145 3949 3280 4008 quae
3316 3934 3428 4008 ipsi
3475 3935 3651 3993 etiam

1935 4019 2151 4078 mortui
2196 4028 2647 4094 praesenserunt.
2678 4023 2902 4097 Adjuro
2930 4029 2984 4082 te
3011 4039 3113 4098 per
3159 4023 3343 4098 ipsam
3373 4025 3651 4084 virtutem

1931 4124 2111 4183 quam
2163 4111 2361 4182 habes,
2392 4116 2458 4174 ut
2504 4112 2652 4170 mihi
2691 4113 3073 4172 desideratam
3118 4113 3386 4171 restituas
3439 4113 3649 4184 lucem,

1932 4197 2070 4271 quia
2100 4199 2265 4272 gravi
2312 4215 2447 4258 sum
2484 4201 2736 4260 caecitate
2783 4218 3112 4276 percussus.
3145 4201 3456 4262 Veritatem
3489 4202 3652 4264 enim

1933 4290 2217 4364 nesciens,
2251 4306 2455 4350 verum
2483 4291 2708 4351 dicebat
2740 4312 2751 4351 :
2781 4293 2916 4368 quia
2945 4299 3263 4352 cmcaverat
3312 4310 3450 4353 eum
3492 4296 3653 4370 cupi-

142 4365 341 4420 Vivere
378 4370 516 4422 mihi
565 4370 811 4445 Christus
843 4371 939 4431 est,
985 4371 1036 4420 et
1083 4366 1224 4418 mori
1266 4365 1475 4418 lucrum
1518 4364 1779 4435 (Philipp.
1804 4375 1906 4459 I,D
1931 4375 1999 4434 die

1985 4379 2099 4443 itas,
2132 4383 2188 4434 et
2215 4378 2491 4437 virtutem
2519 4379 2624 4438 Dei
2657 4364 3072 4455 omnipotentis
3107 4380 3350 4439 irridere
3401 4397 3504 4459 per
3548 4364 3652 4454 pe-

137 4455 253 4525 21).
303 4457 368 4515 Si
417 4459 658 4529 rediero,
713 4460 947 4528 fratres,
996 4454 1259 4528 implebit
1296 4455 1450 4513 Deus
1492 4455 1847 4514 desiderium

140 4553 429 4608 vestrum.
458 4553 726 4610 Attamen
771 4547 983 4608 sufficit
1013 4547 1204 4618 modo,
1235 4547 1391 4621 quod
1423 4545 1588 4604 vobis
1632 4562 1750 4604 non
1781 4551 1860 4620 ta-_

136 4638 510 4712 cuizmonui,
534 4641 815 4713 instruxi,
838 4639 1125 4715 quomodo
1154 4638 1338 4712 potui;
1371 4637 1614 4712 ideoque
1638 4637 1852 4696 immu-

139 4729 243 4789 nis
270 4747 402 4790 sum
423 4751 456 4791 a
484 4735 768 4808 sanguine
793 4733 1058 4793 omnium
1078 4732 1473 4805 pereuntium;
1493 4737 1548 4789 et
1574 4733 1690 4789 scio
1718 4733 1856 4805 quia

140 4819 431 4880 adversus
451 4839 548 4882 eos
566 4823 1044 4897 legenturlitterae
1063 4821 1187 4878 ista)
1205 4826 1336 4877 ante
1355 4819 1603 4878 tribunal
1623 4820 1854 4892 Christi,

73 4931 76 4933 ·
141 4924 284 4968 cum
315 4913 542 4971 venerit
571 4913 809 4972 reddere
836 4912 1157 4984 unicuique
1183 4910 1507 4968 secundum
1527 4925 1698 4984 Opera
1729 4925 1852 4969 sua.

144 4997 212 5058 Si
231 5015 504 5063 reversus
540 5003 724 5077 fuero,
761 5005 983 5076 fratres,
1015 4999 1226 5062 videbo
1252 5014 1356 5059 vos
1384 4999 1448 5058 in
1475 4999 1584 5058 hac
1610 4999 1730 5058 vita
1764 5019 1778 5056 :
1807 4999 1858 5058 si

209 5160 230 5181 ⁸
262 5151 356 5204 Sic
386 5165 540 5214 mss.,
582 5159 634 5207 at
656 5155 784 5208 editi
820 5165 944 5206 cum
974 5154 1096 5206 Bec.
1130 5151 1328 5204 habent
1351 5149 1549 5205 Christi
1571 5152 1758 5204 ullum.

207 5225 232 5254 ⁵
272 5225 438 5279 Deest
486 5227 713 5292 epistola
764 5229 976 5291 integra
1031 5227 1088 5278 in
1150 5225 1324 5288 Corb.,
1371 5225 1468 5277 sed
1522 5237 1644 5289 qua
1676 5231 1856 5281 tamen

143 5304 353 5362 sponte
418 5303 620 5353 omissa
692 5301 810 5365 fuit,
873 5312 998 5354 cum
1062 5297 1274 5360 habeat,
1343 5297 1706 5364 epistolam...
1760 5300 1857 5354 hoc

143 5371 310 5425 modo
351 5373 677 5425 transmisit.

206 5453 229 5475 ‘
263 5448 365 5498 Is.
399 5448 442 5508 1,
475 5445 793 5499 commissis.

205 5519 230 5549 ⁴
262 5519 480 5582 Regm..
531 5518 938 5589 Carthaginem,
983 5522 1036 5574 et
1084 5519 1245 5583 infra,
1288 5520 1413 5584 post
1459 5517 1714 5581 vinarias,
1761 5518 1853 5570 ad-

141 5593 243 5655 dit,
266 5592 508 5644 litteras.
944 5615 946 5617 -
1069 5609 1072 5613 λ
1503 5613 1514 5623 ο

1939 4464 2176 4522 cuniam
2231 4467 2573 4525 aestimabat.
2633 4467 2798 4526 Tunc
2857 4467 3263 4526 haereticorum
3352 4457 3658 4542 episcopus

1938 4553 2246 4626 paululum
2274 4570 2335 4612 se
2351 4555 2604 4626 divertit,
2634 4557 2799 4630 quasi
2829 4556 2892 4613 in
2921 4557 3134 4629 virtute
3159 4556 3654 4631 triumphaturus,

1939 4643 2123 4701 elatus
2150 4644 2403 4701 vanitate
2450 4646 2622 4715 atque
2669 4643 2958 4715 superbia,
2991 4644 3184 4717 posuit
3209 4660 3450 4704 manum
3482 4662 3651 4706 suam

1939 4746 2111 4804 super
2139 4731 2333 4788 oculos
2357 4731 2502 4803 ejus,
2526 4730 2723 4788 dicens
2755 4751 2768 4790 :
2801 4729 3136 4796 Secundum
3164 4732 3339 4792 fidem
3368 4741 3649 4808 nostram,

1937 4836 2052 4895 qua
2101 4826 2249 4879 recte
2302 4821 2488 4879 Deum
2543 4821 2856 4894 credimus,
2891 4823 3224 4895 aperiantur
3255 4823 3411 4884 oculi
3440 4825 3545 4884 tui.
3581 4824 3653 4883 Et

1937 4925 2076 4969 mox
2109 4917 2172 4969 ut
2199 4911 2308 4969 hoc
2333 4911 2496 4969 nefas
2537 4913 2743 4986 erupit,
2775 4912 2928 4971 risus
2958 4918 3217 4973 mutatur
3241 4915 3298 4972 in
3327 4914 3646 4989 planctum,

1937 5010 1994 5062 et
2037 5002 2204 5063 dolus
2256 5003 2506 5078 episcopi
2559 5011 2644 5063 est
2690 5006 3004 5079 patefactus
3052 5007 3116 5064 in
3171 5007 3401 5080 publico
3444 5025 3457 5066 :
3508 5021 3646 5065 nam

1938 5161 2084 5210 ctum
2109 5161 2349 5210 eamdem
2376 5157 2569 5212 habere
2591 5173 2715 5214 cum
2749 5160 2883 5213 Filio
2913 5161 3190 5215 deitatem.

2002 5231 2020 5268 τ
2053 5231 2305 5297 Baptismi
2386 5235 2633 5296 gratiam,
2715 5235 3023 5287 chrismatis
3110 5233 3421 5286 unctionem
3502 5233 3647 5289 inter

1935 5305 2075 5357 bona
2128 5304 2438 5355 Christianis
2491 5319 2522 5357 a
2579 5307 2695 5359 Deo
2769 5305 2963 5368 collata
3014 5307 3270 5356 recenset
3344 5305 3647 5369 Salvianus,

1938 5378 2186 5444 ejusdem
2217 5379 2318 5430 ενι
2347 5381 2554 5438 auctor,
2578 5379 2669 5430 lib.
2709 5393 2769 5430 Ill
2793 5381 2859 5432 de
2885 5379 3284 5430 Gubernatione
3311 5379 3423 5432 Dei.
3493 5419 3503 5429 κ

2006 5461 2030 5497 s
2065 5452 2148 5502 Sic
2187 5463 2319 5501 mss.
2364 5451 2428 5506 2:
2469 5450 2580 5515 alii,
2614 5451 2749 5517 quin
2767 5451 2816 5502 si
2838 5450 3108 5504 catholica
3137 5449 3434 5516 disciplina
3462 5453 3638 5508 adha-

1939 5521 2122 5581 reatis,
2149 5535 2298 5586 ego...
2324 5521 2658 5576 obliviscor...
2691 5523 2930 5574 divellor.

1917 5652 1923 5657 ,
1993 5594 2018 5626 ⁸³
2051 5593 2225 5658 Corb.,
2258 5593 2420 5648 habet
2454 5594 2651 5660 ubique
2689 5593 3048 5650 Vindimialis.

207 5675 229 5699 °
261 5665 421 5720 idem
471 5669 526 5721 et
566 5665 710 5729 Bec‘.,
751 5668 1044 5722 asserentes
1087 5662 1316 5719 Patrem
1345 5664 1395 5718 et
1419 5660 1695 5728 Spim'tum
1717 5675 1850 5719 san—
1882 5745 1886 5749 Ι
1978 5735 1984 5746 Γ
2286 5707 2288 5709 .
