4006 6182
361 259 465 321 195

1431 250 1491 313 8.
1528 248 1886 310 GBEGOBII
1932 245 2264 308 EPISCOPI
2302 242 2775 306 TURONENSIS

3755 239 3865 299 196

361 399 384 426 ι
413 388 608 444 tantus
636 380 797 441 dolor
824 378 1023 439 oculos
1049 375 1248 436 miseri
1276 374 1435 435 illius
1464 374 1699 439 invasit,
1753 380 1818 433 ut
1847 390 1943 433 eos
1977 374 2133 436 di-A
2150 372 2437 448 pontiﬁcis
2468 371 2559 429 sui
2590 370 2647 427 in
2674 371 2784 428 hoc
2838 368 3047 427 scelere
3094 367 3274 425 fuisse
3303 367 3600 435 detectam,
3628 368 3867 421 sanctos

356 476 493 549 gitis
530 474 634 533 vix
662 472 684 502 ⁸
713 470 1135 545 comprimeret,
1176 484 1249 526 ne
1287 471 1610 540 creparent.
1644 464 1903 538 Denique
1946 463 2064 521 cla-

358 579 519 624 mare
544 562 714 636 cmpit
745 561 939 631 miser,
969 575 1036 617 ac
1076 558 1267 617 dicere
1297 582 1310 615 :
1342 556 1444 615 Va)
1482 554 1629 613 mihi
1669 555 1902 628 misero,
1932 553 2068 630 quia

358 656 627 715 seductus
650 669 785 711 sum
812 652 886 710 ab
914 652 1151 709 inimico
1182 651 1323 721 legis
1350 648 1581 705 divinm.
1612 645 1714 705 Vae
1732 648 1905 718 mihi,
1932 645 2070 719 quia

358 742 545 800 Deum
578 757 677 814 per
706 739 1011 814 pecuniam
1055 736 1294 795 irridere
1341 734 1523 805 volui,
1568 740 1623 791 et
1651 733 2070 809 quinquaginta

354 847 559 890 aureos
581 830 793 904 accepi,
822 836 886 888 ut
906 830 1014 887 hoc
1042 826 1271 886 facinus
1295 830 1702 898 perpetrarem.
1732 824 1820 881 Ad
1848 823 2037 896 episco
2054 855 2072 867 -

353 938 495 997 pum
533 926 726 979 autem
759 918 949 977 aiebat
980 942 993 975 :
1037 918 1181 976 Ecce
1207 931 1417 975 aurum
1446 922 1635 985 tuum,
1668 913 1841 971 redde
1866 913 2067 971 lumen

352 1026 577 1079 meum,
608 1008 764 1083 quod
797 1008 929 1066 dolo
976 1013 1077 1065 tuo
1121 1005 1366 1080 perdidi.
1400 1004 1628 1078 Vosque
1666 1018 1823 1075 rogo,
1852 1002 2068 1075 glorio-

352 1099 567 1158 sissimi
606 1098 939 1167 Christiani,
977 1112 1051 1154 ne
1079 1095 1405 1170 despiciatis
1439 1096 1739 1165 miserum,
1774 1093 1871 1151 sed
1904 1093 2064 1151 velo-

347 1189 488 1247 citer
548 1187 864 1247 succurrite
913 1186 1199 1259 pereunti.
1228 1184 1375 1243 Vere
1420 1185 1577 1242 enim
1628 1184 1895 1256 cognovi,
1930 1183 2067 1255 quia

351 1280 494 1333 Deus
522 1282 619 1339 49
650 1294 758 1332 non
792 1276 1059 1331 irridetur
1103 1276 1249 1346 (Gal.
1280 1286 1362 1343 Vi,
1405 1274 1477 1345 7).
1522 1274 1686 1332 Tunc
1724 1273 1906 1330 sancti
1962 1272 2065 1330 Dei

353 1365 747 1425 misericordia
776 1365 915 1422 moti
948 1384 961 1423 :
990 1368 1074 1436 Si,
1110 1365 1416 1439 inquiunt,
1446 1367 1641 1429 credis,
1673 1367 1854 1420 omnia
1880 1366 2065 1434 possi-

355 1458 489 1512 bilia
534 1461 659 1513 sunt
707 1456 945 1511 credenti
991 1459 1178 1527 (Marc.
1226 1467 1311 1524 IX,
1358 1452 1469 1527 22).
1516 1456 1589 1511 At
1640 1453 1741 1511 ille
1786 1451 2066 1510 clamabat

351 1565 491 1609 voce
507 1564 718 1620 magna
750 1563 763 1602 :
792 1548 903 1617 Qui
931 1563 1047 1606 non
1075 1546 1381 1605 crediderit
1408 1544 1700 1603 Christum
1728 1544 1941 1601 Filium
1962 1542 2065 1601 Dei

348 1646 415 1699 et
438 1640 714 1713 Spiritum
773 1647 1033 1698 sanctum
1079 1638 1367 1712 aequalem
1416 1638 1629 1695 habere
1679 1634 2061 1694 substantiam

348 1701 521 1803 atque
547 1728 816 1786 deitatem
861 1745 996 1788 cum
1041 1701 1166 1785 Dea
1210 1725 1393 1792 Patre,
1425 1726 1599 1784 hodie
1636 1743 1770 1800 quae
1801 1741 1904 1798 ego
1937 1701 2127 1797 per-B

349 1820 473 1879 fero
500 1818 771 1894 patiatur.
805 1818 875 1877 Et
911 1819 1118 1891 adjecit
1146 1833 1157 1872 :
1193 1815 1374 1873 Credo
1408 1816 1589 1875 Deum
1632 1816 1855 1874 Patrem
1887 1815 2069 1875 omni-

348 1914 661 1981 potentem,
686 1907 853 1967 credo
881 1906 1099 1981 Eilium
1126 1904 1228 1962 Dei
1249 1904 1541 1963 Christum
1555 1904 1755 1964 Jesum
1777 1908 2066 1980 aequalem

350 1997 533 2067 Patri,
562 2000 733 2057 credo
765 1996 1046 2071 Spiritum
1085 2002 1351 2053 sanctum
1388 1995 1539 2053 Patri
1569 2001 1623 2053 et
1650 1996 1799 2054 Filio
1824 1997 2067 2056 consub-

350 2087 677 2146 stantialem
722 2094 897 2161 atque
946 2091 1321 2144 comternum.
1365 2084 1506 2144 Haec
1543 2084 1630 2143 illi
1666 2086 1987 2157 audientes,
2014 2092 2069 2145 et

350 2191 412 2235 se
441 2176 691 2235 invicem
718 2178 936 2235 honore
980 2182 1188 2234 mutuo
1235 2175 1678 2249 praevenientes,
1708 2178 1895 2236 oritur
1921 2179 2071 2235 inter

351 2282 449 2326 eos
476 2274 670 2325 sancta
716 2266 1028 2334 contentio,
1070 2266 1203 2339 quis
1244 2264 1427 2323 oculis
1455 2266 1583 2339 ejus
1615 2266 1849 2339 signum
1888 2268 2071 2327 beata:

348 2355 535 2414 crucis
566 2354 907 2428 imponeret.
938 2352 1323 2411 Vindemialis
1352 2367 1490 2411 vero
1515 2367 1581 2410 ac
1613 2352 1913 2424 Longinus
1950 2356 2070 2415 Eu-

348 2443 614 2517 genium,
649 2441 748 2500 ille
773 2448 965 2500 autem
1000 2448 1229 2499 econtra
1260 2456 1356 2499 eos
1382 2449 1582 2499 exorat
1611 2449 1677 2501 ut
1707 2458 1916 2504 manus
1953 2446 2068 2503 im-

350 2537 634 2613 ponerent
682 2546 853 2590 caaco.
883 2530 1046 2600 Quod
1095 2547 1230 2589 cum
1278 2531 1565 2602 fecissent,
1597 2540 1652 2591 et
1684 2550 1893 2594 manus
1932 2553 2069 2595 suas

352 2639 530 2696 super
557 2628 727 2696 caput
766 2621 893 2695 ejus
939 2626 1217 2692 tenerent,
1248 2629 1482 2681 sanctus
1508 2623 1808 2697 Eugenius
1836 2642 2067 2685 crucem

352 2727 528 2785 super
582 2710 784 2770 oculos
830 2709 966 2767 caeci
1014 2708 1254 2778 faciens,
1285 2710 1402 2767 ait:
1434 2710 1501 2768 In
1534 2714 1768 2770 nomine
1801 2714 1985 2772 Patris
2013 2720 2069 2773 et

354 2798 490 2858 Filii
523 2805 579 2857 et
607 2798 860 2872 Spiritus
889 2798 1071 2855 sancti
1102 2798 1224 2856 veri
1253 2799 1376 2869 Dei,
1405 2814 1579 2873 quem
1608 2801 1827 2860 trinum
1856 2802 1915 2860 in
1947 2818 2068 2861 una

352 2891 682 2967 aequalitate
710 2898 883 2965 atque
910 2890 1325 2963 omnipotentia
1349 2892 1713 2963 confitemur,
1736 2894 2068 2967 aperiantur

352 2980 506 3041 oculi
537 2979 640 3039 tui.
673 2980 743 3037 Et
776 2980 968 3038 statim
999 2979 1188 3037 ablato
1214 2980 1426 3051 dolore,
1459 2982 1529 3038 ad
1561 2982 1866 3056 pristinam
1897 2984 2066 3041 rediit

2154 462 2253 519 Dei
2277 465 2410 535 ‘post
2444 460 2624 518 multa
2670 466 2971 528 tormenta,
3007 464 3130 530 post
3181 455 3478 529 equuleos,
3516 460 3641 528 post
3690 454 3869 511 tiam-

2154 568 2299 622 mas,
2328 557 2451 625 post
2479 550 2753 622 ungulas,
2780 550 2953 623 jussit
2993 546 3260 605 interﬁci.
3294 546 3536 603 Beatum
3565 560 3702 603 vero
3738 544 3865 601 Eu-

2154 640 2393 714 genium
2441 638 2710 695 decollari
2753 637 2948 710 jussit,
3003 637 3111 694 sub
3158 652 3223 693 ea
3281 635 3581 707 specie,ut
3611 634 3661 691 si
3698 631 3761 688 in
3800 646 3870 687 ea

2156 731 2296 789 hora
2325 744 2442 803 qua
2469 728 2624 786 ensis
2660 743 2833 799 super
2858 727 3139 783 cervicem
3178 725 3303 797 ejus
3334 723 3868 787 incumbebat,non

2156 826 2535 879 reverteretur
2580 819 2652 877 ad
2695 817 3100 876 haereticorum
3132 824 3364 885 sectam,
3410 830 3523 871 non
3572 812 3872 872 occidere-

2156 916 2267 979 tur,
2301 924 2375 966 ne
2413 923 2547 967 eum
2595 923 2698 981 pro
2750 914 3003 980 martyre
3041 905 3370 965 excolerent
3400 902 3739 970 Christiani,
3767 900 3871 958 sed

2152 998 2361 1057 exsilio
2377 998 2747 1057 damnaretur
2773 1023 2785 1056 :
2817 999 2970 1073 quod
2997 998 3077 1055 ita
3106 998 3320 1054 factum
3348 1012 3469 1054 esse
3490 994 3874 1051 manifestum

2150 1097 2255 1149 est.
2288 1090 2433 1148 Nam
2462 1106 2593 1149 cum
2622 1090 2951 1148 imminenti
2989 1094 3191 1156 morte,
3223 1088 3601 1159 interrogatus
3631 1084 3869 1155 fuisset,

2150 1181 2197 1238 si
2229 1180 2376 1239 mori
2401 1196 2501 1255 pro
2526 1180 2639 1239 iide
2666 1180 2942 1239 catholica
2979 1177 3306 1246 destinaret,
3352 1173 3641 1247 respondit
3675 1192 3689 1230 :
3721 1172 3871 1229 Haec

2148 1274 2309 1330 enim
2356 1278 2440 1329 est
2484 1272 2831 1345 sempiterna
2860 1270 2998 1341 vita,
3049 1283 3152 1342 pro
3197 1266 3421 1341 justitia
3472 1264 3639 1323 mori.
3694 1263 3870 1321 Tunc

2148 1379 2425 1436 suspenso
2446 1363 2657 1437 gladio,
2690 1362 2840 1436 apud
2872 1361 3243 1433 Albigensem
3287 1356 3602 1415 Galliarum
3653 1354 3867 1413 urbem

2148 1455 2357 1513 exsilio
2391 1454 2695 1529 deputatus
2740 1460 2825 1512 est
2858 1469 2870 1508 :
2903 1452 3007 1512 ubi
3053 1456 3107 1508 et
3144 1450 3317 1506 finem
3373 1447 3508 1505 γὶίῑυ
3554 1444 3873 1520 praesentis

2150 1545 2284 1602 fecit
2308 1545 2353 1601 ά.
2384 1544 2471 1601 Ad
2503 1544 2671 1617 cujus
2700 1558 2861 1600 nunc
2885 1540 3218 1613 sepulcrum
3244 1536 3445 1595 multm
3475 1536 3720 1593 virtutes
3745 1549 3873 1590 creo

2150 1635 2399 1691 berrime
2458 1633 2863 1691 ostenduntur.
2922 1630 3201 1689 Sanctum
3250 1643 3387 1685 vero
3430 1623 3873 1683 Vindemialem

2150 1725 2340 1799 gladio
2361 1725 2577 1799 percuti
2602 1724 2889 1798 prmcepit.
2922 1722 3087 1793 Quod
3118 1722 3197 1779 ita
3222 1719 3522 1793 impletum
3547 1723 3630 1774 est
3655 1715 3721 1773 in
3756 1716 3876 1773 hoc

2151 1816 2482 1875 certamine.
2514 1816 2860 1875 Octavianus
2888 1832 3026 1874 vero
3072 1813 3533 1881 archidiaconus,
3570 1815 3624 1868 et
3673 1808 3876 1867 multa

2151 1906 2337 1965 millia
2365 1907 2627 1964 virorum
2647 1923 2712 1964 ac
2738 1906 3057 1964 mulierum
3090 1906 3238 1962 hanc
3263 1903 3436 1961 iidem
3455 1900 3872 1969 asserentium,

2151 2000 2491 2072 interempta
2524 2004 2695 2072 atque
2718 1996 3013 2055 debilitata
3046 2002 3201 2055 sunt.
3237 1993 3348 2052 Sed
3378 2008 3481 2069 pro
3511 2006 3707 2050 amore
3734 1990 3869 2063 glo-

2151 2090 2275 2161 riae,
2304 2089 2452 2148 nihil
2482 2094 2644 2147 erant
2674 2088 2801 2147 haec
2830 2087 3110 2162 supplicia
3152 2084 3579 2144 confessoribus
3623 2081 3868 2151 sanctis,

2152 2178 2253 2255 qui
2285 2178 2346 2235 in
2380 2176 2577 2251 paucis
2606 2176 2821 2249 vexati,
2853 2175 2916 2233 in
2945 2172 3144 2233 multis
3164 2174 3311 2231 bene
3342 2188 3401 2230 se
3433 2176 3714 2229 noverant
3740 2170 3874 2227 dis-

2149 2267 2448 2341 ponendos
2488 2270 2638 2337 (Sap.
2690 2278 2774 2327 III.
2817 2265 2886 2335 5),
2930 2265 3097 2338 juxta
3147 2263 3294 2322 illud
3350 2261 3609 2335 Apostoli
3654 2284 3668 2319 :
3722 2262 3875 2328 Quia

2150 2373 2256 2411 non
2285 2362 2413 2411 sunt
2445 2357 2723 2424 condignae
2764 2358 3047 2428 passiones
3081 2355 3245 2424 hujus
3284 2355 3538 2425 temporis
3584 2350 3656 2406 ad
3714 2353 3877 2421 futu-

2149 2461 2269 2499 ram
2300 2445 2551 2512 gloriam,
2582 2461 2701 2515 qua:
2727 2445 3001 2499 reveletur
3044 2447 3103 2499 in
3153 2444 3357 2498 sanctis
3385 2444 3559 2511 (Rom.
3591 2450 3718 2509 VIII,
3756 2438 3872 2509 18).

2152 2534 2322 2592 Multi
2357 2541 2493 2592 tunc
2530 2542 2785 2593 errantes
2828 2551 2862 2593 a
2917 2534 3049 2607 fide,
3098 2533 3440 2607 accipientes
3485 2531 3740 2600 divitias,
3781 2529 3875 2588 in-

2153 2630 2461 2682 seruerunt
2491 2639 2549 2681 se
2571 2624 2871 2682 doloribus
2904 2622 3103 2682 multis
3138 2648 3149 2681 :
3180 2624 3329 2681 sicut
3362 2620 3570 2679 infelix
3600 2619 3700 2677 ille
3736 2618 3871 2692 epi-

2152 2728 2377 2785 scopus,
2413 2714 2650 2772 nomine
2688 2714 3031 2784 Revocatus,
3064 2728 3131 2771 eo
3170 2718 3423 2786 tempore
3451 2716 3537 2768 est
3561 2713 3871 2785 revocatus

2151 2821 2184 2863 a
2216 2805 2325 2863 fide
2360 2806 2657 2864 catholica.
2703 2806 2871 2864 Tunc
2898 2814 2916 2835 '
2945 2811 3001 2863 et
3038 2804 3122 2863 sol
3169 2810 3309 2862 teter
3352 2802 3634 2877 apparuit,
3673 2801 3754 2859 ita
3802 2807 3871 2859 ut

2151 2898 2254 2957 vix
2296 2897 2368 2955 ab
2421 2912 2486 2955 eo
2532 2913 2662 2972 pars
2683 2897 2777 2955 vel
2811 2897 2973 2955 tertia
3017 2896 3265 2954 eluceret
3301 2911 3313 2944 :
3344 2894 3531 2963 credo,
3562 2908 3661 2965 pro
3690 2891 3871 2949 tantis

2151 2984 2463 3044 sceleribus
2486 2992 2539 3043 et
2570 2985 2854 3043 effusione
2903 2983 3204 3057 sanguinis
3233 2981 3577 3041 innocentis.
3608 2978 3867 3037 Honori-

352 3067 1166 3127 sanitatem.Manifestissime
1196 3076 1389 3127 autem
1425 3070 1611 3142 patuit
1638 3087 1738 3143 per
1759 3072 1941 3145 hujus
1969 3078 2128 3139 θεῶ-Ο
2150 3094 2251 3137 cus
2302 3094 2439 3137 vero
2495 3082 2621 3152 post
2674 3084 2892 3135 tantum
2946 3078 3193 3147 facinus,
3226 3083 3487 3148 arreptus
3516 3090 3547 3130 a
3574 3073 3864 3142 dmmone,

353 3160 605 3231 citatem,
634 3158 881 3232 qualiter
928 3159 1333 3217 hiereticorum
1385 3160 1687 3233 episcopus
1713 3160 1910 3220 oculos
1946 3178 2070 3221 cor-

354 3248 519 3308 dium
565 3247 775 3305 misero
821 3249 1154 3306 assertionis
1202 3265 1325 3307 suae
1356 3248 1586 3307 velabat
1612 3250 1846 3321 amictu,
1878 3267 1951 3309 ne
1983 3267 2075 3310 ve-

354 3354 480 3398 ram
512 3338 701 3398 lucem
734 3337 844 3397 ulli
874 3338 1072 3397 liceret
1096 3339 1232 3397 tidei
1261 3338 1443 3397 oculis
1479 3339 1873 3413 contemplari.
1896 3341 1939 3399 Ο
1968 3341 2074 3398 mi-

354 3443 570 3501 serum,
622 3427 725 3502 qui
770 3444 889 3487 non
944 3429 1238 3501 ingressus
1291 3444 1393 3502 per
1441 3428 1703 3501 januam,
1750 3429 1808 3485 id
1849 3435 1933 3487 est
1975 3446 2075 3503 per

353 3516 670 3589 Christum,
703 3518 804 3593 qui
826 3524 909 3576 est
928 3518 1107 3590 janua
1125 3533 1279 3586 vera,
1310 3518 1484 3591 lupus
1511 3519 1695 3593 magis
1722 3519 1881 3593 gregi
1899 3536 2072 3593 quam

354 3613 546 3667 custos
575 3606 810 3663 eﬂ‘ectus
850 3610 964 3675 est;
1014 3611 1069 3664 et
1106 3621 1302 3678 pacem
1332 3616 1353 3643 ε
1374 3606 1507 3664 fidei
1537 3623 1711 3682 quam
1742 3608 1801 3665 in
1836 3609 2075 3667 creden-

354 3698 507 3758 tium
554 3698 830 3756 cordibus
879 3697 1155 3756 debuerat
1205 3698 1530 3768 accendere,
1573 3700 1853 3772 pravitate
1888 3700 2075 3758 cordis

354 3789 452 3848 sui
477 3787 794 3847 conabatur
819 3787 1211 3860 exstinguere.
1246 3787 1438 3846 Sancti
1466 3804 1603 3847 vero
1630 3788 1733 3847 Dei
1757 3790 1869 3848 alia
1904 3791 2068 3863 signa

356 3878 420 3938 in
459 3877 691 3953 populis
734 3876 921 3936 multa
971 3878 1251 3949 fecerunt,
1286 3886 1342 3937 et
1393 3885 1513 3936 erat
1544 3894 1660 3936 vox
1704 3893 1821 3937 una
1872 3878 2069 3953 populi

355 3970 636 4029 dicentis:
661 3967 847 4027 Verus
880 3968 1033 4027 Deus
1060 3968 1247 4040 Pater,
1278 3984 1451 4028 verus
1480 3970 1633 4028 Deus
1664 3969 1869 4041 Filius,
1900 3986 2071 4029 verus

358 4060 513 4119 Deus
543 4058 791 4131 Spiritus
817 4065 1068 4125 sanctus,
1099 4075 1219 4118 una
1244 4060 1356 4117 ﬁde
1389 4060 1687 4134 colendus,
1719 4077 1837 4120 uno
1870 4062 2072 4121 timore

356 4148 727 4220 metuendus,
758 4148 1076 4222 eodemque
1108 4149 1325 4209 honore
1354 4151 1742 4209 venerandus.
1774 4151 1920 4209 Nam
1942 4167 2074 4225 qua:

357 4236 563 4315 Cyrola
596 4238 819 4313 asserit,
847 4239 991 4299 falsa
1018 4256 1141 4301 esse
1169 4242 1395 4301 cunctis
1420 4248 1505 4302 est
1534 4244 1934 4305 manifestum.

2154 3169 2255 3243 qui
2284 3168 2385 3227 diu
2411 3167 2481 3225 de
2512 3174 2845 3226 sanctorum
2895 3166 3177 3239 sanguine
3224 3171 3421 3238 pastus
3461 3164 3675 3233 fuerat,
3730 3176 3865 3234 pro-

2152 3257 2296 3330 priis
2344 3272 2403 3315 se
2452 3256 2742 3314 morsibus
2794 3254 3048 3312 laniabat
3081 3277 3093 3311 :
3126 3253 3185 3310 in
3224 3268 3338 3325 quo
3392 3252 3567 3308 etiam
3606 3248 3867 3306 cruciatu

2154 3348 2333 3407 vitam
2363 3347 2665 3421 indignam
2692 3346 2846 3419 justa
2874 3353 3055 3404 morte
3086 3343 3295 3401 finivit.
3324 3342 3474 3400 Huic
3502 3338 3867 3398 Childericus

2157 3438 2495 3511 fsuccessit,
2539 3454 2654 3513 quo
2694 3438 2982 3509 defuncto,
3025 3434 3380 3496 Gelesimiris
3438 3447 3680 3505 regnum
3736 3446 3866 3488 sus-

2156 3528 2313 3604 cipit.
2362 3529 2490 3603 Ipse
2538 3543 2767 3602 quoquc
2813 3544 2846 3585 a
2895 3527 3187 3602 republica
3235 3535 3260 3571 8
3308 3530 3630 3597 superatus,
3681 3520 3867 3577 vitam

2157 3620 2661 3692 principatumque
2698 3617 2891 3677 finivit
2931 3634 2943 3673 :
2986 3623 3041 3676 et
3070 3615 3151 3674 sic
3188 3630 3431 3689 regnum
3466 3612 3674 3671 decidit
3703 3608 3865 3668 Van-

2157 3711 2441 3769 dalorum.

2234 3807 2323 3863 51
2372 3798 2469 3857 IV.
2500 3799 2697 3858 Multa:
2744 3798 2900 3856 enim
2936 3796 3185 3855 haereses
3236 3810 3303 3854 eo
3342 3799 3592 3868 tempore
3627 3792 3730 3851 Dei
3769 3792 3873 3852 Ec-

2153 3889 2356 3946 clesias
2406 3888 2842 3963 impugnabant,
2877 3891 2947 3949 de
2974 3890 3187 3965 quibus
3222 3889 3566 3963 plerumque
3596 3885 3743 3945 ultio
3774 3886 3872 3943 di-

2154 3975 2291 4035 vina
2331 3975 2463 4034 data
2516 3984 2620 4038 est.
2668 3978 2816 4036 Nam
2856 3986 2909 4037 et
2953 3978 3341 4037 Athanaricus
3386 3975 3733 4035 Gotthorum
3764 3991 3869 4032 rex

2144 4068 2427 4140 magnam
2454 4068 2730 4127 excitavit
2759 4071 3214 4143 persecutionem
3251 4094 3263 4128 :
3316 4067 3416 4145 qui
3446 4067 3657 4126 multos
3696 4065 3872 4124 Chri-

2153 4156 2495 4227 stianorum,
2526 4157 2771 4216 diversis
2821 4160 3007 4233 pmnis
3046 4160 3299 4229 allectos,
3328 4158 3518 4233 gladio
3568 4156 3873 4215 detrunca-

2152 4243 2273 4313 bat;
2327 4244 2423 4301 sed
2453 4244 2473 4271 "
2502 4252 2556 4302 et
2578 4246 2895 4305 nonnullos
2922 4247 3131 4305 exsilio
3162 4248 3342 4317 datos,
3381 4246 3531 4302 fame
3574 4244 3872 4319 variisque

2153 4334 2501 4393 cruciatibus
2530 4334 2818 4392 enecabat.
2852 4335 3016 4395 Unde
3047 4336 3256 4395 factum
3290 4341 3392 4405 est,
3430 4340 3494 4393 ut
3524 4333 3872 4393 imminente

430 4418 649 4485 Videns
674 4429 869 4485 autem
898 4423 1223 4483 Honoricus
1254 4439 1381 4496 rex,
1426 4425 1769 4483 assertiones
1800 4441 1935 4485 suas
1970 4422 2367 4512 perDjudicio
2423 4422 2544 4496 Dei,
2603 4438 2705 4497 pro
2750 4424 3035 4483 effusione
3085 4424 3388 4505 sanguinis
3417 4423 3561 4496 justi
3607 4440 3640 4481 a
3688 4440 3872 4495 regno

358 4522 687 4576 sanctorum
717 4515 891 4574 ﬁdem
910 4514 1217 4589 gloriosam
1245 4513 1432 4572 taliter
1458 4513 1761 4586 denudari,
1794 4530 1901 4573 nec
1927 4515 2071 4589 erigi

358 4612 573 4667 sectam
621 4607 852 4684 erroris,
884 4606 985 4667 sed
1038 4606 1230 4682 potius
1273 4605 1512 4677 destrui,
1549 4604 1927 4681 fraudemque
1975 4614 2071 4672 50

429 4780 450 4804 ·
478 4773 603 4825 Cod.
646 4774 852 4827 Bellov.
893 4778 1109 4829 casteria
1161 4776 1368 4829 avulsis
1406 4776 1599 4841 incipit
1649 4776 1718 4828 ab
1755 4775 1839 4827 his
1860 4775 2065 4836 verbis,

360 4842 660 4913 patefactus
705 4846 765 4895 in
818 4843 1045 4908 publica.
1098 4846 1228 4899 Tum
1278 4860 1398 4911 quae
1451 4852 1752 4913 sequuntur
1797 4860 1973 4913 usque
2007 4850 2077 4902 ad

358 4911 474 4965 haec
508 4914 697 4977 verba,
756 4914 902 4967 Tunc
956 4919 1136 4971 sancti
1185 4918 1299 4978 Dei,
1362 4911 1559 4972 desunt
1603 4922 1659 4973 iu
1704 4911 1896 4974 eodem
1946 4920 2066 4974 cod.

357 4986 524 5040 Porro
586 4986 783 5041 similis
838 4988 964 5041 huic
1014 4991 1248 5042 Historia
1294 4990 1590 5055 Leovigildi
1635 4994 1973 5058 temporibus
2019 4997 2075 5047 in

298 5088 301 5093 ι
354 5062 612 5128 Hispania
663 5064 905 5128 contigit,
948 5075 1109 5127 quam
1155 5069 1341 5118 narrat
1397 5066 1514 5131 ipse
1563 5067 1857 5133 Gregorius
1880 5069 1972 5122 lib.
2010 5069 2077 5123 de

357 5134 534 5187 Gloria
568 5135 743 5199 Conf.,
770 5147 888 5199 cap.
921 5135 995 5187 t3.

421 5205 442 5234 ι’
486 5206 687 5272 Regm.,
744 5208 804 5260 vi
851 5206 1249 5272 comprimeret.
1290 5208 1451 5262 Casia
1478 5250 1492 5273 ,
1549 5209 1733 5276 digitis
1779 5214 1890 5267 suis
1928 5226 2074 5268 com-

358 5276 645 5343 primeret.
2072 5284 2095 5293 "

420 5357 440 5423 ἢ
476 5350 627 5423 βειιη
660 5352 877 5418 faciem,
911 5367 1011 5423 pro
1041 5357 1237 5422 facem,
1269 5358 1375 5409 nisi
1400 5356 1578 5411 fallor.

420 5421 443 5453 ⁴
474 5422 548 5497 De
594 5424 851 5497 Eugenio,
909 5421 1231 5495 caeterisque
1290 5430 1378 5483 hic
1435 5444 1466 5483 a
1513 5430 1772 5494 Gregorio
1812 5432 2071 5497 laudatis,

358 5494 587 5549 consule
642 5496 931 5553 Historiam
992 5494 1395 5565 persecutionis
1466 5501 1761 5554 Vandalicas
1826 5516 1858 5556 a
1918 5494 2073 5557 nobis

360 5567 578 5643 editam,
632 5579 753 5631 cap.
798 5571 845 5630 8,
883 5571 992 5643 _ubi
1038 5574 1157 5627 fuse
1200 5574 1267 5627 de
1328 5573 1416 5625 his
1460 5576 1689 5638 egimus,
1737 5576 1791 5628 et
1832 5576 1901 5629 de
1951 5579 2072 5643 ejus

359 5636 612 5704 sepulcro
642 5650 813 5705 prope
841 5640 1210 5706 sibigenstum
1243 5646 1455 5700 urbem.

423 5718 445 5750 ο
469 5711 620 5765 Anno
686 5710 803 5775 450;
861 5718 1111 5779 sequenti
1178 5730 1311 5773 vero
1372 5718 1694 5775 Hunnorum
1751 5719 1810 5773 in
1871 5719 2073 5775 Gallias

2157 4515 2559 4589 expelleretur,
2596 4522 2649 4574 et
2696 4521 2843 4573 esset
2882 4513 3052 4574 exsul
3080 4502 3113 4572 a
3141 4514 3345 4589 patria,
3376 4514 3479 4589 qui
3527 4513 3631 4572 Dei
3679 4513 3874 4572 Eccle-

2156 4604 2270 4664 sias
2299 4604 2699 4678 impugnabat.
2740 4605 2910 4664 Nunc
2941 4619 3077 4665 vero
3102 4606 3173 4663 ad
3205 4605 3499 4678 superiora
3537 4603 3866 4663 redeamus.

2154 4772 2511 4837 irruptionem
2584 4773 2881 4838 contigisse
2949 4771 3142 4839 probat
3204 4772 3446 4837 Scaliger
3503 4770 3600 4826 lib.
3673 4785 3733 4824 vr
3796 4772 3867 4826 de

2156 4844 2375 4897 Emend.
2402 4847 2567 4907 temp.

2223 4916 2241 4953 ι
2276 4916 2421 4981 Begu,
2474 4915 2795 4982 Hitdm’cus,
2852 4918 2998 4983 quod
3048 4918 3193 4971 idem
3244 4920 3369 4979 est;
3423 4929 3546 4970 nam
3571 4918 3689 4972 istis
3720 4921 3869 4973 tem-

2156 4990 2380 5055 poribus
2434 4987 2611 5041 littera
2659 4992 2698 5041 Η
2742 4992 2973 5053 perinde
3008 4990 3235 5044 sonabat
3276 5004 3341 5044 ac
3386 4990 3585 5042 nostris
3620 4992 3715 5043 Ch.
3753 4992 3871 5045 Cie-

2158 5064 2335 5113 terum
2380 5073 2489 5112 non
2525 5061 2629 5112 nisi
2679 5062 3030 5115 Guntabundo
3085 5067 3139 5116 et
3192 5064 3556 5115 Trasamundo
3617 5065 3875 5117 interme—
3962 5088 3971 5097 ο

2158 5134 2263 5185 diis
2319 5134 2590 5186 Hunerico
2638 5138 2777 5200 patri
2838 5149 2936 5189 suo
2992 5140 3257 5189 successit
3302 5136 3635 5196 Hildericus;
3676 5150 3873 5191 neceo

2158 5206 2434 5267 defuncto,
2507 5206 2605 5259 sed
2686 5208 2857 5273 pulso,
2928 5208 3209 5262 Gelisimer
3262 5222 3491 5273 regnum
3567 5215 3873 5275 occupavit.

2157 5280 2356 5332 Eorum
2406 5278 2676 5332 fortunam
2735 5281 3026 5344 Procopius
3081 5284 3134 5334 et
3197 5281 3289 5335 alii
3334 5282 3670 5335 describunt.
3744 5283 3875 5337 Vide

2154 5352 2288 5405 Hist.
2320 5357 2588 5418 persecut.
2618 5353 2910 5407 Vandalicas
2933 5366 2964 5405 a
2991 5356 3147 5407 nobis
3172 5356 3391 5417 editam,
3416 5369 3536 5421 cap.
3569 5356 3648 5407 t2.

2219 5429 2355 5552 foliis
2391 5430 2474 5480 est
2519 5440 2551 5480 a
2594 5428 2845 5483 Belisario
2895 5429 3106 5485 famoso
3169 5432 3308 5486 duce
3366 5432 3651 5486 tustinianl
3702 5431 3877 5498 impe-

2280 5513 2321 5551 ri
2364 5538 2375 5550 .

2155 5513 2272 5555 τδιο
2280 5513 2355 5551 1⁵18
2364 5538 2375 5550 .

2216 5573 2237 5601 δ
2272 5572 2394 5624 Haec
2445 5583 2623 5636 usque
2665 5571 2733 5624 ad
2762 5572 2905 5624 unde
2950 5574 3145 5627 desunt
3188 5575 3243 5627 in
3264 5587 3393 5629 mss.
3423 5577 3473 5628 2.
3510 5576 3674 5631 Porro
3701 5577 3873 5632 Atha-

2152 5646 2326 5700 narici
2370 5647 2810 5711 persecutionem
2845 5647 3172 5713 descriptam
3213 5648 3382 5702 habes
3436 5650 3494 5703 in
3531 5651 3674 5703 Actis
3712 5662 3874 5705 mar-

2154 5722 2337 5784 tyrum
2361 5718 2610 5783 sinceris,
2645 5730 2770 5784 pag.
2799 5719 2909 5782 670,
2941 5720 3033 5775 ubi
3056 5720 3124 5776 dc
3152 5719 3353 5775 S.Saba
3375 5721 3445 5777 ad
3484 5734 3609 5777 ann.
3647 5724 3761 5779 372.
