4008 6184
194 244 295 306 197

1138 235 1501 300 HISTORIA
1545 231 2032 297 FRANUORUM.
2075 233 2298 296 LIBER
2339 233 2745 298 SECUNDUS.

3599 235 3706 302 198

259 369 335 430 V.
369 369 556 446 Igitur
578 383 778 429 rumor
806 373 926 427 erat
954 366 1188 427 Chunos
1216 381 1239 406 ιι
1265 368 1325 425 in
1353 365 1569 426 Gallias
1597 363 1744 423 velle
1781 364 1966 437 pro-A
1989 363 2284 434 accedens,
2317 364 2543 422 modica
2590 365 2859 438 pulsatus
2909 363 3068 424 febre
3100 366 3333 425 recessit
3359 357 3654 440 aeorpore
3682 382 3699 425 :

187 473 488 534 rumpere.
529 459 666 517 Erat
703 464 898 518 autem
941 464 1074 517 tunc
1114 455 1392 528 temporis
1441 454 1597 526 apud
1644 453 1923 536 Tungros

187 550 477 624 oppidum
519 548 875 608 Aravatius"
931 546 1164 606 eximias
1213 543 1535 602 sanctitatis
1585 542 1908 615 episcopus,

186 640 293 716 qui
333 638 557 711 vigiliis
609 653 675 697 ac
722 638 964 713 jejuniis
1013 651 1225 695 vacans
1272 634 1472 692 crebro
1522 634 1911 706 lacrymarum

189 729 383 788 imbre
422 730 714 803 perfusus,
771 728 1007 786 Domini
1056 726 1506 784 misericordiam
1549 723 1907 797 precabatur,

189 836 263 878 ne
300 837 565 895 unquam
594 812 822 893 gentem
858 819 1007 876 hanc
1059 817 1437 885 incredulam,
1481 828 1657 887 seque
1687 827 1912 885 semper

189 908 524 982 indignam,
553 910 613 966 in
640 908 856 968 Gallias
884 908 1084 966 venire
1119 906 1494 981 permitteret.
1518 904 1630 963 Sed
1654 901 1910 960 sentiens

190 1014 296 1072 per
324 997 624 1071 spiritum,
658 1014 761 1072 pro
795 998 1018 1056 delictis
1046 996 1266 1071 pepuli,
1295 994 1404 1052 sibi
1445 994 1554 1050 hoc
1583 1008 1698 1049 non
1735 989 1911 1046 fuisse

187 1102 560 1155 concessum,
585 1086 893 1145 consilium
921 1086 1125 1145 habuit
1150 1083 1462 1157 expetendi
1502 1093 1520 1118 ο
1560 1080 1760 1139 urbem
1793 1079 1911 1136 Bo-

189 1189 468 1242 manam;
502 1173 739 1244 scilicet,
775 1183 838 1232 ut
867 1175 1155 1248 adjunctis
1184 1172 1293 1230 sibi
1327 1169 1651 1244 apostolicae
1679 1166 1912 1225 virtutis

185 1262 554 1336 patrociniis,
600 1279 732 1336 quae
772 1263 1073 1322 humiliter
1124 1262 1196 1319 ad
1244 1259 1560 1317 Dominum
1597 1256 1909 1330 ﬂagitabat,

191 1361 520 1413 mereretur
547 1355 776 1413 facilius
806 1357 1085 1415 obtinere.
1138 1353 1434 1412 Accedens
1481 1366 1617 1423 ergo
1655 1349 1726 1406 ad
1759 1346 1911 1404 beati

191 1443 442 1519 apostoli
480 1446 798 1516 tumulum,
845 1445 1262 1518 deprecabatur
1308 1442 1604 1502 auxilium
1645 1438 1914 1497 bonitatis

189 1536 342 1609 ejus,
373 1536 436 1592 in
485 1534 669 1592 multa
698 1533 1068 1603 abstinentia,
1103 1532 1361 1590 maxima
1388 1531 1581 1588 inedia
1613 1545 1673 1585 se
1702 1544 1913 1585 consu-

189 1637 363 1681 mens
390 1640 410 1694 ;
437 1623 518 1680 ita
545 1629 609 1680 ut
635 1622 810 1680 biduo
860 1622 1167 1693 triduoque
1191 1621 1316 1678 sine
1345 1619 1467 1678 ullo
1501 1618 1627 1676 cibo
1658 1626 1913 1697 potuque

192 1722 484 1785 maneret,
532 1728 639 1770 nec
683 1720 830 1772 esset
856 1712 1235 1771 intervallum
1286 1711 1542 1784 aliquod,
1590 1709 1652 1766 in
1699 1725 1814 1782 quo
1842 1708 1969 1794 abB

193 1804 462 1863 oratione
487 1810 749 1860 cessaret.
783 1803 1044 1877 Cumque
1083 1801 1163 1859 ibi
1194 1818 1295 1874 per
1335 1801 1651 1859 multorum
1681 1799 1909 1857 dierum

186 1891 384 1966 spatia
418 1891 478 1948 in
507 1891 604 1948 tali
629 1890 935 1950 alllictione
967 1897 1310 1960 moraretur,
1339 1890 1521 1948 fertur
1544 1889 1651 1946 hoc
1678 1905 1711 1946 a
1744 1888 1909 1944 beato

187 1983 458 2058 apostolo
489 1983 773 2057 accepisse
803 1999 1142 2057 responsum
1172 2007 1184 2040 :
1218 1981 1370 2050 Quid
1401 1997 1513 2053 me,
1544 1981 1636 2038 vir
1665 1977 1906 2036 sanctis-

1993 448 2339 523 ablutusque
2387 466 2421 506 a
2453 450 2742 523 fidelibus,
2779 451 2952 523 juxta
2984 450 3176 525 ipsum
3212 468 3479 524 aggerem
3515 451 3706 526 publi-

1994 555 2126 599 cum
2165 548 2250 598 est
2276 541 2554 615 sepultus.
2586 543 2765 617 Cujus
2793 543 3026 601 beatum
3060 557 3266 618 corpus
3299 544 3550 620 qualiter
3577 551 3703 618 post

1996 630 2315 689 multorum
2352 639 2674 704 temporum
2707 634 2888 706 spatia
2923 633 2997 692 sit
3021 635 3383 706 translatum,
3415 635 3476 693 in
3509 635 3656 693 libro
3680 635 3699 672 ί

1996 720 2404 780 Miraculorum
2436 723 2789 798 scripsimus.

2069 812 2164 868 VI.
2203 813 2388 885 Igitur
2417 815 2613 872 Ghuni
2646 832 2678 872 a
2710 814 3026 872 Pannoniis
3059 816 3292 889 egressi,
3344 821 3410 874 ut
3459 807 3697 889 quidam

1994 902 2206 975 ferunt,
2239 905 2301 960 in
2337 905 2460 977 ipsa
2492 905 2673 962 sancti
2706 905 2941 962 Pascha}
2984 905 3205 979 vigilia,
3251 905 3323 963 ad
3363 897 3700 963 Mettensern

1995 994 2472 1069 urbem,reliqua
2518 995 2943 1068 depopulando,
3002 995 3370 1069 perveniunt,
3417 997 3705 1054 tradentes

1994 1081 2199 1139 urbem
2255 1083 2544 1153 incendio,
2575 1090 2630 1141 et
2658 1084 2943 1156 populum
2990 1083 3048 1141 in
3081 1101 3179 1142 ore
3214 1084 3390 1156 gladii
3419 1086 3705 1143 trucidan-

1997 1175 2098 1240 tes,
2159 1171 2428 1243 ipsosque
2488 1170 2810 1228 sacerdotes
2867 1171 3100 1229 Domini
3160 1180 3293 1230 ante
3346 1180 3701 1232 sacrosancta

1995 1267 2090 1324 53
2139 1262 2339 1319 altaria
2392 1261 2759 1334 perimentes.
2820 1263 2935 1320 Nec
2986 1263 3260 1321 remansit
3315 1263 3374 1322 in
3430 1282 3497 1324 ea
3543 1266 3703 1324 locus

1995 1350 2245 1419 inustus,
2278 1356 2483 1422 praeter
2507 1351 2826 1408 oratorium
2852 1352 3003 1409 beati
3046 1352 3323 1426 Stephani
3353 1353 3525 1426 primi
3555 1369 3704 1412 mar-

1997 1441 2138 1513 tyris
2176 1455 2241 1496 ac
2291 1437 2501 1497 levitze.
2534 1439 2617 1496 De
2648 1455 2763 1514 quo
2797 1441 3064 1511 oratorio,
3117 1455 3250 1514 qua)
3284 1457 3317 1498 a
3350 1442 3701 1515 quibusdam

1995 1528 2214 1598 audivi,
2258 1543 2491 1586 narrare
2533 1544 2651 1586 non
2679 1529 2900 1587 distuli.
2932 1531 3115 1588 Aiunt
3147 1530 3321 1600 enim,
3357 1532 3701 1608 priusquam

1996 1617 2058 1674 hi
2095 1619 2286 1675 hostes
2327 1619 2613 1691 venirent,
2647 1619 2859 1678 vidisse
2890 1637 2949 1677 se
2977 1620 3170 1680 virum
3199 1621 3428 1680 tidelem
3454 1623 3514 1680 in
3547 1622 3705 1694 visu,

1996 1708 2161 1780 quasi
2220 1707 2610 1766 conferentem
2663 1724 2796 1766 cum
2827 1710 3038 1767 sanctis
3088 1711 3360 1784 apostolis
3417 1711 3581 1770 Petro
3637 1727 3703 1770 ac

1996 1796 2201 1867 Paulo,
2229 1796 2465 1854 beatum
2492 1797 2726 1856 levitam
2781 1797 3141 1872 Stephanum
3199 1799 3269 1858 de
3311 1802 3420 1859 hoc
3449 1801 3700 1873 excidio,

1992 1900 2056 1942 ac
2116 1885 2401 1943 dicentem
2434 1907 2445 1944 :
2486 1887 2615 1956 Oro,
2674 1888 2900 1946 domini
2933 1889 3069 1962 mei,
3107 1897 3170 1947 ut
3209 1905 3323 1948 non
3362 1891 3706 1964 permittatis

1993 1976 2230 2034 obtentu
2263 1985 2452 2034 vestro
2484 1977 2822 2036 Mettensem
2858 1979 3066 2038 urbem
3109 1979 3181 2037 ab
3217 1980 3474 2038 inimicis
3509 1981 3702 2052 exuri,

189 2073 370 2143 sime,
424 2077 520 2135 52
565 2071 856 2148 inquietas
881 2070 910 2130 ?
951 2073 1093 2131 Ecce
1126 2071 1281 2130 enim
1311 2071 1463 2144 apud
1492 2067 1730 2127 Domini
1760 2065 1908 2124 deli-
1993 2068 2129 2142 quia
2168 2067 2328 2127 locus
2358 2069 2418 2128 in
2453 2084 2516 2127 ea
2547 2075 2631 2127 est
2669 2069 2730 2127 in
2759 2086 2874 2144 quo
2902 2071 3200 2144 parvitatis
3236 2079 3383 2129 mem
3412 2071 3650 2146 pignora
3677 2079 3704 2116 ε

188 2160 562 2221 berationem
610 2179 846 2238 prorsus
896 2163 1188 2222 sancitum
1218 2169 1303 2221 est
1330 2161 1564 2221 Chunos
1595 2160 1659 2218 in
1689 2156 1911 2218 Gallias
1995 2157 2366 2216 continentur
2405 2175 2418 2213 :
2464 2158 2562 2216 sed
2600 2159 2793 2231 potius
2828 2161 3082 2218 sentiant
3135 2177 3195 2218 se
3231 2161 3434 2235 populi
3482 2160 3702 2236 aliquid

190 2252 500 2326 advenire,
546 2269 756 2329 easque
804 2257 1060 2314 maxima
1101 2261 1435 2329 tempestate
1475 2254 1680 2312 debere
1730 2251 1912 2324 depo-
1995 2262 2089 2304 me
2135 2262 2302 2320 posse
2349 2263 2485 2306 cum
2522 2247 2784 2306 Domino.
2817 2248 2980 2317 Quod
3007 2250 3067 2308 'si
3101 2256 3326 2308 tantum
3361 2249 3586 2308 facinus
3614 2265 3708 2323 po-

189 2343 414 2417 pulari.
453 2342 582 2400 Non
623 2343 801 2416 igitur
838 2359 1002 2402 sume
1039 2344 1372 2413 consilium,
1406 2343 1663 2402 accelera
1697 2339 1910 2398 veloci-
1995 2337 2119 2412 puli
2147 2339 2520 2412 supercrevit,
2575 2346 2640 2398 ut
2687 2340 2844 2398 aliud
2877 2340 3004 2398 ﬁeri
3033 2357 3148 2400 non
3178 2341 3374 2416 possit,
3403 2341 3518 2400 nisi
3569 2341 3707 2401 civi-

192 2437 311 2501 ter,
357 2431 565 2490 ordina
590 2432 830 2492 domum
858 2441 1039 2506 tuam,
1073 2433 1430 2506 sepulturam
1469 2445 1789 2504 compone:
1820 2443 1912 2486 re-
2001 2433 2086 2486 tas
2116 2429 2371 2487 tradatur
2393 2429 2660 2488 incendio
2691 2450 2705 2504 ;
2739 2431 2942 2489 saltem
2971 2431 3062 2490 vel
3096 2433 3202 2490 hoc
3231 2432 3551 2490 oratorium
3587 2448 3705 2491 non

192 2521 370 2596 quire
398 2520 738 2581 linteamina
771 2523 1008 2582 munda.
1049 2521 1192 2581 Ecce
1223 2522 1382 2580 enim
1411 2521 1686 2596 migrabis
1713 2537 1746 2578 a
1785 2534 1917 2578 cor-
2000 2525 2307 2580 cremetur.
2337 2519 2444 2579 Cui
2469 2521 2560 2578 illi
2587 2522 2788 2579 aiunt:
2833 2521 2989 2579 Vade
3025 2522 3086 2580 in
3119 2538 3277 2595 pace,
3319 2520 3696 2581 dilectissime

191 2625 362 2684 pore,
390 2626 498 2669 nec
532 2611 812 2670 videbunt
860 2611 1012 2670 oculi
1069 2611 1153 2669 tui
1201 2610 1350 2668 mala
1382 2626 1512 2685 quae
1545 2609 1751 2666 facturi
1781 2612 1918 2666 sunt
2001 2608 2195 2680 frater,
2222 2609 2536 2666 oratorium
2561 2613 2788 2668 tantum
2828 2615 2996 2667 tuum
3027 2609 3245 2667 carebit
3273 2608 3561 2668 indendio.
3598 2609 3706 2667 Pro

194 2697 402 2758 Chuui
433 2699 494 2757 in
521 2698 744 2772 Galliis,
775 2701 924 2759 sicut
950 2701 1177 2759 locutus
1198 2706 1283 2758 est
1313 2699 1599 2758 Dominus
1632 2698 1786 2756 Deus
1810 2712 1918 2755 no-
2001 2698 2148 2758 urbe
2181 2715 2316 2758 vero
2341 2715 2459 2758 non
2492 2699 2904 2773 obtinebimus,
2939 2702 3079 2775 quia
3108 2701 3428 2760 Dominicis
3466 2701 3707 2761 sanctio-

194 2795 342 2848 ster.
399 2790 525 2848 Hoc
567 2807 601 2849 a
648 2799 842 2850 sancto
882 2791 1135 2866 apostolo
1181 2791 1444 2865 pontifex
1487 2805 1758 2863 responso
1785 2806 1913 2848 sus-

191 2886 384 2954 cepto,
441 2881 552 2937 iter
603 2881 896 2953 accelerat,
953 2881 1284 2954 Galliasque
1346 2879 1618 2939 velociter
1657 2880 1912 2953 repetit:

193 2971 569 3044 veniensque
599 2971 670 3029 ad
701 2973 903 3031 urbem
946 2971 1340 3045 Tungrorum,
1369 2987 1502 3046 quae
1532 2978 1696 3030 erant
1725 2987 1918 3029 neces—

1999 2788 2092 2846 nis
2121 2805 2295 2864 super
2324 2805 2452 2847 eam
2479 2789 2763 2847 sententia
2785 2791 2904 2862 jam
2933 2791 3223 2863 processit.
3257 2790 3511 2850 Invaluit
3543 2793 3701 2850 enim

2001 2893 2298 2960 peccatum
2327 2887 2546 2961 populi,
2599 2892 2652 2944 et
2705 2885 2922 2943 clamor
2966 2883 3202 2942 malitiae
3228 2900 3430 2943 eorum
3453 2885 3708 2944 ascendit

1998 2992 2191 3034 coram
2242 2977 2405 3036 Deo:
2458 2976 2586 3035 ideo
2635 2977 2838 3034 civitas
2879 2977 3001 3034 haec
3034 2975 3704 3036 cremabiturincendio.

197 3062 356 3167 saria
386 3060 721 3167 sepulturas
760 3076 969 3157 secum
1012 3060 1185 3167 citius
1237 3059 1388 3167 leLvat
1417 3080 1428 3117 :
1455 3059 2162 3167 JvaledieeusqchUnde
2212 3066 2408 3140 procul
2453 3065 2630 3126 dubio
2683 3074 2786 3138 est,
2837 3066 3247 3167 quodnhorum
3285 3066 3523 3127 obtentu
3563 3059 3708 3128 urbe

195 3148 452 3216 clericis,
507 3164 570 3205 ac
621 3147 860 3222 reliquis
922 3145 1151 3205 civibus
1206 3147 1388 3218 urbis,
1448 3147 1753 3205 denuntiat
1783 3145 2241 3228 cumuvastam1
2275 3158 2590 3216 oratorium
2630 3156 3242 3231 permansitinmsum,

197 3239 346 3297 ﬂetu
398 3245 454 3296 et
513 3238 945 3308 lamentatione,
993 3238 1129 3311 quia
1159 3251 1274 3294 non
1307 3238 1493 3296 visuri
1539 3243 1728 3296 essent
1764 3236 1919 3317 ultra

203 3329 415 3387 faciem
453 3327 637 3386 illius.
663 3327 737 3384 At
758 3325 846 3383 illi
873 3341 1008 3384 cum
1033 3325 1263 3384 ululatu
1281 3327 1306 3363 ἀ
1328 3343 1537 3400 magno
1564 3332 1618 3384 et
1647 3325 1920 3401 lacrymis

203 3436 343 3480 eum
398 3424 831 3494 prosequentes,
886 3417 1286 3490 supplicabant
1335 3417 1545 3476 humili
1595 3435 1780 3491 prece,
1829 3419 1918 3476 di-

202 3517 405 3567 centes
454 3525 468 3565 :
524 3509 609 3566 Ne
647 3506 1016 3582 derelinquas
1044 3522 1166 3578 nos,
1200 3513 1357 3580 pater
1387 3515 1622 3580 sancte;
1663 3524 1737 3565 ne
1774 3508 1922 3566 obli-

205 3599 450 3657 viscaris
499 3599 703 3670 nostri,
747 3605 940 3672 pastor
969 3597 1138 3655 bone.
1196 3595 1306 3655 Sed
1347 3612 1477 3656 cum
1513 3613 1650 3656 eum
1690 3597 1921 3656 ﬂetibus

205 3705 482 3748 revocare
512 3705 624 3747 non
664 3695 916 3762 possent,
959 3692 1184 3760 accepta
1225 3685 1628 3744 benedictione
1671 3701 1804 3744 cum
1838 3703 1923 3744 os-

205 3779 363 3840 culis
403 3782 718 3840 redierunt.
763 3778 872 3837 Hic
918 3794 1053 3837 vero
1091 3777 1162 3836 ad
1200 3775 1624 3850 Trajectensem
1653 3791 1674 3817 ο
1715 3777 1922 3836 urbem

274 3917 293 3936 ·
325 3907 555 3974 Aliquot
608 3918 738 3959 mss.
794 3909 850 3960 et
896 3905 1043 3963 editi,
1090 3905 1289 3965 Hunos,
1338 3915 1437 3956 seu
1481 3904 1720 3964 Hunnos,
1777 3901 1922 3968 quod

206 3981 445 4045 perinde
489 3983 590 4034 est.
632 3981 693 4033 in
721 3979 884 4045 Regio
932 3980 1112 4032 autem
1153 3977 1258 4030 hoc
1295 3977 1455 4040 caput
1505 3987 1630 4029 cum
1675 3975 1923 4039 sequenti

205 4054 471 4176 (ιεέεὲδὶιί
505 4120 622 4175 fere
673 4134 863 4176 omnes
908 4133 1032 4175 cum
1075 4119 1194 4174 cod.
1226 4120 1367 4185 Bec.,
1415 4117 1921 4183 Servat-ius.Corb.,

206 4197 522 4249 Asacatius.
576 4195 739 4254 Quem
784 4207 909 4248 cum
958 4193 1163 4257 vulgati
1203 4197 1454 4246 auctores
1511 4203 1634 4244 eum
1674 4194 1928 4256 putarent

205 4279 342 4322 esse
403 4269 697 4322 Servatinm
773 4269 1114 4332 Tungrorum
1186 4268 1504 4325 antistitem,
1577 4266 1642 4317 ab
1697 4263 1923 4316 Athana-

203 4344 313 4402 sio,
391 4342 587 4394 Severo
645 4343 897 4406 Sulpicio,
959 4341 1190 4407 aliisque
1262 4339 1576 4392 auctoribus
1632 4337 1924 4400 laudatum,

206 4416 309 4480 qui
362 4413 593 4478 Synodis
657 4413 1010 4476 Sardicensi,/
1035 4413 1381 4474 Ariminensi,
1432 4411 1593 4462 immo
1642 4414 1695 4462 et
1741 4411 1926 4474 Agrip-

2073 3246 2205 3306 VII.
2238 3246 2417 3306 Attila
2468 3264 2603 3306 vero
2650 3247 2992 3304 Chunorum
3046 3262 3170 3316 rex,
3203 3264 3235 3304 a
3264 3245 3528 3306 Mettensi
3562 3247 3707 3306 urbe

2003 3339 2324 3412 egrediens,
2359 3355 2492 3397 eum
2545 3338 2756 3416 multas
2784 3336 3103 3395 Galliarum
3135 3336 3393 3396 civitates
3423 3337 3710 3412 opprime-

2005 3435 2110 3500 ret,
2141 3427 2475 3487 Aurelianis
2503 3421 2851 3502 aggreditur,
2886 3443 3134 3501 eamque
3171 3426 3429 3485 maxime
3458 3426 3706 3484 arietum

2004 3515 2265 3590 impulsu
2295 3516 2500 3576 nititur
2529 3532 2888 3591 expugnare.
2943 3517 3079 3574 Erat
3134 3522 3330 3574 autem
3359 3531 3425 3573 eo
3456 3521 3712 3588 tempore

2003 3607 2374 3666 beatissimus
2404 3609 2689 3680 Anianus,
2739 3609 2803 3666 in
2849 3606 3172 3682 supradicta
3207 3607 3350 3665 urbe
3392 3605 3714 3681 episcopus,

2003 3696 2095 3754 vir
2123 3695 2360 3754 eximia:
2385 3697 2726 3770 prudentize,
2775 3712 2840 3755 ac
2889 3695 3200 3755 laudabilis
3250 3695 3582 3765 sanctitatis,
3617 3713 3714 3754 cu-

2004 3784 2104 3858 jus
2151 3784 2434 3843 virtutum
2487 3791 2646 3857 gesta
2672 3783 2976 3843 nobiscum
3032 3783 3280 3841 ﬁdeliter
3316 3783 3643 3871 retinentur
3672 3782 3712 3843 ⁵.

2009 3909 2099 3972 qui
2154 3909 2211 3960 in
2269 3911 2512 3960 nostram
2560 3909 2732 3960 sancti
2788 3907 3036 3959 Germani
3079 3905 3462 3960 bibliothecam
3504 3907 3717 3960 advecti

2010 3985 2154 4038 sunt,
2202 3993 2345 4032 unus
2379 3980 2742 4044 Merovingico
2787 3979 3102 4033 charactere
3157 3981 3372 4045 partim,
3425 3980 3478 4031 et
3520 3981 3716 4044 partim

2010 4051 2247 4104 Romano
2290 4051 2356 4102 ab
2388 4052 2548 4104 annis
2592 4052 2785 4104 saltem
2829 4051 2923 4102 900
2973 4052 3339 4115 conscriptus,
3391 4051 3444 4101 iu
3471 4062 3577 4116 quo
3607 4053 3720 4102 tota

2008 4122 2125 4176 haec
2188 4123 2430 4188 Gregorii
2495 4123 2761 4182 narratio,
2825 4127 2880 4175 et
2925 4123 3144 4187 quidem
3214 4121 3718 4194 paulo‘protixior,

2010 4197 2317 4250 continetur
2374 4195 2474 4248 sub
2526 4195 2700 4248 sancti
2751 4193 2995 4246 Servatii
3027 4195 3152 4246 vitae
3192 4191 3368 4245 titulo.
3403 4191 3461 4243 lu
3503 4205 3611 4258 quo
3637 4191 3723 4247 co-

2009 4269 2129 4322 dice
2177 4281 2456 4333 nunquam
2505 4267 2682 4325 aliter,
2727 4268 2844 4319 sive
2873 4268 2928 4318 in
2955 4266 3070 4318 Vita
3099 4270 3237 4330 ipsa,
3277 4266 3396 4318 sive
3420 4264 3476 4315 in
3511 4264 3721 4328 Hymno

2010 4344 2249 4408 antiquo,
2295 4343 2390 4407 qui
2435 4341 2486 4393 ei
2519 4339 2891 4404 subiungitur,
2929 4339 3020 4391 hic
3039 4341 3261 4390 sanctus
3285 4337 3373 4408 vtr
3393 4336 3719 4401 appellatur,

2011 4407 2171 4482 quam
2213 4411 2512 4468 Servatius.
2551 4411 2701 4466 Unde
2748 4410 3091 4464 inferendum
3131 4413 3234 4469 est,
3271 4407 3362 4460 vel
3405 4409 3581 4472 ipsum
3633 4410 3718 4460 bi-

201 4487 454 4550 Ρίιιεωὶν
517 4487 564 4537 εί
622 4486 836 4538 Sincera
901 4489 1024 4538 sunt
1079 4487 1244 4550 1111108
1298 4484 1518 4538 οοηοὶίίί
1579 4487 1714 4542 acta.
1762 4481 1905 4535 inter
1939 4480 2290 4546 Dnominem
2342 4491 2540 4549 fuisse,
2578 4491 2672 4539 aut
2715 4491 2864 4540 certe
2903 4488 3021 4551 jam
3046 4490 3174 4539 tunc
3200 4483 3461 4548 temporis
3489 4483 3722 4536 Aravatii

202 4561 348 4620 fuit;
410 4557 614 4610 cladem
677 4557 986 4620 Galliarum,
1038 4571 1200 4624 quam
1251 4557 1340 4609 hic
1389 4555 1683 4618 Gregorius
1717 4554 1928 4607 Hunnis

201 4632 429 4693 tribuit,
502 4629 571 4684 ad
629 4629 989 4684 Vandalorum
1058 4631 1402 4685 incursiones
1480 4628 1690 4681 referre
1754 4627 1930 4680 conati

199 4708 386 4766 sunt;
424 4703 524 4756 sed
573 4715 694 4757 cum
733 4717 804 4757 ex
851 4702 1102 4756 omnibus
1152 4716 1282 4756 mss.
1337 4713 1475 4766 quos
1524 4701 1712 4754 videre
1759 4699 1927 4759 licuit,

201 4779 423 4835 unicus
469 4777 752 4830 Beccensis
797 4776 906 4838 hic,
948 4779 1003 4829 et
1046 4776 1243 4828 unicus
1296 4775 1416 4826 cod.
1455 4773 1688 4826 Clarom.
1735 4772 1790 4824 in
1836 4773 1928 4824 lib.

211 4852 294 4906 de
355 4847 491 4900 Glor.
542 4847 718 4909 Conf.,
787 4860 906 4911 cap.
967 4847 1048 4907 7?,
1101 4845 1386 4900 Servatius
1449 4844 1706 4900 habeant;
1774 4841 1932 4896 facile

211 4933 425 4982 eorum
473 4920 755 4974 sententias
798 4920 1102 4984 subscribo,
1154 4921 1247 4982 qut
1303 4919 1425 4971 illos
1469 4931 1500 4970 a
1533 4931 1660 4970 sese
1693 4915 1934 4970 invicem

211 4993 645 5059 distinguendos
684 5003 810 5046 esse
868 4995 1111 5052 censent,
1167 5003 1401 5054 quorum
1457 4990 1607 5055 prior
1650 4988 1935 5042 Servalius

210 5066 437 5125 saeculo
487 5068 676 5131 quarto
724 5064 968 5125 vixerit;
1041 5063 1311 5128 posterior
1375 5075 1526 5124 vero,
1577 5061 1645 5114 de
1705 5074 1810 5126 quo
1849 5062 1938 5114 hic

211 5143 424 5198 noster
456 5137 764 5202 Gregorius,
819 5136 1128 5200 Aravan’us,
1170 5149 1269 5189 seu
1320 5134 1628 5196 Asavatius,
1690 5142 1749 5188 ut
1782 5135 1940 5188 habet

210 5210 415 5275 Corb.,
470 5223 566 5264 seu
617 5211 893 5272 Arantius,
950 5215 1010 5264 ut
1047 5209 1105 5262 in
1143 5209 1284 5261 libro
1318 5209 1386 5262 de
1441 5209 1617 5260 Gloria
1661 5208 1940 5262 Coufesso-

211 5299 381 5347 rum,
432 5295 551 5348 cap.
593 5283 674 5341 72.
719 5287 859 5337 sicut
910 5287 965 5338 et
1020 5283 1163 5347 apud
1233 5281 1617 5346 Fredegarium
1667 5283 1828 5335 etiam
1882 5285 1940 5335 in

213 5359 461 5419 vetustis
511 5369 641 5410 mss.
689 5356 912 5422 legitur,
946 5358 1271 5424 appellatus,
1322 5359 1522 5410 sacculo
1573 5360 1837 5422 sequenti.
1865 5357 1937 5412 De

211 5437 340 5494 hac
367 5444 428 5487 re
452 5429 695 5483 Valesius
729 5431 849 5484 fuse
894 5434 1004 5496 agit
1031 5432 1086 5483 in
1131 5428 1284 5482 Prazf.
1320 5429 1450 5483 tomi
1495 5429 1535 5481 ll
1559 5429 1753 5483 Histor.
1783 5429 1939 5483 Fran-

209 5515 442 5568 corum,
492 5502 586 5554 ubi
636 5501 774 5554 duos
827 5504 1076 5556 admittit.
1132 5501 1358 5555 Unicum
1412 5513 1545 5554 vero
1601 5497 1773 5554 fuisse
1819 5502 1935 5568 plu-

207 5581 389 5638 ribus
441 5574 674 5642 probare
721 5580 951 5629 conatur
1001 5573 1377 5628 Henschenius
1436 5575 1505 5628 ad
1539 5573 1682 5628 diem
1720 5576 1773 5626 l3
1823 5575 1940 5627 lli-aii

213 5649 475 5711 Bolland.
509 5647 643 5700 Cum
695 5647 821 5700 huic
871 5647 1172 5701 dimcultatt
1224 5648 1558 5701 illustrandae
1614 5659 1793 5702 essem
1846 5658 1937 5700 oc~

215 5727 483 5792 cupatus,
511 5720 747 5774 occurrit
791 5719 922 5775 mihi
970 5719 1112 5774 inter
1136 5718 1290 5787 alios
1326 5720 1546 5776 codices
1574 5719 1941 5777 Corbelenses

2017 4577 2216 4618 nomen
2272 4564 2329 4615 in
2381 4558 2682 4615 Servatium
2739 4559 2914 4614 fuisse
2967 4557 3308 4610 translatum.
3357 4556 3417 4608 lu
3473 4555 3718 4610 Vaticano

2018 4642 2073 4693 et
2104 4638 2487 4692 Vindocinensi
2539 4632 2702 4687 codd.
2746 4647 2875 4687 mss.
2930 4632 3074 4685 idem
3119 4630 3421 4686 Aravatius
3465 4633 3720 4698 appella-

2017 4716 2123 4766 tur.

2081 4812 2098 4832 ε
2129 4799 2338 4866 Aliquot
2367 4797 2545 4859 codd.,
2571 4795 2709 4862 cepit
2742 4797 2802 4849 ut
2829 4796 3116 4860 expeteret.

2077 4891 2098 4921 δ
2132 4891 2216 4943 Sic
2254 4888 2410 4943 Corb.
2447 4890 2501 4942 et
2528 4886 2668 4940 Bell.
2691 4901 2704 4947 ;
2731 4889 2784 4940 at
2803 4886 2984 4940 caeteri
3006 4897 3128 4938 cum
3151 4883 3330 4948 editis,
3363 4885 3592 4951 ejulatu.

2081 4979 2435 5045 eTrajectum
2514 4978 2724 5032 scilicet
2787 4978 2856 5030 ad
2911 4977 3130 5041 Mosam,
3198 4975 3432 5029 interius
3494 4976 3718 5036 dictum,

2019 5053 2184 5117 vulgo
2231 5051 2540 5111 Mastrt‘cht,
2590 5063 2696 5115 quo
2741 5049 2902 5114 paulo
2956 5053 3078 5114 post
3129 5060 3324 5102 eversa
3376 5059 3473 5112 per
3515 5047 3718 5100 Attilam
3790 5077 3795 5084 -

2021 5130 2248 5188 Aduaca,
2313 5129 2653 5190 Tungrorum
2719 5125 3044 5189 episcopalis
3102 5124 3266 5179 sedes
3310 5121 3574 5176 translata
3617 5125 3718 5187 est,

2021 5215 2141 5270 quae
2164 5202 2380 5255 tandem
2415 5200 2670 5252 Leodium
2692 5200 2965 5263 migravit.

2083 5301 2103 5338 ι
2136 5300 2347 5354 Scilicet
2374 5301 2429 5352 in
2462 5297 2602 5352 libro
2625 5297 2692 5350 de
2713 5295 2887 5349 Gloria
2915 5292 3184 5356 Contess.,
3206 5303 3324 5356 cap.
3355 5291 3440 5347 72.

2081 5410 2108 5446 ε
2139 5400 2306 5452 Etiam
2366 5409 2512 5450 nunc
2573 5397 2630 5448 in
2677 5394 2870 5458 majori
2933 5389 3085 5444 urbis
3155 5388 3431 5444 Mettensis
3490 5389 3723 5444 ecclesia

2020 5477 2207 5525 sancto
2269 5470 2540 5534 Stephano
2601 5467 2776 5520 dicata
2838 5465 3126 5518 servantur
3195 5461 3400 5529 aliquot
3477 5462 3719 5527 reliquiae

2020 5545 2191 5598 sancti
2230 5543 2664 5606 Protomartyris.

2084 5643 2107 5676 ἰ
2145 5644 2272 5711 Ejus
2341 5644 2539 5697 festum
2617 5638 2814 5692 colitur
2859 5637 2948 5691 die
3000 5637 3056 5690 17
3097 5635 3562 5711 Novembris.___De
3621 5631 3723 5686 hac

2022 5705 2306 5777 obsidione
2336 5715 2462 5771 vide
2521 5711 2846 5778 Apollinaris
2887 5711 3092 5766 Sidonii
3128 5711 3288 5776 epist.
3336 5709 3392 5762 15
3429 5705 3556 5761 libri
3595 5717 3720 5770 vm,
