4006 6182
250 306 357 362 ξοι

1162 294 1480 352 tttsTOtm
1530 290 1978 348 Fnaa‘cutttin.
2020 289 2218 343 Lmen
2256 288 2633 346 summum.
2684 279 2689 283 ’

3432 296 3539 349 Eii

247 422 325 477 de
352 425 513 475 nocte
534 428 661 472 vero
685 424 1043 482 consurgens,
1079 409 1443 465 reiucentibus
1466 424 1558 477 per
1589 417 1695 462 tota
1719 406 1849 460 aedis
1881 410 1926 466 Α
1956 420 2263 471 excessum,
2293 406 2715 461 Valentinianum
2748 407 3047 475 puerulum,
3082 422 3187 461 uno
3218 417 3423 462 tantum
3450 410 3537 465 In-

245 512 427 584 spatia
450 508 679 582 lychnis,
700 520 899 576 pavore
930 504 1281 573 perterritus,
1317 502 1510 570 quaerit
1538 499 1740 553 aditum
1775 498 1853 551 fu-

248 607 329 660 ris
355 613 416 659 ut
436 600 689 657 evaderet
720 607 769 652 α.
800 596 997 651 Verum
1028 595 1115 649 ubi
1147 594 1302 664 primi
1329 604 1487 662 atque
1516 592 1738 646 alterius
1767 604 1855 644 os-

247 698 310 750 tii
334 695 571 751 claustra
601 691 798 761 pulsat,
833 698 889 745 et
913 687 1165 743 obserata
1196 696 1390 741 cuncta
1414 684 1708 754 cognoscit,
1738 687 1853 739 solo

244 786 531 848 decubuit,
561 783 801 852 trepidus
833 779 1150 849 priestolans
1192 779 1394 844 locum,
1432 787 1491 831 ut
1531 778 1856 831 convenien-

246 880 398 933 tibus
428 876 493 931 ad
526 877 823 930 matutinos
860 871 1091 943 hymnos
1119 869 1351 940 populis,
1385 870 1470 924 hic
1503 869 1635 923 liber
1665 870 1853 924 absce-

248 969 430 1024 deret.
465 968 671 1020 Interea
700 963 835 1017 vidit
856 962 990 1015 duas
1023 974 1284 1029 personas
1310 974 1371 1015 se
1420 959 1648 1015 invicem
1690 974 1854 1014 vene-

248 1061 500 1116 rabiliter
528 1060 846 1120 salutantes,
877 1054 1249 1123 sollicitosque
1277 1054 1345 1107 de
1366 1053 1479 1107 suis
1493 1068 1614 1107 esse
1633 1066 1855 1121 prospe-

249 1153 527 1207 ritatibus.
560 1150 710 1205 Tunc
730 1149 819 1219 qui
848 1157 966 1202 erat
994 1146 1196 1210 senior,
1229 1146 1296 1199 ita
1313 1160 1537 1200 exorsus
1565 1156 1679 1197 est:
1711 1143 1855 1199 Uxo-

249 1245 332 1300 ris
362 1244 513 1298 Aetii
545 1243 808 1312 lacrynias
854 1237 1060 1293 diutius
1089 1237 1354 1291 sustinere
1384 1252 1487 1291 non
1519 1237 1710 1307 patior.
1748 1236 1850 1291 Pc-

253 1338 324 1389 tit
347 1334 494 1389 enim
524 1332 776 1397 assidue,
809 1338 867 1384 ut
890 1330 1061 1383 virum
1092 1343 1248 1383 suum
1280 1327 1349 1382 de
1389 1327 1577 1381 Galliis
1600 1326 1851 1381 reducam

252 1425 609 1489 incolumem,
641 1436 763 1476 cum
804 1419 950 1474 aliud
978 1419 1182 1474 exinde
1225 1418 1416 1472 fuisset
1443 1418 1581 1487 apud
1612 1418 1850 1472 divinum

248 1520 511 1590 judicium
558 1516 917 1587 praefinitum:
953 1514 1046 1570 sed
1076 1523 1257 1567 tamen
1297 1512 1505 1566 obtinui
1536 1513 1851 1567 immensam

248 1612 515 1676 pietatem
540 1623 641 1678 pro
670 1607 781 1660 vita
813 1606 979 1661 illius.
1014 1604 1082 1658 Et
1106 1619 1236 1659 ecce
1261 1620 1401 1658 nunc
1428 1603 1555 1657 illuc
1588 1617 1816 1672 propero
1836 1642 1851 1667 ,

247 1704 526 1759 viventem
554 1717 678 1757 eum
706 1698 906 1755 exinde
949 1696 1290 1752 reducturus.
1341 1695 1719 1751 Verumtamen
1749 1694 1850 1749 ob—

1957 509 2072 552 stro
2123 508 2361 568 peracto,
2394 514 2422 553 a
2447 501 2772 554 Consobrino
2815 499 3061 555 Theodos
3083 516 3115 556 ο
3166 502 3537 571 imperatorem

1956 591 2125 646 fuisse
2154 602 2417 658 creatum,
2472 603 2529 647 et
2583 594 2720 660 apud
2754 594 2939 647 urbem
2996 593 3218 648 Romam
3253 607 3539 667 tyranuum

1956 682 2217 739 Joannem
2250 685 2301 737 in
2334 685 2615 753 imperium
2667 686 2986 750 surrexisse,
3018 686 3325 757 legatusque
3353 690 3471 758 ejus
3508 709 3536 744 a

1957 774 2175 832 Cazsare
2202 777 2345 832 dicat
2376 778 2540 832 fuisse
2584 777 2888 847 dcspecms,
2922 780 3148 849 adjecit:
3189 799 3206 832 1
3244 783 3379 837 llum
3424 783 3541 840 hcce

1958 866 2027 923 ita
2052 882 2385 937 gererentur,
2412 870 2565 941 legati
2598 872 2662 926 ad
2696 883 2977 943 tyrannum
3002 874 3201 929 reversi
3224 885 3369 943 sunt,
3394 892 3543 931 man-

1956 959 2081 1015 data
2108 963 2372 1017 atrociora
2406 976 2682 1031 portantes
2716 962 2734 1002 ί
2766 984 2777 1018 :
2827 966 3020 1036 quibus
3068 980 3339 1036 permotus
3379 969 3538 1024 Joan-

1956 1070 2085 1119 nes,
2131 1057 2342 1109 Aetium
2374 1053 2423 1109 id
2458 1055 2716 1124 temporis
2768 1070 2948 1110 curant
3008 1057 3188 1126 palatii
3242 1071 3537 1128 gerentem,

1958 1163 2079 1201 cum
2110 1148 2311 1217 ingenti
2340 1147 2452 1200 auri
2488 1146 2721 1215 pondere
2749 1146 2813 1199 ad
2842 1146 3058 1201 Chunos
3082 1149 3415 1216 transmittit,
3448 1166 3541 1204 no-

1958 1245 2042 1291 tos
2076 1237 2175 1292 sibi
2222 1236 2519 1291 obsidiatus
2544 1235 2627 1290 sui
2659 1246 2919 1303 tempore,
2951 1246 3006 1290 et
3037 1237 3283 1292 familiari
3312 1239 3538 1293 amicitia

1956 1325 2253 1389 devinctos,
2287 1342 2407 1382 cum
2455 1326 2721 1380 mandatis
2766 1326 3107 1396 ltnjustnodi:
3154 1328 3284 1383 Cum
3314 1332 3542 1399 primum

1960 1430 2139 1491 partes
2168 1419 2408 1474 adversa:
2456 1419 2660 1473 Italiam
2692 1418 2949 1489 ingressa:
2978 1419 3173 1486 forent,
3207 1420 3306 1489 ipsi
3334 1437 3364 1475 a
3395 1431 3543 1493 tergo

1957 1512 2301 1569 adorirentur
2325 1553 2341 1577 ,
2390 1526 2452 1567 se
2476 1527 2504 1565 a
2534 1511 2712 1567 fronte
2761 1523 3061 1568 venturum.
3100 1513 3166 1567 Et
3193 1512 3314 1582 quia
3341 1514 3410 1571 de
3440 1515 3544 1570 hoc

1957 1605 2072 1659 viro
2100 1614 2489 1675 consequenter
2514 1605 2663 1674 plura
2696 1605 3043 1662 memoranda
3070 1616 3217 1673 sunt,
3238 1606 3355 1677 ejus
3375 1623 3542 1678 genus

1957 1711 2244 1767 moresque
2273 1696 2440 1751 ordiri
2466 1696 2659 1765 placet.
2686 1695 3020 1752 Gaudentius
3051 1705 3221 1765 pater,
3248 1698 3483 1769 Scythia
3513 1708 3541 1751 ι

259 1804 458 1859 testor,
492 1802 551 1846 ut
596 1792 688 1861 qui
736 1793 849 1843 haec
876 1786 1108 1842 audierit
1135 1786 1319 1851 sileat,
1368 1801 1729 1855 arcanumque
1760 1786 1851 1841 Dei
1883 1790 1931 1851 Β
1964 1790 2254 1860 provincia:
2282 1790 2533 1860 primoris
2563 1790 2662 1844 loci
2682 1829 2699 1855 ,
2746 1805 2777 1844 a
2807 1790 3161 1846 domesticatu
3189 1805 3413 1847 exorsus
3440 1792 3542 1847 nti-

248 1888 473 1955 vnlgare
500 1901 605 1939 non
628 1882 853 1947 audeat,
882 1896 951 1935 ne
980 1888 1163 1949 pereat
1191 1879 1448 1933 velociter
1476 1893 1507 1931 a
1550 1886 1717 1932 terra.
1751 1877 1849 1934 llle

249 1988 443 2034 autem
469 1978 586 2031 haec
613 1974 860 2036 audiens,
897 1970 1056 2026 silere
1080 1985 1185 2027 non
1216 1969 1383 2037 potuit
1407 1982 1423 2023 :
1456 1965 1551 2022 sed
1576 1983 1696 2022 mox
1737 1968 1853 2022 illu-

248 2079 514 2126 cescente
543 2067 722 2131 cmlo,
781 2063 963 2119 omnia
1006 2076 1127 2132 quae
1182 2062 1426 2115 audierat
1483 2059 1855 2115 matrifamilite

248 2163 472 2235 pandit:
505 2160 839 2231 expletisque
864 2156 1210 2213 sermonibus
1254 2154 1458 2210 lumine
1497 2154 1672 2209 caruit
1718 2168 1850 2209 ecus

249 2257 457 2312 lorum.

327 2346 501 2415 Igitur
526 2343 716 2398 Actius
736 2356 857 2396 cum
886 2340 1100 2397 Gottliis
1129 2337 1455 2407 Francisque
1484 2336 1806 2404 coniunctus
1835 2378 1849 2402 ,

248 2438 522 2493 adversus
571 2434 861 2489 Attilanem
893 2430 1155 2501 conﬂigit.
1196 2432 1263 2483 At
1291 2429 1382 2484 ille
1410 2427 1475 2481 ad
1523 2426 1855 2482 internecio-

255 2546 387 2585 nem
422 2527 620 2582 vastari
648 2541 804 2582 suum
833 2537 1067 2579 cernens
1085 2520 1406 2585 exercitum,
1431 2520 1548 2589 fuga
1575 2516 1851 2573 dilabitur.

250 2622 577 2678 Theodorus
607 2634 735 2674 vero
764 2617 1086 2673 Gotthorum
1137 2630 1228 2670 rex
1264 2614 1388 2668 huic
1417 2612 1698 2668 certamini
1727 2627 1852 2666 suc-

248 2713 458 2770 cubuit.
491 2711 625 2767 Nam
680 2709 858 2764 nullus
906 2706 1141 2776 ambigat
1194 2704 1512 2760 Chunorum
1554 2703 1853 2759 exercitum

255 2805 490 2859 obtentu
524 2800 805 2856 memorati
835 2794 1096 2851 antistitis
1116 2795 1278 2850 fuisse
1309 2798 1571 2865 fugatum.
1626 2793 1853 2849 Verum-

256 2906 445 2951 tamen
493 2895 683 2949 Aetius
713 2891 967 2961 patricius
994 2905 1116 2945 cum
1160 2887 1521 2943 Thurismodo
1575 2886 1853 2942 victmiam

255 2990 519 3052 obtinuit,
568 2987 859 3054 hostesque
902 2982 1123 3038 delevit.
1174 2982 1505 3051 Explezoqne
1547 2980 1731 3047 bello,
1781 2980 1857 3034 ait

258 3081 448 3136 Aetius
492 3077 883 3135 Tliorisinodo;
938 3075 1150 3131 Festina
1180 3073 1440 3130 velociter
1469 3074 1646 3130 redire
1677 3074 1728 3127 in
1762 3090 1854 3143 pa-

1960 1881 2149 1947 litiain,
2182 1896 2351 1950 usque
2391 1880 2457 1935 ad
2488 1881 2776 1951 magisterii
2818 1882 3055 1950 equitum
3084 1883 3295 1939 culmen
3317 1899 3543 1953 provec-

1960 1981 2044 2028 tus
2073 1982 2174 2028 est.
2207 1972 2377 2027 Mater
2403 1972 2554 2037 Itala,
2594 1972 2787 2029 nobilis
2816 1989 2879 2029 ac
2920 1975 3155 2043 locuples
3180 1968 3403 2031 femina.
3437 1980 3544 2034 Ae-

1960 2065 2064 2118 tius
2097 2065 2263 2131 lilius,
2294 2078 2323 2118 a
2352 2079 2520 2133 puero
2552 2066 2923 2134 prmtorianus,
2953 2067 3122 2121 tribus
3161 2070 3317 2123 annis
3342 2070 3541 2126 Alarici

1957 2155 2150 2222 obses,
2207 2155 2402 2210 dehinc
2423 2154 2770 2222 Chunornm;
2805 2166 2924 2227 post
2954 2156 3069 2213 haec
3101 2157 3425 2229 Carpilionis
3444 2177 3541 2230 ge-

1958 2260 2075 2311 ner,
2108 2260 2172 2299 ex
2200 2247 2397 2301 comite
2424 2245 2843 2301 domesticorum
2866 2291 2879 2311 ,
2914 2258 2968 2303 et
2986 2248 3210 2304 Joannis
3232 2266 3414 2305 curam
3444 2267 3541 2321 pa-

1959 2333 2070 2387 latii
2105 2335 2208 2407 57
2236 2349 2424 2404 gerere
2449 2338 2635 2405 cmpit.
2684 2336 2843 2391 Medii
2886 2338 3148 2407 corporis,
3188 2339 3361 2395 virilis
3393 2342 3533 2398 babi-

1961 2427 2162 2482 tudinis
2188 2428 2442 2483 decenter
2472 2430 2759 2497 formatus,
2792 2446 2900 2499 quo
2946 2446 3119 2501 neque
3170 2433 3542 2488 inﬁrmitudini

1958 2529 2102 2576 esset
2128 2535 2302 2592 neque
2331 2521 2505 2591 oneri,
2539 2522 2721 2576 animo
2744 2522 2946 2588 alacer,
2999 2525 3256 2580 membris
3280 2537 3501 2596 vegetus
3524 2569 3541 2593 ,

1959 2626 2124 2683 eques
2186 2613 2653 2682 promptissimus,
2707 2616 3022 2685 sagittarum
3076 2616 3224 2686 jactu
3295 2620 3538 2687 peritus,

1959 2713 2119 2759 conto
2147 2701 2396 2772 impiger,
2437 2704 2592 2759 bellis
2621 2703 2952 2774 aptissimus,
2987 2708 3133 2776 pacis
3171 2709 3375 2764 artibus
3402 2712 3541 2765 celuc

1960 2797 2105 2861 bris;
2165 2796 2367 2850 nullius
2395 2797 2657 2863 avaritize,
2712 2800 2944 2854 minimae
2980 2800 3329 2870 cupiditatis,
3388 2803 3542 2858 bonis

1959 2886 2121 2941 animi
2155 2888 2425 2956 pneditns,
2463 2902 2560 2943 nec
2589 2888 2975 2958 impulsoribus
3017 2892 3233 2960 quidem
3266 2896 3442 2961 pravis
3472 2898 3541 2948 ali

1958 2979 2204 3035 instituto
2230 2996 2329 3035 snu
2349 2981 2590 3047 devians,
2621 2981 2935 3051 injuriarum
2970 2985 3392 3053 patientissimus
3414 3030 3429 3053 ,
3466 2989 3541 3043 Ia-

1960 3070 2106 3129 horis
2127 3082 2416 3143 appetens,
2446 3072 2743 3142 impavidus
2771 3075 3122 3144 periculorum
3154 3122 3168 3145 ,
3196 3078 3351 3134 famis
3394 3082 3541 3136 sitis-

258 3176 441 3239 triam,
476 3188 545 3227 ne
584 3171 864 3227 insistente
888 3182 1165 3239 germano,
1191 3167 1359 3236 patris
1400 3181 1563 3236 regno
1605 3167 1852 3237 priveris.
1883 3179 1932 3243 ο
1964 3183 2070 3237 que
2108 3178 2269 3238 atque
2293 3168 2589 3240 vigiliarum
2622 3170 3085 3227 tolerantissimus.
3109 3175 3205 3229 Cui
3231 3176 3299 3230 ab
3329 3179 3555 3243 ineunte.

261 3269 387 3322 Ilzec
414 3268 503 3321 ille
526 3266 772 3329 audiens,
800 3279 920 3319 cum
950 3263 1233 3317 velocitate
1257 3261 1525 3325 discessit,
1551 3261 1699 3330 quasi
1734 3261 1842 3332 56

257 3358 650 3427 anticipaturus
674 3355 913 3418 fratrem,
950 3363 1000 3407 et
1035 3352 1179 3421 prior
1202 3351 1368 3420 patris
1390 3350 1699 3406 cathedram
1724 3353 1851 3407 ade-

261 3459 471 3519 ptnrus.
526 3446 699 3503 Simili
726 3453 781 3499 et
808 3444 1135 3498 Francorum
1177 3457 1357 3511 regem
1396 3439 1425 3480 ιι
1454 3442 1580 3496 dolo
1621 3440 1845 3513 fugavit.

262 3540 376 3594 Illis
396 3547 573 3592 autem
609 3534 1002 3600 recedentibus,
1032 3532 1217 3587 Aetius
1244 3532 1472 3602 spoliato
1499 3548 1714 3601 campo,
1742 3533 1850 3586 vic-

261 3642 347 3686 tor
372 3630 427 3685 in
462 3629 686 3697 patriam
714 3642 835 3681 cum
864 3626 1053 3695 grandi
1083 3634 1165 3678 est
1195 3639 1442 3679 reversus
1469 3623 1663 3692 spolio.
1690 3623 1850 3678 Attila

260 3738 390 3779 vero
415 3738 537 3776 cum
566 3721 750 3791 paucis
798 3733 1044 3775 reversus
1072 3727 1175 3781 est,
1220 3732 1319 3772 nec
1346 3718 1514 3771 multo
1541 3726 1659 3787 post
1690 3716 1853 3786 Aqui-

258 3814 363 3870 leia
389 3829 419 3867 a
446 3813 652 3868 Cliunis
677 3821 854 3881 capta,
886 3810 1103 3865 incensa
1135 3818 1297 3877 atque
1326 3809 1524 3871 diruta,
1558 3810 1706 3864 Italia
1731 3824 1853 3879 per-

261 3914 449 3974 vagata
478 3913 641 3972 atque
667 3904 923 3958 subversa
945 3911 1052 3959 est.
1082 3901 1471 3955 Tlturismodus
1494 3938 1511 3967 ,
1543 3900 1612 3956 de
1639 3917 1746 3971 quo
1768 3916 1853 3955 su-

265 4013 362 4068 pra
390 3995 759 4057 meminimus,
794 3994 993 4047 Alanos
1025 4002 1049 4031 ο
1084 3993 1223 4047 bello
1252 3991 1526 4046 edomuit:
1560 3992 1675 4061 ipse
1703 3992 1854 4048 dein-

260 4104 395 4158 ceps
409 4130 423 4153 ,
458 4098 578 4157 post
602 4088 799 4141 multas
820 4086 942 4140 lites
963 4093 1019 4139 et
1039 4084 1199 4150 bella,
1225 4098 1257 4137 a
1281 4082 1538 4138 fratribus
1555 4096 1851 4154 oppressus

262 4196 328 4237 ac
351 4180 627 4250 jugulatns
648 4176 850 4232 interiit
878 4173 928 4231 ἀ.

332 4273 473 4328 VIII.
516 4272 681 4342 Igitur
708 4271 790 4325 liis
812 4270 882 4323 ita
909 4267 1129 4338 digestis
1152 4282 1216 4323 ac
1243 4283 1341 4339 per
1386 4266 1629 4322 ordinem
1671 4266 1852 4335 exple-

260 4366 354 4429 tis,
385 4362 512 4432 quid
540 4363 610 4417 de
630 4362 787 4417 Aetio
811 4376 970 4429 supra
997 4368 1296 4414 memorato
1319 4358 1508 4414 Renati
1533 4358 1793 4431 Frigeridi
1826 4368 1851 4398 ο

260 4473 445 4515 narrat
475 4458 705 4513 llistoria
731 4466 910 4511 tacere
938 4455 1087 4508 nefas
1108 4454 1308 4524 putavi.
1334 4453 1466 4508 Nam
1487 4467 1607 4507 cum
1638 4455 1690 4507 in
1718 4453 1850 4509 dno-

1960 3267 2117 3314 mtate
2141 3259 2453 3327 prmdictum
2482 3260 2669 3331 liquet,
2692 3274 2910 3332 quantzc
2945 3267 3197 3333 potentia:
3229 3268 3351 3323 fatis
3376 3270 3541 3325 desti-

1958 3361 2198 3417 naretur,
2260 3353 2588 3420 temporibus
2635 3356 2747 3408 suis
2802 3355 3039 3427 locisque
3093 3359 3466 3417 celebrandus.
3516 3382 3534 3415 1

1957 3443 2086 3499 llrec
2140 3444 2336 3514 suprad
2360 3454 2478 3500 ctus
2529 3446 2989 3516 historiograpltns
3016 3451 3084 3508 de
3131 3456 3287 3509 Aetio
3335 3466 3538 3510 narrat.

1957 3535 2186 3590 Adultus
2215 3547 2392 3590 autem
2421 3537 2828 3595 Valentinianus
2854 3541 3168 3612 imperator.
3195 3556 3445 3603 metuens
3474 3566 3541 3603 ne

1958 3641 2019 3681 se
2065 3642 2160 3696 per
2214 3628 2548 3697 tyrannidem
2589 3629 2780 3685 Aetius
2826 3634 3187 3702 opprimeret,
3232 3653 3353 3691 cum
3387 3640 3543 3694 1111111ς

1956 3718 2134 3773 causis
2178 3719 2515 3773 exstantibus
2566 3720 2861 3776 interemit.
2901 3726 3015 3792 Ipse
3066 3729 3402 3792 postmodum
3436 3733 3542 3785 Au-

1957 3820 2164 3880 gustus,
2193 3810 2319 3865 dum
2344 3812 2395 3865 in
2418 3811 2620 3881 Campo
2650 3813 2840 3879 Mattio
2870 3834 2964 3884 pro
2996 3818 3249 3873 tribunali
3277 3824 3539 3887 residens,

1957 3902 2368 3958 concionaretur
2397 3905 2461 3958 ad
2484 3907 2756 3977 populum.
2779 3909 2998 3979 Oi-cylla
3026 3910 3379 3967 bucce'larius
3403 3916 3540 3971 Aetii

1957 4008 2023 4050 ex
2050 3994 2280 4050 adverso
2304 3996 2546 4067 veniens,
2577 4014 2700 4055 eum
2728 4000 2905 4067 gladio
2930 4001 3181 4071 perfudit.
3208 4004 3355 4061 Talis
3384 4009 3542 4065 utris-

1954 4099 2060 4157 que
2085 4086 2296 4140 exsaitit
2324 4087 2443 4143 linis
2466 4085 2513 4142 δ.

2029 4176 2120 4232 IX.
2162 4177 2237 4232 De
2262 4175 2595 4235 Francorum
2622 4196 2751 4236 vero
2781 4181 3027 4252 regibus,
3060 4185 3180 4253 quis
3223 4185 3384 4243 fuerit
3432 4191 3541 4256 pri-

1956 4283 2078 4323 mus
2108 4283 2139 4323 a
2166 4268 2347 4322 multis
2374 4272 2666 4339 ignoratur.
2700 4271 2829 4325 Nam
2854 4289 2977 4328 cum
3024 4274 3189 4328 multa
3217 4277 3286 4331 de
3313 4280 3394 4334 eis
3418 4282 3541 4335 Sul-

1959 4360 2081 4430 picii
2107 4360 2393 4415 Alexandri
2430 4360 2445 4399 ί
2481 4373 2664 4416 narret
2707 4363 2932 4418 llistoria
2960 4406 2977 4430 ,
3007 4382 3113 4420 non
3147 4378 3323 4424 tamen
3357 4387 3535 4441 regem

1956 4453 2185 4522 primum
2236 4468 2424 4508 eorum
2465 4454 2731 4510 ullatenus
2788 4457 3048 4521 nominat,
3102 4461 3193 4513 sed
3234 4462 3396 4517 duces
3442 4477 3540 4520 eos

262 4552 475 4609 decimo
504 4550 859 4606 Historiarum
892 4547 1032 4602 libro
1063 4547 1301 4613 referat,
1340 4555 1459 4615 post
1489 4546 1595 4601 divi
1629 4547 1845 4603 llonorii
1881 4569 1927 4629 D
1956 4547 2205 4602 habuisse
2221 4547 2383 4602 dii-it:
2416 4564 2535 4617 quae
2567 4558 2743 4603 tamen
2768 4549 2836 4604 de
2860 4549 3063 4606 eisdem
3094 4550 3310 4620 referat,
3338 4571 3539 4612 mento-

334 4695 362 4723 ι
399 4685 487 4741 Sic
535 4682 694 4740 codd.
741 4680 1087 4748 vetustiores,
1131 4678 1261 4746 alii,
1318 4680 1517 4733 aditu-rt
1565 4696 1657 4749 per
1698 4697 1847 4752 quem

264 4758 395 4828 foris
417 4756 683 4828 eraderet,
714 4755 918 4823 qua'rit.

332 4827 364 4867 δ
404 4828 484 4881 An
516 4820 819 4880 Meroveum
850 4820 1065 4893 regem?
1089 4836 1258 4893 quem
1292 4830 1415 4891 post
1443 4824 1579 4877 Aetii
1611 4832 1842 4879 mortem

268 4897 571 4953 Germaniae
614 4896 800 4965 prima:
843 4891 931 4948 ac'
954 4891 1182 4962 Belgicae
1205 4894 1453 4948 secundae
1480 4894 1689 4965 bellum
1705 4894 1838 4948 intu-

264 4970 397 5023 lisse
420 4978 471 5020 ut
502 4963 650 5037 regni
676 4966 807 5019 lines
834 4973 1193 5034 promoveret,
1213 4966 1372 5037 testis
1399 4973 1483 5037 est
1505 4963 1760 5037 Sidonius
1789 4965 1842 5020 in

262 5033 627 5107 Panegyrico,
656 5051 813 5105 quem
839 5033 1043 5107 socero
1071 5048 1168 5088 suo
1196 5033 1359 5090 dixit.
1402 5035 1634 5107 Prosper
1672 5036 1845 5089 Mero-

260 5125 422 5163 venm
448 5105 501 5161 in
530 5106 755 5161 Francia
783 5122 924 5159 anno
945 5105 1047 5158 447
1068 5119 1320 5174 regnasse
1345 5105 1550 5160 scribit.
1585 5106 1657 5160 De
1684 5121 1846 5161 causa

263 5181 394 5234 belli
425 5195 518 5249 per
547 5179 765 5231 Attilam
799 5177 927 5230 illati
968 5175 1363 5249 vidcsis‘Prisci
1397 5176 1631 5249 rhetoris
1662 5176 1844 5231 Ilisto-

261 5246 501 5313 nann'et
521 5249 846 5302 Jornandem
871 5249 937 5301 de
967 5246 1102 5301 Reb.
1124 5246 1353 5317 _Gcticis,
1379 5262 1497 5311 cap.
1524 5246 1592 5302 55
1612 5258 1660 5302 et
1687 5263 1838 5317 seqq.

332 5333 356 5360 ⁸
401 5321 489 5376 Sic
519 5335 649 5373 mss.
678 5317 838 5372 Corb.
862 5358 877 5379 ,
912 5318 1043 5373 Bell.
1064 5358 1078 5381 ,
1108 5315 1258 5371 Culb.
1290 5358 1304 5379 ,
1352 5318 1538 5386 Regni.
1565 5359 1580 5383 ,
1615 5318 1745 5387 Reg.
1768 5315 1843 5374 et

261 5392 555 5455 Palatinus,
588 5406 709 5443 cum
736 5388 896 5444 editis
922 5390 1073 5452 Bad.,
1107 5398 1217 5441 etc.
1246 5389 1560 5442 Alamannos
1588 5404 1717 5443 vero
1750 5391 1845 5442 Ita-

260 5464 391 5517 bent
421 5463 662 5530 plerique
687 5459 816 5515 editi
855 5474 975 5512 cum
1019 5458 1327 5530 Bec.Certe
1366 5459 1520 5513 Alani
1552 5470 1676 5512 Inttc
1708 5468 1842 5512 tem-

265 5529 585 5599 poristrans
609 5532 841 5601 Ligerim
870 5530 1054 5601 sedem
1080 5529 1366 5584 habebant.
1406 5530 1483 5585 De
1515 5530 1597 5584 his
1622 5533 1843 5586 censure

262 5604 539 5659 Valesium
578 5600 752 5657 lib.’tv
784 5602 974 5654 Iterum
1013 5600 1407 5654 Francicaium.

330 5676 359 5713 ⁴
401 5674 629 5729 Occisus
654 5682 733 5730 cst
764 5686 906 5725 anno
932 5668 1060 5735 455,
1088 5680 1145 5724 111
1176 5670 1314 5725 idem
1348 5670 1593 5726 Valesius
1625 5671 1836 5740 probat,

255 5746 653 5802 aThcodorico
691 5755 741 5798 ct
790 5741 1062 5796 Friderico
1098 5740 1349 5797 fratribus
1376 5782 1391 5809 ,
1442 5757 1666 5810 quorum
1696 5746 1844 5812 prior

546 5863 819 5926 νισι-11111..
871 5859 1099 5921 LXXI.

1951 4697 2175 4750 regnum
2207 4681 2480 4749 occupavit
2512 4696 2575 4735 ex
2611 4681 2799 4742 Idalio.
2829 4692 2935 4738 etc.

2024 4763 2049 4837 ξ
2212 4767 2399 4806 aue.or
2419 4768 2483 4837 ex
2502 4754 2627 4834 .solo
2652 4752 2916 4837 Gregorio
2946 4756 3101 4837 nobis
3131 4768 3212 4812 est
3250 4769 3429 4816 notus.

2027 4822 2046 4861 ί
2087 4825 2191 4899 §ic
2217 4822 2659 4899 ms_s._plerique;
2691 4822 2802 4899 alii,
2838 4828 3035 4899 atrocia
3057 4840 3396 4899 reperientes.

2020 4902 2047 4939 κ
2087 4894 2242 4959 Bcll.,
2275 4894 2498 4955 Sciciar;
2532 4896 2679 4958 Bcc.,
2704 4894 2925 4962 Scycice.

2021 4962 2049 5001 ιι
2091 4966 2165 5042 De
2208 4965 2345 5042 Aetii
2373 4975 2426 5018 et
2451 4965 2803 5042 Valentiniani
2833 4969 3000 5036 cmdc,
3031 4972 3257 5042 aliisque
3310 4972 3536 5027 labentis

1952 5034 2163 5109 imperii
2190 5036 2373 5109 rebus,
2401 5051 2521 5109 qum
2547 5037 2635 5094 liic
2663 5038 2790 5109 etin
2818 5034 3185 5107 sementibus
3204 5043 3531 5109 referuntur,

1952 5107 2162 5178 videndi
2191 5108 2414 5161 Orosius
2446 5107 2539 5162 lib.
2574 5123 2647 5162 vn
2675 5149 2687 5167 .
2722 5108 3015 5178 Procopius
3048 5114 3141 5167 1111.
3176 5130 3191 5167 ι
3225 5115 3361 5168 111ς1.
3400 5107 3532 5167 Van?

1950 5177 2506 5251 tlalic.,AMarcellinus
2529 5194 2739 5241 comes,
2771 5177 3002 5248 Prosper
3023 5226 3037 5247 ,
3069 5196 3174 5239 etc.
3198 5227 3211 5248 ,
3243 5186 3312 5237 de
3341 5184 3536 5251 quibus

1952 5249 2120 5302 fusius
2143 5249 2193 5302 in
2228 5249 2368 5302 notis
2398 5264 2555 5315 agere
2585 5252 2910 5319 superfluum
2945 5255 3169 5307 videtur.
3208 5249 3532 5309 [luctamen

1951 5319 2004 5372 in
2037 5319 2213 5373 Indice
2231 5318 2609 5391 ehronologico
2626 5318 2661 5385 ,⁷
2683 5338 2839 5390 quem
2862 5322 3102 5386 Gregorii
3128 5324 3378 5387 operibus
3399 5343 3528 5391 pra--

1951 5390 2223 5453 misimus,
2277 5393 2390 5445 suis
2444 5390 2573 5445 locis
2603 5392 2907 5461 posuimus,
2952 5403 3010 5447 ut
3048 5390 3418 5449 Francicarnni
3452 5414 3528 5451 re-

1951 5476 2100 5582 ru|m,
2131 5460 2446 5531 quibuscum
2480 5467 2732 5531 permista
2763 5471 2924 5531 sunt,
2963 5465 3132 5520 series
3164 5465 3341 5522 notior
3371 5467 3532 5524 habe--

1951 5545 2010 5582 re
2036 5547 2120 5582 ur.

1950 5545 2120 5585 l'ellﬂ‘.

2028 5621 2046 5661 ί
2091 5622 2200 5697 Nec
2224 5624 2443 5697 aliunde
2473 5640 2627 5693 quam
2660 5641 2725 5680 ex
2769 5625 3030 5697 Gregorio
3063 5626 3206 5687 hunc
3235 5642 3527 5692 auctorem.

1948 5704 2041 5751 aut
2070 5694 2185 5759 ejus
2224 5694 2515 5751 Historiam
2546 5697 2809 5752 novimus.

3216 5864 3258 5922 Ἰ
