4008 6184
581 315 686 376 203

1633 316 1692 372 S.
1734 315 2060 370 GREGURII
2102 309 2406 370 EPISCUPI
2445 306 2873 365 TURONENSIS

3734 306 3831 360 ενι

581 448 702 489 raro
733 432 961 487 videtur.
987 429 1121 485 Nam
1149 441 1269 484 cum
1297 426 1428 483 dicit
1473 426 1763 481 Maximum
1812 426 1950 480 intra
1999 424 2162 493 Aqui-
2188 434 2238 489 Α
2267 422 2615 490 corporibus,
2670 420 2822 474 ruina
2870 417 3098 473 invicem
3131 432 3349 472 suorum
3408 422 3650 488 oppressi
3687 425 3832 475 'sunt.

582 525 761 591 Ieiem,
787 524 982 578 amissa
1007 521 1151 575 omni
1177 535 1272 590 spe
1301 518 1548 589 imperii,
1580 518 1735 589 quasi
1778 526 2046 572 amentem
2078 532 2165 571 re-

583 616 793 681 sidere,
820 613 1088 683 adjnngit:
1128 632 1147 663 ι
1186 612 1262 665 Eo
1294 620 1534 679 tempore
1579 608 1905 664 Genobaude
1936 616 1961 642 ⁸
1984 648 1999 673 ,
2030 608 2166 661 Mar-

583 723 819 773 comere,
858 715 914 762 et
939 706 1195 762 Sunnone
1224 704 1470 766 ducibus,
1502 701 1695 756 Franci
1726 702 1778 756 in
1822 701 2165 756 Germaniam

586 814 913 870 prorupere,
968 813 1031 853 ac
1079 797 1320 868 pluribus
1369 795 1683 850 mortalium
1737 794 1908 849 limite
1964 793 2167 862 irrupto

584 892 763 957 cmsis,
796 891 999 948 fertiles
1038 890 1272 945 maxime
1322 903 1487 960 pagos
1513 887 1868 958 depopulati,
1928 885 2169 956 Agrippi-

586 983 740 1037 nensi
786 980 948 1037 etiam
995 979 1232 1036 Colonia:
1272 988 1475 1035 metum
1522 980 1818 1034 incussere.
1873 977 2028 1044 Quod
2080 977 2167 1031 ubi

587 1073 838 1128 'I‘reveris
891 1072 1155 1142 perlatum
1210 1078 1327 1138 est,
1378 1070 1664 1124 Nannenus
1709 1068 1738 1107 δ
1781 1078 1834 1124 et
1887 1068 2170 1134 Quintinus

588 1164 789 1221 militire
830 1162 1107 1234 magistri,
1139 1162 1331 1232 quibus
1380 1161 1657 1216 infantiam
1700 1160 1794 1215 lilii
1824 1171 1877 1215 et
1905 1158 2172 1214 drfensio-

586 1271 711 1310 nem
737 1255 1031 1311 Galliarum
1061 1254 1322 1309 Maximus
1350 1254 1729 1317 commiserat,
1760 1253 1989 1309 collecto
2018 1264 2173 1306 exer-

584 1347 697 1400 citu
724 1347 861 1415 apud
892 1346 1243 1417 Agrippinam
1272 1359 1596 1400 convenere.
1636 1344 1745 1400 Sed
1780 1344 1955 1398 onusti
1994 1343 2175 1413 pra-da

588 1437 808 1503 hostes,
867 1437 1261 1506 provinciarum
1305 1438 1480 1504 opima
1530 1436 1871 1504 depopulati,
1928 1435 2174 1490 Rhenum

593 1528 875 1595 transiere,
906 1528 1149 1598 pluribus
1179 1542 1401 1582 suorum
1451 1528 1504 1582 in
1564 1527 1673 1599 58
1705 1529 1944 1580 Romano
1976 1527 2176 1581 relictis

587 1624 708 1677 solo
729 1663 744 1687 ,
777 1623 842 1676 ad
869 1620 1217 1691 repetendam
1248 1621 1723 1689 depopulationem
1763 1619 2002 1688 paratis,
2052 1632 2174 1673 cum

586 1717 787 1785 quibus
810 1730 1132 1788 congressus
1164 1714 1421 1769 Romanis
1460 1713 1839 1769 accommodus
1862 1712 1961 1767 fuit
1984 1753 2000 1777 ,
2037 1712 2176 1765 mul-

2273 513 2483 567 Pedites
2510 514 2673 566 etiam
2695 550 2712 575 ,
2740 524 2876 577 quos
2919 508 3064 562 nulla
3112 522 3279 563 onera
3310 524 3571 578 equorum
3610 514 3837 568 calcave-

2268 613 2414 669 rant,
2440 602 2697 672 implicati
2722 602 2848 655 limo
2868 642 2882 666 ,
2916 615 3059 670 aegre
3087 601 3419 670 explicantes
3441 617 3711 672 gressum,
3732 620 3840 658 tur-

2270 709 2362 749 sus
2388 708 2469 758 se,
2490 694 2579 762 qui
2594 693 2753 762 paulo
2777 701 2903 747 ante
2924 691 3013 745 vix
3034 702 3390 756 emerserant,
3414 693 3567 748 silvis
3594 694 3842 764 trepidan-

2272 798 2352 841 tes
2383 788 2718 842 occulebant.
2752 782 3089 839 Perturbatis
3116 800 3243 855 ergo
3266 785 3566 851 ordinibus,
3601 802 3749 842 caesa
3776 792 3845 844 le-

2272 880 2479 950 giones,
2535 878 2784 933 Heraclio
2838 877 3245 932 Jovinianorum
3280 875 3299 915 τ
3332 878 3439 948 59
3488 878 3738 944 tribuno,
3786 896 3847 935 ac

2272 987 2408 1042 pene
2458 971 2707 1025 omnibus
2753 970 2843 1039 qui
2893 970 3154 1024 militibus
3202 982 3496 1038 praeerant,
3525 973 3800 1026 exstinctis
3831 1015 3845 1037 ,

2272 1065 2456 1135 paucis
2480 1064 2735 1135 eﬂ'uginm
2768 1073 2938 1118 tutum
2967 1078 3074 1118 nox
3101 1073 3155 1117 et
3185 1064 3404 1119 latibula
3442 1064 3695 1119 silvarum
3720 1083 3849 1134 pra--

2275 1162 2483 1215 stitere.
2524 1179 2542 1211 ι
2591 1160 2716 1214 Iiaac
2762 1158 2815 1212 in
2849 1159 3006 1211 tertio
3038 1156 3283 1211 Historia
3316 1158 3453 1211 libro
3484 1160 3739 1213 narravit.

2346 1250 2403 1305 In
2421 1259 2613 1321 quarto
2640 1264 2768 1304 vero
2798 1248 2958 1313 libro,
2984 1262 3106 1302 cum
3137 1249 3204 1303 de
3228 1247 3603 1303 interfectione
3630 1251 3855 1305 Victoris

2278 1340 2372 1394 filii
2405 1339 2623 1393 Maximi
2654 1340 2864 1407 tyranni
2898 1345 3159 1401 narraret,
3187 1338 3288 1389 ait:
3329 1355 3347 1387 ι
3388 1337 3464 1391 Eo
3494 1347 3729 1407 tempore
3754 1339 3856 1391 Ca-

2279 1430 2434 1484 rietto
2455 1440 2511 1485 et
2534 1428 2700 1499 Syrus
2728 1429 2782 1482 in
2812 1428 2985 1481 locum
3015 1426 3254 1480 Nanneni
3288 1426 3584 1495 subrogati,
3637 1430 3687 1482 in
3730 1428 3857 1483 Ger-

2281 1521 2456 1576 mania
2485 1536 2607 1576 cum
2656 1520 2897 1575 exercitu
2950 1519 3201 1587 opposito
3245 1519 3469 1575 Francis
3515 1521 3857 1576 diversaban-

2282 1623 2389 1669 tur.
2429 1632 2449 1666 ι
2486 1613 2555 1667 Ει
2582 1623 2703 1682 post
2735 1627 2924 1682 pauca,
2955 1626 3075 1665 cum
3107 1610 3299 1665 Franci
3323 1610 3390 1665 de
3417 1609 3700 1667 Germania
3726 1629 3857 1682 prro-

2281 1705 2377 1760 das
2427 1706 2706 1769 tulissent,
2758 1702 2988 1772 adjecit:
3028 1720 3047 1753 ι
3086 1701 3226 1755 Nihil
3275 1702 3602 1771 Arbogastes
3648 1704 3862 1758 dill‘erre

597 1808 665 1861 tis
686 1807 1014 1862 Francorum
1054 1807 1194 1876 apud
1226 1806 1607 1861 Carbonariam
1641 1815 1665 1843 ε
1700 1805 1843 1859 ferro
1867 1804 2176 1873 peremptis.
2214 1809 2256 1867 Β
2284 1795 2493 1857 volens,
2513 1802 2821 1849 commonet
2846 1793 3113 1846 Caesarem
3139 1805 3323 1859 pmnas
3349 1791 3556 1846 debitas
3583 1808 3612 1846 a
3647 1792 3865 1847 Francis

595 1900 837 1969 Cumque
868 1899 1258 1954 consultaretur
1286 1899 1354 1953 de
1374 1913 1659 1964 successu,
1704 1913 1771 1951 an
1802 1898 1854 1951 in
1900 1895 2178 1951 Franciam

598 1997 834 2049 transire
856 1995 1148 2061 deberent,
1202 1996 1493 2051 Nannenus
1541 1995 1762 2061 abnuit,
1793 1995 1915 2061 quia
1948 2009 2053 2049 non
2086 1996 2187 2049 im-

596 2097 812 2152 paratos
836 2087 969 2141 et‘in
996 2087 1125 2143 locis
1149 2089 1263 2142 suis
1291 2088 1506 2142 indubie
1534 2087 1788 2143 fertiores
1816 2092 2027 2143 luturos
2050 2088 2186 2143 scie-

600 2181 711 2232 hat.
738 2180 889 2246 Quod
915 2196 1034 2233 cum
1068 2180 1322 2246 Quintino
1348 2191 1401 2234 et
1425 2180 1644 2249 reliquis
1688 2180 1818 2234 viris
1861 2180 2187 2235 militaribus

601 2271 995 2339 displicuisset,
1026 2271 1283 2324 Nanneno
1316 2272 1710 2341 Mogontiacum
1743 2287 1991 2337 reverso,
2021 2270 2187 2337 Quin-

604 2362 747 2418 tinus
768 2375 888 2415 cum
914 2362 1155 2417 exercitu
1188 2362 1333 2417 circa
1377 2363 1639 2418 Nivisium
1670 2360 1698 2399 ιι
1727 2363 2007 2416 castellum
2038 2362 2187 2418 Rhe-

602 2473 731 2514 num
763 2469 1128 2525 transgressus
1153 2500 1167 2519 ,
1223 2458 1473 2513 secundis
1503 2473 1532 2511 a
1561 2457 1723 2512 ﬂuvio
1771 2458 1966 2512 castris
1987 2501 2001 2525 ,
2034 2472 2189 2511 casas

594 2552 1000 2607 habitatoribus
1030 2564 1222 2605 vacuas
1244 2561 1403 2620 atque
1432 2550 1678 2621 ingentes
1710 2549 1857 2604 vicos
1899 2549 2189 2603 destitutos

603 2643 845 2700 oil‘endit.
872 2643 1060 2697 Franci
1084 2643 1226 2697 enim
1250 2683 1265 2706 ,
1290 2642 1539 2697 simulato
1567 2650 1733 2706 metu,
1766 2655 1825 2695 se
1856 2640 1908 2693 in
1938 2638 2191 2693 remotio-

605 2750 692 2791 res
713 2724 879 2789 saltus
920 2741 1258 2804 receperant,
1290 2732 1603 2788 concidibus
1634 2746 1737 2801 per
1766 2741 2007 2786 extrema
2033 2730 2193 2783 silva-

607 2841 725 2878 rum
758 2826 1081 2891 procuratis.
1137 2825 1322 2893 Itaque
1351 2823 1616 2878 universis
1649 2822 1895 2877 domibus
1943 2820 2148 2876 exustis
2172 2859 2189 2885 ,

607 2916 661 2971 in
691 2932 824 2986 quas
848 2919 1038 2971 saevire
1063 2916 1329 2971 stoliditas
1361 2916 1552 2986 ignava
1578 2914 1818 2970 victoriae
1845 2928 2190 2969 consumma-

604 3009 804 3064 tionem
858 3008 1175 3078 reponebat,
1236 3019 1451 3063 noctem
1501 3008 1788 3063 sollicitam
1846 3007 2046 3062 milites
2094 3007 2194 3062 sub

608 3116 880 3156 armorum
911 3115 1077 3155 onere
1102 3100 1390 3155 duxerant.
1422 3099 1500 3154 Ac
1529 3099 1703 3169 primo
1728 3098 1999 3164 diluculo,
2027 3097 2195 3165 Quin-

2285 1887 2607 1958 exigendas,
2654 1886 2757 1940 nisi
2808 1886 3056 1939 universa
3085 1898 3208 1952 qua:
3250 1884 3512 1952 superiori
3534 1898 3682 1938 anno
3710 1886 3866 1939 czesis

2289 1979 2586 2049 legionibus
2627 1977 2986 2045 diripuerant,
3014 1975 3296 2029 confestim
3324 1975 3700 2041 restituerent,
3733 1990 3864 2030 auc-

2289 2080 2542 2141 toresque
2574 2070 2694 2126 belli
2727 2069 3021 2135 traderent,
3048 2068 3099 2122 in
3138 2084 3272 2137 quos
3299 2068 3510 2123 violata:
3541 2070 3682 2137 pacis
3710 2071 3868 2138 perli-

2289 2168 2372 2220 dta
2407 2168 2705 2235 puniretur.
2744 2182 2762 2215 ι
2796 2164 2919 2216 Haec
2935 2174 3075 2229 acta,
3105 2178 3223 2216 cum
3252 2164 3415 2216 duces
3440 2172 3641 2226 essent,
3666 2164 3867 2226 retulit,

2288 2266 2343 2311 et
2371 2257 2625 2323 deinceps
2647 2256 2750 2307 ait:
2787 2270 2805 2305 t
2847 2253 2975 2308 Post
3000 2252 3118 2307 dies
3148 2252 3425 2321 pauculos,
3461 2253 3787 2307 Mareomere
3817 2261 3871 2308 et

2287 2350 2544 2404 Sunnone
2592 2347 2919 2401 Francorum
2981 2344 3286 2413 regalibus,
3348 2350 3621 2396 transacto
3670 2345 3871 2397 cursim

2290 2440 2602 2507 colloquio,
2656 2435 3061 2506 impetratisque
3102 2443 3127 2482 ε
3186 2449 3251 2488 ex
3302 2448 3452 2488 more
3478 2432 3777 2501 obsidibus,
3805 2436 3874 2487 ad

2294 2535 2634 2591 hiemandum
2685 2531 2932 2585 Treveris
2980 2530 3270 2583 concessit.
3332 2545 3350 2578 ι
3407 2527 3536 2581 Cum
3565 2536 3739 2582 autem
3778 2543 3875 2582 eos

2292 2629 2499 2696 regales
2527 2634 2710 2691 Vocet,
2736 2622 3005 2677 nescimus
3034 2630 3211 2675 utrum
3242 2634 3396 2689 reges
3426 2618 3657 2683 fuerint,
3689 2634 3753 2672 an
3786 2620 3873 2673 vi-

2292 2734 2382 2774 ces
2420 2716 2687 2771 tenuerint
2737 2728 2948 2784 regum.
3006 2711 3150 2766 Idem
3210 2720 3389 2764 tamen
3441 2711 3708 2778 scriptor,
3750 2724 3877 2765 cum

2294 2809 2643 2867 necessitates
2671 2803 3024 2860 Valentiniani
3057 2801 3283 2873 Augusti
3308 2809 3730 2870 commemorat,
3764 2802 3882 2858 ba-c

2293 2904 2562 2974 adjungit:
2619 2921 2637 2952 ι
2689 2899 2819 2953 Dum
2847 2898 3058 2954 diversa
3098 2897 3149 2951 in
3181 2896 3399 2951 Oriente
3443 2910 3535 2965 per
3562 2895 3821 2950 Thracias
3851 2891 3882 2935 ι

2294 3008 2593 3069 geruntur,
2650 2995 2705 3048 in
2760 2992 2930 3048 Gallia
2992 3000 3165 3045 status
3219 2988 3459 3058 publicus
3503 2989 3875 3058 perturbatur.

2297 3090 2497 3147 Clauso
2530 3087 2671 3157 apud
2718 3085 2979 3141 Viennam
3027 3081 3207 3153 palatii
3256 3080 3463 3135 edibus
3492 3081 3729 3150 principe
3782 3081 3884 3133 Va-

611 3194 722 3249 tino
754 3194 919 3262 pra-lii
942 3193 1079 3248 duce
1102 3192 1334 3263 ingressi
1359 3192 1550 3257 saltus,
1576 3192 1628 3246 in
1656 3191 1887 3246 medium
1922 3190 2032 3244 fere
2048 3190 2188 3244 diem
2220 3196 2263 3257 ς
2298 3181 2617 3247 Ientiniano,
2667 3188 2721 3234 et
2772 3192 2908 3247 pene
2935 3174 3071 3229 infra
3128 3174 3317 3242 privati
3369 3172 3586 3227 modum
3617 3172 3839 3227 redacto
3866 3213 3883 3237 ,

612 3288 951 3357 implicantes
1003 3301 1062 3341 se
1116 3285 1395 3341 erroribus
1447 3284 1704 3350 viarum,
1757 3290 1871 3335 toto
1926 3279 2197 3350 pervagati

611 3389 767 3434 sunt:
802 3378 1019 3433 tandem
1062 3392 1183 3431 cum
1232 3373 1539 3445 ingentibus
1567 3372 1734 3441 septis
1757 3372 1935 3425 omnia
1963 3385 1992 3423 a
2027 3369 2197 3423 solido

614 3471 795 3526 clausa
819 3467 1189 3533 offendissent,
1235 3465 1288 3520 in
1337 3464 1607 3535 palustres
1648 3476 1886 3532 campos,
1915 3462 2003 3531 qui
2050 3459 2198 3514 silvis

615 3566 994 3636 jungebantur,
1020 3576 1345 3632 prorupere:
1378 3558 1723 3613 molientibus
1756 3565 1802 3623 ο,
1831 3555 2060 3610 hestium
2092 3552 2198 3607 rari

624 3673 952 3730 apparuere:
981 3656 1073 3726 qui
1101 3650 1403 3724 conjunctis
1434 3652 1685 3705 arborum
1707 3648 1940 3730 truncis,
1965 3646 2050 3701 vel
2073 3661 2201 3700 con-

618 3726 830 3808 cidibus
861 3757 1260 3818 superstantes,
1293 3745 1441 3799 velut
1467 3759 1498 3797 e
1540 3726 1767 3811 fastigiis
1814 3739 2039 3794 turrium
2065 3779 2079 3803 ,
2117 3752 2202 3791 sa-

620 3846 780 3916 gittas
809 3848 1201 3897 tormentorum
1253 3837 1361 3892 ritu
1407 3834 1647 3890 ell'udere
1702 3832 1863 3886 illitas
1915 3823 2200 3884 herbarum

621 3936 866 4002 venenis,
916 3942 978 3989 ut
1019 3948 1242 3989 summm
1270 3930 1415 3995 cuti,
1463 3942 1641 3999 neque
1669 3925 1957 3981 lethalibus
2008 3923 2203 3976 inflicta

626 4030 761 4083 locis
785 4029 1025 4089 vulnera,
1059 4023 1201 4079 haud
1245 4021 1420 4077 dubia:
1468 4030 1669 4075 mortes
1696 4024 2068 4086 sequerentur.
2104 4012 2207 4066 De-

625 4121 751 4175 hinc
781 4117 975 4189 majori
1020 4113 1365 4171 multitudine
1397 4112 1632 4166 hostium
1661 4106 2018 4163 circumfusus
2046 4118 2209 4159 exer-

624 4212 788 4278 citus,
830 4213 886 4266 in
913 4218 1099 4279 aperta
1128 4221 1477 4277 camporum,
1509 4219 1627 4275 qua:
1657 4203 1820 4257 libera
1862 4198 2052 4255 Franci
2083 4198 2209 4251 reli-

625 4315 871 4376 querant,
898 4306 1051 4360 avide
1088 4302 1289 4359 eﬂ’usus
1320 4310 1438 4356 est:
1470 4313 1532 4353 ac
1575 4295 1731 4367 primi
1761 4295 1971 4364 equites
1998 4289 2209 4358 voragi-

629 4401 785 4456 nibus
815 4396 1059 4453 immersi
1085 4435 1101 4462 ,
1136 4392 1417 4464 permixtis
1440 4389 1717 4444 hominum
1737 4386 2210 4457 jumentorumque

707 4546 736 4576 ι
776 4532 1021 4601 Plerique
1078 4522 1618 4601 edil.,_G_enobgldo;
1672 4521 1819 4601 Dec:
1857 4515 2209 4601 Geneba‘t‘tdo;

629 4587 909 4674 liam—pro
938 4587 1207 4658 'Sunnone
1234 4587 1413 4652 'habet
1453 4595 1718 4658 Sansone;
1778 4590 1999 4658 Regm.,
2052 4587 2211 4642 Sum-

630 4694 769 4733 sane.

706 4726 863 4801 {Sic
912 4742 1181 4811 appellant
1212 4734 1423 4811 veteres
1454 4735 1705 4811 mss._At
1733 4732 1888 4789 Colb.
1939 4739 1994 4784 et
2042 4726 2210 4797 Reg.,

639 4806 960 4871 Namninus;
982 4806 1409 4880 Plerique-editi,
1441 4806 1700 4880 Nannius.

710 4900 732 4926 ο
774 4882 1098 4940 Garbonaria
1130 4870 1263 4936 silva
1296 4870 1435 4935 inter
1458 4879 1704 4933 Rhenum
1732 4884 1783 4930 et
1813 4870 2046 4929 Scaldim
2079 4870 2212 4938 sita,

636 4975 753 5025 qurc
779 4971 903 5026 pars
931 4962 1049 5009 erat
1076 4953 1401 5007 Arduennaz.

707 5027 736 5066 ἀ
776 5028 879 5082 Alii
924 5025 1123 5079 habent
1176 5021 1475 5076 Novesium.
1526 5017 1655 5084 Quae
1694 5014 1942 5091 lectionis
1990 5012 2222 5091 varietas

638 5081 802 5153 etiam
850 5096 986 5164 apud
1020 5095 1151 5149 alios
1197 5104 1445 5164 auctores
1480 5081 1766 5164 occurrit,
1816 5085 1974 5164 vulgo
2031 5081 2226 5163 dicitur

644 5152 809 5233 Nniz,
843 5152 1095 5237 oppidum
1130 5163 1269 5217 haud
1309 5161 1549 5237 procula
1580 5157 1802 5237 Gelonia
1837 5152 2148 5224 Agrippina.

716 5252 739 5279 °
781 5230 999 5302 Mss—f2,
1025 5230 1357 5307 prorumpere
1382 5230 1725 5307 molientibus.

718 5309 738 5349 τ
781 5292 1038 5364 valesius.
1078 5307 1203 5377 legit
1238 5292 1596 5377 'Jovianortttn.
1750 5294 1964 5377 quidem
1993 5292 2233 5376 celebres

647 5392 800 5436 erant
846 5363 1052 5434 Jooiani
1104 5363 1309 5437 milites,
1341 5374 1406 5426 de
1437 5370 1629 5441 quibus
1671 5363 1971 5421 'l‘oinardus
2002 5366 2052 5418 in
2095 5363 2235 5417 notis

650 5455 714 5505 ad
732 5451 1085 5507 Lactantium.
1112 5448 1242 5502 Vide
1265 5457 1316 5499 et
1334 5443 1498 5498 Notas
1520 5442 1570 5495 in
1596 5441 1728 5495 Acta
1746 5448 2037 5507 martyrum
2064 5474 2081 5498 ,
2114 5449 2232 5502 pag.

653 5506 777 5578 οδε.
810 5524 912 5575 Alii
949 5520 1087 5573 forte
1129 5518 1215 5571 hic
1246 5521 1641 5577 memorantur,
1673 5510 1752 5566 sic
1781 5508 1911 5563 dicti
1941 5522 1970 5559 a
2000 5506 2193 5561 Jovino
2219 5544 2234 5571 ,

651 5596 720 5649 de
747 5607 852 5663 quo
875 5590 1031 5645 infra.

727 5645 982 5731 IjRegm.
1011 5699 1027 5723 ,
1074 5658 1354 5731 imperath
1401 5653 1566 5731 ob_eis
1619 5649 1842 5731 acceptis
1871 5645 2130 5703 obsidibus
2178 5660 2241 5725 ea:

652 5716 903 5788 moretur?
921 5716 1250 5783 hiencattdum
1285 5727 1512 5780 Treveris
1544 5722 1824 5783 concessit;
1854 5731 1905 5775 et
1941 5734 2037 5788 pro
2063 5734 2129 5769 an
2157 5716 2237 5768 tti-

653 5821 756 5871 ces,
796 5813 924 5868 ctc.,
973 5799 1113 5854 idem
1165 5798 1285 5852 cod.
1314 5814 1378 5849 an
1408 5812 1495 5865 per
1523 5796 1652 5849 rice:
1703 5791 1950 5849 tenuerint
2004 5802 2239 5859 regnum.

2299 3273 2550 3330 militaris
2572 3271 2651 3327 rei
2683 3283 2810 3325 cura
2838 3266 3064 3322 Francis
3096 3264 3418 3319 satellitibus
3447 3264 3635 3317 tradita
3654 3305 3669 3326 ,
3702 3262 3887 3316 civilia

2297 3366 2408 3436 ϐο
2455 3375 2664 3431 quoque
2692 3359 2866 3413 officia
2904 3352 2925 3395 ί
2961 3366 3296 3425 transgressa
3355 3356 3406 3408 in
3453 3351 3887 3421 conjurationem

2300 3454 2644 3527 Arhogastis:
2698 3452 2988 3517 nullusque
3014 3462 3079 3503 ex
3109 3446 3359 3501 omnibus
3398 3445 3751 3499 sacramentis
3780 3445 3893 3497 mi-

2300 3548 2430 3604 litiae
2474 3544 2749 3601 obstrictis
2777 3540 3151 3610 reperiebatur
3173 3578 3188 3602 ,
3223 3539 3310 3606 qui
3348 3536 3594 3590 familiari
3624 3535 3893 3605 principis

2302 3638 2538 3696 sermoni
2561 3646 2653 3691 aut
2674 3634 2842 3705 jussis
2870 3632 3092 3699 obsequi
3124 3630 3366 3683 auderet.
3416 3626 3619 3681 Dehine
3667 3624 3847 3679 refert
3878 3665 3897 3689 ,

2303 3734 2444 3803 quod
2466 3731 2654 3787 eodem
2686 3742 2829 3781 anno
2860 3727 3187 3794 ArhOgastes
3219 3724 3528 3778 Sunnonem
3578 3729 3631 3773 ct
3677 3719 3895 3772 Marco—

2306 3841 2505 3882 merem
2586 3819 2905 3891 subregulos
2962 3817 3288 3872 Francorum
3354 3812 3639 3884 gentilibus
3682 3810 3827 3865 odiis
3877 3812 3895 3861 ι

2307 3920 2613 3979 insectans,
2667 3912 3014 3982 Agrippinam
3070 3909 3280 3977 rigente
3312 3905 3542 3959 maxime
3592 3905 3769 3959 hieme
3800 3918 3905 3972 pe-

2308 4010 2419 4064 tiit:
2458 4016 2603 4062 ratus
2634 4014 2747 4059 tuto
2771 4017 2959 4057 omnes
2991 3998 3233 4055 Francia:
3264 4011 3510 4052 recessus
3532 3995 3910 4065 penetrandos

2309 4100 2673 4168 urendosque,
2706 4112 2827 4151 cum
2869 4093 3108 4149 decussis
3138 4090 3278 4145 foliis
3309 4089 3464 4143 nudae
3492 4097 3650 4156 atque
3678 4095 3911 4141 arentes

2310 4198 2457 4253 silva:
2478 4192 2790 4247 insidianles
2821 4187 3071 4242 occulere
3101 4198 3204 4237 non
3235 4190 3474 4251 possent.
3503 4178 3749 4233 Collecto
3768 4192 3915 4245 ergo

2311 4287 2569 4349 exercitu,
2595 4292 2962 4351 transgressus
2978 4276 3222 4331 Rhenum
3247 4272 3296 4339 ιι,
3329 4271 3595 4327 Bricteros
3618 4271 3753 4338 ripae
3777 4284 3920 4337 pro-

2312 4380 2521 4439 ximos,
2556 4388 2747 4445 pagum
2781 4368 2799 4407 ι
2830 4371 2989 4423 etiant
3020 4381 3180 4438 quem
3207 4363 3469 4420 Ghamani
3504 4360 3780 4425 incolunt,
3803 4361 3916 4414 de-

2314 4510 2482 4566 Codd.
2542 4523 2697 4573 mss.,
2732 4505 3018 4564 Bellovac.,
3052 4500 3333 4555 Beceensis
3362 4508 3416 4552 et
3463 4495 3926 4573 TuronLhalignt

2240 4573 2292 4632 D
2316 4567 2735 4652 imperatorisque
2770 4592 2831 4629 es:
2868 4590 3007 4652 more
3038 4573 3296 4652 obsidibus
3317 4569 3506 4649 ,_qttod
3544 4567 3621 4621 sic
3651 4568 3930 4652 Moret‘ius

2316 4636 2700 4707 restituendum
2741 4645 3076 4714 suspicatur,
3111 4636 3468 4711 iutpcratisQue
3496 4655 3558 4693 es:
3602 4652 3749 4691 more
3775 4636 3930 4689 obsi-

2313 4723 2481 4776 dibus.

2308 4844 2311 4847 ,
2390 4790 2421 4829 ιι
2461 4791 2552 4846 Sic
2572 4788 2731 4853 Bec.;
2764 4785 2853 4840 alii
2882 4784 3132 4839 Thracas.

2331 4907 2341 4924 .
2398 4862 2414 4901 ί
2461 4858 2519 4916 Id
2574 4868 2657 4915 e'st
2687 4848 2884 4925 publici
2930 4854 3184 4925 tttittistri,
3216 4850 3304 4921 qui
3337 4849 3650 4925 praesidibus
3676 4848 3930 4925 prefixi-

2327 4920 2534 4989 ciarum
2584 4920 3120 4993 aut'magistratibus
3171 4920 3541 4993 inServicbant
3583 4920 3930 4993 ilthpublicis

2330 5003 2548 5059 muniis.
2598 5001 2736 5055 IIinc
2783 4990 3053 5052 OfIicialés
3099 4994 3224 5049 dicti
3270 4999 3414 5047 sunt.
3451 4991 3579 5044 Vide
3630 4990 3840 5042 Baron.
3892 4995 3929 5042 ir

2333 5076 2484 5130 Notis
2514 5072 2579 5126 ad
2609 5069 2880 5139 Martyrol.
2915 5067 3177 5121 Rom.die
3201 5063 3268 5116 27
3301 5062 3442 5116 Maii.

2409 5145 2424 5195 i
2475 5144 2594 5211 Ipse
2620 5128 2762 5197 enini
2790 5140 3112 5211 Arbogastes
3143 5148 3338 5211 genere
3374 5128 3760 5211 eratIFrancus
3783 5170 3805 5192 ,
3860 5140 3930 5183 ut

2337 5200 2525 5271 scribit
2553 5213 2806 5266 Paulinus
2835 5210 2888 5263 in
2924 5200 3037 5261 Vita
3067 5200 3234 5261 salicti
3268 5203 3560 5269 Ambrosii,
3588 5211 3643 5256 ct
3668 5200 3761 5254 alii
3791 5216 3930 5270 quo

2340 5303 2444 5356 quc
2473 5284 2591 5356 eius
2613 5282 2720 5356 ‘mvi
2749 5282 3040 5356 scriptores
3074 5280 3323 5356 inlinunt.

2412 5340 2439 5393 ι
2488 5340 2582 5409 llic
2611 5353 2662 5406 in
2685 5352 2805 5406 cod.
2834 5340 3030 5407 Rellov.
3054 5389 3068 5410 ,
3102 5344 3357 5402 detractis
3381 5344 3587 5399 duobus
3616 5340 3790 5408 foliis,
3814 5355 3930 5411 qu:

2341 5436 2634 5538 sequuntur
2661 5424 2725 5477 ad
2754 5437 2871 5504 cap.
3004 5421 3216 5502 desunt.

2485 5496 2665 5538 t‘nrhh
2701 5493 2941 5538 thclnrrs
2971 5506 3097 5538 7mm
3134 5505 3216 5538 nrt

2485 5496 2671 5557 Corb.,
2698 5482 2941 5547 Bricioris
2958 5489 3424 5564 iripwﬂproximum
3456 5500 3664 5564 pagum;
3686 5482 3930 5564 “sunt

2346 5570 2398 5624 ni
2421 5570 2597 5632 fallor,
2631 5556 2910 5627 Bructeri,
2940 5556 3225 5629 de‘quibus
3256 5556 3930 5632 Patercu_lus,_'l‘a_c_i_tus_t

2346 5640 2435 5696 alii
2457 5682 2473 5702 ,
2522 5624 2657 5707 quos
2688 5624 2934 5707 Teiiugis
2955 5674 2970 5700 ,
3005 5624 3223 5687 Francis
3246 5640 3406 5707 ,__etc.
3430 5668 3445 5694 ,
3463 5625 3649 5707 jungit
3673 5624 3930 5707 §Id-9llit

2348 5692 2595 5766 canini.
2626 5692 2968 5769 Habitabant,
2992 5712 3049 5758 ut
3072 5711 3221 5771 putat
3248 5692 3315 5754 ⁷11.
3348 5692 3641 5771 Junius—in
3673 5692 3929 5771 bogien

2352 5761 2699 5852 erstpltalia.
2753 5777 2893 5833 Editi
2950 5761 3199 5844 duo-pro
3246 5771 3397 5826 etiam
3451 5768 3650 5824 habent
3705 5761 3923 5820 Elia:
