4006 6182
310 257 416 311 ξοδ

1200 255 1519 311 HISTORIA
1564 255 2005 313 FRANCORL'M.
2050 258 2248 315 LIBER
2294 261 2668 317 Sl-.CU.\'DI.'S.

3466 266 3569 321 906

305 370 592 443 populatus
623 379 735 434 est,
784 369 931 424 nullo
976 384 1210 437 unquam
1240 380 1584 436 occur-suto,
1617 369 1719 423 nisi
1748 370 1888 440 quod
1918 377 1965 431 Α
1996 372 2131 437 suis,
2183 372 2409 441 imperio
2456 374 2757 441 prmditutn,
2791 382 2949 444 atque
2979 374 3031 429 in
3062 390 3120 431 se
3155 380 3412 433 comitatu
3442 395 3569 449 geu-

305 466 457 533 pauci
486 480 549 517 ex
594 463 932 531 Ampsuariis
961 471 1013 515 et
1043 462 1250 516 Chattis
1300 463 1627 517 Marcomere
1672 463 1806 518 duce
1837 465 1888 517 in

302 556 652 610 ulterioribus
696 557 909 610 collium
956 555 1096 625 jugis
1145 570 1463 625 apparuere.
1505 573 1524 607 ι
1558 554 1752 609 lterum
1807 556 1893 611 hic

304 647 510 702 relic:is
539 656 645 699 tam
676 647 899 700 ducibus
930 663 1083 716 quam
1116 647 1414 715 regalibus,
1446 658 1630 715 aperte
1661 648 1893 704 FranCns

303 756 486 808 regem
522 748 545 775 ³
598 738 793 793 habere
834 738 1095 809 designat,
1140 738 1402 809 hujusqne
1452 756 1643 795 nomen
1676 752 1895 808 praeter-

303 834 523 886 mittens
547 874 561 898 ,
597 835 703 886 ait:
753 851 770 884 ι
814 833 1017 888 Dehinc
1055 834 1322 902 Eugenins
1354 844 1610 905 tyrannus
1643 843 1892 902 suscepto

308 926 700 995 expeditio:.ali
732 928 1030 995 procinctu,
1067 927 1242 981 Rheni
1273 928 1488 983 limizem
1523 926 1672 995 petit,
1695 936 1750 980 ut
1771 942 1892 980 cum

304 1021 729 1073 Alamannorum
759 1030 811 1072 et
844 1018 1170 1073 Francorum
1225 1020 1470 1086 regibus,
1505 1020 1729 1074 vetustis
1787 1019 1889 1071 foe-

303 1112 523 1166 deribus
571 1127 637 1166 ex
676 1127 825 1165 more
876 1110 1055 1177 initis,
1089 1111 1408 1165 immensum
1458 1126 1517 1165 ea
1576 1117 1892 1179 tempestate

303 1190 602 1261 exercitum
661 1203 912 1273 gentibus
962 1202 1088 1257 frris
1138 1211 1452 1257 ostentaret.
1495 1220 1513 1252 ι
1553 1202 1678 1256 llzcc
1707 1216 1894 1271 supra-

304 1297 541 1364 scriptus
572 1296 1035 1365 historiOgraphns
1059 1295 1125 1349 de
1157 1294 1377 1347 Francis
1402 1294 1675 1348 disseruit.

381 1387 617 1441 Reuatus
649 1385 961 1439 Profuturus
1016 1383 1343 1455 Frigeridus,
1394 1382 1549 1452 cujus
1594 1385 1702 1449 jam
1734 1397 1890 1451 supra

304 1478 669 1541 meminimus,
703 1491 821 1531 cum
873 1475 1096 1528 Romam
1131 1475 1290 1529 refert
1338 1491 1365 1529 a
1415 1475 1623 1527 Gotthis
1669 1481 1878 1542 ctptam

304 1580 465 1636 atque
497 1567 830 1635 subversam,
873 1567 979 1637 61
1001 1567 1111 1619 ait:
1151 1585 1167 1616 ι
1204 1566 1408 1619 Interea
1440 1565 1763 1632 Resrendial
1796 1580 1888 1618 rex

305 1656 806 1721 Alamannorum",
832 1656 1006 1711 Goare
1037 1656 1101 1709 ad
1136 1656 1404 1709 llomanos
1430 1666 1789 1725 transgresso,
1824 1656 1890 1711 de

2001 465 2130 518 lium
2162 467 2506 519 barbararum
2546 468 2841 519 accinctum
2873 468 3069 537 parari.
3121 468 3238 533 Quo
3289 472 3567 536 exterriti,

2000 556 2280 611 Edobecco
2306 568 2325 594 ο
2350 558 2414 610 ad
2441 559 2733 612 Germanas
2760 570 2943 628 gentes
2968 562 3260 629 przemisso,
3281 564 3568 630 ConSIans,

1997 655 2050 699 et
2080 646 2359 715 prmfectus
2386 649 2493 717 jam
2548 651 2790 705 Decimus
2816 648 2841 687 ἀ
2867 652 3115 707 RuSIicus
3163 670 3227 709 ex
3277 657 3571 713 officiorum

1998 738 2253 807 magistro
2286 750 2473 811 petunt
2520 738 2722 797 Gallias
2752 757 2869 797 cum
2901 742 3120 799 Francis
3143 753 3197 799 et
3225 747 3531 800 Alamannis
3554 791 3568 816 ,

1995 831 2245 901 onmique
2269 833 2492 886 militum
2526 849 2704 898 manu,
2731 835 2793 886 ad
2820 834 3226 889 Constant'num
3245 838 3572 908 jamjamque

1996 923 2236 976 redituri.
2274 924 2402 979 Item
2447 940 2570 979 cum
2610 924 3016 982 Constantinum
3066 926 3299 983 obsideri
3353 932 3571 996 scribit,

1996 1013 2067 1067 ita
2109 1015 2278 1069 dicit:
2316 1014 2410 1069 Vix
2458 1016 2579 1069 dum
2631 1027 2850 1081 quartus
2899 1018 3193 1072 obsidionis
3240 1019 3495 1074 Constant
3521 1024 3572 1075 ni

1997 1108 2193 1157 mensis
2244 1106 2529 1173 agebatur,
2577 1122 2698 1160 cum
2753 1120 2970 1177 repente
3000 1125 3063 1162 ex
3116 1110 3353 1164 ulteriori
3404 1111 3572 1164 Gallia

1998 1196 2170 1250 nontii
2202 1199 2441 1262 veniunt,
2471 1196 2716 1252 Jovinum
2750 1201 3106 1269 assumpsisse
3126 1218 3173 1255 οι
3191 1212 3343 1255 natus
3378 1204 3572 1270 regios,

1997 1296 2049 1341 et
2078 1304 2196 1341 cum
2246 1290 2742 1357 Burgundionibus,
2777 1292 2884 1362 62
2919 1294 3258 1360 Alamannis,
3312 1295 3531 1350 Francis
3556 1336 3571 1361 ,

1999 1378 2199 1441 Alanis,
2258 1380 2511 1450 omnique
2563 1385 2799 1457 exercitu
2853 1384 3132 1439 imminere
3185 1386 3570 1442 obsidentil-us.

1997 1467 2065 1520 lta
2091 1466 2404 1522 acceleratis
2424 1473 2606 1537 moris,
2643 1483 2875 1527 reserata
2905 1477 3036 1529 urbe
3064 1476 3443 1533 Constantinus
3482 1482 3575 1533 dc-

1995 1561 2155 1614 ditttr.
2206 1560 2601 1632 Con‘estimque
2650 1566 2713 1617 ad
2768 1560 2969 1621 ltiliam
3019 1569 3282 1638 directus,
3339 1570 3515 1625 missis
3545 1586 3575 1627 a

1998 1652 2236 1719 principe
2279 1652 2492 1706 obviam
2534 1658 2969 1725 percussoribus,
3003 1674 3163 1727 supra
3198 1662 3301 1715 Min
3340 1662 3445 1715 inut
3480 1663 3577 1716 llu-

304 1751 499 1804 Bheno
530 1764 718 1819 agmen
766 1763 984 1801 suorum
1038 1747 1322 1811 convertit,
1360 1745 1612 1801 Vandalis
1654 1744 1890 1801 Framo-
1927 1740 1965 1798 Β
1998 1758 2118 1797 men
2147 1742 2319 1809 capite
2366 1753 2640 1800 truncatus
2677 1758 2779 1801 est.
2833 1749 2897 1802 Et
2944 1760 3059 1818 post
3107 1768 3267 1819 pauca
3318 1753 3456 1808 idem
3489 1771 3576 1809 re-

306 1867 424 1904 rum
460 1849 600 1903 bello
640 1846 1037 1910 laborantibus,
1081 1842 1390 1913 Godegisilo
1422 1858 1547 1913 rege
1574 1842 1894 1913 absumpto,

306 1944 427 1995 acie
474 1939 660 2009 viginti
708 1938 875 1992 ferme
906 1936 1142 1991 millibus
1175 1936 1316 1990 ferro
1350 1936 1666 2004 peremptis,
1692 1935 1898 1989 cunctis

312 2031 674 2085 Vandalorum
698 2029 760 2082 ad
789 2028 1210 2083 internecionem
1243 2026 1503 2089 delendis,
1535 2026 1586 2079 ni
1610 2024 1896 2079 Alanorum

312 2127 393 2179 vis
427 2125 480 2177 in
510 2136 751 2191 tempore
778 2119 1137 2177 subvenisset.
1186 2138 1204 2171 ι
1242 2119 1416 2174 Movet
1448 2134 1545 2173 nos
1579 2121 1693 2173 ha‘c
1713 2133 1895 2183 causa,

311 2218 455 2286 quod
483 2232 603 2269 cum
636 2214 860 2267 aliarum
912 2214 1151 2282 gentium
1184 2226 1337 2282 reges
1367 2212 1627 2276 nominat,
1669 2225 1764 2265 cur
1793 2224 1899 2263 non

310 2312 555 2365 nominet
584 2318 639 2363 et
670 2308 1017 2361 Francorum.
1052 2300 1253 2359 Tamen
1285 2319 1403 2358 cum
1435 2305 1542 2371 ait,
1572 2303 1713 2373 quod
1759 2304 1901 2358 Con-

308 2404 617 2464 stantinus,
663 2407 932 2466 assumpta
986 2396 1290 2467 tyrannide,
1323 2396 1694 2459 Constantium
1734 2394 1898 2450 filium

310 2494 375 2543 ad
420 2506 478 2545 se
522 2491 588 2543 de
638 2489 904 2557 Hispaniis
935 2486 1119 2542 venire
1144 2486 1413 2555 jussisset.
1470 2487 1540 2540 ita
1594 2484 1891 2539 disseruit:

314 2600 332 2631 ε
374 2580 563 2634 Accito
612 2577 993 2632 Constantinus
1047 2584 1304 2644 tyrannus
1336 2575 1400 2628 de
1433 2574 1701 2643 Hispaniis
1751 2572 1898 2628 Cou-

308 2681 486 2725 stante
527 2670 657 2733 lilio,
684 2670 917 2737 itemque
961 2676 1222 2737 tyranno,
1257 2681 1361 2735 quo
1390 2666 1455 2720 de
1484 2682 1688 2720 summa
1720 2668 1899 2723 rerum

312 2766 683 2819 consultarent
709 2771 1018 2827 praesentis,
1055 2760 1247 2814 factum
1277 2767 1359 2813 est
1389 2767 1445 2812 ut
1483 2759 1767 2825 Constans,
1813 2761 1899 2814 in-

312 2863 616 2909 strumento
647 2853 780 2905 aula:
824 2859 878 2906 et
928 2847 1155 2918 conjuge
1194 2863 1288 2902 sua
1342 2845 1785 2919 Cmsar-augustat:
1815 2849 1900 2905 di-

314 2949 531 3017 missis,
566 2945 819 3000 Gerontio
845 2945 980 2998 intra
1024 2943 1304 3011 llispanias
1344 2940 1594 2996 omnibus
1641 2942 1855 2998 creditis
1882 2986 1897 3012 ,

313 3044 380 3097 ad
413 3053 618 3112 patrem
647 3039 955 3093 continuato
983 3036 1175 3090 itinere
1215 3034 1550 3115 decurreret.
1584 3036 1685 3104 Qui
1724 3036 1813 3091 ubi
1845 3037 1898 3091 in

317 3102 482 3187 unum
522 3146 750 3194 venere,
803 3126 1099 3197 interjectis
1141 3124 1329 3181 diebus
1362 3102 1626 3195 plurimis,
1662 3126 1805 3183 nullo
1834 3145 1899 3184 ex
1927 3102 1974 3167 (ἶ

317 3225 465 3280 Italia
492 3234 659 3289 metu,
688 3221 1070 3275 Constantinus
1098 3220 1235 3289 gula
1267 3227 1317 3273 et
1352 3220 1522 3289 ventri
1552 3219 1789 3287 deditus,
1816 3236 1902 3275 re-

316 3319 435 3370 dire
461 3315 526 3369 ad
552 3286 831 3380 Hispanias
859 3311 1021 3364 filium
1054 3286 1255 3363 monet.
1284 3286 1703 3378 Quiprmmissis
1734 3286 1901 3380 agmi-

317 3409 495 3471 nibus,
528 3408 652 3460 dum
682 3421 801 3458 cum
835 3412 985 3471 patre
1014 3402 1296 3462 resideret.
1328 3403 1397 3455 ah
1430 3400 1679 3471 llispania
1730 3404 1899 3458 nuntii

316 3508 655 3557 commeant,
682 3512 708 3548 a
732 3493 991 3550 Gerontio
1027 3495 1337 3559 Maximum,
1369 3508 1529 3548 unum
1562 3511 1592 3549 e
1617 3496 1901 3553 clientibus

318 3629 425 3680 quo
455 3625 667 3663 nomine
699 3607 933 3680 Ortelius
963 3606 1167 3680 putavit
1196 3606 1463 3680 designari
1497 3622 1709 3676 pagum,
1738 3625 1897 3675 quem

319 3676 576 3737 Chaman‘t
600 3722 613 3741 ,
644 3683 755 3732 sive
781 3676 1031 3731 Cltamavi
1053 3722 1065 3745 ,
1099 3686 1156 3729 ut
1192 3678 1281 3730 alii
1313 3677 1523 3731 codices
1556 3680 1780 3741 habent,
1814 3680 1899 3733 iu-

318 3753 590 3805 eolt-bant.
622 3749 758 3803 Infra
795 3764 893 3817 pro
924 3749 1275 3816 Ampsuariia,
1308 3748 1599 3817 Chesnius,
1631 3759 1770 3816 etc.,
1804 3751 1898 3802 ha-

322 3823 455 3875 bent
477 3816 838 3890 Ampsivariis;
866 3818 942 3871 sic
960 3834 1061 3890 pro
1088 3819 1281 3890 Chattis
1310 3817 1469 3890 Cori).
1514 3816 1677 3873 habet
1704 3821 1898 3874 Charis.

326 3897 361 3947 li
380 3905 503 3946 Stmt
531 3888 925 3946 Ciitti.celebres
947 3888 1245 3941 Germania:
1270 3888 1467 3955 populi.

400 3971 426 3999 ³
472 3967 554 4015 An
581 3961 626 4013 is
648 3975 804 4029 quem
838 3960 1087 4012 nostratis
1120 3959 1350 4012 llileI‘liC
1380 3960 1665 4029 scriptores
1704 3960 1895 4013 Phara-

328 4034 585 4085 mnndunt
618 4045 710 4083 seu
741 4028 1131 4083 Faramumlum
1186 4028 1497 4096 appellant,
1530 4046 1685 4097 quem
1742 4030 1901 4083 Chlo-

327 4103 508 4155 dionis
568 4110 766 4167 patrem
795 4141 809 4165 ,
842 4108 897 4152 et
955 4098 1219 4152 Francica:
1275 4100 1597 4155 mouarchia:
1628 4110 1897 4169 parentem

325 4186 447 4227 esse
496 4170 710 4224 volunt?
735 4170 1079 4223 Chlodionem
1112 4169 1426 4223 Faramundi
1460 4171 1622 4224 filium
1670 4171 1902 4238 appellat

324 4256 545 4305 auctor,
577 4243 664 4308 qui
711 4239 866 4293 Gesta
916 4240 1237 4293 Francorum
1278 4244 1487 4307 seripsit
1524 4243 1623 4295 soh
1653 4241 1899 4295 Theode-

327 4315 445 4366 rico
476 4314 516 4365 ll
558 4325 702 4378 rege,
735 4325 889 4379 quem
939 4310 1107 4363 secuti
1138 4318 1261 4362 sunt
1301 4309 1515 4376 Rorico,
1546 4324 1649 4367 etc.
1686 4314 1740 4363 ln
1774 4312 1901 4364 I’ro-

327 4384 472 4447 speri
500 4381 766 4434 Chronico
799 4384 865 4433 ad
904 4394 1098 4434 annum
1137 4379 1207 4433 26
1238 4379 1476 4444 llonorii,
1511 4382 1561 4435 id
1591 4392 1672 4436 est
1702 4381 1896 4435 Christi

325 4453 469 4516 420,
502 4450 870 4505 Faratnundus
901 4464 1151 4512 regnasse
1196 4450 1393 4503 dicitur
1434 4451 1486 4504 in
1538 4452 1795 4517 Francia;
1846 4460 1902 4506 et

329 4524 579 4591 superius
628 4521 692 4573 ad
724 4536 918 4573 annum
949 4520 982 4572 4
1004 4519 1290 4591 Theodosii
1317 4565 1330 4583 ,
1362 4521 1412 4573 id
1440 4532 1520 4574 est
1542 4522 1735 4575 Christi
1766 4521 1900 4583 582,

327 4588 523 4662 legitur
547 4632 561 4654 ,
589 4591 832 4663 Priamus
859 4600 1035 4662 rrgnat
1061 4592 1110 4642 in
1136 4588 1379 4643 Francia.
1404 4592 1767 4663 AtAEngenius
1792 4633 1807 4657 ,
1838 4593 1905 4646 de

328 4660 435 4728 quo
470 4665 554 4715 hic
574 4660 886 4728 Gregorius,
918 4660 1125 4715 occisus
1154 4670 1238 4713 est
1268 4676 1409 4714 anno
1438 4660 1560 4715 59L
1588 4660 1903 4715 Mli-uiuan-

332 4744 438 4786 tem
464 4744 547 4786 est
578 4732 704 4785 ltlllil
729 4734 794 4784 de
824 4731 1157 4783 Faramundo
1180 4733 1316 4797 apud
1339 4732 1650 4799 Gregorium
1681 4742 1734 4785 et
1773 4731 1904 4786 Frec

331 4803 608 4873 drgarium
643 4803 845 4855 haberi.
877 4801 1139 4873 Carterum
1194 4802 1435 4873 Yalesius
1478 4802 1572 4855 lib.
1629 4818 1661 4855 ll
1707 4802 1903 4873 llermn

332 4871 577 4927 Francic.
600 4911 615 4935 ,
650 4888 765 4940 pag.
799 4873 888 4937 ΒΞ,
923 4872 1142 4923 inscitia:
1180 4871 1495 4939 Gregorium
1550 4873 1722 4940 arguit
1766 4872 1907 4939 quod

333 4960 393 4995 ca
420 4946 575 4997 verba
611 4942 827 5007 Sulpicii
866 4941 1185 5005 Alexandri,
1217 4940 1554 5006 Genabaude,
1585 4954 1687 4995 etc.
1718 4986 1731 5008 ,
1764 4943 1909 4993 duci-

335 5014 427 5065 bus
447 5024 503 5067 et
527 5011 843 5065 Murcomere
871 5013 1034 5079 duce,
1070 5012 1447 5074 interpretatus
1475 5014 1542 5065 sit
1570 5013 1637 5066 de
1659 5013 1807 5065 ducis
1830 5013 1911 5064 di-

333 5091 564 5153 gnitate,
612 5083 760 5151 quasi
802 5094 928 5134 tunc
969 5083 1221 5148 temporis
1265 5080 1450 5135 Franci
1496 5082 1662 5135 duces
1708 5084 1909 5134 solum-

332 5155 492 5205 modo
542 5154 862 5217 habuerint,
897 5167 1001 5205 non
1052 5167 1237 5223 reges,
1270 5156 1447 5219 quod,
1484 5156 1687 5223 inquit,
1725 5163 1905 5217 postea

331 5233 541 5277 veteres
564 5237 626 5275 ac
654 5226 982 5276 recentiores
1012 5222 1246 5286 plerique
1280 5224 1493 5275 incaute
1515 5224 1679 5277 seruti
1710 5223 1907 5282 Grcam

330 5310 491 5355 rmm,
537 5295 733 5361 pariter
782 5295 1132 5359 sm'ipscrunt.
1176 5297 1308 5344 Lum
1358 5304 1531 5346 tamen
1562 5305 1765 5346 certum
1797 5303 1903 5355 st,

330 5374 387 5415 nt
417 5366 505 5416 ille
547 5364 838 5423 existimat,
869 5364 1013 5415 ducis
1041 5378 1163 5414 nom
1189 5378 1254 5415 ne
1304 5378 1369 5415 eo
1421 5366 1537 5416 loco
1581 5365 1711 5417 nihil
1756 5364 1899 5415 aliud

328 5433 624 5500 Sulpicium
656 5433 917 5496 voluisse,
966 5448 1123 5499 quam
1165 5432 1229 5484 iis
1259 5435 1566 5486 auctoribus
1595 5448 1685 5487 seu
1716 5434 1902 5485 ducto-

330 5506 501 5567 ribus,
555 5502 716 5567 bella,
764 5518 883 5571 quae
906 5506 989 5556 hic
1030 5514 1409 5563 memorantur,
1442 5521 1469 5556 ιι
1504 5503 1717 5555 Francis
1746 5504 1905 5555 luisse

326 5578 592 5633 confecta,
623 5574 941 5642 aliunueque
973 5574 1103 5627 istos
1136 5574 1401 5641 principes
1425 5590 1547 5627 vere
1580 5573 1903 5626 Francorum

328 5660 484 5713 reges
538 5644 701 5696 fuisse
747 5655 957 5698 constet
985 5659 1050 5697 ex
1080 5644 1376 5698 Claudiano
1399 5684 1414 5706 ,
1450 5645 1668 5697 Paulino
1701 5644 1751 5695 in
1791 5642 1903 5695 Vita

329 5717 499 5770 sancti
553 5715 845 5776 Ambrosn.
876 5725 927 5770 et
958 5716 1183 5777 ipsumet
1228 5716 1493 5783 Sulpicio,
1529 5716 1617 5782 qui
1661 5728 1754 5770 eos
1799 5730 1903 5768 non

1935 4484 1984 4543 D

2002 1836 2135 1889 fert:
2169 1834 2382 1889 Ilisdcm
2413 1836 2601 1891 diebus
2631 1844 2916 1907 prrcfectus
2944 1851 3290 1913 tyrannorum
3327 1846 3576 1903 Decimus

2002 1925 2252 1978 ltudicus
2277 1966 2290 1987 ,
2350 1928 2634 1995 Agroetius
2667 1945 2730 1983 ex
2778 1933 3085 2000 primicerio
3116 1938 3440 1991 notariorum
3481 1939 3576 1993 Jo-

2001 2017 2107 2071 viisi
2138 2028 2191 2081 ο,
2229 2016 2488 2089 multique
2537 2020 2741 2076 nobiles
2772 2024 2906 2089 apud
2941 2026 3209 2081 Arvernos
3239 2031 3374 2096 capti
3416 2046 3445 2082 a
3476 2030 3571 2084 du-

1999 2110 2150 2163 cibus
2204 2111 2545 2178 llonorianis,
2620 2123 2674 2167 et
2735 2108 3023 2169 crudeliter
3075 2117 3379 2187 interempti
3431 2131 3578 2177 sunt.

2000 2202 2355 2257 Treverorum
2406 2205 2596 2259 civitas
2645 2221 2673 2259 a
2722 2207 2939 2261 Francis
2972 2209 3213 2279 d.repta,
3257 2212 3581 2285 incensaque

2000 2305 2082 2350 cst
2128 2295 2361 2349 secunda
2413 2298 2731 2365 irruptione.
2770 2316 2787 2349 ι
2823 2300 2955 2353 Cum
2989 2312 3165 2357 autem
3200 2290 3441 2361 Asterius
3488 2321 3577 2361 co-

2000 2386 2192 2442 dicillis
2218 2386 2586 2460 imperialibus
2615 2390 2946 2459 patriciatum
2972 2397 3192 2449 sortitus
3226 2397 3432 2469 fuisset,
3460 2401 3573 2458 hzec

2002 2478 2245 2551 adjungit
2274 2499 2283 2533 :
2324 2499 2341 2532 ι
2385 2481 2585 2535 Eodem
2611 2492 2849 2553 tempore
2879 2484 3128 2542 Castinus
3158 2490 3573 2548 domesticorum

2001 2587 2204 2638 comes,
2250 2573 2591 2642 expeditione
2636 2576 2685 2629 in
2731 2572 2965 2631 Francos
2994 2584 3260 2649 susrepla,
3290 2582 3353 2635 ad
3373 2584 3579 2651 ,Gallias

2003 2663 2254 2717 mittitur.
2294 2683 2312 2715 ι
2351 2664 2472 2718 ll:ec
2499 2665 2548 2719 hi
2577 2666 2644 2720 de
2672 2664 2894 2722 Francis
2916 2669 3119 2724 dixere.
3153 2672 3373 2725 Orosius
3404 2686 3580 2730 autem

2002 2764 2057 2807 et
2077 2755 2187 2823 Ipse
2222 2754 2682 2826 historiographus
2705 2757 2756 2810 itt
2788 2761 3017 2825 septimo
3045 2760 3223 2828 operis
3254 2764 3332 2815 sui
3360 2763 3500 2816 lihro
3533 2756 3576 2830 ί,

2004 2844 2075 2899 ita
2131 2857 2549 2901 commemorat:
2609 2865 2627 2898 ι
2688 2847 2877 2903 Stilicn
2939 2852 3272 2921 (Ongrt-gutis
3336 2856 3579 2922 gentibus

2006 2932 2243 2990 Francos
2276 2938 2521 3005 proterit,
2553 2936 2799 2993 Rhenum
2842 2940 3056 3009 transit,
3099 2942 3298 2997 Gallias
3331 2960 3580 3015 pervaga-

2009 3036 2123 3094 tur,
2148 3034 2202 3081 et
2226 3028 2291 3079 ad
2326 3028 2612 3098 Pyrenieos
2646 3044 2811 3099 ustiue
2843 3032 3151 3100 perlabitur.
3189 3051 3207 3084 ι
3256 3031 3404 3088 ilanc
3427 3034 3578 3090 nobis

2005 3117 2252 3174 notitiam
2282 3118 2351 3176 de
2382 3119 2601 3175 Francis
2645 3126 2925 3179 memorati
2986 3126 3223 3181 historici
3272 3127 3537 3197 reliquere
3562 3168 3581 3198 ,

2005 3213 2220 3282 regibus
2255 3228 2359 3267 non
2390 3214 2697 3270 nominatis.
2740 3210 2979 3271 'l‘radunt
3009 3221 3152 3272 enim
3183 3221 3335 3274 multi
3364 3223 3580 3275 eosdem

2004 3303 2071 3358 de
2121 3304 2395 3358 Pannonia
2448 3308 2613 3362 fuisse
2661 3308 2952 3377 digressos.
2996 3310 3060 3364 Et
3108 3311 3336 3379 primum
3366 3313 3579 3382 quidem

2005 3396 2185 3453 littora
2215 3395 2385 3453 Rheni
2428 3400 2600 3455 amnis
2645 3403 2928 3458 incoluisse
2975 3413 3043 3459 ιτ
3094 3405 3287 3461 dehinc
3317 3417 3583 3463 transacto

2008 3488 2219 3550 Rheno.
2260 3487 2602 3561 Thoriugiam
2638 3489 2662 3529 δ
2690 3502 3073 3550 transmeasse:
3107 3496 3281 3565 ibique
3310 3497 3457 3567 juxta
3491 3515 3582 3568 pa-

2007 3606 2179 3680 Stilum
2212 3608 2405 3680 regales
2427 3650 2441 3672 ,
2470 3609 2564 3662 sed
2614 3619 2667 3664 et
2712 3609 3008 3680 subregulos
3035 3611 3300 3679 appellat,
3337 3628 3440 3680 quo
3482 3630 3581 3666 no-

2011 3678 2153 3751 mine
2175 3679 2241 3751 ab
2265 3694 2328 3751 eo
2349 3689 2568 3733 auctore
2597 3695 2753 3751 reges
2773 3678 2935 3734 fuisse
2958 3678 3262 3751 designatos
3284 3678 3579 3739 contendit.

2008 3745 2149 3800 Idem
2186 3749 2425 3802 Valesius
2456 3751 2505 3801 itt
2551 3745 2806 3803 atldettdis
2836 3751 2899 3802 ad
2936 3745 3133 3804 tomnin
3169 3754 3180 3804 l
3210 3754 3457 3805 observat
3487 3758 3579 3807 At-

2009 3817 2153 3869 tilam
2179 3828 2234 3873 et
2257 3820 2493 3885 “lt'dillll,
2526 3821 2832 3874 Ilnnnorutn
2858 3836 3011 3891 reges
3030 3861 3043 3885 ,
3069 3838 3096 3873 a
3128 3823 3308 3878 Prisco
3332 3840 3579 3878 nonnun-

2006 3891 2393 3961 qllflllﬂl't'gillcs
2418 3892 2692 3961 appellari.

2080 3956 2106 3995 δ
2152 3956 2392 4013 Valesius
2429 3956 2735 4014 etCo'intius
2757 3960 2935 4032 legunt
2960 3962 3260 4016 Alanorum.

2089 4038 2113 4067 ε
2156 4032 2278 4085 Bee.
2300 4071 2315 4094 ,
2349 4032 2631 4085 Udobecco.

2078 4105 2106 4141 (ί
2144 4102 2233 4155 Sic
2258 4100 2444 4167 Corh.,
2481 4101 2635 4167 Bad.,
2661 4109 2764 4155 etc.
2788 4145 2801 4167 ,
2834 4101 2967 4155 sicut
3007 4110 3061 4156 et
3092 4102 3256 4165 infra;
3288 4104 3399 4170 alii,
3436 4105 3583 4160 Deci-

2006 4175 2232 4245 mius._ls
2251 4180 2335 4225 est
2360 4172 2633 4245 Ilusticus,
2669 4187 2725 4245 ut
2756 4174 3003 4245 observat
3030 4173 3347 4229 Sirmondus
3371 4216 3385 4241 ,
3418 4191 3578 4245 quem

2007 4242 2540 4314 ApollinarisgSidon.
2574 4244 2756 4314 laudat
2782 4243 2871 4295 lib.
2897 4257 2950 4308 v,
2984 4245 3141 4314 epist.
3167 4246 3222 4299 9.

2082 4327 2104 4353 ο
2145 4312 2298 4377 lieg.,
2326 4312 2572 4383 Iovinus,
2612 4311 2886 4380 multique,
2920 4324 3026 4367 etc.
3055 4312 3246 4381 Corb.,
3269 4330 3332 4368 ea:
3361 4316 3581 4383 primiti-

2004 4400 2180 4439 porum
2211 4385 2522 4433 notariorum
2542 4379 2731 4443 Iovini,
2756 4392 2857 4437 ete.

2086 4455 2105 4493 ῐ
2148 4454 2365 4507 Scilicet
2389 4468 2504 4519 cap.
2545 4450 2634 4515 εδ,
2668 4468 2761 4506 seu
2796 4458 2955 4510 totius
2983 4452 3160 4521 opt'ris
3192 4455 3502 4522 penultimo.

2082 4535 2105 4571 ε
2150 4523 2300 4575 Cnlb.
2322 4562 2337 4583 .
2368 4533 2499 4587 etc.,
2532 4523 2838 4578 incubuisse.

2080 4595 2107 4632 ιι
2154 4595 2242 4663 Sic
2290 4594 2484 4645 habent
2515 4608 2701 4646 onmes
2743 4609 2869 4647 mss.
2917 4609 3050 4663 quos
3096 4594 3245 4647 licuit
3274 4596 3490 4661 videre,
3526 4607 3581 4651 et

2010 4667 2170 4729 infra,
2202 4662 2598 4733 ΊΙιοηξῃςιονωη,
2646 4676 2833 4728 przeter
2861 4662 3048 4733 Rogm.
3074 4680 3160 4731 qui
3208 4666 3307 4719 hac
3346 4672 3577 4721 secunda

2011 4737 2122 4789 vice
2151 4733 2305 4786 habet
2331 4731 2642 4801 Tungorum,
2668 4742 2721 4786 et
2748 4733 2900 4796 B::d.,
2925 4731 3261 4803 Tungrarum.
3286 4735 3435 4790 Unde
3457 4755 3579 4791 eum

2009 4804 2299 4870 Tbttringia
2330 4812 2475 4853 trans
2509 4803 2745 4854 llhenum
2774 4805 3060 4858 Galliarum
3093 4820 3335 4870 rcSpectu
3363 4807 3462 4860 sita
3488 4814 3578 4871 sit,

2013 4877 2252 4929 Valesius
2277 4871 2556 4940 legendum
2593 4884 2737 4937 putat
2765 4884 3022 4927 transacto
3054 4875 3245 4937 Manio,
3274 4880 3361 4942 qui
3390 4879 3582 4931 fluvius

2012 4962 2043 5000 e
2071 4946 2342 4999 Pannonia
2365 4945 2414 4995 in
2438 4942 2781 5013 Thuringiam
2815 4945 3217 5012 properantibus
3246 4958 3577 5000 transmean-

2011 5018 2110 5069 dus
2150 5025 2252 5067 est.
2300 5013 2466 5066 Aliam
2498 5014 2631 5065 \iatn
2666 5016 2781 5067 iniit
2815 5017 2874 5068 Ii.
2909 5016 2964 5068 Ρ.
3004 5016 3183 5068 llanLel
3217 5017 3338 5069 Soc.
3370 5018 3493 5069 Jesu
3528 5021 3579 5070 in

2016 5085 2243 5140 llistoria
2268 5084 2506 5137 Francite
2532 5099 2559 5135 a
2584 5099 2642 5137 se
2664 5084 2865 5139 Gallice
2888 5086 3049 5143 edita.
3076 5087 3161 5137 ubi
3186 5087 3253 5138 ait
3286 5086 3460 5139 Rheno
3487 5105 3581 5136 vo-

2012 5172 2127 5209 rem
2174 5170 2291 5207 esse
2324 5156 2648 5207 retinendam
2680 5170 2744 5207 eo
2786 5157 2923 5221 quod
2958 5158 3039 5208 hic
3067 5155 3309 5223 Gregorii
3339 5160 3483 5208 locus
3516 5159 3582 5208 de

2012 5226 2235 5281 l‘rancis
2264 5225 2567 5288 intelligcnd
2593 5241 2631 5276 is
2662 5226 2750 5289 sit,
2783 5228 2870 5295 qui
2903 5237 3018 5292 post
3070 5237 3315 5295 acceitas
3344 5243 3371 5277 a
3407 5226 3580 5279 l'l'ttbu

2014 5306 2335 5360 imperatore
2366 5297 2506 5347 circa
2558 5296 2778 5347 l’onlein
2806 5294 3099 5347 rliuxiutttn
3131 5294 3285 5346 Sedes
3308 5338 3319 5355 ,
3358 5313 3451 5363 per
3489 5313 3577 5348 xa-

2016 5381 2123 5420 rtas
2156 5366 2453 5431 provincias
2509 5366 2768 5430 divagati,
2827 5366 3037 5417 tandem
3085 5365 3134 5416 in
3178 5370 3396 5431 patriam
3431 5382 3579 5419 suam

2014 5452 2107 5503 per
2132 5436 2330 5489 Gallius
2358 5436 2681 5502 repedarint,
2708 5452 2811 5501 quo
2837 5446 2987 5497 pacto
3022 5433 3262 5487 Rhenum
3297 5444 3578 5502 transiere,

2012 5520 2165 5574 quem
2191 5518 2369 5557 revera
2402 5506 2613 5557 obvium
2640 5509 2835 5556 habere
2862 5504 3190 5556 debuissent.
3220 5505 3321 5558 Sed
3343 5510 3453 5559 haec
3483 5522 3547 5558 ea
3566 5537 3580 5547 -

2014 5576 2202 5642 positio
2243 5575 2415 5629 verbis
2450 5575 2685 5642 Gregorii
2717 5574 2984 5625 contraria
3019 5577 3242 5626 videtur.
3268 5577 3581 5629 thllehuus

2015 5646 2265 5699 Mcrelius
2304 5660 2361 5697 se
2386 5646 2579 5697 vidisse
2610 5646 2677 5696 ait
2703 5659 2933 5696 veterem
2962 5645 3220 5708 emicem,
3255 5647 3305 5699 iu
3346 5663 3449 5714 quo
3487 5664 3575 5698 ea-

2018 5716 2137 5770 dem
2169 5732 2324 5769 manu
2356 5718 2606 5788 scriptum
2649 5724 2761 5769 erat
2782 5757 2793 5768 .
2835 5714 3022 5766 'l'ltoriu
3047 5724 3207 5787 ’φυηρ
3241 5718 3320 5763 γρι
3350 5718 3585 5782 Ἱίιῑιςμυά
