4006 6182
289 359 392 413 $09

1179 359 1497 417 HISTORIA
1543 356 1988 414 FRANCURU-ll.
2031 356 2235 412 LIBER
2274 359 2650 417 SECUNDUS.

3458 359 3564 418 210

284 482 404 535 dent
430 494 589 548 neque
634 477 951 550 intelligunt,
981 489 1026 535 et
1060 480 1445 551 confundantur
1472 490 1498 519 ιι
1525 480 1579 535 in
1603 480 1674 533 eis
1708 493 1726 533 :
1760 493 1871 533 ecce
1898 480 1948 537 A
1978 476 2164 547 possit,
2218 459 2351 531 dans
2399 478 2557 533 etiam
2600 458 2809 547 signum
2855 475 3066 547 quando
3096 475 3270 533 redire
3301 477 3469 547 possit
3512 477 3566 535 in

279 589 458 629 omnes
485 572 759 643 participes
786 573 897 642 ejus
925 573 1339 642 confundentur;
1369 572 1502 644 fabri
1521 574 1655 628 enim
1675 582 1874 625 suntex

281 666 594 719 hominibus.
628 664 656 703 δ
686 665 812 731 Quis
838 667 1073 737 formavit
1100 668 1273 732 deum,
1304 677 1350 721 et
1374 667 1610 737 sculptile
1636 669 1874 738 con/lavit

279 759 354 811 ad
382 758 516 811 nihil
542 757 708 811 utile?
746 761 798 811 in
829 760 1008 827 prunis
1036 770 1082 814 et
1114 759 1314 814 malleis
1342 761 1581 831 formavit
1623 761 1781 828 illud,
1826 773 1871 815 et

280 861 524 921 aperatus
554 860 627 904 est
654 852 705 904 in
736 852 944 906 brachio
990 854 1303 923 fortitudinis
1351 871 1477 909 suae.
1534 854 1784 911 Similiter
1826 865 1871 909 et

278 944 478 1013 artifex
500 944 751 1014 lignarius
779 944 830 997 in
861 946 1051 999 circino
1080 948 1301 1001 tornavit
1328 947 1480 1015 illud,
1524 958 1570 1001 et
1597 948 1720 1016 fecit
1741 948 1871 1001 ima-

278 1038 455 1107 ginem
479 1038 596 1103 v'ri,
621 1039 768 1105 quasi
806 1040 1021 1107 speciosi
1050 1040 1274 1093 hominis
1295 1040 1569 1095 habitantis
1599 1042 1653 1094 in
1698 1041 1870 1094 domo.

278 1128 521 1184 Succidit
544 1130 760 1201 lignum,
789 1140 1032 1196 operatus
1062 1139 1155 1199 est,
1183 1132 1302 1201 fecit
1328 1132 1588 1203 sculptile,
1610 1140 1658 1185 et
1682 1131 1873 1184 adora-

275 1220 349 1272 rit
384 1230 438 1272 ut
468 1221 617 1272 deum
642 1237 660 1274 :
688 1221 845 1279 clavis
890 1232 939 1275 et
986 1222 1182 1275 malleis
1230 1223 1623 1293 compaginavit,
1673 1231 1728 1275 ut
1770 1239 1873 1276 non

276 1312 615 1365 dissolvatur.
656 1311 871 1366 l’ortata
901 1315 1150 1366 tolluntur
1173 1324 1222 1381 ε,
1255 1314 1371 1383 quia
1412 1314 1644 1369 incedere
1667 1330 1767 1367 non
1787 1331 1868 1368 va-

274 1402 387 1456 lent
415 1419 431 1456 .'
463 1401 714 1468 reliquum
747 1420 862 1456 vero
890 1406 1035 1473 ligni,
1072 1407 1265 1473 factum
1294 1413 1365 1459 est
1389 1405 1679 1459 hominibus
1700 1406 1751 1459 in
1792 1410 1871 1475 fo-

276 1509 420 1556 cum,
447 1503 493 1546 et
520 1494 755 1562 calefacti
783 1504 922 1546 sunt.
952 1492 1037 1547 Ex
1066 1495 1168 1547 alio
1193 1511 1306 1549 vero
1329 1496 1478 1549 deum
1504 1495 1643 1564 fecit,
1670 1506 1715 1549 et
1734 1496 1872 1550 scul-

273 1589 407 1658 pti!e
436 1587 532 1638 sibi
556 1602 574 1639 :
605 1597 844 1640 curvatur
868 1598 987 1640 ante
1014 1588 1167 1651 illud,
1212 1597 1259 1641 et
1287 1589 1516 1641 adoravit
1557 1587 1692 1642 illud
1738 1588 1787 1653 ά,
1823 1598 1870 1643 et

274 1677 511 1729 obsecrat
536 1676 707 1730 dicens
733 1692 753 1730 :
786 1676 967 1730 Libera
993 1693 1087 1742 me,
1119 1679 1239 1747 quia
1269 1678 1393 1731 deus
1420 1695 1559 1731 meus
1575 1695 1626 1732 es
1653 1689 1725 1734 tu.
1758 1678 1869 1733 Me-

273 1769 521 1823 diettdem
551 1770 662 1838 ejus
692 1770 800 1838 igni
846 1770 1134 1832 combussi,
1180 1779 1227 1822 et
1269 1770 1384 1823 coxi
1428 1786 1582 1837 super
1626 1770 1869 1823 carbones

1979 570 2202 638 patritm
2234 587 2247 622 :
2279 570 2330 623 id
2358 580 2470 636 est,
2503 571 2799 626 diviserunt
2837 570 2993 626 simul
3040 586 3203 624 unum
3234 585 3478 636 aureum,
3509 580 3568 627 et

1978 677 2133 715 unam
2158 662 2371 733 quidem
2391 672 2590 733 partem
2616 679 2796 718 secum
2818 661 3381 731 detulitChildcricus,
3404 663 3563 717 aliain

1977 767 2107 807 vero
2157 754 2361 809 anticus
2412 754 2531 825 ejus
2583 755 2822 820 retinuit,
2866 755 3091 809 dicens:
3123 753 3562 824 Quandoquidem

1978 846 2113 900 hanc
2142 858 2344 917 partem
2378 848 2470 903 tibi
2502 848 2720 914 misero,
2758 856 3043 917 partesque
3063 847 3361 916 conjuncta:
3394 864 3557 901 unum

1976 939 2254 994 effecerint
2301 938 2555 1006 solidum,
2585 947 2711 994 tunc
2742 947 2794 992 ιιι
2822 952 3013 993 securo
3047 938 3225 992 animo
3252 938 3306 992 iu
3337 938 3563 1007 patriam

1976 1032 2280 1099 repedabis.
2323 1030 2520 1085 Abiens
2560 1044 2688 1098 ergo
2729 1030 2780 1083 in
2820 1028 3184 1098 Thoringiam,
3212 1028 3349 1097 apud
3380 1043 3561 1099 regem

1977 1122 2243 1178 Bisinumi
2298 1138 2625 1195 uxoremque
2673 1122 2793 1194 ejus
2823 1124 3070 1178 Basinam
3101 1125 3258 1178 latuit
3288 1141 3301 1177 :
3334 1123 3565 1191 denique

1975 1214 2187 1278 Franci,
2210 1216 2310 1270 hoc
2333 1216 2526 1285 ejecto,
2549 1214 2818 1286 AZgidium
2846 1216 2969 1281 tibi,
2992 1231 3149 1285 quem
3177 1215 3423 1286 superius
3452 1229 3538 1271 tua

1972 1308 2194 1376 gistrnm
2226 1308 2455 1363 militum
2483 1325 2513 1363 a
2545 1307 2816 1379 republica
2846 1309 3067 1362 missum
3094 1307 3349 1370 diximus.
3376 1321 3564 1362 unam-

1973 1401 2131 1455 miter
2180 1416 2363 1471 regem
2410 1400 2700 1455 asciscunt.
2732 1398 2833 1466 Qui
2864 1415 2982 1455 eum
3014 1410 3203 1454 octavo
3232 1413 3372 1452 anno
3401 1411 3565 1467 super

1971 1509 2065 1549 eos
2086 1504 2355 1564 regnaret,
2382 1495 2587 1551 amicus
2605 1495 2693 1551 ille
2722 1496 2915 1561 ﬁdelis,
2945 1495 3147 1565 pacatis
3176 1479 3380 1549 occulte
3402 1493 3564 1547 Fran-

1969 1585 2069 1650 cis,
2102 1585 2315 1641 nuntios
2358 1586 2423 1639 ad
2471 1585 2827 1642 Childericum
2857 1630 2872 1654 ,
2906 1600 3029 1641 cum
3071 1594 3223 1656 parte
3266 1585 3355 1639 illa
3404 1582 3564 1638 divisi

1968 1674 2125 1730 solidi
2156 1690 2313 1744 quam
2347 1676 2665 1746 retinuerat,
2701 1677 2885 1731 mittit.
2915 1676 3011 1732 Ille
3040 1691 3167 1731 vero
3198 1683 3343 1731 certa
3370 1689 3565 1745 cogno-

1970 1780 2126 1820 scens
2177 1766 2394 1831 indicia,
2444 1766 2585 1837 quod
2637 1782 2665 1820 a
2714 1767 2933 1823 Francis
2978 1766 3398 1831 desideraretur,
3437 1766 3565 1831 ipsis

273 1864 392 1932 ejus
426 1877 618 1926 panes;
647 1862 763 1914 coxi
789 1876 985 1929 carnes,
1010 1870 1056 1913 ct
1082 1862 1298 1925 comedi,
1332 1870 1377 1915 et
1422 1862 1485 1914 de
1530 1861 1722 1929 reliquo
1759 1864 1868 1933 ejus
1901 1855 1948 1914 B
1976 1858 2135 1912 etiam
2183 1860 2524 1929 rogantibus,
2569 1874 2597 1912 a
2637 1859 2926 1929 Tltoringia
2972 1874 3270 1929 regressus,
3316 1859 3369 1913 in
3403 1872 3565 1926 regno

272 1951 480 2005 idolum
510 1951 718 2020 faciam.
750 1952 872 2004 Ante
900 1961 1133 2004 truncum
1182 1952 1307 2021 ligni
1348 1952 1612 2017 procidant
1646 1961 1668 1988 θ
1695 1968 1715 2007 :
1746 1969 1867 2022 pars

270 2046 392 2114 ejus
421 2044 551 2095 cinis
581 2051 674 2098 est.
700 2041 802 2095 Cor
826 2042 1070 2111 insipiens
1096 2043 1329 2097 adoravit
1352 2042 1504 2108 illud,
1547 2051 1592 2096 et
1620 2058 1719 2096 non
1743 2044 1867 2096 libe-

271 2134 409 2187 ravit
438 2135 666 2186 animum
686 2150 832 2187 suam
862 2131 881 2171 ί
909 2150 927 2187 :
951 2151 1111 2201 neque
1131 2135 1271 2200 dicit,
1308 2136 1438 2204 forte
1458 2135 1774 2188 mendacium
1794 2144 1868 2189 est

271 2228 330 2281 in
364 2228 549 2282 dextra
580 2244 688 2281 mea
714 2226 867 2297 (lsai.
897 2244 1044 2292 κων,
1070 2226 1245 2297 6.9.0).
1280 2228 1406 2282 Haec
1432 2236 1610 2281 autem
1639 2229 1867 2281 Franco-

270 2334 396 2373 rum
426 2320 707 2390 generatio
744 2333 849 2372 non
881 2318 1145 2373 intellexit
1197 2318 1448 2388 primum,
1484 2318 1869 2373 intellexerunt

270 2421 458 2466 autem
483 2420 689 2480 postea,
710 2411 847 2466 sicut
873 2427 1104 2481 sequens
1131 2409 1349 2466 historia
1378 2421 1582 2466 narrat.

348 2502 442 2557 XI.
487 2501 677 2557 Avitus
703 2503 844 2558 enim
874 2519 1014 2558 unus
1039 2519 1105 2559 ex
1139 2504 1501 2573 senatoribus,
1529 2513 1602 2573 et,
1635 2513 1693 2559 ut
1714 2504 1870 2560 valde

270 2593 621 2649 manifestum
650 2603 753 2661 est,
794 2594 925 2650 civis
953 2595 1243 2660 Arvernus,
1276 2608 1397 2650 cum
1430 2594 1727 2649 Romanum
1758 2610 1871 2649 am-

270 2688 447 2742 bisset
473 2685 778 2754 imperium,
812 2685 1082 2741 luxuriose
1113 2700 1272 2754 agere
1301 2687 1508 2753 volens,
1539 2702 1568 2741 a
1610 2687 1873 2741 senatori-

270 2778 376 2833 bus
423 2778 759 2847 projectitstt,
802 2777 941 2846 apud
986 2777 1307 2833 Placentiam
1358 2779 1544 2835 urbem
1589 2780 1872 2849 episcopus

270 2870 581 2925 ordinatur.
612 2867 899 2938 Comperto
934 2879 1141 2937 autem,
1178 2871 1319 2941 quod
1368 2871 1541 2926 adhuc
1590 2872 1871 2945 indignans

272 2972 496 3016 senatus
526 2961 633 3015 vita
673 2975 793 3016 eum
822 2965 1028 3030 privare
1057 2963 1237 3027 vellet,
1272 2963 1543 3019 basilicam
1574 2965 1745 3019 sancti
1773 2964 1867 3021 Ju-

271 3052 406 3106 liani
428 3051 661 3106 Arverni
690 3052 940 3123 martyris
967 3067 1086 3108 cum
1118 3052 1302 3109 multis
1330 3055 1641 3109 muneribus
1670 3057 1874 3123 expeti-

276 3144 384 3198 vit:
404 3143 498 3198 sed
523 3143 740 3212 impleto
755 3144 805 3199 in
830 3144 1023 3200 itinere
1040 3145 1165 3199 vitae
1182 3159 1363 3210 cursu,
1377 3144 1531 3210 obiit,
1555 3144 1871 3216 delatusque

1974 1965 2073 2005 suo
2095 1960 2175 2006 est
2196 1954 2494 2007 restitutus.
2528 1952 2619 2006 llis
2642 1966 2769 2021 ergo
2792 1953 3140 2022 regnantibus
3158 1952 3340 2013 simul,
3371 1950 3563 2003 Basiua

1973 2042 2086 2107 illa,
2119 2059 2278 2113 quam
2308 2059 2471 2114 supra
2503 2044 2939 2107 memoravimus,
2972 2041 3157 2097 relicto
3186 2041 3300 2095 viro
3331 2053 3450 2105 suo,
3495 2040 3562 2092 ad

1972 2135 2334 2190 Childericum
2360 2137 2524 2190 venit.
2547 2135 2791 2202 Quicum
2815 2134 3042 2189 sollicite
3065 2134 3437 2201 interrogaret,
3456 2146 3563 2199 qua

1972 2231 2040 2285 de
2067 2244 2225 2284 causa
2256 2230 2322 2283 ad
2365 2245 2483 2283 eum
2514 2228 2583 2284 de
2621 2237 2763 2282 tanta
2796 2227 3016 2299 regione
3044 2226 3310 2293 venisset,
3339 2238 3563 2294 respon-

1976 2321 2122 2376 disse
2154 2319 2322 2376 fertur
2351 2338 2363 2372 :
2396 2318 2557 2384 Novi,
2590 2319 2780 2389 inquit,
2813 2319 3090 2373 utilitatem
3122 2327 3289 2383 tuam,
3323 2316 3462 2386 quod
3489 2315 3564 2370 sis

1974 2412 2128 2466 valde
2172 2421 2421 2466 strenuus
2469 2429 2483 2465 :
2539 2410 2763 2480 ideoque
2806 2410 2927 2464 veni
2959 2418 3017 2464 ut
3064 2409 3292 2463 habitem
3347 2417 3561 2473 tecum;

1975 2517 2097 2557 nam
2128 2503 2365 2567 noveris,
2396 2504 2514 2557 siin
2545 2500 2923 2557 transmarinis
2946 2499 3185 2571 partibus
3209 2499 3439 2570 aliquem
3470 2514 3560 2553 co-

1973 2594 2275 2663 gnovissem
2323 2584 2603 2650 utiliorem
2625 2604 2696 2659 te,
2730 2593 3051 2662 expetissem
3075 2592 3255 2661 utique
3283 2590 3562 2645 cohabita-

1976 2687 2175 2741 tionem
2207 2686 2343 2757 ejus.
2397 2690 2467 2740 At
2496 2686 2583 2741 ille
2621 2684 2889 2755 gaudens,
2923 2700 3039 2740 eam
3072 2684 3172 2738 sibi
3217 2685 3269 2738 in
3314 2681 3564 2754 conjugio

1977 2780 2245 2849 copulavit
2273 2797 2285 2833 :
2316 2796 2434 2849 qua:
2457 2779 2767 2849 concipiens
2794 2780 2996 2847 peperit
3030 2778 3218 2842 lilium,
3251 2778 3565 2846 vocavitan

1977 2885 2175 2926 nomen
2204 2870 2321 2940 ejus
2348 2870 2803 2926 Chlodovechum.
2841 2870 2934 2925 llic
2962 2869 3061 2925 fuit
3101 2884 3345 2940 magnus,
3375 2879 3427 2924 et
3466 2883 3563 2938 pn-

1977 2972 2170 3034 gnator
2198 2964 2464 3033 egregius.

2048 3052 2186 3109 Xlll.
2219 3054 2375 3123 Apud
2416 3055 2714 3108 Arvernum
2753 3068 2884 3109 vero
2924 3061 3043 3123 post
3082 3053 3363 3108 transitum
3392 3052 3562 3108 saneti

1978 3146 2224 3215 Artemii,
2251 3146 2599 3202 Venerandus
2628 3161 2658 3199 e
2685 3146 3025 3201 senatoribus
3047 3146 3328 3217 episcopus
3349 3147 3562 3202 ordino.

276 3236 344 3291 ad
369 3236 737 3291 Brivatensem
764 3239 963 3305 vicum,
986 3238 1051 3291 ad
1074 3237 1234 3306 pedes
1254 3236 1505 3291 antedicti
1524 3237 1774 3308 martyris
1796 3248 1878 3294 est
1905 3229 1948 3289 C
1984 3247 2089 3294 tur.
2118 3238 2301 3305 Qualis
2329 3249 2506 3293 autem
2536 3236 2696 3292 fuerit
2722 3238 2808 3292 hic
2837 3237 3096 3307 pontifex,
3130 3247 3355 3294 testatur
3383 3238 3563 3293 Pauli-

276 3332 522 3403 sepultus
548 3350 560 3383 :
585 3331 672 3385 cui
695 3332 984 3386 Martianus
1003 3329 1186 3403 [Forte
1215 3327 1559 3400 Majorianus]
1586 3332 1869 3387 successit.

277 3421 338 3477 In
368 3422 555 3476 Galliis
584 3432 761 3476 autem
799 3421 1044 3493 Egidius
1073 3436 1139 3476 ex
1169 3421 1425 3477 Romanis
1452 3421 1706 3492 magiSIer
1730 3422 1871 3477 mili-

278 3522 391 3569 tum
421 3510 626 3568 datush
658 3500 761 3569 est.

352 3604 467 3661 XII.
520 3605 852 3661 Ghildericus
881 3618 1010 3661 vero
1038 3619 1157 3660 cum
1188 3613 1334 3661 esset
1377 3605 1538 3661 nimia
1578 3606 1629 3660 in
1663 3606 1873 3662 luxuria

280 3696 609 3765 dissolutus,
643 3705 700 3751 et
748 3705 994 3766 regnaret
1040 3711 1201 3765 super
1244 3697 1571 3752 Francorum
1614 3708 1825 3768 gentem
1853 3740 1869 3765 ,

280 3787 447 3856 erepit
469 3788 607 3841 tilias
626 3801 810 3841 eorum
832 3794 1080 3855 stuprose
1106 3787 1411 3842 detrahere.
1434 3788 1639 3858 661111
1663 3803 1875 3859 quoque

280 3878 353 3933 ob
380 3879 485 3932 hoc
505 3876 865 3947 indignantes,
894 3875 959 3930 de
981 3890 1146 3941 regno
1167 3891 1287 3930 eum
1318 3876 1561 3947 ejiciuut.
1585 3876 1804 3946 Compev
1821 3887 1874 3930 to

280 3980 461 4024 autem
490 3968 632 4038 quod
664 3983 786 4023 eum
818 3967 980 4021 etiam
1018 3967 1320 4022 interﬁcere
1362 3968 1592 4032 vellent,
1638 3969 1870 4023 Thoriu-

281 4063 423 4132 giam
476 4063 650 4131 petiit,
695 4060 1005 4129 relinquens
1051 4059 1121 4114 ibi
1158 4060 1425 4116 hominem
1467 4063 1565 4116 sibi
1610 4078 1791 4117 carum
1830 4061 1873 4127 ί,

286 4154 378 4223 qui
410 4152 649 4209 virorum
678 4152 963 4207 furentium
994 4152 1202 4206 animos
1226 4153 1404 4207 verbis
1433 4153 1637 4207 lenibus
1668 4154 1876 4207 mollite

356 4299 381 4326 ⁸
423 4288 568 4343 Idem
596 4299 648 4343 el
678 4290 823 4352 Bec.,
853 4288 1255 4357 confundentur.

356 4359 385 4397 δ
430 4361 558 4425 Qui:
590 4360 846 4426 format-it,
881 4370 1011 4421 etc.,
1054 4374 1221 4427 usque
1260 4357 1325 4412 ad
1364 4359 1416 4412 in
1455 4360 1655 4429 prunis,
1685 4360 1878 4416 desunt

283 4432 338 4485 in
362 4429 549 4497 Corb.,
587 4431 775 4496 llegm.
809 4441 861 4483 et
894 4432 1016 4483 llec.

359 4512 381 4539 ε
425 4500 616 4569 Regm.
643 4510 698 4553 et
721 4502 868 4563 Bec.,
900 4499 1165 4552 tollentur.

355 4569 381 4609 ἰ
426 4572 638 4639 Regm.,
671 4583 715 4623 et
745 4571 931 4622 adorat
961 4581 1007 4623 et
1037 4572 1283 4623 obsecrat.

361 4652 384 4680 ε
424 4643 615 4705 Gorb.,
649 4642 771 4694 Bec.
799 4653 852 4694 et
886 4643 1096 4709 Regum,
1122 4650 1175 4694 ct
1207 4642 1343 4694 Mor.
1376 4654 1449 4707 s.,
1482 4641 1729 4697 adorabo.

361 4711 380 4749 ί
422 4712 635 4782 Regm.,
670 4713 894 4765 liberavit
920 4729 1057 4765 eum.

356 4793 381 4831 s
422 4780 696 4837 Sic'Corb.
719 4793 771 4837 et
794 4782 970 4846 Gotb.;
1004 4790 1059 4833 at
1083 4780 1195 4844 alii,
1217 4784 1426 4852 ejectus.
1455 4782 1717 4837 Placentia
1745 4785 1872 4839 urbs

279 4864 369 4909 est
401 4854 560 4907 Italite
591 4853 894 4907 notissima.
930 4853 1003 4905 De
1040 4852 1098 4905 S.
1133 4852 1365 4916 Juliano,
1399 4855 1487 4921 qui
1516 4855 1651 4921 apud
1690 4856 1872 4908 Briva-

280 4936 417 4987 tem,
446 4922 695 4987 Brioude,
732 4925 782 4975 itt
816 4925 1071 4976 Arvernin
1119 4925 1339 4989 qttiescit
1364 4962 1377 4986 ,
1407 4932 1572 4977 'totus
1616 4934 1699 4979 est
1738 4926 1871 4980 liber

276 4994 549 5050 secumlus
577 4995 815 5061 Gregorii
845 4994 911 5046 de
941 4993 1122 5046 Gloria
1152 4994 1459 5061 Martyrum.

356 5064 383 5101 ιι
424 5069 631 5132 Aliquot
678 5080 805 5118 mss.
839 5075 891 5117 et
919 5066 1033 5129 ed.,
1065 5064 1231 5115 dictus
1261 5074 1352 5117 est.
1384 5063 1529 5117 llauc
1558 5063 1865 5133 dignitatem

272 5137 351 5191 ab
370 5136 524 5189 Avito
546 5135 827 5189 habuerat.
852 5135 1046 5189 Cautes
1078 5136 1352 5204 utriusque
1384 5135 1583 5189 militiae
1614 5137 1680 5189 ab
1702 5136 1871 5191 ldatto

271 5207 601 5276 appellatur.

363 5277 376 5313 ί
424 5278 478 5330 In
512 5277 664 5330 Colb.
703 5275 877 5328 addita
907 5282 1032 5329 sunt
1060 5275 1249 5341 aequali
1292 5276 1403 5329 fere
1435 5276 1735 5331 manulth
1762 5278 1869 5330 duo

271 5350 465 5411 verba,
494 5349 699 5400 nomine
730 5345 1053 5399 Viomadum.
1084 5346 1171 5399 Sic
1194 5346 1282 5400 il‘e
1311 5347 1379 5400 ab
1410 5348 1657 5400 Aiinoino
1685 5350 1872 5416 appel-

270 5420 419 5474 latur
454 5418 546 5469 lib.
580 5432 634 5481 ll,
660 5432 778 5484 cap.
814 5417 868 5470 7.

302 5560 317 5573 ο
355 5491 370 5539 i
424 5488 552 5557 Reg.
596 5498 653 5542 et
700 5488 863 5556 Bad.,
911 5485 1172 5541 Basinum.
1220 5487 1407 5556 Regm.
1455 5497 1508 5542 et
1556 5490 1715 5554 Bec.,
1758 5487 1871 5541 b’ise

265 5576 470 5613 sanum.

356 5633 382 5667 ι
424 5628 569 5699 Editi
600 5642 719 5681 cum
754 5627 953 5699 aliquot
994 5644 1123 5682 mss.
1158 5627 1353 5699 habent
1401 5641 1656 5699 presbyter
1688 5629 1870 5683 Pauli-

266 5717 399 5755 nus.
430 5698 584 5753 llunc
610 5699 877 5753 celebrem
921 5698 1195 5752 Paulinum
1227 5698 1374 5753 Nolae
1407 5703 1715 5767 epizc0pum
1748 5715 1869 5754 esse

267 5770 560 5826 wntendit
591 5783 742 5822 nova:
773 5770 939 5837 ipsius
980 5784 1201 5837 operum
1233 5770 1484 5824 editionis
1513 5781 1717 5832 auctor,
1751 5773 1867 5837 ejus

270 5843 418 5897 Viue
448 5855 570 5910 cap.
616 5838 711 5907 49,
742 5849 926 5894 contra
965 5838 1291 5895 Chilﬂetium
1336 5840 1426 5908 qui
1481 5842 1531 5895 id
1580 5842 1861 5895 iuliciatur.

1977 3327 2120 3384 nus'l
2152 3331 2375 3386 dicens:
2422 3347 2442 3382 ι
2495 3329 2549 3385 Si
2582 3329 2724 3383 enim
2768 3329 2866 3384 hos
2896 3330 3078 3384 videas
3105 3329 3295 3400 dignos
3340 3329 3565 3387 Domino

1974 3421 2301 3487 sacerdotes,
2335 3421 2418 3476 vel
2466 3419 2863 3490 Exsuperiuml
2903 3422 3008 3493 67
3036 3422 3266 3488 Tolosze,
3314 3422 3398 3480 vel
3428 3423 3563 3477 Sim-

1978 3513 2200 3582 plicium
2221 3513 2462 3580 Viennae,
2483 3513 2565 3568 vel
2588 3512 2885 3567 Amandum
2911 3512 3239 3584 Burdegalae,
3265 3515 3347 3570 vel
3375 3514 3565 3584 Dioge-

1977 3606 2195 3661 niannm
2224 3606 2448 3673 Albigte,
2482 3606 2563 3660 vel
2588 3606 2907 3674 Dynamium
2941 3605 3244 3673 Ecolismae,
3273 3607 3357 3661 vel
3388 3606 3567 3661 Vene-

1978 3697 2207 3751 rundum
2240 3696 2495 3750 Arvernis
2521 3738 2536 3764 ,
2566 3696 2651 3751 vel
2695 3697 2952 3751 Alithinm
2996 3697 3251 3752 Cadurcis
3273 3739 3286 3762 ,
3316 3697 3398 3753 vel
3428 3713 3568 3754 nunc

1978 3788 2259 3855 Pegasium
2304 3787 2653 3855 Petrocoriis,
2698 3795 2989 3859 utcumque
3032 3803 3090 3844 se
3144 3788 3341 3844 habent
3387 3789 3568 3845 satculi

1976 3878 2137 3944 mala,
2167 3878 2378 3933 videbis
2424 3877 2665 3947 proiecto
2695 3879 3037 3950 dignissimos
3082 3879 3241 3935 totius
3270 3881 3568 3935 sanctitatis
3642 3876 3647 3879 “

1977 3986 2039 4024 ac
2067 3971 2212 4035 fidei,
2257 3972 2638 4042 religimiisque
2669 3973 2939 4029 custodes.
2982 3993 3000 4026 ι
3031 3974 3123 4029 1110
3152 3976 3205 4029 in
3236 3975 3347 4045 ipsa
3394 3975 3568 4031 domi-

1980 4062 2082 4117 niri
2116 4062 2315 4115 Natalis
2357 4063 2528 4133 vigilia
2561 4066 2818 4120 transisse
2856 4066 3086 4121 refertur
3104 4076 3163 4121 ω.
3203 4068 3357 4122 Mane
3388 4079 3567 4123 autem

1979 4156 2137 4223 iacto,
2174 4159 2441 4226 processio
2467 4159 2821 4213 solemnitatis
2860 4159 3062 4215 funeris
3097 4160 3212 4229 ejus
3243 4160 3561 4230 obsequium

1978 4292 2108 4345 Rem
2135 4292 2185 4345 in
2213 4291 2388 4344 medio
2410 4292 2659 4362 relinquit
2690 4292 3043 4362 Rosweydus.
3070 4292 3225 4348 Certe
3256 4295 3354 4349 etsi
3378 4310 3406 4347 a
3432 4294 3565 4349 Gre-

1978 4364 2129 4431 gorio
2161 4363 2410 4416 Paulinus
2441 4365 2526 4418 hic
2550 4366 2828 4432 presbyter
2850 4365 3149 4431 appellatus
3178 4364 3358 4427 fuerit,
3390 4376 3447 4419 ut
3471 4365 3563 4418 ha.

1980 4435 2105 4487 bent
2133 4434 2339 4501 aliquot
2367 4433 2598 4496 codices,
2624 4436 2699 4487 nil
2730 4435 2853 4487 inde
2872 4434 3062 4488 conlici
3087 4441 3279 4503 potest,
3305 4450 3424 4489 cum
3452 4437 3568 4489 inec

1977 4505 2201 4571 epismla
2230 4520 2257 4556 a
2291 4504 2516 4557 Paulino
2551 4514 2674 4559 tunc
2707 4505 3020 4574 presbytero
3064 4506 3225 4557 scribi
3260 4504 3519 4572 potuisset
3548 4524 3563 4568 ;

1980 4583 2139 4643 atque
2168 4576 2234 4627 ita
2267 4577 2381 4638 eius
2410 4576 2616 4627 titulum
2644 4576 2857 4643 legisset
2880 4574 3189 4642 Gregorius,
3232 4584 3288 4628 ut
3311 4575 3406 4641 ipsi
3441 4585 3568 4629 tunc

1978 4655 2092 4698 erat
2122 4644 2387 4714 prtelixus.
2428 4644 2533 4697 Sed
2575 4644 2939 4712 cujuscunque
2967 4644 3168 4698 Paulini
3213 4645 3393 4711 fuerit,
3437 4647 3568 4699 nihil

1974 4714 2040 4837 ge
2072 4730 2132 4770 ea
2161 4724 2334 4770 exstat
2371 4722 2564 4783 praeter
2600 4717 2765 4769 verba
2790 4729 2911 4783 qua:
2962 4714 3050 4770 hic
3078 4729 3106 4767 a
3149 4714 3408 4787 Gregorio
3452 4717 3566 4770 lau-

2012 4796 2190 4837 antur.

2012 4796 2190 4838 antur.

2052 4854 2068 4893 1
2115 4854 2444 4922 Exsuperius
2466 4869 2494 4907 a
2520 4853 2576 4909 S.
2607 4853 2930 4925 Hieronymo
2954 4854 3199 4911 laudatur
3229 4858 3282 4912 in
3314 4858 3468 4926 epist.
3497 4859 3562 4912 ad

1977 4925 2252 4980 Rusticum
2282 4925 2624 4994 monachum,
2650 4936 2704 4979 et
2724 4925 2844 4978 aliis
2867 4926 2917 4979 in
2951 4927 3102 4981 locis.
3142 4927 3325 4982 Eidem
3351 4925 3567 4996 scrip-it

1980 4997 2319 5050 Innocentius
2354 4996 2369 5048 1
2400 5011 2552 5063 popa.
2592 4999 2718 5064 Igjus
2762 4996 2955 5050 festum
2986 4999 3243 5052 recolitur
3274 4998 3360 5052 die
3386 4998 3455 5052 9.8
3479 5013 3563 5051 se-

1979 5068 2255 5133 ptembris.
2306 5066 2381 5119 De
2430 5065 2708 5135 Simplicio
2738 5066 2985 5121 Zuzimus
3031 5083 3162 5136 papa
3207 5072 3367 5136 epist.
3420 5070 3475 5120 7.
3511 5069 3563 5121 In

1976 5138 2128 5191 Golh.
2170 5148 2221 5207 et
2264 5137 2396 5189 ΒιιιΙ.
2428 5139 2634 5207 dicitur
2662 5137 2981 5207 Supplicius.
3039 5139 3112 5193 De
3156 5138 3396 5191 Amaudo
3445 5138 3564 5191 vide

1980 5209 2067 5260 lib.
2097 5208 2163 5261 de
2187 5206 2271 5260 Gl.
2300 5206 2451 5278 Gonl.
2472 5247 2486 5270 ,
2514 5223 2631 5278 cap.
2657 5208 2747 5261 45.
2776 5206 3137 5278 Dynamiusjn
3162 5208 3346 5271 Gorb.,
3371 5208 3559 5278 Regni.

1978 5290 2030 5399 ῗι
2062 5278 2190 5356 liud.
2241 5277 2492 5331 scribitur
2524 5277 2828 5331 Damianus.
2861 5279 3008 5343 Bec.,
3052 5276 3349 5331 Dinamium
3390 5276 3565 5350 Engo-

2000 5364 2174 5399 BSllilL’.

2000 5364 2174 5401 BSllllL’.

2051 5428 2088 5453 ιη
2131 5418 2204 5471 De
2234 5419 2288 5470 S.
2328 5418 2622 5473 Venerandi
2656 5418 2880 5472 ecclesia
2912 5416 3014 5484 agit
3045 5415 3332 5488 Gregorius
3364 5418 3455 5474 lib.
3496 5421 3565 5475 de

1980 5487 2161 5543 Gloria
2189 5490 2363 5551 (lout,
2390 5504 2512 5557 cap.
2544 5490 2633 5554 55,
2665 5498 2721 5542 01.
2744 5503 2920 5555 seqq.;
2946 5500 3274 5543 memoratur
3300 5491 3351 5543 in
3378 5491 3564 5545 libello

1982 5560 2047 5612 de
2067 5559 2267 5613 sanctis
2296 5561 2650 5623 Claromont.,
2678 5574 2791 5626 cap.
2821 5557 2911 5621 10,
2943 5558 3030 5611 ubi
3056 5560 3329 5626 complura
3350 5571 3565 5613 saneto-

1978 5645 2093 5681 rnm
2126 5641 2416 5699 tuartyrum
2448 5644 2673 5697 corpoz'a
2698 5629 2749 5682 in
2780 5643 2843 5681 ea
2868 5627 3075 5696 sepulta
3102 5628 3264 5683 fuisse
3290 5633 3556 5684 dicuntur.

1978 5699 2145 5754 lludie
2180 5710 2353 5754 exsuit
2381 5701 2431 5753 iu
2470 5700 2635 5752 hortis
2664 5699 2975 5752 monasterii
3013 5699 3260 5753 lllidiaui.
3299 5700 3428 5754 Vide
3462 5705 3561 5752 Sa-

1977 5771 2191 5823 varuuis
2223 5781 2395 5825 notus.
2428 5771 2483 5824 S.
2524 5769 2820 5823 Veneraudi
2845 5770 3038 5831 festum
3062 5771 3252 5824 colitur
3274 5771 3358 5826 die
3386 5770 3447 5826 l8
3475 5771 3562 5826 Ja-

1977 5856 2168 5895 lluai‘ll.
