4006 6182
370 394 463 449 2H

1318 377 1392 460 .8.
1436 371 1765 432 GREGQRII
1809 365 2110 423 EPISCOPI
2151 359 2587 420 TURONENSIS

3546 355 3653 412 εῑα

369 508 467 561 fuit
495 521 510 558 τ
540 511 655 575 post
683 500 835 569 cujus
868 497 1070 553 obitum
1100 493 1236 551 foeda
1270 491 1409 563 apud
1440 493 1586 546 cives
1618 503 1713 557 pro
1741 487 1952 556 episco-
1988 486 2035 547 Α
2063 486 2232 533 catus.
2256 478 2371 545 Quo
2396 474 2511 531 viso
2537 476 2608 527 ait
2633 492 2646 528 :
2678 472 2754 527 En
2778 472 2950 575 ipsum
2983 485 3138 542 quem
3171 470 3331 541 elegit
3360 471 3650 536 Dominus;

370 607 495 668 patu
527 595 751 651 intentio
787 600 812 628 ι
846 588 1175 643 vertebatur.
1207 586 1450 653 Cumque
1495 592 1675 652 partes
1722 581 1859 633 inter
1901 592 1960 632 se

370 688 575 747 divism,
609 684 772 737 alium
804 682 1075 749 aliumque
1106 678 1315 746 erigere
1338 674 1557 738 vellent,
1592 685 1779 740 magna
1811 668 1961 723 colli—

370 779 452 833 sio
490 784 608 831 erat
651 772 884 844 populis.
941 767 1315 823 Ilesidentibus
1356 773 1531 821 tamen
1572 762 1839 831 episcOpis
1872 758 1960 812 die

372 865 661 929 dominica,
685 862 877 917 mulier
900 859 1142 929 quoidam
1184 856 1353 911 velata
1386 864 1544 920 atque
1581 851 1774 906 devota
1812 851 1919 902 Deo
1944 890 1959 913 ,

373 958 633 1014 audenter
662 955 728 1009 ad
759 968 851 1009 eos
882 949 1199 1019 ingreditur,
1226 961 1345 1016 qua:
1370 946 1442 999 ait
1468 961 1480 996 :
1511 942 1704 996 Audite
1744 956 1849 1005 me,
1874 955 1963 992 sa-

375 1050 625 1107 cerdotes
658 1044 891 1100 Domini.
935 1041 1137 1099 Scitote
1163 1039 1339 1100 enim,
1371 1035 1511 1105 quod
1556 1050 1660 1087 non
1688 1041 1771 1087 est
1801 1032 1850 1084 in
1884 1030 1966 1086 his

378 1142 770 1213 beneplacitum
814 1138 944 1204 Deo,
974 1150 1108 1206 quos
1140 1133 1191 1186 hi
1230 1132 1296 1186 ad
1332 1128 1688 1184 sacerdotium
1731 1125 1964 1194 elegere.

383 1239 523 1292 Ecce
553 1235 696 1289 enim
728 1230 985 1286 Dominus
1028 1226 1185 1281 hodie
1227 1226 1341 1294 ipse
1373 1223 1472 1277 sibi
1506 1218 1806 1289 providebit
1830 1217 1969 1270 anti-

380 1327 582 1382 stitem.
617 1324 800 1392 Itaque
829 1322 994 1375 nolite
1027 1318 1351 1373 conturbare
1379 1328 1552 1383 neque
1576 1311 1829 1367 collidere
1876 1323 1971 1377 po-

386 1418 605 1497 pulum,‘
617 1414 710 1470 sed
737 1413 998 1481 patientes
1017 1420 1192 1465 estote
1216 1421 1531 1477 parumper:
1551 1406 1807 1459 Dominus
1829 1401 1968 1455 enim

385 1523 525 1563 nunc
553 1493 755 1577 dirigit,
790 1506 876 1573 qui
930 1511 1079 1571 regat
1126 1499 1423 1554 Ecclesium
1472 1497 1626 1550 hanc.
1677 1495 1767 1547 llis
1796 1493 1972 1559 itaque

384 1601 703 1659 mirantibus
745 1598 862 1653 haec
890 1597 1052 1651 verba
1072 1634 1089 1660 ,
1122 1594 1298 1649 subito
1325 1591 1571 1646 Rusticus
1596 1585 1809 1643 nomine
1832 1625 1849 1651 ,
1884 1585 1971 1653 qui

387 1704 500 1751 erat
530 1710 594 1749 ex
638 1694 750 1765 ipsa
779 1692 925 1746 urbis
949 1689 1205 1745 Arvernis
1235 1686 1452 1741 dimcesi
1486 1684 1783 1754 presbyter,
1816 1680 1977 1733 adve-

388 1793 465 1847 nit
494 1807 511 1847 :
542 1790 657 1860 ipse
684 1788 824 1843 enim
853 1787 961 1855 jam
996 1782 1203 1838 mulieri
1230 1797 1322 1850 per
1344 1780 1606 1833 visionem
1640 1775 1812 1831 fuerat
1836 1772 1975 1842 iudi-

466 2005 493 2032 ει
522 1993 611 2049 Sic
643 2006 772 2048 mss.
805 2003 1015 2051 omnes,
1041 1996 1091 2041 at
1120 1986 1245 2041 editi
1279 1984 1474 2038 habent
1507 1982 1595 2036 hic
1619 1993 1670 2034 et
1699 1981 1834 2035 infra
1862 1997 1982 2039 con-

399 2066 576 2121 tentio.
603 2062 820 2117 Certum
846 2071 925 2113 est
948 2072 1124 2113 tamen
1149 2074 1176 2109 a
1195 2058 1455 2116 Gregorio
1475 2055 1700 2111 aliisque
1716 2053 1978 2116 ejusmodi

390 2136 698 2191 Iuctoribus
721 2145 904 2185 vocem
918 2129 1132 2183 intentio
1154 2144 1248 2197 pro
1267 2126 1617 2194 exprimenda
1636 2126 1980 2188 contentione,

362 2240 369 2247 ο
395 2217 448 2265 ιιι
472 2205 759 2276 plurimum
789 2201 1050 2255 adhiberi.

464 2296 494 2337 ι)
536 2297 661 2367 Ejus
690 2294 881 2350 festum
908 2293 1102 2350 colitur
1127 2290 1215 2345 die
1242 2289 1313 2343 '24
1342 2290 1631 2359 septemb.;
1660 2287 1816 2357 vulgo
1847 2286 1981 2342 dici-

397 2381 485 2433 tur
512 2369 661 2426 Saint
688 2368 875 2431 Rotiri.

469 2473 494 2502 ο
534 2461 646 2515 lIoc
665 2467 825 2525 caput
852 2464 906 2511 et
929 2466 1037 2509 tres
1059 2451 1442 2526 seqq.,_idiest,
1478 2450 1572 2517 ιι,
1604 2449 1689 2526 l5,
1721 2450 1786 2511 16
1815 2459 1865 2506 et
1898 2451 1979 2513 l7,

398 2533 592 2588 desunt
622 2532 673 2584 in
706 2522 839 2584 Bell.
874 2537 927 2581 et
954 2528 1114 2580 Cnrb.
1136 2522 1203 2577 'ln
1227 2524 1382 2578 Colb.
1416 2538 1466 2577 a.
1497 2522 1637 2579 istud
1669 2532 1723 2576 et
1751 2536 1984 2592 sequens

398 2605 501 2658 alia
521 2615 702 2665 manu,
731 2598 826 2654 sed
855 2599 1071 2667 antiqua
1095 2595 1275 2650 addita
1299 2603 1443 2648 sunt.

469 2715 497 2754 ά
540 2715 678 2772 lnlra
724 2714 816 2768 lib.
857 2729 888 2766 x
912 2755 926 2779 ,
959 2726 1078 2777 eap.
1113 2710 1202 2772 51,
1238 2709 1432 2763 dicitur
1463 2715 1646 2761 sextus
1676 2703 1985 2779 e_pisr._'l'_u-

399 2803 547 2852 rom,
571 2786 710 2849 quod
735 2786 874 2838 inter
893 2776 986 2837 eos
1011 2782 1366 2836 Justinianum
1390 2789 1442 2833 et
1472 2777 1804 2852 Armenlium
1836 2776 1984 2852 Bri_c_~

402 2859 489 2915 cio
519 2845 776 2912 suffectos
825 2854 895 2908 ibi
929 2868 1032 2907 non
1066 2860 1367 2906 recenseat.
1398 2849 1722 2917 Apollinaris
1748 2861 1876 2899 vero
1904 2845 1987 2900 Si.

400 2930 594 2984 donius
622 2928 712 2982 lib.
746 2941 816 2992 tv,
850 2926 1006 2993 epist.
1044 2923 1138 2981 l8.
1183 2921 1429 2993 eumdem
1453 2930 1672 2993 sextum
1700 2932 1728 2970 a
1760 2918 1818 2975 Β.
1853 2917 1988 2970 Mar-

402 3002 513 3063 tiuo
542 3005 807 3062 numerat,
840 2992 974 3049 duos
1011 2993 1294 3062 pradictos
1321 2992 1673 3063 admittendo,
1697 3002 1803 3056 quo
1827 3001 1986 3063 sensu

405 3058 493 3125 hic
520 3071 726 3138 quintus
756 3058 1052 3138 dicipotrst
1081 3074 1198 3138 post
1228 3063 1283 3138 S._
1319 3062 1625 3138 Martinum,
1657 3061 1725 3111 ita
1758 3066 1815 3138 ut
1845 3058 1989 3138 Bricf

404 3130 543 3197 cius.
572 3141 774 3209 primus
823 3130 923 3209 sit,
983 3130 1120 3209 tntri_
1149 3134 1511 3209 J_ustinianus,
1546 3130 1884 3209 Armentius,
1935 3136 1991 3182 et

408 3202 628 3284 quartus
668 3208 1011 3273 Eustochins,
1039 3205 1125 3263 cui
1156 3205 1455 3274 Perpetuus
1492 3202 1771 3257 successit.

2065 586 2193 626 ecce
2235 571 2443 639 qualem
2492 568 2645 622 vobis
2698 564 2951 620 Dominus
2986 565 3286 633 pomilicem
3321 566 3599 620 destinavit
3635 584 3650 625 :

2067 663 2155 716 hic
2184 662 2461 715 ordinetur
2493 662 2795 730 episc0pns.
2822 658 2946 711 llzec
2973 672 3035 711 ea
3069 656 3341 725 loquente,
3367 660 3540 712 omnis
3571 676 3656 728 pn-

2068 755 2224 824 pulus
2258 762 2444 807 cuncta
2482 753 2775 806 intentione
2803 750 3094 819 postposita
3114 790 3127 812 ,
3159 750 3410 802 clamavit
3439 752 3654 817 dignum

2068 860 2129 900 ac
2158 845 2359 915 justum
2392 861 2531 900 esse.
2565 846 2662 913 Qui
2690 847 2741 897 in
2773 843 3024 897 cathedra
3058 846 3280 913 positus,
3312 848 3571 911 septimus
3608 846 3659 899 in

2067 939 2255 993 eodem
2302 940 2418 993 loco
2465 939 2805 1007 pontiﬁcatus
2836 938 2945 1011 63
2990 946 3269 1005 honorem,
3306 941 3503 1008 pepulo
3534 954 3661 1010 gau-

2068 1031 2251 1096 dente,
2286 1033 2521 1099 suscepit
2542 1030 2591 1084 δ.

2151 1121 2286 1175 XIV.
2320 1122 2469 1189 Apud
2491 1132 2513 1160 ο
2545 1124 2729 1175 urbem
2759 1137 2884 1176 vero
2915 1119 3255 1184 Turonicam,
3289 1122 3538 1176 defuncto
3561 1124 3665 1177 Eu-

2071 1215 2281 1269 stochio
2308 1215 2585 1283 episc0pu,
2610 1215 2841 1284 septimo
2863 1215 3071 1268 decimo
3087 1216 3370 1270 sacerdoui
3399 1216 3479 1269 sui
3502 1232 3663 1285 anno,

2071 1309 2289 1378 quintus
2313 1307 2339 1344 α
2375 1316 2493 1377 post
2524 1308 2736 1362 beatum
2783 1308 3066 1361 Martinum
3113 1308 3409 1384 Perpetuus
3454 1310 3671 1363 ordina-

2073 1409 2178 1453 tur.
2210 1400 2308 1467 Qui
2351 1416 2475 1453 cum
2529 1401 2756 1454 virtutes
2808 1400 3052 1457 assiduas
3097 1402 3162 1471 ad
3214 1403 3511 1470 sepulcrum
3551 1401 3671 1476 ejus

2074 1492 2189 1546 fieri
2221 1502 2490 1558 cerneret,
2521 1494 2765 1548 cellulam
2792 1509 2910 1564 quae
2941 1509 3101 1562 super
3131 1510 3248 1548 cum
3273 1494 3526 1548 fabricata
3553 1495 3671 1549 fne-

2073 1596 2178 1646 rat,
2241 1586 2427 1641 videns
2477 1587 2776 1656 parvulam,
2835 1587 3105 1655 indignam
3157 1588 3348 1641 talibus
3403 1589 3672 1642 miraculis

2070 1678 2354 1748 judicavit.
2388 1682 2501 1748 Qua
2533 1682 2801 1746 submota,
2847 1698 3090 1751 magnam
3124 1683 3194 1738 ibi
3224 1683 3520 1747 basilicam,
3553 1701 3672 1752 quae

2079 1787 2245 1841 usque
2298 1774 2456 1828 hodie
2486 1784 2785 1846 permanet,
2840 1775 3118 1831 fabricavit
3142 1786 3165 1812 θ
3196 1793 3209 1828 :
3242 1792 3360 1846 quae
3388 1778 3611 1834 habetur
3641 1794 3670 1832 a

2087 1984 2194 2038 ncis
2227 1984 2411 2041 tabulis
2442 1995 2545 2040 erat
2580 1997 2829 2055 opertum.
2869 1986 3119 2055 Ejusdem
3158 1987 3326 2040 sancti
3358 1987 3454 2040 viri
3485 1989 3672 2056 sepul-

2085 2070 2235 2109 crum
2265 2072 2399 2110 auro
2429 2068 2753 2124 argentoque
2783 2072 2845 2111 ac
2879 2058 3105 2124 gemmis
3139 2059 3385 2123 pretiosis
3418 2076 3446 2111 a
3480 2070 3673 2116 sancto

2086 2125 2259 2196 hligin
2291 2125 2601 2181 fabricatum
2626 2127 3015 2180 etadornatnm
3050 2127 3209 2180 fuisse
3241 2137 3423 2181 narrat
3450 2141 3671 2185 sanctus

2090 2200 2400 2251 Audoenus.
2433 2198 2674 2249 Absldam
2720 2213 2867 2261 vero,
2913 2198 3083 2263 qualis
3128 2214 3155 2248 a
3204 2198 3357 2251 beato
3410 2199 3674 2264 Perpetuo

2089 2277 2291 2320 structa
2339 2268 2531 2331 lui-rat,
2574 2268 2827 2320 describit
2873 2267 3197 2327 IIerberuus.
3244 2270 3331 2335 qui
3373 2284 3436 2323 ex
3483 2270 3676 2325 abbate

2089 2336 2303 2405 Majoris
2352 2338 2656 2390 Monasterii
2704 2338 2870 2391 factus
2902 2346 2984 2391 est
3029 2339 3466 2405 archiepiscnpus
3496 2340 3675 2394 Turo-

2089 2410 2267 2459 nensis
2316 2409 2510 2462 saeculo
2549 2422 2690 2461 neno
2736 2409 2965 2472 labente,
3018 2419 3134 2474 post
3174 2408 3482 2463 relationem
3535 2412 3677 2464 sacri

2089 2479 2328 2546 corporis
2357 2493 2420 2532 ex
2456 2477 2781 2548 Burgundio.
2808 2480 2932 2547 Ejus
2958 2490 3132 2532 autem
3160 2479 3344 2542 verba,
3380 2495 3498 2546 qua!
3531 2482 3677 2534 Ano-

2091 2563 2281 2617 nymus
2309 2551 2358 2601 in
2392 2548 2567 2601 Gestis
2603 2549 2854 2601 comitum
2891 2548 3352 2618 Andegavensium
3381 2550 3678 2616 adoptavit,

2089 2634 2153 2674 ex
2176 2618 2209 2669 2
2234 2633 2361 2671 mss.
2395 2618 2667 2673 codicibus
2700 2622 2800 2672 lmc
2832 2617 3172 2685 proferimus.
3208 2636 3225 2667 ι
3266 2619 3460 2672 Absida
3504 2621 3674 2686 siqui-

2090 2690 2210 2743 dem
2253 2689 2339 2741 ubi
2382 2703 2575 2754 (orptts
2626 2688 2767 2742 beati
2813 2690 3020 2742 Martini
3067 2689 3459 2754 continebatur,
3514 2707 3678 2759 quam

2091 2762 2250 2813 etiam
2281 2759 2583 2812 detulerant
2606 2760 2672 2812 ab
2699 2759 3095 2820 Autissiodoro,
3128 2759 3295 2813 fusilis
3316 2768 3430 2813 erat
3453 2775 3517 2813 ex
3543 2775 3678 2816 auro

2091 2838 2145 2887 et
2167 2840 2410 2903 argento,
2450 2832 2591 2897 quod
2625 2831 2818 2885 dicitur
2847 2830 3125 2891 electrum,
3169 2830 3514 2903 spissitudine
3541 2831 3680 2885 dno-

2094 2916 2209 2953 rum
2238 2900 2522 2968 digitorum
2544 2941 2557 2958 .
2592 2910 2971 2970 auctoremque
3011 2904 3191 2965 aperis
3240 2900 3451 2954 beatum
3482 2900 3683 2970 Perpe-

2094 2980 2239 3024 tuum
2286 2970 2581 3037 insculptor
2622 2969 2927 3038 (lesignarat
2973 2970 3228 3039 suffragio
3279 2970 3574 3026 litterarum
3626 2983 3679 3026 e-t

2094 3054 2344 3094 versuum
2392 3058 2406 3093 :
2460 3054 2557 3092 nec
2603 3050 2718 3092 erat
2765 3041 2920 3103 rima,
2973 3042 3233 3103 foramen,
3286 3039 3540 3103 fenestra,
3597 3043 3678 3096 vel

2095 3114 2288 3165 ostium
2323 3111 2377 3164 in
2408 3124 2491 3164 ea.
2528 3110 2673 3163 Hanc
2707 3122 2884 3165 autem
2937 3111 3135 3164 l'ererat
3169 3112 3354 3163 beatus
3387 3109 3682 3178 Perpetuus

2099 3181 2310 3249 quando
2340 3181 2561 3234 elevavit
2596 3196 2789 3247 Corpus
2818 3182 2930 3246 ejus
2957 3197 2985 3234 a
3022 3190 3162 3235 terra
3210 3180 3499 3235 involumtn
3535 3182 3682 3247 prius

2102 3253 2153 3306 in
2197 3267 2425 3317 purpura
2470 3250 2628 3304 rubea
2661 3264 2711 3304 et
2742 3252 3023 3318 diligenter
3054 3262 3335 3304 consutum
3359 3290 3372 3313 ,
3405 3252 3583 3319 sicque
3625 3254 3680 3305 in

497 3321 798 3378 cDefuncto
825 3320 962 3390 apud
995 3319 1291 3390 Condatum
1311 3318 1506 3390 _b_eato_
1534 3313 1775 3367 antistite
1820 3312 1993 3390 Turo-

2103 3300 2237 3375 Ιιιιηό
2266 3300 2504 3375 absidam
2547 3321 2740 3388 posuit.
2774 3300 2921 3374 Fecit
2962 3300 3335 3374 etiantﬁalt’areﬁ

410 3409 628 3459 penses,
668 3381 1086 3453 reclamantibus
1147 3388 1270 3441 licet
1311 3386 1559 3459 Pictavis,
1621 3398 1828 3437 sacrum
1866 3381 1995 3459 ejus

410 3455 821 3533 corpus’Ligeri
866 3459 1172 3533 impositum
1217 3458 1278 3533 in
1313 3457 1697 3533 urbem-suam
1745 3455 1991 3533 retulere.

412 3522 721 3601 Depositum
750 3542 834 3585 est
866 3522 1215 3601 priinojuxta
1242 3528 1393 3601 littus
1439 3527 1493 3601 in
1522 3524 1770 3601 locoqui
1804 3522 1999 3601 callido

413 3595 581 3657 Statio
604 3605 829 3672 corporis
870 3595 1002 3672 beati
1042 3599 1253 3672 Martini
1277 3598 1450 3672 dictus
1473 3597 1589 3672 fuit,
1617 3596 1705 3672 ubi
1739 3595 1999 3672 hodieque

416 3666 907 3734 visitnroratorium
927 3670 1070 3727 illius
1088 3668 1289 3723 nomini
1312 3682 1546 3721 sacrum.
1567 3667 1691 3720 Inde
1707 3666 1813 3718 alio
1828 3676 1999 3717 Iralts-

416 3746 579 3800 latum
612 3742 728 3807 fuit,
755 3751 809 3796 et
837 3741 1300 3804 crebrescentibus
1330 3737 1393 3791 ad
1421 3739 1535 3804 ejus
1565 3736 1866 3807 sepulcrum
1902 3734 2000 3786 mi-

418 3815 633 3882 raculis,
663 3812 890 3867 Brictius
918 3811 1034 3881 ejus
1064 3824 1343 3865 successor
1362 3818 1639 3882 annn_post
1667 3806 1807 3882 illius
1829 3816 1997 3858 tratzs~

419 3888 550 3940 itum
574 3877 857 3938 undecimo
880 3877 1162 3938 ecclesiam
1188 3921 1201 3945 ,
1232 3891 1287 3934 ιιι
1311 3879 1470 3933 habet
1493 3877 1805 3947 Gregorius,
1838 3890 2001 3942 supra

427 3961 606 4028 ipsum
662 3967 913 4028 sanctum
967 3968 1166 4021 corpus
1231 3950 1534 4028 exstruxit,
1595 3960 1757 4015 quam
1811 3951 1998 4028 postea

426 4015 622 4095 e'vertit
663 4015 1090 4095 Perpetuusku't
1135 4020 1653 4095 magnilicentiorem
1684 4015 1997 4095 emollit-a-

428 4105 534 4152 ret.
581 4094 638 4149 Itt
677 4084 817 4149 hanc
865 4084 1147 4147 basilicam
1186 4084 1331 4146 sacri
1385 4087 1633 4157 corporis
1681 4084 1996 4157 translatio-_

432 4183 555 4221 nem
589 4164 852 4220 describit
873 4162 1167 4229 Gregorius
1197 4161 1336 4213 libro
1363 4174 1377 4211 ι
1404 4152 1789 4229 γάρ’ΜίιτιοιιΙΑὶε
1820 4152 1999 4229 sancti

432 4236 676 4297 Martini,
708 4250 830 4303 cap.
867 4235 920 4286 6.
958 4224 1029 4285 De
1066 4232 1274 4303 eadem
1298 4228 1523 4303 basilica
1562 4227 1671 4296 agit
1724 4224 2002 4303 Apollina—

434 4308 515 4361 ris
549 4293 831 4365 Sidonius,
865 4312 996 4357 tunc
1047 4300 1312 4369 temporis
1343 4293 1713 4351 Arvernorum
1751 4293 2006 4369 antistes,

432 4391 597 4447 quam
650 4362 917 4447 invitante
953 4362 1232 4447 Rerpetito
1266 4369 1518 4447 versi-bus
1552 4364 1890 4447 exornavit“
1916 4362 2009 4431 qui

431 4432 488 4505 iit
532 4447 652 4515 ejus
682 4444 909 4513 epistola
947 4442 1033 4505 18,
1069 4432 1215 4515 libro
1246 4455 1317 4515 tv,
1338 4435 1775 4515 'adnLucoontiutu
1806 4432 2011 4511 baben-

437 4503 754 4569 turfAlio's
806 4503 1069 4566 versusa
1120 4509 1356 4562 Martino
1417 4504 1831 4561 Galliciensium
1898 4503 2013 4555 sive

438 4588 740 4638 Suevorum
796 4583 1045 4650 apostolo
1098 4580 1275 4633 editos
1331 4576 1513 4650 laudat
1549 4582 1751 4650 noster
1795 4572 2013 4650 gregu-

433 4653 545 4707 rius
578 4653 712 4705 libro
739 4668 773 4704 ν
797 4644 1067 4720 Historiae,
1090 4665 1211 4715 cap.
1237 4650 1341 4715 38;
1381 4649 1515 4703 alios
1547 4648 1694 4720 item,
1726 4644 2015 4720 arPaullno

437 4721 871 4776 Petroc0rdiensi
898 4718 1248 4789 compositos,
1283 4721 1369 4785 qui
1400 4722 1450 4775 in
1484 4721 1643 4773 variis
1671 4718 2017 4789 basiliraajlo-

436 4793 515 4845 cis
538 4791 787 4858 descripti
812 4798 985 4856 erant,
1010 4787 1174 4844 edidit
1209 4792 1268 4845 V.
1300 4790 1385 4844 Cl.
1417 4791 1648 4844 Jacobus
1679 4787 2014 4843 Sirmondus.

440 4862 606 4928 Quam
650 4876 776 4915 vero
804 4861 999 4914 exinde
1039 4861 1267 4913 Celebris
1297 4858 1455 4913 fuerit
1486 4860 1653 4914 saneti
1686 4859 1894 4912 Martini
1940 4866 2022 4909 tu-

438 4933 637 4994 mulus,
675 4946 738 4984 ex
785 4932 944 4983 variis
977 4929 1175 4999 passim
1220 4930 1463 4998 Gregorii
1500 4931 1628 4984 ιοοίς
1673 4938 1834 4997 patet,
1887 4942 2021 4995 quos

438 5000 744 5071 singillatim
774 4998 989 5071 referre
1012 5015 1114 5054 non
1142 5010 1317 5055 vacat.
1348 5000 1505 5066 Certe
1529 4998 1860 5070 rogesnostri
1887 5000 2024 5051 Mar-

441 5070 610 5127 tinum
636 5086 689 5125 ut
712 5070 994 5141 specialem
1026 5072 1170 5139 regni
1199 5073 1277 5124 sui
1311 5080 1586 5141 patronum
1621 5085 1833 5137 semper
1864 5083 2023 5121 vene~

441 5147 541 5198 rati
574 5153 719 5206 sunt,
748 5140 973 5211 ejusque
1013 5142 1282 5194 basilicam
1313 5140 1720 5211 variisdonartis
1752 5150 1806 5211 et
1833 5142 2024 5191 immu-

442 5215 698 5268 nitatibus
739 5210 1094 5267 cumularunt.
1140 5212 1268 5264 Eam
1307 5228 1334 5264 a
1371 5210 1704 5268 Willicbario
1751 5210 2022 5265 incensam

443 5284 784 5339 Chlotariusl
818 5284 1029 5337 restitui
1080 5290 1134 5335 et
1161 5292 1350 5335 stanno
1377 5283 1639 5349 enuperiri
1671 5281 1899 5336 curavit.
1930 5280 2029 5329 Va-

445 5356 521 5407 ria
551 5355 665 5419 ejus
710 5362 1024 5423 ornamenta
1065 5353 1256 5420 quibus
1288 5354 1408 5406 olim
1461 5353 1661 5405 nitebat
1706 5353 1889 5420 paucis
1935 5353 2026 5403 (18-

445 5423 630 5476 scribit
656 5436 868 5476 sant-tus
894 5426 1007 5478 Udo
1036 5425 1085 5476 in
1110 5439 1357 5476 sermone
1381 5428 1444 5475 de
1470 5422 1586 5490 ej~s
1616 5424 1985 5482 combustione
2011 5437 2022 5472 :

446 5492 699 5547 Crustulis
729 5500 1020 5547 marmoreis
1041 5496 1177 5547 intus
1198 5494 1414 5546 obdurta
1444 5503 1572 5546 erat.
1610 5493 1745 5544 Nam
1778 5494 2026 5547 interdum

452 5563 750 5619 Prototu‘sso
799 5581 1049 5617 marmore
1091 5566 1258 5631 paries
1302 5564 1636 5625 rubictmdus,
1686 5578 1821 5614 nunc
1876 5561 2029 5613 Pario

447 5636 720 5700 candidus,
752 5650 886 5685 nunc
913 5651 1111 5702 quoque
1143 5634 1363 5687 Prasiae
1392 5636 1590 5696 viridis,
1620 5639 1814 5686 varium
1842 5642 1886 5686 rt
1909 5634 2032 5685 satis

452 5706 723 5778 pulchrum
752 5704 953 5778 schema
985 5706 1324 5778 prreferebat;
1351 5716 1401 5778 et
1429 5707 1553 5775 [oris
1581 5704 1801 5778 aureolis
1831 5705 2037 5772 supplie-

452 5776 581 5832 rinis
599 5788 749 5848 atque
772 5776 974 5830 mmivis
1005 5776 1228 5844 fulgebat
1254 5776 1469 5843 lapillis,
1501 5776 1587 5827 sed
1622 5785 1673 5828 et
1704 5784 1885 5826 tectum
1907 5783 2039 5825 stan-

2098 3402 2152 3447 et
2173 3407 2465 3446 concavum
2495 3407 2557 3443 ex
2590 3392 2854 3457 lapidibus
2878 3391 3124 3444 tabulatis
3148 3407 3265 3458 qua!
3288 3406 3475 3461 magna
3504 3393 3680 3444 tabula

2096 3464 2395 3529 cooperuit,
2438 3471 2491 3514 et
2539 3475 2656 3513 cum
2704 3463 2822 3514 aliis
2854 3466 3210 3514 eaetneutavit.
3262 3461 3407 3514 Fecit
3443 3471 3495 3514 et
3539 3462 3683 3515 intus

2098 3536 2254 3588 aliaat
2285 3533 2523 3585 abSidam
2556 3546 2618 3585 ex
2650 3532 2932 3595 auricalco.
2960 3547 3123 3598 cupro
3146 3540 3200 3583 et
3221 3542 3412 3584 stanuo
3445 3531 3677 3597 rllsilctll,

2101 3606 2303 3657 habens
2335 3604 2569 3671 palmum
2602 3601 2654 3654 iu
2682 3602 3022 3667 spissitndute
3043 3617 3162 3655 eum
3191 3604 3326 3653 ostio
3352 3601 3506 3662 fusili,
3535 3604 3677 3669 quod

2099 3674 2369 3743 gumphiis
2407 3684 2460 3726 et
2497 3673 2787 3726 virtevellis
2828 3680 3146 3743 etquatuor
3174 3672 3691 3743 ClllVlbUiJIl‘lllttba-

2103 3754 2207 3807 tur,
2240 3746 2325 3798 ubi
2349 3753 2404 3797 et
2425 3743 2564 3796 hanc
2592 3744 2831 3797 absidam
2861 3742 3171 3797 electrinam
3199 3744 3393 3809 posuit.
3423 3742 3570 3795 Fecit
3594 3744 3693 3795 de—

2103 3816 2261 3883 nique
2303 3817 2502 3866 lredam
2534 3813 2765 3879 desiiper
2793 3829 2923 3871 auro
2951 3813 3151 3880 nptiuto
3193 3824 3248 3868 et
3280 3813 3539 3881 lapidibus
3567 3828 3694 3881 pres

2106 3886 2257 3939 tiosis
2286 3893 2551 3949 ornatam,
2587 3892 2730 3937 tanto
2757 3884 3037 3937 sacerdote
3063 3884 3402 3953 cendignam.
3449 3900 3469 3933 ι

2176 3975 2368 4029 Saeculi
2399 3976 2665 4027 undecimi
2686 3976 2835 4028 initio
2854 3975 3077 4028 ecclesia
3095 3976 3259 4028 sancti
3280 3973 3507 4037 Martini,
3531 3988 3691 4041 quum

2105 4046 2419 4103 Nortmanni
2452 4048 2886 4105 eombusserant,
2914 4061 3018 4098 non
3052 4054 3341 4097 restaurata
3379 4044 3556 4105 tundo,
3590 4044 3690 4095 sed

2109 4135 2241 4173 nova
2279 4119 2487 4183 penitus
2514 4133 2541 4169 a
2574 4116 2933 4169 fundamentis
2968 4117 3226 4168 :edilicata
3260 4116 3354 4166 fuit
3386 4116 3452 4166 ab
3484 4115 3694 4167 Herveo

2110 4188 2466 4247 tbesaurariu,
2497 4200 2563 4239 eo
2602 4187 2713 4239 l'ere
2746 4189 2923 4252 modo,
2959 4201 3067 4253 quo
3100 4186 3256 4238 hodie
3286 4186 3485 4236 visitur.
3527 4184 3699 4252 llujus

2111 4260 2345 4313 basil-cae
2373 4257 2762 4309 dediCatiOnem
2794 4257 3105 4310 solemniter
3138 4256 3325 4307 laetam
3366 4255 3527 4307 fuisse
3556 4269 3694 4307 scr;-

2113 4330 2188 4382 bit
2218 4326 2411 4380 Glaber
2444 4326 2770 4394 ltodulpbus.
2805 4327 2955 4380 Tunc
2995 4342 3092 4380 suo
3125 4328 3239 4378 loco
3267 4325 3565 4378 restitutmn
3618 4333 3705 4392 est

2112 4400 2252 4454 beati
2284 4397 2537 4450 antistitis
2568 4413 2760 4464 corpus
2781 4437 2795 4459 ,
2829 4396 2968 4463 quod
3003 4397 3092 4461 ibi,
3131 4406 3186 4447 ut
3214 4394 3413 4449 smculo
3452 4396 3700 4461 sequenti

2113 4470 2300 4525 st-ribit
2329 4468 2623 4535 Sigibertus
2650 4468 3071 4532 Gemblaoensis,
3105 4468 3194 4519 sub
3223 4466 3415 4518 ciboria
3441 4481 3591 4526 auro,
3624 4479 3714 4516 ar-

2117 4549 2266 4613 gento
2296 4539 2605 4613 gemmisque
2625 4539 3054 4613 reatitorlecentet:
3071 4538 3395 4613 (allegatum,
3431 4536 3711 4613 tniraculis

2120 4606 2456 4665 coruscabat.
2488 4606 2764 4663 Cibortum
2799 4609 2923 4660 illud
2955 4624 2982 4657 a
3016 4607 3337 4661 Calvinianis
3377 4606 3574 4658 sa'culo
3615 4620 3711 4657 su-

2052 4691 2097 4751 D
2127 4683 2322 4749 periuri
2365 4681 2709 4751 destructum,
2732 4688 2891 4751 atque
2921 4677 3439 4751 dilapidatum‘l'uit:
3474 4675 3711 4751 sedqua

2127 4747 2295 4806 forma
2320 4750 2444 4805 olim
2473 4749 2757 4815 exstiterit,
2795 4750 2975 4802 videre
3006 4750 3127 4802 licet
3153 4764 3216 4800 ex
3245 4749 3381 4800 vitro
3405 4747 3585 4800 sacelli
3614 4751 3712 4799 eu-

2122 4822 2334 4892 jusdam
2365 4822 2416 4873 in
2442 4821 2524 4892 ala
2547 4820 2949 4887 septentrionali
2982 4820 3198 4887 majoris
3226 4818 3460 4892 basilica:
3484 4820 3593 4892 s_i_ti,
3617 4817 3711 4892 ubi

2130 4886 2428 4946 Lulovicus
2461 4889 2525 4943 XI
2576 4886 2896 4944 ﬂaucorum
2939 4906 3031 4943 rex
3062 4886 3239 4943 coram
3283 4890 3450 4941 sancti
3498 4886 3712 4941 Martini

2129 4970 2377 5030 sepu‘cro
2398 4965 2495 5013 sub
2513 4960 2715 5014 ciborio
2735 4963 3018 5023 existente,
3038 4960 3349 5028 genulIexus
3371 4974 3551 5023 orans,
3577 4958 3717 5009 dtu»—

2129 5035 2228 5090 bus
2264 5037 2312 5086 in
2337 5032 2467 5085 locis
2493 5033 2733 5099 depictus
2762 5040 2862 5086 est.
2896 5031 3145 5084 \isuntur
3165 5042 3217 5083 et
3248 5030 3316 5081 ibi
3347 5030 3464 5081 alia:
3496 5036 3716 5099 sancto-

2133 5122 2251 5160 rum
2292 5119 2487 5171 Capsa),
2521 5097 2639 5171 qua:
2670 5112 2791 5154 ante
2822 5103 2962 5153 illam
2993 5100 3195 5154 cladem
3235 5102 3375 5153 circa
3409 5098 3547 5152 beati
3573 5097 3720 5171 ειηιίτ

2132 5186 2271 5229 διιιιε
2292 5169 2551 5227 tumulum
2570 5174 3001 5225 asservabantnr.
3028 5172 3292 5224 Caeterum
3324 5172 3420 5221 etsi
3454 5170 3588 5220 beati
3615 5169 3719 5221 viri

2132 5255 2435 5311 sepulcrum
2487 5254 2563 5296 tot
2613 5244 2816 5296 vicibus
2870 5242 3054 5295 luisset
3104 5257 3133 5293 e
3188 5242 3303 5293 loco
3351 5255 3448 5292 suo
3479 5252 3719 5311 "totum,

2136 5306 2369 5373 nondum
2400 5326 2577 5367 tamen
2604 5322 2721 5380 post
2751 5328 2971 5381 prunam
2996 5327 3025 5363 a
3052 5313 3207 5364 beato
3238 5313 3495 5378 Perpetuo
3523 5306 3725 5381 factam

2136 5387 2537 5441 translationem
2580 5378 2822 5451 apertum
2858 5384 3051 5435 fuerat.
3086 5383 3137 5434 Id
3172 5393 3314 5449 patet
3344 5397 3405 5433 ex
3444 5379 3609 5451 veteri
3640 5378 3727 5451 in.

2134 5466 2453 5519 stramento,
2478 5450 2706 5521 quodex
2741 5468 2840 5505 ms.
2863 5453 3050 5506 codice
3077 5462 3246 5506 sanctt
3272 5450 3479 5505 Martini
3502 5464 3532 5502 a
3564 5450 3728 5503 nobis

2133 5528 2456 5595 descriptum
2491 5530 2594 5578 huc
2628 5530 2864 5592 proferre
2895 5526 3063 5576 visum
3095 5532 3194 5577 est.

2216 5637 2235 5670 ι
2276 5617 2540 5671 Ρτςιξεειιιιξ
2571 5615 2762 5668 Carolo
2790 5615 3013 5668 Pulchro
3044 5630 3164 5669 cum
3199 5627 3364 5667 uxore
3392 5626 3482 5664 sua
3514 5611 3734 5663 mul'is-

2142 5706 2246 5759 que
2277 5688 2613 5759 episcopiset
2642 5687 2989 5759 principibus,
3022 5686 3283 5759 permissu
3310 5684 3532 5737 Ioannis
3558 5681 3735 5748 XXII,

2144 5755 2285 5814 anno
2320 5756 2484 5824 l525,
2538 5758 2623 5812 die
2655 5757 2679 5809 l
2712 5758 3041 5826 Decembris,
3078 5755 3396 5812 translatum
3442 5764 3526 5809 est
3568 5761 3733 5820 caput
