4006 6182
266 319 371 373 213

1171 315 1491 375 HISTORIA
1537 317 1903 373 FRANCORU
1922 316 1990 370 Μ.
2034 315 2233 369 LIBER
2275 316 2652 372 SECUNDUS.

3432 325 3537 382 ΞΗ

264 436 483 489 civitate
530 449 722 505 passus
770 434 1093 505 quingentos
1137 435 1539 505 quinquaginta.
1590 435 1757 490 liabet
1802 435 1854 487 in
1884 437 1936 496 Α
2024 430 2150 486 XV.
2193 431 2271 485 Eo
2325 441 2565 496 tempore
2616 441 2671 487 et
2721 432 2935 487 basilica
2975 432 3113 489 beati
3168 436 3541 507 Symphoriani

266 527 484 595 longum
536 528 701 596 pedes
741 536 953 581 centum
1003 528 1347 597 sexagintaa,
1398 529 1451 581 in
1497 529 1660 581 latum
1708 542 1863 581 sexa-

262 620 409 687 ginta
442 636 458 673 :
495 619 658 673 habet
686 618 736 671 in
763 619 926 671 altum
958 633 1128 689 usque
1153 618 1217 672 ad
1250 634 1515 672 cameram
1545 619 1709 688 pedes
1732 633 1862 688 qua-

262 710 509 779 draginta
534 713 805 780 quinque;
835 711 1096 765 fenestras
1118 712 1169 765 in
1203 712 1394 766 altario
1416 711 1444 750 ι’
1469 712 1679 782 triginta
1706 712 1859 777 duas,

265 802 318 857 in
349 819 521 873 capso
548 805 758 876 viginti,
778 806 1059 860 columnas
1079 806 1423 877 quadraginta
1450 823 1631 863 unam.
1666 807 1719 862 ln
1749 817 1860 861 toto

262 897 495 952 editicio
524 898 784 953 fenestras
813 900 1195 969 quinquaginta
1225 901 1377 969 duas,
1408 902 1685 956 columnas
1736 918 1861 957 cen-

266 1001 377 1043 tum
411 992 630 1060 viginti;
662 991 800 1046 ostia
842 1002 995 1058 octo,
1040 994 1136 1047 tria
1180 992 1230 1046 in
1271 993 1493 1055 altario,
1530 994 1766 1062 quinque
1806 993 1859 1047 in

262 1095 454 1148 capso.
480 1082 803 1137 SOIemnitas
828 1084 969 1139 enim
1000 1085 1165 1153 ipsius
1189 1084 1419 1139 basilica:
1444 1085 1637 1154 triplici
1664 1085 1860 1141 virtute

271 1174 474 1243 pollet:
508 1175 559 1228 id
585 1184 668 1230 est
696 1175 1032 1231 dedicatione
1064 1177 1267 1245 templi,
1304 1177 1646 1233 translatione
1673 1192 1863 1247 corpo-

270 1267 346 1321 ris
391 1269 605 1333 sancti,
639 1268 724 1322 vel
774 1268 1110 1324 ordinatione
1160 1270 1274 1339 ejus
1323 1271 1678 1342 episcopatus.
1714 1273 1862 1328 lianc

267 1360 413 1412 enim
456 1369 653 1428 quarto
694 1374 861 1413 nonas
889 1360 1058 1416 Julias
1085 1361 1398 1417 observahis
1427 1378 1441 1418 :
1474 1363 1859 1433 depositionnn‘i

268 1463 400 1503 vero
428 1449 547 1518 ejus
570 1451 728 1504 tertio
754 1451 872 1504 idus
887 1450 1201 1506 Novembris
1228 1467 1347 1507 esse
1375 1468 1685 1523 cognoscas.
1710 1456 1862 1521 Quod

264 1542 311 1595 si
346 1541 577 1595 ﬁdeliter
607 1544 986 1608 celebraveris,
1032 1552 1083 1597 et
1112 1543 1165 1597 in
1200 1546 1448 1609 precati
1478 1546 1694 1612 smeulo,
1727 1556 1780 1601 et
1810 1547 1861 1599 in

270 1630 485 1695 futuro,
538 1631 830 1697 patrocinia
876 1631 1017 1685 beati
1063 1631 1317 1687 antistitis
1349 1636 1762 1702 promcrelieris.
1800 1636 1861 1689 Et

267 1723 526 1788 quoniam
558 1738 771 1776 camera
802 1724 1007 1777 cellulae
1039 1722 1183 1778 illius
1219 1726 1409 1792 prioris
1441 1726 1671 1795 eleganti
1702 1742 1864 1796 opere

1965 524 2465 594 Augustoduuensis
2511 525 2757 594 martyris
2800 525 2866 581 ab
2923 526 3173 582 Enfronio
3228 530 3543 602 presbytero

1964 617 2223 672 aedificata
2246 626 2348 671 est.
2378 618 2440 669 Et
2471 617 2583 684 ipse
2613 617 2912 684 Eufronius,
2940 618 3097 686 hujus
3121 621 3372 691 deinceps
3394 617 3543 680 urbis

1964 710 2327 777 episcopatum
2355 711 2578 765 sortitus
2606 719 2687 765 est
2708 720 2752 763 ο.
2804 711 2898 765 Hic
2944 713 3084 766 enim
3133 730 3365 771 marmor
3400 722 3541 788 quod

1962 816 2123 868 super
2149 810 2389 855 sanctum
2420 803 2720 870 sepulcrum
2751 803 2889 857 beati
2918 804 3123 860 Martini
3152 808 3391 877 habetur,
3421 827 3541 867 cum

1962 893 2149 961 grandi
2180 893 2463 947 devotione
2495 895 2809 951 transmisit.

2039 984 2175 1038 XVI.
2205 984 2475 1040 Sanctusd
2509 1001 2637 1039 vero
2661 986 2954 1052 Namatius,
2976 1002 3093 1058 post
3114 991 3315 1047 obitum
3340 994 3543 1052 Rustici

1966 1076 2226 1146 episcopi,
2258 1078 2396 1147 apud
2442 1078 2711 1131 Arvernos
2752 1080 2803 1131 in
2832 1079 3018 1134 diebus
3050 1081 3152 1136 illis
3181 1092 3400 1139 octavus
3429 1098 3545 1142 erat
3602 1086 3605 1091 ⁴

1967 1168 2267 1236 cpiscopus.
2303 1168 2400 1221 llic
2431 1166 2713 1222 ecclesiam
2746 1183 2863 1237 qua:
2894 1185 3031 1224 nunc
3060 1182 3337 1242 constat“,
3378 1185 3431 1231 et
3458 1192 3545 1233 se-

1968 1260 2087 1313 nior
2116 1259 2249 1313 infra
2281 1275 2462 1314 muros
2502 1260 2735 1315 civitatis
2767 1260 3029 1329 habetur,
3055 1277 3154 1317 suo
3183 1266 3360 1321 studio
3383 1266 3545 1324 fabri.

1967 1353 2126 1419 eavit,
2160 1352 2441 1408 habentem
2487 1355 2539 1408 in
2588 1354 2801 1426 longum
2836 1356 2997 1425 pedes
3027 1367 3240 1411 centum
3286 1362 3545 1432 quinqua.

1967 1443 2129 1515 ginta.
2166 1444 2216 1498 in
2245 1446 2407 1505 latum
2450 1445 2609 1514 pedes
2653 1448 2965 1515 sexaginta,
3009 1449 3058 1503 in
3090 1450 3253 1505 altum
3296 1453 3427 1509 infra
3457 1471 3548 1512 ca-

1969 1548 2119 1604 psum
2166 1550 2331 1601 usque
2370 1550 2658 1601 cameram,
2701 1536 2861 1604 pedes
2911 1537 3547 1611 quinquaginta:iuante

1968 1624 2207 1679 absidem
2248 1628 2531 1681 rotundam
2566 1626 2789 1692 habens,
2832 1630 2898 1683 ab
2931 1644 3151 1699 utroque
3184 1634 3347 1691 latere
3375 1639 3545 1694 ascei-

1969 1716 2047 1770 las
2077 1717 2302 1787 eleganti
2348 1727 2680 1773 constructas
2711 1736 2891 1789 opere,
2948 1732 3219 1793 totumque
3261 1728 3545 1787 tedificiutn

268 1815 451 1867 fuerat
482 1812 737 1867 fabricata
759 1853 774 1877 ,
804 1812 1081 1883 indignum
1120 1812 1270 1866 duxit
1298 1816 1549 1869 sacerdos
1569 1859 1583 1879 ,
1614 1826 1671 1870 nt
1700 1832 1859 1885 opera
1895 1819 1936 1875 Β
1966 1806 2017 1863 in
2051 1810 2264 1863 modum
2292 1812 2465 1865 crucis
2495 1810 2719 1867 habetur
2740 1815 3059 1879 expositum.
3094 1814 3262 1869 Habet
3285 1818 3543 1876 fenestras

267 1908 389 1974 cjns
435 1907 784 1975 deperirent:
823 1906 916 1961 sed
956 1907 1008 1959 in
1050 1906 1253 1960 honore
1284 1906 1557 1960 beatorum
1590 1909 1859 1977 apostolo-

269 2016 394 2054 rum
429 1999 571 2053 Petri
594 2007 647 2052 et
679 2000 824 2053 Pauli
846 2000 1003 2053 aliam
1034 2001 1334 2055 construxit
1360 2002 1653 2066 basilicam,
1680 2004 1731 2055 in
1760 2018 1859 2071 qua

267 2105 543 2145 carueram
570 2091 715 2144 illam
749 2090 942 2145 aflisit.
974 2092 1161 2147 Multas
1190 2103 1245 2148 et
1271 2094 1405 2147 alias
1429 2094 1670 2169 basilicas
1693 2094 1862 2148 ωαξη-

270 2183 440 2251 cavit,
471 2198 591 2252 qua:
615 2197 780 2253 usque
793 2184 902 2254 69
914 2182 1070 2239 hodie
1085 2185 1138 2238 in
1153 2184 1349 2240 Christi
1367 2187 1579 2239 nomine
1593 2194 1858 2240 constant.

265 2409 323 2464 S.
354 2408 565 2462 Martini
588 2423 617 2461 a
647 2408 880 2463 Roberto
904 2409 1153 2479 episc0po
1174 2407 1510 2475 Carnotensi,
1534 2418 1716 2478 aperto
1738 2425 1863 2466 san-

264 2480 340 2534 cti
379 2480 593 2533 Martini
623 2481 888 2547 sepulcro.

344 2570 363 2601 ι
401 2551 456 2602 1η
479 2566 585 2616 quo
606 2550 820 2619 quidem
845 2549 1090 2617 sepulcro
1116 2550 1435 2604 invenerunt
1462 2564 1674 2618 capsam
1698 2566 1857 2604 unam

266 2631 603 2692 argenteam,
638 2630 689 2674 et
720 2621 771 2692 in
802 2620 985 2673 eadem
1005 2621 1275 2692 fcistellam
1311 2621 1578 2692 salliceam
1610 2621 1864 2675 mirabili-

268 2705 351 2745 ter
381 2690 556 2744 albam
589 2698 643 2744 et
672 2690 966 2753 recentem,
1002 2691 1053 2743 in
1100 2706 1200 2759 qua
1241 2706 1433 2757 corpus
1463 2690 1703 2758 ejusdem
1736 2692 1858 2746 bea-

267 2760 466 2815 tissimi
499 2759 824 2815 confessoris
853 2761 1145 2815 honorifice
1177 2770 1489 2829 reposuerat
1518 2763 1703 2814 beatus
1735 2762 1861 2816 Pcr-

267 2843 489 2901 petnus,
530 2833 617 2899 qui
648 2846 791 2884 anno
834 2832 1169 2899 sexagesimo
1198 2840 1388 2899 quarto
1430 2842 1547 2897 post
1581 2833 1857 2886 transitum

268 2900 644 2972 gloriosissimi
670 2902 879 2955 Martini
902 2902 1042 2955 sedis
1065 2900 1341 2956 Turonicaz
1363 2904 1721 2956 cathedralem
1743 2918 1862 2956 sor-

268 2970 400 3026 titus
434 2970 608 3026 fuerat
646 2972 979 3038 dignitatem.
1014 2973 1279 3037 Aperiens
1327 2983 1503 3027 autem
1550 2987 1668 3025 cum
1699 2974 1860 3026 devo-

269 3045 421 3097 tione
461 3051 518 3095 et
562 3052 795 3097 tremore
832 3043 923 3096 ille
967 3042 1283 3103 venerabilis
1331 3044 1610 3110 epiSCOpus
1656 3040 1860 3096 Carno-

272 3113 445 3166 tensis
472 3113 734 3167 cistellam
769 3114 818 3164 in
848 3127 947 3182 qua
980 3128 1173 3179 corpus
1197 3112 1562 3167 beatissimum
1591 3113 1854 3179 latitahat,

1965 1904 2311 1974 quadraginta
2341 1904 2495 1969 duas,
2527 1905 2801 1960 columnas
2842 1908 3195 1977 septuaginta,
3229 1912 3359 1964 ostia
3401 1926 3543 1974 octo.

1964 1992 2162 2046 Terror
2193 2009 2420 2062 namque
2456 1994 2650 2048 ibidem
2694 1994 2812 2061 Dei,
2847 2006 2899 2048 et
2938 1998 3153 2050 claritas
3185 2015 3373 2069 magna
3416 2019 3545 2058 ροη-

1964 2084 2224 2152 Spicitur;
2257 2094 2309 2137 et
2340 2098 2460 2139 vere
2493 2085 2809 2154 plerumque
2840 2084 2967 2140 inibi
2998 2088 3132 2143 odor
3158 2093 3307 2161 quasi
3335 2110 3545 2151 aroma-

1966 2188 2073 2233 ttnn
2107 2180 2451 2234 suavissimus
2481 2177 2734 2236 advenire
2772 2193 2800 2233 a
2842 2178 3102 2251 religiosis
3144 2186 3391 2242 sentitur.
3436 2187 3548 2247 Pa»

1963 2407 2879 2481 quentiiactafuisseindicatitlem
2920 2407 3229 2481 registrum.
3267 2412 3420 2466 Auno
3446 2426 3541 2466 au-

1965 2476 2068 2535 rem
2093 2477 2250 2541 1564,
2275 2480 2361 2533 die
2388 2480 2420 2533 5
2445 2476 2819 2551 Julii,_ea:dem
2854 2477 3081 2546 reliquid:
3107 2481 3161 2532 in
3187 2496 3338 2543 capsa
3366 2485 3544 2551 positi:

1961 2551 2193 2616 repositae
2213 2559 2331 2603 sunt
2369 2564 2522 2618 super
2552 2548 2717 2602 altare
2742 2550 2961 2620 existens
2991 2561 3123 2603 retro
3146 2551 3312 2620 majus
3343 2548 3505 2607 altare
3527 2594 3542 2613 .

1962 2623 2048 2676 ubi
2075 2621 2266 2675 solebat
2294 2636 2399 2673 esse
2425 2635 2581 2685 capsa
2619 2621 2781 2672 sancti
2812 2618 3042 2673 Martini.
3070 2621 3198 2687 Quae
3220 2618 3360 2675 anno
3385 2624 3543 2687 1656,

1962 2694 2051 2748 die
2082 2691 2361 2746 undecima
2410 2690 2738 2759 Septembris
2766 2690 3073 2744 solemniter
3102 2702 3223 2744 sunt
3248 2694 3470 2747 visitata:
3510 2709 3540 2748 a

1964 2773 2074 2818 toto
2117 2761 2370 2830 capitulo.
2406 2760 2606 2813 Visitur
2655 2758 2917 2828 hodieque
2967 2762 3105 2814 istud
3148 2762 3312 2816 altare
3362 2763 3542 2816 multis

1962 2829 2216 2905 gradibus
2237 2829 2651 2905 elevatum,_sub
2675 2831 3014 2905 q_uo__positus
3039 2842 3119 2905 est
3150 2832 3282 2905 lapis
3312 2834 3553 2899 sepulcri-

1965 2900 2105 2962 heati
2144 2903 2379 2966 Martini,
2413 2901 2497 2954 ubi
2530 2901 2581 2953 in
2616 2901 2905 2967 majoribus
2945 2900 3318 2955 festivitatibus
3362 2918 3547 2957 sacer-

1962 2976 2059 3032 dos
2106 2974 2384 3031 celebrans
2431 2970 2645 3024 missam
2695 2971 2926 3035 inchoat,
2970 2980 3124 3037 atque
3153 2972 3220 3024 ad
3265 2972 3349 3026 illa
3383 2976 3543 3029 verba

1963 3056 2084 3115 post
2109 3043 2495 3101 confessionem
2519 3081 2532 3105 ,
2568 3042 2897 3115 Oramus‘te,
2946 3039 3158 3115 peritiae
3182 3082 3198 3115 _,
3238 3060 3327 3109 per
3368 3046 3547 3098 merita

1963 3109 2255 3170 sanctorum
2285 3120 2506 3171 tuorum,
2543 3125 2762 3179 quorum
2796 3109 2879 3162 hic
2908 3110 3134 3178 reliquiae
3171 3112 3440 3177 habentur,
3482 3116 3545 3167 il-

270 3195 432 3251 Caput
476 3197 596 3236 cum
624 3183 826 3251 reliquo
856 3181 1079 3251 Corpore
1100 3182 1167 3254 ad
1200 3184 1367 3236 instar
1394 3183 1632 3238 infantuli
1658 3184 1860 3241 involu-
1891 3191 1936 3254 ρ
1969 3188 2076 3241 lum
2110 3185 2337 3252 lapidem
2368 3182 2661 3254 osculatur,
2690 3190 2801 3254 tum
2830 3181 2895 3232 ad
2923 3181 3089 3254 altare
3115 3184 3287 3249 majus
3317 3185 3545 3249 accedit,

256 3264 387 3307 tum
431 3263 485 3306 et
524 3255 762 3323 ligatum,
809 3254 1050 3307 cedulam
1088 3253 1353 3322 alligatam
1404 3254 1634 3319 invenit,
1668 3254 1719 3307 in
1760 3271 1861 3322 qua

271 3326 535 3390 scriptum
574 3334 688 3378 erat
732 3342 744 3375 :
789 3338 875 3377 mc
918 3338 1014 3378 esr
1051 3337 1247 3378 cuneos
1286 3340 1442 3378 nam
1482 3325 1713 3379 MABTINI
1754 3341 1869 3379 ενι-

272 3410 422 3449 scopt
452 3393 803 3449 TURONENSIS.
832 3396 950 3460 Quo
976 3396 1111 3455 viso,
1139 3396 1538 3462 congaudentes
1564 3396 1614 3448 in
1643 3396 1868 3450 Domino

272 3466 339 3518 de
365 3474 475 3516 tam
504 3465 738 3531 pretioso
763 3466 1013 3520 thesauro
1035 3465 1117 3518 hic
1145 3475 1380 3533 reperto,
1408 3464 1547 3519 idem
1578 3466 1866 3533 episc0pus

275 3536 623 3588 Carnotensis
648 3536 864 3602 inctepit
894 3535 1113 3589 solvere
1133 3546 1374 3590 sanctum
1398 3549 1613 3603 corpus,
1639 3537 1779 3604 quod
1800 3552 1865 3589 ex

273 3606 505 3674 quadam
530 3620 657 3675 zona
683 3607 907 3660 candida
926 3622 955 3658 a
978 3606 1139 3675 beato.
1157 3607 1416 3675 Perpetuo
1440 3614 1677 3673 tempore
1703 3616 1866 3660 trans-

274 3675 495 3729 lationis
543 3674 784 3743 ejusdem
831 3676 1071 3744 corporis
1112 3674 1285 3731 fuerat
1325 3678 1403 3729 sic
1446 3677 1685 3743 ligatum,
1716 3677 1864 3742 ejus-

273 3761 381 3814 que
425 3748 648 3815 proprio
693 3748 868 3816 sigillo
918 3746 1226 3816 sigillatum.
1285 3747 1434 3813 Quod
1477 3760 1596 3799 cum
1634 3747 1864 3800 solutum

275 3817 472 3870 inisset
503 3826 557 3870 et
596 3818 861 3872 detectum
883 3859 897 3881 ,
930 3819 1069 3871 idem
1101 3820 1384 3886 episcopus
1414 3816 1698 3872 insinuavit
1720 3820 1865 3885 regi,

274 3886 419 3954 quod
436 3895 599 3954 caput
623 3888 914 3947 beatissimi
941 3889 1265 3943 confessoris
1286 3888 1573 3953 acciperet,
1592 3895 1645 3941 et
1668 3890 1718 3940 in
1743 3903 1868 3942 vase

275 3971 446 4010 aureo
475 3957 800 4031 deponeret,
830 3958 971 4028 quod
1010 3967 1125 4012 erat
1154 3959 1295 4012 illico
1338 3966 1709 4031 prteparatmn.
1759 3958 1868 4013 Sed

276 4042 374 4080 rex
415 4027 607 4081 nolens
653 4044 752 4083 nec
786 4027 1113 4092 priesumens
1156 4038 1317 4097 caput
1363 4027 1756 4085 sanctissimum
1790 4038 1870 4082 at-

278 4100 509 4164 tingere,
544 4097 678 4151 dixit
724 4099 978 4169 episcopo
1008 4099 1148 4168 (piod
1188 4100 1413 4168 ipsemet
1443 4098 1568 4152 illud
1601 4100 1877 4168 acciperet

278 4179 334 4222 et
368 4169 703 4222 transferret.
743 4190 763 4222 ι

353 4239 452 4291 ΙΙιο
490 4237 585 4290 fuit
625 4239 865 4295 ecclesim
909 4240 1237 4294 Martinianae
1273 4248 1440 4294 status
1478 4253 1646 4308 usque
1682 4240 1746 4293 ad
1778 4255 1872 4294 an-

280 4325 410 4362 num
450 4308 617 4375 1562,
666 4326 771 4379 quo
816 4310 1107 4366 Calviniani
1157 4311 1391 4364 haeretici
1438 4312 1479 4363 Τ
1485 4324 1709 4364 oro-ium
1743 4313 1872 4366 urbe

281 4380 464 4446 potiti,
514 4395 701 4434 omnes
751 4386 898 4441 urbis
945 4399 1006 4436 ac
1048 4381 1332 4448 provincia:
1370 4383 1626 4434 ecclesias
1666 4384 1872 4449 penitus

282 4450 673 4517 Spoliavernnt,
698 4454 991 4506 combustis
1014 4453 1229 4504 immani
1256 4451 1539 4517 sacrilegio
1566 4461 1870 4505 sanctorum

289 4520 551 4588 reliquiis.
587 4521 788 4575 Visitnr
820 4525 1081 4588 hodieque
1112 4521 1259 4575 locus
1287 4524 1350 4573 ad
1384 4523 1672 4575 australem
1706 4524 1875 4576 eccle-

289 4591 383 4644 sire
406 4580 649 4659 ianuam.
694 4596 744 4646 in
775 4609 882 4662 quo
912 4580 1080 4663 salicti
1117 4591 1325 4644 Martini
1356 4607 1549 4659 corpus
1578 4606 1872 4647 crematum
1905 4580 1955 4638 D

290 4671 395 4713 est.
430 4666 582 4715 Anno
608 4664 872 4731 sequenti,
909 4662 1077 4716 turbis
1109 4676 1373 4731 utcunque
1405 4662 1623 4724 sedatis,
1651 4665 1872 4728 paucula

289 4745 409 4798 qua
440 4729 812 4788 haereticorum
856 4729 1017 4788 furori
1057 4732 1313 4785 subducta
1339 4729 1570 4795 fuerant,
1594 4732 1875 4786 ordinante

292 4804 581 4859 venerabili
630 4807 884 4872 capitulo,
939 4804 1232 4873 recognita,
1290 4806 1339 4854 in
1397 4802 1549 4856 theca
1605 4804 1873 4855 recondita

289 4882 434 4925 sunt.
467 4874 695 4940 Capituli
722 4891 783 4929 ea
815 4877 880 4929 de
910 4891 968 4929 re
988 4877 1263 4929 decretura
1286 4888 1352 4927 ex
1376 4872 1493 4942 ejus
1514 4876 1751 4943 registris
1779 4876 1877 4929 de-

292 4944 626 5011 scripsimus,
656 4948 791 5010 quod
823 4947 899 5000 sic
931 4945 1088 4999 habet
1119 4962 1132 4996 ε

368 5031 388 5063 ι
421 5016 577 5067 Anno
611 5016 767 5081 1565,
800 5016 887 5070 die
923 5019 937 5067 l
970 5016 1116 5079 Julii,
1149 5015 1350 5069 domini
1383 5014 1877 5087 meiordinarunt,

291 5086 431 5156 quod
484 5101 647 5139 unum
700 5103 764 5140 ex
816 5088 1022 5156 magnis
1069 5088 1280 5140 ossibus
1332 5086 1535 5141 brachii
1587 5086 1879 5139 bellissimi

294 5155 535 5220 Martini,
564 5165 621 5210 et
646 5157 790 5211 aliud
820 5173 882 5210 es
914 5155 1087 5225 capite
1114 5157 1381 5225 ejusdem,
1413 5171 1511 5210 nec
1542 5172 1642 5210 non
1677 5171 1880 5223 pannus

291 5224 564 5291 sericens,
597 5229 777 5296 inquo
821 5224 1017 5295 corpus
1062 5224 1299 5293 ejusdem
1343 5228 1632 5281 beatissimi
1672 5226 1882 5280 Martini

293 5298 588 5362 repositum
625 5300 812 5360 luerat,
844 5310 895 5351 et
927 5298 1025 5351 alia
1053 5298 1356 5365 reliquiaria
1381 5312 1443 5352 ex
1470 5297 1726 5364 capitibus
1754 5298 1882 5352 bea—

295 5374 469 5420 torum
495 5369 686 5423 Briccii
716 5381 767 5423 et
788 5370 1057 5438 Gregorii,
1085 5384 1204 5437 quae
1232 5376 1627 5431 remanserunt,
1658 5378 1710 5421 et
1735 5383 1884 5420 com—

296 5438 449 5490 busta
501 5456 607 5492 non
654 5440 865 5494 fuerunt
914 5455 1007 5508 per
1063 5440 1346 5493 haereticos
1388 5454 1526 5492 anno
1571 5439 1883 5501 novissimo,

292 5520 624 5569 reponantur
667 5510 720 5565 in
771 5526 928 5580 parva
973 5525 1129 5578 capsa
1178 5512 1349 5579 lignea
1395 5520 1669 5576 propterea
1715 5508 1883 5570 facta,

291 5594 414 5645 quze
437 5582 775 5649 cooperietur
805 5598 868 5635 ex
901 5582 1079 5649 aliquo
1113 5584 1333 5649 pulchro
1365 5596 1538 5646 panno
1568 5580 1806 5640 seriem;
1837 5590 1892 5633 et

291 5662 459 5715 super
483 5654 727 5720 quolibet
760 5653 1066 5721 reliquiario
1109 5651 1409 5721 hujusmodi
1446 5661 1671 5718 ponatur
1701 5650 1891 5721 inseri-7

292 5721 411 5784 ptio
437 5717 714 5793 cuiusnam
746 5725 835 5786 sit,
879 5717 934 5775 ct
978 5717 1215 5791 signetur
1264 5736 1356 5788 per
1404 5717 1778 5793 m'einotariuin
1827 5717 1894 5772 ad

296 5790 596 5859 perpetuam
620 5794 695 5848 rei
722 5795 1033 5856 meritoriam.
1073 5813 1091 5844 ι
1119 5793 1246 5859 Qua:
1278 5794 1455 5847 omnia
1482 5792 1569 5846 die
1600 5791 1630 5843 5
1656 5790 1777 5847 Julii
1809 5804 1894 5845 se-

1969 3250 2182 3312 Missam
2216 3254 2372 3307 solito
2399 3267 2546 3303 more
2576 3250 2964 3321 celebraturus.
2997 3251 3269 3303 Columna!
3302 3254 3548 3321 sepulcro

1969 3330 2163 3381 vicinze
2185 3342 2248 3379 ex
2277 3323 2524 3377 mandato
2545 3320 2758 3387 capituli
2788 3320 2943 3372 affixa
2973 3330 3051 3372 est
3082 3322 3270 3374 tabella
3301 3320 3418 3376 cum
3449 3324 3548 3376 hac

1968 3399 2265 3466 epigraphe,
2287 3411 2301 3449 :
2337 3392 2561 3466 Nomina
2586 3407 2856 3466 corporth
2880 3401 3170 3466 sanctorum
3201 3394 3354 3466 hujus
3377 3394 3547 3466 eccle—

1967 3458 2083 3531 siat:
2110 3458 2221 3535 qua:
2248 3465 2330 3517 hic
2356 3461 2557 3535 sepulta
2588 3470 2729 3515 erant
2754 3475 2771 3513 :
2894 3458 3169 3535 Martinus,
3202 3458 3273 3535 δέ
3294 3462 3547 3530 Βνὲεεὶυε,

1971 3538 2034 3593 S.
2065 3528 2291 3603 Spanns,
2340 3528 2422 3589 S.
2453 3532 2771 3603 Perpetuus,
2797 3529 2857 3584 S.
2909 3528 3185 3603 Gregorius
3222 3528 3549 3600 Turonensis,

1972 3609 2035 3663 S.
2068 3601 2396 3665 Emtae/tius.
2449 3603 2506 3657 S.
2553 3601 2857 3671 Eufronius.
2911 3601 3009 3654 Hic
3053 3604 3105 3657 in
3149 3603 3316 3657 medio
3344 3604 3555 3657 illorum

1971 3688 2078 3732 erat
2120 3693 2305 3742 corpus
2335 3687 2382 3728 et
2417 3674 2706 3740 sepulcrum
2735 3672 3007 3729 beatissimi
3056 3672 3289 3737 Martini,
3334 3689 3556 3742 quorum

1969 3748 2277 3803 venerabiles
2299 3746 2528 3815 reliquie:
2552 3744 2604 3797 in
2628 3743 2796 3815 capsis
2834 3742 3131 3815 esistebaut.
3166 3748 3336 3815 Atque
3364 3746 3565 3813 hicest

1971 3819 2260 3874 hodiernus
2285 3812 2526 3872 ecclesiae
2548 3814 2717 3869 sancti
2742 3812 2951 3867 Martini
2973 3822 3163 3866 status.
3199 3814 3272 3867 De
3291 3812 3405 3882 rjus
3427 3812 3557 3869 vero

1975 3889 2339 3958 praerogativis
2366 3902 2427 3939 ac
2452 3884 2823 3958 jurisdictione
2871 3899 3028 3958 quam
3062 3883 3112 3935 in
3139 3885 3273 3936 alias
3300 3888 3557 3958 complu-

1974 3953 2059 4013 res
2081 3953 2335 4015 ecclesias
2361 3953 2523 4012 etiam
2547 3970 2687 4009 nunc
2715 3953 2895 4019 habet,
2918 3954 3185 4009 disserere
3208 3956 3309 4009 mei
3342 3970 3445 4008 non
3474 3968 3558 4009 ρει

1974 4031 2222 4085 instituti.
2255 4030 2383 4095 Quae
2410 4042 2536 4081 vero
2568 4027 2651 4080 hic
2682 4024 3037 4095 protulimus,
3056 4032 3112 4076 ut
3145 4024 3428 4095 plurimum
3461 4025 3560 4079 de-

1974 4102 2159 4155 bemus
2192 4100 2250 4154 ν.
2274 4093 2353 4154 Cl.
2384 4097 2609 4152 Gatiauo
2630 4093 2955 4157 Galiczunio,
3008 4093 3212 4148 doctori
3238 4093 3581 4161 Sorbonico.

1974 4171 2214 4242 ejusdem
2246 4170 2488 4225 ecclesia:
2524 4167 2788 4242 canonico
2810 4173 2865 4242 et
2892 4165 3120 4242 cau‘tori,
3152 4167 3241 4242 qui
3271 4180 3391 4218 cum
3417 4165 3567 4242 apud.

1976 4235 2219 4297 Turones
2242 4255 2482 4295 essmnus
2507 4280 2520 4301 ,
2553 4239 2732 4291 omnia
2756 4235 3058 4290 minutatim
3085 4235 3240 4293 nobis
3266 4235 3521 4289 ostendit.

2050 4344 2076 4372 ι
2110 4334 2264 4403 Reg,
2293 4332 2443 4387 Colb.
2470 4342 2525 4386 et
2550 4330 2749 4383 Chesn.
2780 4327 3005 4394 habent,
3035 4326 3245 4398 longum
3271 4329 3420 4399 pedes
3444 4342 3563 4381 cen-

1980 4417 2085 4460 tum
2113 4408 2484 4475 quinquaginta
2514 4403 2756 4469 quinque.

2053 4496 2081 4536 ι»
2115 4499 2211 4551 llic
2255 4497 2427 4549 altarii
2475 4492 2690 4548 nomine
2734 4489 3153 4561 presbyterium,
3200 4503 3303 4561 per
3342 4500 3561 4561 capsum

1987 4584 2113 4621 vero
2154 4582 2338 4621 navem
2374 4565 2593 4632 intelligi
2642 4557 2931 4632 verisimile
2976 4570 3077 4632 est.
3111 4559 3356 4632 Consule
3382 4557 3557 4612 Litur-

1980 4640 2120 4705 giam
2144 4636 2466 4691 Gallicanam
2494 4626 2658 4687 nostri
2685 4631 2971 4705 Mabillonii
2998 4630 3087 4705 lib.
3110 4644 3126 4680 ι
3147 4643 3303 4705 ,__cap.
3328 4626 3382 4705 8,
3413 4643 3563 4705 tium.

1983 4698 2006 4763 Ῑ
2041 4719 2093 4761 et
2124 4724 2274 4778 sequ.
2305 4708 2378 4778 De
2408 4707 2505 4778 hac
2529 4702 2754 4778 ecclesia
2784 4702 2975 4778 iterum
3007 4698 3434 4778 agit_(}regori_us

1983 4796 1996 4832 ι
2022 4778 2088 4832 de
2114 4768 2294 4831 Mirac.
2322 4776 2377 4829 S.
2409 4773 2615 4828 Martini
2636 4813 2649 4836 ,
2678 4784 2782 4826 etc.
2817 4771 2948 4824 Vide
2973 4783 3024 4823 et
3050 4769 3327 4837 epistolam
3360 4769 3443 4830 l8,
3469 4768 3564 4823 lib.

1990 4866 2063 4916 ιν,
2109 4848 2431 4915 Apollinaris
2486 4843 2734 4907 Sidonii;
2780 4842 2879 4916 cui
2920 4843 3310 4916 intersernntur
3358 4855 3566 4916 versus,

1982 4911 2115 4991 quos
2144 4911 2316 4977 eidem
2346 4918 2586 4975 ecclesiae
2609 4912 2931 4968 adornandze
2962 4912 3074 4981 ipse
3102 4911 3423 4977 composuit.

2060 5022 2082 5049 ο
2118 5010 2377 5065 Αῐάυεηςί
2410 5008 2663 5063 Ecclesia:
2692 5004 2899 5076 praefuit
2931 5004 3145 5076 labente
3176 5003 3373 5076 saeculo
3403 5016 3455 5076 v.
3487 4999 3572 5076 lng

1988 5082 2170 5137 terfuit
2193 5071 3430 5153 ordinationi_JoannisCabillonensisepigopi
3450 5111 3468 5153 ,_
3492 5072 3569 5153 uti

1991 5162 2210 5207 testatur
2242 5149 2561 5215 Apollinaris
2593 5146 2844 5222 Sidonius
2874 5147 2975 5222 lib:
3004 5160 3075 5222 t_,V_,
3109 5142 3269 5222 epist.
3300 5139 3401 5222 25Ιἱ
3421 5142 3571 5222 cinad-

1989 5240 2109 5278 eum
2140 5209 2352 5289 scripsit
2382 5223 2521 5273 idem
2552 5231 2738 5291 auctor
2760 5217 2916 5291 epist.
3012 5213 3131 5291 libri
3159 5225 3261 5291 vlt,
3292 5222 3343 5291 et
3369 5210 3404 5263 2
3451 5209 3577 5291 libri

1990 5310 2066 5349 lx.
2105 5283 2288 5347 Exstat
2316 5293 2435 5362 ejus
2480 5300 2543 5362 et
2582 5289 2714 5358 Lupi
2754 5286 3042 5362 Tricassini
3089 5283 3576 5362 episcopiegregia

1991 5365 2217 5432 epistola
2255 5363 2322 5425 de
2346 5349 3086 5432 'disciplina'ecelesiasnca,
3117 5349 3256 5432 apud
3299 5349 3571 5432 sumam.

1994 5423 2122 5488 tom.
2157 5435 2177 5489 Ι
2203 5423 2405 5487 Concil.
2431 5450 2446 5496 ;
2478 5423 2697 5485 alteram
2741 5427 2981 5497 ejusdem
3011 5423 3074 5475 ad
3104 5423 3455 5491 Agrippinum
3488 5438 3579 5478 co-

1996 5506 2177 5558 mitem
2206 5505 2387 5558 laudat
2416 5503 2613 5557 ltlztlitls
2645 5504 2695 5553 in
2727 5497 3040 5574 Chronica.
3216 5562 3267 5574 Η
3329 5565 3360 5574 Π
3443 5564 3454 5574 ·

2070 5575 2093 5611 ἀ
2131 5577 2240 5629 Hoc
2276 5584 2435 5644 caput
2470 5585 2523 5627 ct
2554 5584 2785 5639 sequens
2809 5569 3001 5621 desum
3029 5566 3082 5619 in
3130 5562 3289 5620 codd.
3329 5564 3492 5633 licgio
3524 5570 3580 5619 et

1999 5646 2150 5701 Coll).

2075 5728 2096 5752 ι’
2125 5717 2244 5770 llaec
2267 5726 2347 5769 est
2369 5714 2592 5769 ecclesia
2617 5708 2957 5773 cathedralis,
2984 5707 3050 5763 dc
3074 5723 3171 5778 qua
3197 5704 3582 5778 Savaro‘multa

2001 5786 2249 5844 observat
2288 5789 2338 5841 in
2371 5787 2510 5839 natis
2540 5783 2606 5839 ad
2635 5796 2755 5850 cap.
2786 5780 2809 5835 1
2838 5780 2958 5837 libri
2999 5781 3068 5837 dc
3090 5774 3354 5835 ccclesiis
3400 5774 3582 5829 Clare-
