4006 6182
364 297 466 355 ΞΠ

1265 300 1580 361 HISTORIA
1626 303 2070 366 FRANCURUM.
2112 310 2316 368 LIBER
2358 312 2741 375 SECUNDUS.

3528 327 3635 381 2l8

360 416 636 486 episcopo,
662 414 960 487 Sperchius
984 415 1265 486 successit,
1302 420 1383 475 vir
1402 421 1768 477 sanctissimus
1788 431 1948 492 atque
1974 433 2025 488 Α
2054 428 2296 497 nasterii,
2320 430 2474 501 cujus
2494 447 2654 502 supra
2676 432 3035 503 meminimus,
3058 437 3311 495 invxtatus
3328 440 3631 509 accederet;

358 507 665 576 religiosus.
708 508 775 562 Et
794 507 916 576 quia
943 522 1009 563 eo
1032 516 1273 578 tempore
1298 511 1525 566 ecclesia
1559 527 1775 584 parvam
1813 518 1947 574 infra

357 614 544 655 muros
572 600 721 655 urbis
746 603 1145 671 possessionem
1170 600 1423 670 habebat,
1464 605 1563 671 ipsi
1592 609 1861 665 sacerdoti
1893 612 1946 667 in

356 691 492 760 ipso,
529 693 638 761 72
676 692 817 761 quod
851 693 1010 746 modo
1036 692 1417 749 Salutatorium
1439 704 1467 733 ι
1492 696 1710 765 dicitur,
1738 704 1946 758 mansio

354 793 491 847 erat,
526 794 690 852 atque
712 785 778 839 ad
807 784 1008 854 gratias
1036 785 1147 841 Deo
1170 795 1409 857 tempore
1430 800 1691 847 nocturno
1717 794 1947 852 redden-

352 877 447 931 das
478 877 545 931 ad
588 877 836 931 altarium
881 879 1125 933 ecclesiae
1169 881 1546 949 consurgebat.
1588 884 1811 941 Factum
1860 896 1945 943 est

349 976 562 1033 autem,
595 977 653 1021 ut
694 978 851 1022 nocte
880 967 1110 1037 quadam
1156 969 1482 1040 ingrediens,
1518 973 1728 1043 plenam
1759 979 1940 1034 eccle-

349 1060 482 1114 siam
529 1059 868 1115 da-monibus
911 1061 1207 1129 reperiret,
1241 1062 1522 1135 ipsumque
1549 1068 1841 1138 principem
1885 1072 1939 1127 in

348 1151 576 1206 modum
596 1162 801 1205 ornatae
827 1151 1093 1219 mulieris,
1136 1153 1191 1208 in
1234 1155 1408 1210 throni
1446 1157 1592 1213 illius
1628 1161 1938 1217 cathedram

348 1241 694 1297 residentem.
720 1240 819 1296 Cui
844 1243 917 1295 ait
937 1243 1180 1313 pontifex
1203 1260 1217 1296 :
1242 1244 1286 1299 0
1310 1248 1563 1301 meretrix
1583 1250 1933 1320 exsecranda,

346 1351 449 1392 non
471 1334 673 1389 sufficit
695 1334 788 1389 tibi
819 1334 934 1389 loca
972 1345 1165 1390 cuncta
1197 1337 1360 1392 variis
1396 1338 1777 1407 pollntionibus
1811 1341 1933 1397 infi-

343 1439 485 1489 cere,
516 1424 693 1479 adhuc
721 1433 777 1480 et
803 1425 1113 1480 cathedram
1137 1441 1164 1480 a
1191 1427 1418 1483 Domino
1444 1443 1808 1489 consecratam
1834 1434 1934 1492 fte-

344 1517 446 1571 tida
478 1518 740 1572 sessionis
768 1526 872 1573 tua:
912 1519 1226 1577 accessione
1253 1521 1602 1593 coinquinas?
1623 1527 1865 1584 Abscede
1900 1544 1931 1584 a

340 1608 500 1662 domo
541 1608 656 1676 Dei,
704 1623 773 1664 ne
810 1623 839 1662 a
889 1618 942 1665 te
977 1613 1209 1680 amplius
1250 1613 1541 1682 polluatur.
1593 1617 1686 1673 Cui
1715 1618 1791 1674 ait
1821 1638 1837 1676 :
1867 1621 1933 1677 Et

338 1700 463 1767 quia
493 1698 624 1752 mihi
656 1699 955 1754 meretricis
978 1716 1172 1756 nomen
1204 1703 1458 1775 imponis,
1484 1706 1678 1762 multas
1709 1708 1804 1764 tibi
1834 1725 1923 1780 pan

2052 516 2335 589 ablatoque
2357 521 2457 576 sibi
2488 526 2728 594 nequiter
2757 526 2955 593 libello,
2981 543 3075 597 per
3098 546 3258 599 quem
3287 543 3630 590 sacrosancta

2049 609 2307 666 solemnia
2350 629 2511 683 agere
2539 629 2934 687 consueverat,
2968 622 3037 675 ita
3077 632 3293 692 paratus
3330 639 3359 679 a
3388 635 3630 695 tempore

2048 715 2298 759 cunctum
2348 704 2652 764 festivitatis
2691 726 2826 779 opus
2878 713 3167 782 explicuit,
3203 723 3262 768 ut
3291 716 3358 771 ab
3384 718 3632 774 omnibus

2048 796 2353 863 miraretur,
2405 814 2504 854 nec
2547 811 2821 870 putaretur
2862 803 2931 858 ab
2977 806 3276 861 astantibus
3307 808 3502 864 ibidem
3535 809 3632 864 ho-

2047 887 2242 943 minem
2270 890 2502 945 locutum
2527 889 2711 958 fuisse,
2745 894 2839 949 sed
2866 898 3135 967 angelum.
3175 898 3325 965 Quod
3357 901 3409 954 in
3442 902 3630 971 praefa-

2047 979 2190 1035 tione
2246 983 2399 1048 libri,
2447 1000 2603 1053 quem
2634 987 2703 1042 de
2734 987 2907 1044 Missis
2954 990 3023 1045 ab
3050 1005 3116 1046 eo
3141 994 3448 1061 compositis
3495 1010 3628 1049 con-

2039 1071 2351 1140 junximus,
2386 1074 2593 1144 plenius
2634 1078 3050 1137 declaravimus.
3097 1081 3230 1139 Cum
3278 1096 3455 1140 autem
3485 1092 3628 1141 esset

2042 1166 2337 1234 magnificae
2365 1170 2699 1238 sanctitatis,
2723 1181 2884 1243 atque
2902 1216 2918 1241 ,
2948 1185 3006 1231 ut
3032 1175 3293 1243 diximus,
3318 1193 3383 1233 ex
3414 1189 3627 1234 senato-

2042 1257 2191 1312 ribus
2246 1260 2451 1329 primis,
2504 1262 2840 1334 plerumque,
2887 1268 3162 1325 nesciente
3190 1271 3448 1342 conjuge,
3500 1285 3626 1328 vasa

2038 1361 2291 1420 argentea
2315 1356 2590 1411 auferebat
2622 1372 2651 1410 a
2684 1357 2844 1413 domo
2866 1401 2881 1426 ,
2910 1368 2967 1416 et
2999 1364 3320 1432 pauperibus
3350 1364 3625 1434 erogabat.

2038 1441 2189 1509 Quod
2219 1444 2308 1499 illa
2336 1460 2457 1500 cum
2486 1461 2864 1520 cognosceret,
2894 1453 3359 1511 scandalizabatur
3382 1457 3434 1512 in
3461 1473 3581 1512 eum
3606 1474 3622 1509 :

2035 1537 2129 1591 sed
2162 1547 2341 1593 tamen
2369 1540 2494 1595 dato
2523 1542 2708 1612 egenis
2738 1543 2945 1614 pretio,
2996 1546 3208 1615 species
3235 1536 3426 1604 domui
3469 1548 3624 1604 resti-

2036 1630 2240 1686 luebat.

2116 1725 2303 1781 XXIII.
2354 1725 2593 1797 Cumque
2623 1725 2645 1766 ί
2677 1727 2744 1783 ad
2784 1727 3021 1785 ofﬁcium
3066 1728 3390 1787 dominicum
3434 1729 3621 1788 fuisset

335 1790 465 1892 ΐξδο
485 1790 709 1892 ίξιείάῖθδ
749 1791 820 1847 οδ
844 1792 1109 1892 ἀξείίξξπίθ
1138 1796 1442 1851 ωυηθιύῐη·
1475 1799 1541 1854 Et
1568 1801 1685 1857 hac
1714 1803 1929 1873 dicens.
1963 1817 2010 1877 Β
2039 1821 2393 1889 mancipatus,
2420 1829 2475 1875 et
2499 1790 2739 1876 sanctam
2769 1832 2955 1892 ageret
2976 1823 3027 1878 in
3059 1823 3259 1879 saeculo
3282 1826 3462 1890 vitam,
3495 1840 3618 1879 sur-

336 1882 473 1935 sicut
505 1882 682 1936 fumus
711 1885 947 1940 evanuit.
981 1884 1360 1943 Verumtamen
1392 1893 1649 1946 sacerdos
1694 1903 1927 1952 tentatus

334 1986 409 2031 est
436 1991 532 2044 per
556 1978 972 2033 commotionem
1000 1983 1243 2050 corporis
1270 1982 1337 2037 ad
1358 1989 1924 2056 concupiscentiamb:

333 2068 422 2122 sed
451 2069 609 2138 signo
647 2069 825 2126 crucis
868 2082 1068 2128 sanctis
1109 2075 1366 2142 munitus,
1398 2077 1533 2133 nihil
1581 2081 1629 2134 ei
1679 2082 1925 2141 inimicus

332 2175 523 2217 nocere
552 2163 747 2231 potuit.
773 2163 975 2219 Ferunt
1003 2168 1164 2223 etiam
1192 2167 1366 2237 ipsum
1386 2168 1438 2223 in
1471 2187 1598 2227 arce
1618 2174 1924 2233 Cantoben-

331 2253 431 2308 nici
457 2255 661 2308 montis
690 2258 1075 2312 monasterium
1094 2269 1116 2297 ο
1147 2262 1465 2329 collocasse,
1510 2265 1597 2319 ubi
1628 2282 1768 2323 nunc
1796 2283 1921 2324 ora-

330 2345 521 2399 torium
556 2355 658 2412 est,
698 2346 865 2401 et-ibi
917 2361 976 2403 se
1021 2348 1213 2406 diebus
1260 2352 1695 2423 Quadragesima:
1722 2368 1921 2415 sanctae

327 2438 636 2494 recludebat
659 2456 672 2492 :
698 2439 786 2495 die
815 2450 995 2496 autem
1024 2441 1203 2498 Cmam
1232 2442 1516 2501 dominicae
1535 2486 1550 2511 ,
1583 2461 1703 2502 cum
1729 2465 1921 2519 magno

326 2530 635 2599 psallentio,
655 2534 1040 2590 comitantibus
1061 2536 1277 2591 clericis
1297 2538 1629 2610 civibusque,
1656 2542 1721 2597 ad
1745 2545 1921 2601 eccle-

323 2622 454 2678 siam
485 2639 641 2679 suam
668 2627 1059 2685 revertebatur.
1089 2631 1207 2698 Quo
1237 2632 1522 2703 migrante,
1565 2634 1822 2693 Sidonius
1850 2653 1917 2695 ex

324 2716 579 2787 praefecto
596 2719 959 2787 substituitur,
984 2723 1066 2776 vir
1083 2725 1377 2779 secundum
1401 2729 1581 2783 saeculi
1603 2730 1915 2800 dignitatem

323 2810 718 2878 nobilissimus,
750 2821 805 2867 et
848 2814 916 2869 de
966 2815 1152 2883 primis
1198 2815 1491 2874 Galliarum
1538 2823 1914 2880 senatoribus:

320 2900 390 2955 ita
422 2912 479 2957 ut
504 2904 670 2957 filiam
702 2904 802 2959 sibi
832 2905 975 2960 Aviti
998 2908 1339 2975 imperatoris
1367 2911 1418 2964 in
1453 2913 1793 2969 matrimonio
1821 2929 1915 2970 so-

320 2992 507 3048 ciaret.
543 2995 712 3062 Hujus
760 3006 1028 3066 tempore,
1058 3013 1180 3053 cum
1212 3001 1393 3056 adhuc
1430 3004 1569 3072 apud
1599 3004 1783 3059 urbem
1814 3008 1916 3060 Ar-

319 3103 539 3143 vernam
572 3088 867 3156 Victorius,
899 3093 1055 3161 cujus
1083 3109 1244 3164 supra
1278 3098 1652 3162 meminimus,
1672 3115 1915 3157 morare-s'

2032 1922 2222 1964 rexere
2250 1918 2438 1966 contra
2466 1927 2588 1967 eum
2620 1912 2728 1967 duo
2761 1914 3085 1986 presbyteri,
3114 1924 3167 1970 et
3190 1916 3365 1971 ablata
3393 1916 3441 1970 ei
3472 1918 3619 1976 omni

2031 2008 2297 2068 potestate
2350 2016 2381 2055 a
2432 2003 2591 2058 rebus
2642 2005 2929 2071 Ecclesim,
2977 2014 3185 2061 arctum
3216 2007 3264 2062 ei
3320 2008 3512 2061 victum
3557 2021 3614 2065 et

2029 2102 2246 2149 tenuem
2300 2095 2701 2167 relinquentes,
2747 2098 2812 2153 ad
2855 2116 3121 2155 summam
3166 2117 3288 2156 eum
3340 2111 3616 2158 contunie-

2028 2188 2154 2243 liam
2184 2190 2459 2261 redegere.
2489 2189 2595 2246 Sed
2647 2206 2752 2245 non
2802 2192 2944 2261 longi
2976 2195 3232 2263 temporis
3270 2199 3442 2263 spatio
3474 2196 3615 2250 inul-

2027 2291 2135 2338 tam
2165 2283 2280 2353 ejus
2305 2284 2552 2353 injuriam
2578 2284 2757 2339 divina
2796 2286 2966 2341 voluit
2994 2288 3263 2341 sustinere
3303 2288 3613 2343 clementia.

2024 2373 2156 2429 Nam
2186 2389 2320 2430 unus
2372 2391 2439 2430 ex
2472 2376 2554 2431 his
2597 2378 2938 2446 aequissimis
2968 2389 3023 2433 et
3064 2378 3299 2448 indignis
3328 2380 3433 2435 dici
3466 2396 3613 2450 pres-

2025 2470 2248 2541 byteris,
2280 2485 2403 2525 cum
2433 2481 2559 2526 ante
2609 2481 2819 2528 noctem
2869 2473 3102 2530 minatus
3152 2474 3340 2531 fuisset
3385 2492 3507 2532 cum
3548 2478 3612 2532 de

2022 2561 2250 2615 ecclesia
2264 2561 2402 2615 velle
2418 2561 2706 2618 extrahere
2720 2571 2767 2628 Β,
2786 2564 2995 2634 signum
3011 2564 3077 2619 ad
3093 2566 3377 2621 matutinas
3389 2568 3612 2625 audiens

2021 2652 2190 2706 fuisse
2219 2662 2570 2719 commotum,
2604 2653 2816 2709 fervens
2856 2654 2987 2712 f‘elle
3009 2666 3194 2713 contra
3224 2670 3465 2713 sanctum
3491 2662 3610 2729 Dei,

2019 2746 2275 2810 surrexit,
2304 2746 2404 2801 hoc
2427 2747 2606 2813 iniquo
2628 2752 2791 2804 corde
2820 2750 3037 2817 explere
3065 2752 3328 2821 cogitans,
3355 2756 3497 2823 quod
3522 2755 3610 2813 die

2020 2838 2355 2906 praecedente
2383 2847 2730 2896 tractaverat.
2778 2840 3058 2911 Ingressus
3104 2853 3284 2899 autem
3324 2844 3378 2898 in
3431 2861 3609 2901 seces-

2016 2942 2134 2982 sum
2159 2943 2338 2992 suum,
2386 2929 2512 2984 dum
2561 2940 2802 2986 ventrem
2832 2947 3060 3002 purgare
3102 2934 3288 2988 nititur
3312 2978 3328 3001 ,
3355 2936 3603 3003 spiritum

2015 3021 2301 3076 exhalavit.
2363 3022 2724 3091 Exspectabat
2751 3026 2893 3080 enim
2926 3041 3058 3095 puer
3087 3027 3262 3083 'aforis
3290 3044 3413 3084 cum
3444 3046 3605 3085 ceree

2016 3114 2290 3169 dominum
2329 3131 2691 3184 egressurum.
2724 3117 2832 3188 74
2879 3117 3108 3188 Jamque
3144 3119 3439 3177 advenerat
3484 3123 3604 3190 lux,

319 3185 421 3246 tur,
450 3178 549 3234 fuit
582 3180 636 3234 in
667 3182 995 3239 monasterio
1022 3185 1160 3239 beati
1190 3184 1364 3257 Cyrici
1383 3186 1409 3225 ά
1440 3190 1586 3245 urbis
1616 3191 1783 3261 ipsius
1815 3193 1910 3249 ab-

2021 3217 2071 3265 et
2092 3209 2307 3265 satelles
2322 3210 2460 3279 ejus,
2485 3209 2538 3265 id
2560 3219 2642 3265 est
2663 3211 2800 3265 alius
2822 3213 3123 3284 presbyter,
3149 3214 3313 3271 mittit
3335 3218 3604 3286 nuntium,

323 3271 438 3336 bas,
468 3272 742 3327 Abraham
774 3274 1029 3329 nomine:
1056 3277 1143 3345 qui
1176 3276 1280 3333 fide
1314 3278 1419 3349 73
1449 3287 1606 3350 atque
1653 3282 1904 3351 cperibus

317 3361 545 3417 Abrahae
573 3363 715 3420 illius
743 3364 940 3435 prioris
969 3364 1297 3436 refulgebat,
1344 3369 1482 3424 sicut
1521 3371 1574 3424 in
1605 3371 1741 3428 libro
1775 3373 1906 3430 Vita:

315 3456 431 3524 ejus
452 3455 791 3525 scripsimus.

382 3545 551 3601 XXII.
579 3546 810 3603 Sanctus
828 3558 852 3586 ο
878 3564 1006 3604 vero
1025 3550 1277 3607 Sidonius
1300 3561 1458 3607 tanta!
1476 3554 1737 3612 facundiae
1754 3568 1899 3629 erat,

315 3650 365 3695 III
396 3643 720 3711 plerumque
763 3656 829 3696 ex
872 3644 1167 3713 Improviso
1195 3646 1613 3704 luculentissiruc
1653 3668 1773 3722 quae
1810 3670 1903 3707 vn-

314 3734 525 3799 lttisset,
582 3734 728 3787 nulla
771 3734 1070 3791 obsistente
1099 3752 1247 3791 mora
1277 3753 1644 3808 componeret.
1670 3743 1903 3815 Contigit

314 3837 488 3883 autem
520 3826 753 3897 quadam
799 3828 911 3894 die,
945 3837 1004 3884 ut
1024 3829 1090 3884 ad
1142 3830 1487 3887 festivitatem
1525 3834 1758 3891 basilicae
1786 3853 1902 3893 mo-

379 3994 404 4024 ⁸
434 3984 822 4042 Salutatorium
842 4030 855 4053 ,
888 3988 1028 4056 quod
1062 3988 1195 4044 alias
1223 3992 1548 4044 secretarium
1569 4038 1581 4053 ,
1623 3993 1780 4049 hodie
1810 4013 1896 4049 sa-

312 4057 483 4134 rristia
514 4057 835 4134 appellatur,
866 4060 941 4112 uti
975 4068 1116 4134 patet
1141 4075 1203 4113 ex
1223 4058 1485 4134 ‘Gregorii
1518 4064 1586 4117 Μ.
1619 4066 1778 4134 epist.
1832 4067 1902 4121 54

310 4130 426 4183 libri
456 4143 507 4181 tv
537 4129 604 4182 ad
638 4128 987 4182 Marinianum
1020 4131 1187 4197 cpisc.
1222 4128 1546 4198 Ravennat.,
1577 4147 1630 4187 et
1656 4128 1720 4189 ex
1768 4152 1900 4190 con-

310 4199 743 4276 cilio_Matisc._i,
771 4214 891 4251 can.
916 4199 980 4264 2,
1012 4202 1315 4276 sicilictuin
1347 4213 1459 4267 est,
1488 4206 1626 4271 quod
1675 4207 1746 4259 ibi
1789 4209 1902 4276 epi-

309 4271 451 4339 scopi
494 4278 624 4323 ante
664 4270 944 4323 Missarum
986 4270 1400 4327 celebrationem
1430 4270 1622 4329 sedere
1663 4270 1901 4333 solerent

309 4341 369 4393 ad
397 4340 743 4408 excipiendas
776 4340 1006 4393 fidelium
1043 4344 1407 4408 salutationes,
1440 4346 1525 4410 qui
1557 4362 1739 4399 enruin
1772 4364 1895 4401 ora-

309 4411 544 4465 tionibus
565 4426 644 4475 se,
670 4411 754 4482 vel
783 4412 954 4482 al:qua
983 4413 1191 4482 negotia
1214 4417 1590 4469 cominendaie
1617 4418 1889 4475 volebant.

311 4482 361 4535 Id
410 4481 741 4551 presbyteris
788 4481 1073 4548 reliquisse
1117 4484 1326 4536 videtur
1373 4496 1589 4539 Sanctus
1635 4489 1893 4543 Martinus

309 4555 443 4632 apud
475 4554 661 4632 sever.
691 4552 919 4632 Snlpic.,
945 4552 1073 4605 dial.
1100 4553 1164 4620 2,
1192 4554 1423 4632 ubi-ipse
1445 4558 1638 4632 dicitur
1665 4561 1887 4612 orationi
1922 4574 1970 4632 υ

308 4621 632 4685 incubuisse,
661 4638 727 4676 eo
756 4631 997 4694 tempore
1027 4639 1134 4690 quo
1164 4621 1456 4694 presbyteri
1491 4627 1541 4678 in
1572 4629 1676 4681 alio
1702 4644 1883 4683 secre-

308 4693 866 4767 tariosedeutesejus
898 4695 1159 4767 permissu
1205 4693 1634 4767 salutationibus,
1678 4709 1770 4754 aut
1795 4717 1891 4756 au-

308 4763 513 4819 diemlis
546 4764 772 4832 negotiis
802 4764 1220 4827 occupabantur.

373 4835 400 4874 b
430 4838 565 4892 Mur.
593 4850 665 4899 s.,
691 4851 722 4886 a
745 4835 1174 4901 concupiscentia.

377 4917 399 4945 ε
436 4909 519 4963 Dc
563 4910 665 4958 hoc
711 4906 1034 4957 monasterio
1063 4908 1405 4979 _videﬂsupra
1449 4908 1537 4962 lib.
1567 4924 1610 4971 t,
1646 4925 1765 4979 cap.
1793 4910 1884 4968 59.

304 4977 751 5033 Cantobenuense
785 4976 1167 5029 monasterium
1197 4977 1325 5030 illud
1358 4980 1528 5046 ipsum
1559 4996 1677 5035 esse
1703 4976 1889 5038 censet

304 5050 525 5115 Savaro,
569 5048 712 5117 quod
746 5061 851 5099 non
892 5046 1074 5113 procul
1120 5048 1188 5100 ab
1220 5049 1349 5101 urbe
1390 5052 1886 5108 sanctimmiialibns

306 5123 578 5189 paravisse
608 5118 800 5172 dicitur
825 5127 1042 5190 sanctus
1073 5117 1333 5190 Genesius
1379 5120 1731 5175 Arvernensis
1771 5124 1885 5190 cpi-

304 5187 497 5259 scopus
541 5193 594 5245 in
642 5190 808 5265 ipsius
844 5187 977 5240 Vita.
1009 5189 1113 5241 Alli
1158 5189 1321 5265 abeo
1358 5190 1518 5265 etiam
1556 5208 1665 5265 non
1696 5187 1888 5265 distiu—

302 5272 471 5331 gnunt
500 5260 895 5316 Candidinense
941 5261 1348 5331 monasterium,
1380 5262 1520 5331 quod
1556 5262 1699 5315 Felix
1744 5260 1887 5328 ejus-

301 5329 419 5388 dem
450 5334 602 5387 urbis
629 5330 868 5393 antistes,
907 5329 1162 5398 l’rtcjecto
1189 5340 1314 5383 tunc
1345 5330 1558 5395 abbati,
1592 5341 1772 5400 postea
1803 5335 1882 5401 ip-

302 5419 407 5458 sius
432 5402 735 5458 successori
760 5414 812 5454 et
846 5401 1063 5470 martyri
1082 5441 1096 5462 ,
1123 5403 1525 5467 gubernandum
1558 5404 1799 5469 tradidit,
1829 5413 1887 5458 ut

302 5483 353 5528 in
381 5478 617 5530 secunda
665 5473 829 5541 ipsius
860 5470 1101 5539 l’raejecti
1135 5471 1253 5525 Vita
1288 5472 1497 5541 legitur.
1534 5474 1683 5527 llunc
1709 5474 1882 5528 locum

304 5558 489 5615 postea
536 5546 871 5599 destructum
914 5544 1182 5615 reparavit
1218 5545 1415 5615 saeculo
1446 5544 1726 5599 undecimo
1766 5547 1885 5613 qui-

302 5612 421 5671 dam
454 5616 796 5678 Aldefretlus,
824 5629 983 5680 qttem
1012 5612 1277 5668 Robertus
1305 5614 1374 5669 de
1402 5614 1651 5668 Alvernia
1682 5612 1888 5682 episco-

306 5704 401 5753 jus
431 5688 624 5741 ultimo
664 5687 938 5752 sequentis
979 5684 1160 5736 saeculi
1207 5698 1349 5739 anno
1399 5685 1739 5752 Piper-acetisi
1780 5703 1888 5742 ι’(Βο

301 5760 461 5814 nobio
490 5756 719 5820 subiecit
744 5774 756 5808 :
784 5754 877 5812 sed
906 5756 1120 5810 tandem
1152 5764 1270 5820 post
1295 5757 1469 5811 varias
1496 5758 1733 5814 fortunas
1757 5758 1885 5814 Cat--

2010 3301 2195 3356 dicens
2222 3319 2237 3357 :
2266 3301 2418 3370 Veni,
2438 3317 2506 3358 ne
2533 3302 2849 3372 tardaveris,
2874 3315 2931 3358 ut
2951 3321 3071 3376 qum
3112 3305 3268 3362 nobis
3289 3308 3377 3364 die
3399 3308 3602 3365 hester-

2010 3410 2077 3449 na
2107 3403 2493 3459 convenerant,
2544 3396 2746 3463 pariter
2800 3398 3134 3466 expleamus.
3187 3401 3293 3456 Sed
3334 3417 3456 3457 cum
3488 3419 3601 3459 res-

2011 3501 2177 3557 pensa
2220 3486 2351 3542 dare
2393 3480 2632 3543 differret
2683 3490 2987 3556 exanimis,
3040 3490 3250 3547 elevato
3302 3508 3433 3558 puer
3474 3496 3597 3551 velo

2007 3580 2153 3647 ostii,
2189 3582 2390 3650 reperit
2419 3580 2694 3637 dominum
2740 3598 2903 3653 super
2932 3584 3176 3640 sellulam
3219 3600 3465 3642 secessus
3499 3588 3600 3643 dc-

2008 3670 2271 3726 functum.
2306 3672 2458 3729 Unde
2484 3674 2841 3729 indubitatum
2870 3683 2953 3731 est
2977 3692 3082 3731 non
3106 3678 3328 3732 minoris
3357 3677 3601 3735 criminis

2007 3763 2150 3819 hunc
2180 3780 2331 3820 reum
2362 3781 2502 3833 esse,
2532 3782 2690 3835 quam
2730 3767 2914 3822 Arium
2960 3766 3132 3835 illum,
3163 3769 3246 3823 cui
3273 3769 3519 3825 similiter
3546 3772 3599 3827 iu

2004 3871 2219 3912 secessu
2269 3854 2418 3912 fuere
2465 3858 2671 3913 interna
2702 3856 2944 3928 deposita
2984 3873 3080 3928 per
3109 3870 3282 3929 partes
3314 3860 3599 3919 inferiores

2008 3994 2205 4049 melitis
2234 3993 2558 4049 excalceatis
2590 4004 2774 4049 nostro
2805 4008 2921 4050 tero
2948 3994 3175 4051 donatus
3203 4004 3308 4052 est.
3342 3996 3470 4053 Vide
3500 4013 3599 4053 no-

2006 4074 2085 4120 tas
2116 4068 2168 4118 ln
2198 4074 2358 4134 caput
2379 4067 2447 4120 39
2492 4065 2613 4119 libri
2640 4082 2678 4119 t.

2074 4154 2102 4193 ά
2135 4156 2223 4211 Sic
2247 4155 2437 4227 Regni.
2458 4170 2578 4209 cum
2608 4154 2771 4219 Bad.;
2795 4155 2973 4227 czeteri
2998 4156 3083 4210 ed.
3109 4165 3164 4210 et
3194 4156 3339 4217 Bec.,
3368 4157 3593 4227 Cyr-iaci.

2002 4226 2069 4280 At
2099 4235 2281 4280 nostra
2321 4226 2481 4280 lectio
2520 4228 2725 4281 sincera
2776 4235 2878 4279 est.
2925 4226 3022 4280 Hic
3052 4237 3135 4281 est
3179 4230 3321 4280 enim
3367 4226 3601 4297 Cyricus

2007 4313 2156 4367 puer,
2188 4299 2274 4365 qui
2305 4312 2423 4350 cum
2457 4296 2644 4351 .lnlitta
2690 4306 2865 4368 matre
2910 4308 3112 4368 martyr
3138 4296 3425 4351 occubuit.
3461 4300 3592 4354 Vide

2000 4366 2327 4424 Savaronein
2377 4370 2428 4421 in
2478 4369 2617 4419 notis
2647 4368 2710 4419 ad
2746 4366 2982 4419 libellum
3014 4366 3079 4420 de
3116 4368 3360 4421 ecclesiis
3403 4370 3591 4423 Claro-

1970 4438 1973 4441 ’
2002 4448 2171 4494 mont.
2202 4453 2348 4491 num.
2378 4437 2476 4509 Id,
2505 4440 2593 4505 qui
2624 4448 2706 4492 est
2735 4439 2799 4509 tle
2830 4438 3054 4509 ecclesia
3084 4438 3479 4509 sanetiCyrici.
3513 4440 3586 4493 De

2000 4526 2103 4576 qua
2125 4516 2178 4563 et
2209 4508 2501 4577 Gregorius
2530 4510 2637 4577 agit
2661 4509 2711 4563 in
2736 4507 2852 4561 Vita
2881 4508 2938 4563 S.
2964 4509 3213 4571 Abrahr,
3247 4507 3341 4563 lib.
3362 4511 3428 4562 de
3454 4509 3591 4567 Vitis

1999 4580 2215 4634 Patrum
2232 4622 2246 4647 ,
2278 4594 2395 4648 cap.
2426 4578 2477 4631 5.

2072 4681 2095 4709 ο
2129 4673 2285 4725 Deest
2327 4671 2428 4724 hoc
2457 4678 2615 4733 caput
2638 4669 2688 4740 in
2721 4667 2906 4740 ϐοτη,
2941 4667 3101 4733 Bell.,
3129 4668 3285 4724 Colb.
3320 4678 3374 4723 et
3398 4669 3588 4740 Regio.

2000 4744 2165 4797 Porro
2212 4742 2467 4795 Sidonius
2498 4741 2583 4792 ille
2611 4737 2872 4793 illuStrior
2895 4748 3009 4803 est,
3039 4755 3197 4807 quam
3240 4750 3295 4793 ut
3319 4740 3405 4795 hic
3434 4737 3502 4796 de
3522 4758 3592 4796 eo

1998 4817 2149 4883 plura
2189 4812 2575 4883 obServemus._
2616 4810 2843 4883 Exstant
2884 4808 3003 4883 ejus
3028 4825 3218 4883 operai
3259 4828 3287 4863 a
3316 4811 3591 4869 Savarnne

1998 4879 2260 4954 primum,
2313 4893 2432 4954 tutu
2464 4880 2599 4954 a_.|.
2650 4879 2937 4954 Sirmondo
2977 4880 3137 4954 edita.
3183 4882 3341 4935 Caius
3387 4883 3588 4937 Sollius

1998 4952 2316 5020 Apollinaris
2345 4952 2595 5007 Sidonius
2634 4952 3023 5020 appellabatur,
3054 4952 3205 5019 cujus
3236 4956 3396 5004 vitam
3419 4955 3585 5007 colle-

1998 5027 2071 5094 git
2125 5026 2346 5091 Savaro,
2393 5038 2619 5091 eamque
2661 5022 2827 5090 ipsius
2879 5021 3130 5094 operibus
3184 5023 3428 5089 pra-lixit.
3482 5024 3581 5094 I’a-

1999 5092 2225 5162 pianillm
2257 5094 2407 5148 uxori
2457 5109 2567 5147 sua:
2599 5136 2609 5153 ,
2648 5095 2769 5146 lilia!
2798 5092 2935 5145 Aviti
2982 5093 3135 5160 imp.,
3185 5093 3462 5157 epistolam
3517 5093 3585 5146 16

1996 5167 2117 5221 libri
2165 5182 2194 5217 v
2223 5166 2433 5229 scripsit
2464 5168 2574 5232 ipse
2606 5164 2893 5227 Sidonius,
2942 5179 3098 5231 quam
3134 5173 3246 5225 post
3270 5173 3579 5227 susceptum

1993 5237 2349 5292 sacerdotium
2376 5238 2448 5288 uti
2480 5252 2720 5288 sororem
2746 5234 2947 5294 habuit,
2972 5246 3024 5285 ut
3052 5234 3239 5297 probat
3265 5233 3581 5285 Sirninndns

1995 5312 2047 5361 in
2074 5309 2213 5362 notis
2235 5307 2301 5360 ad
2329 5308 2573 5361 eamdem
2596 5308 2755 5371 epist.
2777 5346 2790 5364 .
2816 5307 2902 5357 ubi
2934 5314 2987 5359 et
3028 5305 3174 5370 plura
3209 5304 3365 5355 habet
3386 5304 3451 5355 de
3477 5320 3582 5354 tua.

1985 5378 2161 5455 jorum
2206 5379 2521 5455 clericorum
2553 5377 2822 5455 caelibatu.
2858 5374 2918 5427 V.
2953 5389 3110 5455 supra
3143 5372 3234 5426 lib.
3264 5388 3314 5441 ι,
3345 5388 3463 5443 cap.
3489 5373 3583 5441 59,

1989 5444 2044 5505 et
2076 5451 2380 5519 Hieronymi
2414 5450 2569 5514 epist.
2619 5447 2683 5499 ad
2726 5444 3148 5499 Painmachium.

2068 5542 2085 5582 ί
2124 5544 2234 5599 iloc
2283 5552 2441 5609 caput
2485 5541 2637 5595 deest
2684 5538 2735 5591 in
2780 5536 2967 5602 Corb.,
3000 5537 3171 5603 Bell.,
3206 5537 3358 5591 Colb.
3391 5548 3445 5590 ct
3479 5535 3577 5589 ἢθη

1991 5630 2096 5733 gn;
2123 5686 2333 5757 Regm.,
2377 5682 2503 5738 velte
2532 5679 2752 5748 extra/ii,
2779 5679 2982 5739 Chesn.
3012 5689 3066 5738 et
3104 5678 3284 5746 Frcb.,
3312 5677 3388 5732 vel
3405 5688 3577 5733 εωιτιιι

1991 5758 2129 5813 here.
