  <div class='ocr_page' id='page_1' title='image "/cluster/home/n/w/nwhite01/storage/ocr_20150623/71/hvd.32044054758750/115.png"; bbox 0 0 4008 6184; ppageno 0'>
   <div class='ocr_carea' id='block_1_1' title="bbox 452 291 553 347">
    <p class='ocr_par' dir='ltr' id='par_1_1' title="bbox 452 291 553 347">
     <span class='ocr_line' id='line_1_1' title="bbox 452 291 553 347; baseline 0 -1"><span class='ocrx_word' id='word_1_1' title='bbox 452 291 553 347; x_wconf 65' lang='lat' dir='ltr'><strong>Elii</strong></span> 
     </span>
    </p>
   </div>
   <div class='ocr_carea' id='block_1_2' title="bbox 1449 263 3680 343">
    <p class='ocr_par' dir='ltr' id='par_1_2' title="bbox 1449 263 3680 343">
     <span class='ocr_line' id='line_1_2' title="bbox 1449 263 3680 343; baseline -0.011 -1"><span class='ocrx_word' id='word_1_2' title='bbox 1449 286 1506 343; x_wconf 90' lang='lat' dir='ltr'><strong>S.</strong></span> <span class='ocrx_word' id='word_1_3' title='bbox 1549 281 1879 341; x_wconf 77' lang='lat' dir='ltr'><strong>GREGORII</strong></span> <span class='ocrx_word' id='word_1_4' title='bbox 1922 278 2225 337; x_wconf 84' lang='lat' dir='ltr'><strong>EPISCOPI</strong></span> <span class='ocrx_word' id='word_1_5' title='bbox 2266 274 2699 335; x_wconf 66' lang='lat' dir='ltr'><strong>TURONENSIS</strong></span> <span class='ocrx_word' id='word_1_6' title='bbox 3598 263 3680 318; x_wconf 70' lang='lat'><strong>9.90</strong></span> 
     </span>
    </p>
   </div>
   <div class='ocr_carea' id='block_1_3' title="bbox 447 380 3681 480">
    <p class='ocr_par' dir='ltr' id='par_1_3' title="bbox 447 380 3681 480">
     <span class='ocr_line' id='line_1_3' title="bbox 447 380 3681 480; baseline -0.009 -15"><span class='ocrx_word' id='word_1_7' title='bbox 447 419 624 480; x_wconf 85' lang='lat' dir='ltr'><strong>egesta</strong></span> <span class='ocrx_word' id='word_1_8' title='bbox 658 416 685 446; x_wconf 81' lang='grc' dir='ltr'>ι</span> <span class='ocrx_word' id='word_1_9' title='bbox 713 424 728 463; x_wconf 88' lang='lat'><strong>:</strong></span> <span class='ocrx_word' id='word_1_10' title='bbox 754 406 879 479; x_wconf 82' lang='lat' dir='ltr'><strong>quia</strong></span> <span class='ocrx_word' id='word_1_11' title='bbox 918 420 1016 461; x_wconf 91' lang='lat' dir='ltr'><strong>nec</strong></span> <span class='ocrx_word' id='word_1_12' title='bbox 1061 402 1200 459; x_wconf 90' lang='lat' dir='ltr'><strong>istud</strong></span> <span class='ocrx_word' id='word_1_13' title='bbox 1230 402 1344 458; x_wconf 86' lang='lat' dir='ltr'><strong>sine</strong></span> <span class='ocrx_word' id='word_1_14' title='bbox 1389 402 1578 456; x_wconf 63' lang='lat' dir='ltr'><strong>hmresi</strong></span> <span class='ocrx_word' id='word_1_15' title='bbox 1616 406 1792 471; x_wconf 91' lang='lat' dir='ltr'><strong>potest</strong></span> <span class='ocrx_word' id='word_1_16' title='bbox 1811 397 1976 466; x_wconf 87' lang='lat' dir='ltr'><strong>accipi</strong></span> <span class='ocrx_word' id='word_1_17' title='bbox 2002 437 2018 461; x_wconf 95' lang='lat'><strong>,</strong></span> <span class='ocrx_word' id='word_1_18' title='bbox 2053 400 2101 456; x_wconf 76' lang='grc' dir='ltr'>Α</span> <span class='ocrx_word' id='word_1_19' title='bbox 2127 398 2273 463; x_wconf 88' lang='lat' dir='ltr'><strong>prior</strong></span> <span class='ocrx_word' id='word_1_20' title='bbox 2320 393 2607 448; x_wconf 87' lang='lat' dir='ltr'><strong>damnatus</strong></span> <span class='ocrx_word' id='word_1_21' title='bbox 2660 390 2868 455; x_wconf 88' lang='lat' dir='ltr'><strong>fuerat,</strong></span> <span class='ocrx_word' id='word_1_22' title='bbox 2906 385 3065 480; x_wconf 80' lang='lat' dir='ltr'><strong>fuisse</strong></span> <span class='ocrx_word' id='word_1_23' title='bbox 3120 383 3461 480; x_wconf 66' lang='lat' dir='ltr'><strong>participem.</strong></span> <span class='ocrx_word' id='word_1_24' title='bbox 3510 380 3681 480; x_wconf 76' lang='lat' dir='ltr'><strong>Verum</strong></span> 
     </span>
    </p>
   </div>
   <div class='ocr_carea' id='block_1_4' title="bbox 447 487 2027 559">
    <p class='ocr_par' dir='ltr' id='par_1_4' title="bbox 447 487 2027 559">
     <span class='ocr_line' id='line_1_4' title="bbox 447 487 2027 559; baseline -0.008 -3"><span class='ocrx_word' id='word_1_25' title='bbox 447 511 502 555; x_wconf 88' lang='lat' dir='ltr'><strong>ut</strong></span> <span class='ocrx_word' id='word_1_26' title='bbox 531 504 580 555; x_wconf 92' lang='lat' dir='ltr'><strong>in</strong></span> <span class='ocrx_word' id='word_1_27' title='bbox 630 499 867 555; x_wconf 86' lang='lat' dir='ltr'><strong>Ecclesia</strong></span> <span class='ocrx_word' id='word_1_28' title='bbox 920 513 1025 552; x_wconf 89' lang='lat' dir='ltr'><strong>non</strong></span> <span class='ocrx_word' id='word_1_29' title='bbox 1071 497 1351 551; x_wconf 87' lang='lat' dir='ltr'><strong>obediatur</strong></span> <span class='ocrx_word' id='word_1_30' title='bbox 1393 493 1662 549; x_wconf 91' lang='lat' dir='ltr'><strong>sacerdoti</strong></span> <span class='ocrx_word' id='word_1_31' title='bbox 1689 491 1801 559; x_wconf 87' lang='lat' dir='ltr'><strong>Dei,</strong></span> <span class='ocrx_word' id='word_1_32' title='bbox 1834 490 1918 544; x_wconf 89' lang='lat' dir='ltr'><strong>cui</strong></span> <span class='ocrx_word' id='word_1_33' title='bbox 1961 487 2027 543; x_wconf 91' lang='lat' dir='ltr'><strong>ad</strong></span> 
     </span>
    </p>
   </div>
   <div class='ocr_carea' id='block_1_5' title="bbox 447 584 2029 661">
    <p class='ocr_par' dir='ltr' id='par_1_5' title="bbox 447 584 2029 661">
     <span class='ocr_line' id='line_1_5' title="bbox 447 584 2029 661; baseline -0.007 -15"><span class='ocrx_word' id='word_1_34' title='bbox 447 593 768 661; x_wconf 88' lang='lat' dir='ltr'><strong>pascendum</strong></span> <span class='ocrx_word' id='word_1_35' title='bbox 812 604 940 644; x_wconf 89' lang='lat' dir='ltr'><strong>oves</strong></span> <span class='ocrx_word' id='word_1_36' title='bbox 987 588 1288 642; x_wconf 70' lang='lat' dir='ltr'><strong>commissa:</strong></span> <span class='ocrx_word' id='word_1_37' title='bbox 1317 597 1459 651; x_wconf 91' lang='lat' dir='ltr'><strong>sunt,</strong></span> <span class='ocrx_word' id='word_1_38' title='bbox 1489 597 1540 639; x_wconf 90' lang='lat' dir='ltr'><strong>et</strong></span> <span class='ocrx_word' id='word_1_39' title='bbox 1572 584 1658 639; x_wconf 92' lang='lat' dir='ltr'><strong>ille</strong></span> <span class='ocrx_word' id='word_1_40' title='bbox 1709 598 1768 639; x_wconf 90' lang='lat' dir='ltr'><strong>se</strong></span> <span class='ocrx_word' id='word_1_41' title='bbox 1823 584 2029 651; x_wconf 78' lang='lat' dir='ltr'><strong>ingerat</strong></span> 
     </span>
    </p>
   </div>
   <div class='ocr_carea' id='block_1_6' title="bbox 450 673 2028 750">
    <p class='ocr_par' dir='ltr' id='par_1_6' title="bbox 450 673 2028 750">
     <span class='ocr_line' id='line_1_6' title="bbox 450 673 2028 750; baseline -0.006 -14"><span class='ocrx_word' id='word_1_42' title='bbox 450 682 723 750; x_wconf 86' lang='lat' dir='ltr'><strong>potestati,</strong></span> <span class='ocrx_word' id='word_1_43' title='bbox 756 681 840 734; x_wconf 90' lang='lat' dir='ltr'><strong>cui</strong></span> <span class='ocrx_word' id='word_1_44' title='bbox 873 694 1045 749; x_wconf 88' lang='lat' dir='ltr'><strong>neque</strong></span> <span class='ocrx_word' id='word_1_45' title='bbox 1073 695 1100 731; x_wconf 87' lang='lat' dir='ltr'><strong>a</strong></span> <span class='ocrx_word' id='word_1_46' title='bbox 1132 678 1262 741; x_wconf 86' lang='lat' dir='ltr'><strong>Deo,</strong></span> <span class='ocrx_word' id='word_1_47' title='bbox 1293 692 1467 745; x_wconf 88' lang='lat' dir='ltr'><strong>neque</strong></span> <span class='ocrx_word' id='word_1_48' title='bbox 1497 676 1564 730; x_wconf 87' lang='lat' dir='ltr'><strong>ab</strong></span> <span class='ocrx_word' id='word_1_49' title='bbox 1597 674 1901 729; x_wconf 89' lang='lat' dir='ltr'><strong>hominibus</strong></span> <span class='ocrx_word' id='word_1_50' title='bbox 1930 673 2028 727; x_wconf 85' lang='lat' dir='ltr'><strong>ali-</strong></span> 
     </span>
    </p>
   </div>
   <div class='ocr_carea' id='block_1_7' title="bbox 444 765 2028 839">
    <p class='ocr_par' dir='ltr' id='par_1_7' title="bbox 444 765 2028 839">
     <span class='ocr_line' id='line_1_7' title="bbox 444 765 2028 839; baseline -0.004 -17"><span class='ocrx_word' id='word_1_51' title='bbox 444 771 567 839; x_wconf 85' lang='lat' dir='ltr'><strong>quid</strong></span> <span class='ocrx_word' id='word_1_52' title='bbox 598 781 679 825; x_wconf 92' lang='lat' dir='ltr'><strong>est</strong></span> <span class='ocrx_word' id='word_1_53' title='bbox 719 770 1088 824; x_wconf 89' lang='lat' dir='ltr'><strong>commissum.</strong></span> <span class='ocrx_word' id='word_1_54' title='bbox 1118 767 1317 823; x_wconf 84' lang='lat' dir='ltr'><strong>Dehinc</strong></span> <span class='ocrx_word' id='word_1_55' title='bbox 1371 768 1558 820; x_wconf 92' lang='lat' dir='ltr'><strong>beatus</strong></span> <span class='ocrx_word' id='word_1_56' title='bbox 1587 765 1864 829; x_wconf 82' lang='lat' dir='ltr'><strong>sacerdos,</strong></span> <span class='ocrx_word' id='word_1_57' title='bbox 1921 777 2028 817; x_wconf 91' lang='lat' dir='ltr'><strong>uno</strong></span> 
     </span>
    </p>
   </div>
   <div class='ocr_carea' id='block_1_8' title="bbox 443 856 2028 924">
    <p class='ocr_par' dir='ltr' id='par_1_8' title="bbox 443 856 2028 924">
     <span class='ocr_line' id='line_1_8' title="bbox 443 856 2028 924; baseline -0.002 -11"><span class='ocrx_word' id='word_1_58' title='bbox 443 860 617 914; x_wconf 90' lang='lat' dir='ltr'><strong>adhuc</strong></span> <span class='ocrx_word' id='word_1_59' title='bbox 648 871 898 915; x_wconf 90' lang='lat' dir='ltr'><strong>manente</strong></span> <span class='ocrx_word' id='word_1_60' title='bbox 940 860 1287 913; x_wconf 84' lang='lat' dir='ltr'><strong>nihilominus</strong></span> <span class='ocrx_word' id='word_1_61' title='bbox 1325 856 1561 924; x_wconf 91' lang='lat' dir='ltr'><strong>inimico,</strong></span> <span class='ocrx_word' id='word_1_62' title='bbox 1591 870 1702 911; x_wconf 75' lang='lat' dir='ltr'><strong>sua:</strong></span> <span class='ocrx_word' id='word_1_63' title='bbox 1726 856 2028 911; x_wconf 91' lang='lat' dir='ltr'><strong>restituitur</strong></span> 
     </span>
    </p>
   </div>
   <div class='ocr_carea' id='block_1_9' title="bbox 444 952 2027 1022">
    <p class='ocr_par' dir='ltr' id='par_1_9' title="bbox 444 952 2027 1022">
     <span class='ocr_line' id='line_1_9' title="bbox 444 952 2027 1022; baseline 0.001 -19"><span class='ocrx_word' id='word_1_64' title='bbox 444 954 712 1021; x_wconf 80' lang='lat' dir='ltr'><strong>potestati.</strong></span> <span class='ocrx_word' id='word_1_65' title='bbox 764 953 981 1007; x_wconf 82' lang='lat' dir='ltr'><strong>Factum</strong></span> <span class='ocrx_word' id='word_1_66' title='bbox 1015 960 1096 1008; x_wconf 89' lang='lat' dir='ltr'><strong>est</strong></span> <span class='ocrx_word' id='word_1_67' title='bbox 1122 966 1298 1008; x_wconf 90' lang='lat' dir='ltr'><strong>autem</strong></span> <span class='ocrx_word' id='word_1_68' title='bbox 1332 952 1591 1022; x_wconf 68' lang='lat' dir='ltr'><strong>posthaec,</strong></span> <span class='ocrx_word' id='word_1_69' title='bbox 1637 961 1695 1005; x_wconf 89' lang='lat' dir='ltr'><strong>ut</strong></span> <span class='ocrx_word' id='word_1_70' title='bbox 1734 952 2027 1005; x_wconf 91' lang='lat' dir='ltr'><strong>accedente</strong></span> 
     </span>
    </p>
   </div>
   <div class='ocr_carea' id='block_1_10' title="bbox 443 1044 2025 1115">
    <p class='ocr_par' dir='ltr' id='par_1_10' title="bbox 443 1044 2025 1115">
     <span class='ocr_line' id='line_1_10' title="bbox 443 1044 2025 1115; baseline 0.001 -19"><span class='ocrx_word' id='word_1_71' title='bbox 443 1044 590 1098; x_wconf 83' lang='lat' dir='ltr'><strong>febre</strong></span> <span class='ocrx_word' id='word_1_72' title='bbox 617 1055 881 1114; x_wconf 69' lang='lat' dir='ltr'><strong>aegrotare</strong></span> <span class='ocrx_word' id='word_1_73' title='bbox 908 1052 1158 1114; x_wconf 67' lang='lat' dir='ltr'><strong>crepisset</strong></span> <span class='ocrx_word' id='word_1_74' title='bbox 1185 1063 1196 1097; x_wconf 90' lang='lat'>:</span> <span class='ocrx_word' id='word_1_75' title='bbox 1245 1046 1333 1113; x_wconf 87' lang='lat' dir='ltr'><strong>qui</strong></span> <span class='ocrx_word' id='word_1_76' title='bbox 1382 1054 1530 1115; x_wconf 83' lang='lat' dir='ltr'><strong>rogat</strong></span> <span class='ocrx_word' id='word_1_77' title='bbox 1557 1058 1703 1107; x_wconf 90' lang='lat' dir='ltr'><strong>suos,</strong></span> <span class='ocrx_word' id='word_1_78' title='bbox 1739 1054 1792 1097; x_wconf 90' lang='lat' dir='ltr'><strong>ut</strong></span> <span class='ocrx_word' id='word_1_79' title='bbox 1822 1059 1944 1096; x_wconf 84' lang='lat' dir='ltr'><strong>eum</strong></span> <span class='ocrx_word' id='word_1_80' title='bbox 1973 1044 2025 1098; x_wconf 90' lang='lat' dir='ltr'><strong>in</strong></span> 
     </span>
    </p>
   </div>
   <div class='ocr_carea' id='block_1_11' title="bbox 441 1135 2025 1205">
    <p class='ocr_par' dir='ltr' id='par_1_11' title="bbox 441 1135 2025 1205">
     <span class='ocr_line' id='line_1_11' title="bbox 441 1135 2025 1205; baseline -0.003 -15"><span class='ocrx_word' id='word_1_81' title='bbox 441 1135 723 1190; x_wconf 86' lang='lat' dir='ltr'><strong>ecclesiam</strong></span> <span class='ocrx_word' id='word_1_82' title='bbox 754 1136 973 1193; x_wconf 87' lang='lat' dir='ltr'><strong>ferrent.</strong></span> <span class='ocrx_word' id='word_1_83' title='bbox 1003 1137 1243 1205; x_wconf 87' lang='lat' dir='ltr'><strong>Cumque</strong></span> <span class='ocrx_word' id='word_1_84' title='bbox 1276 1138 1400 1190; x_wconf 91' lang='lat' dir='ltr'><strong>illuc</strong></span> <span class='ocrx_word' id='word_1_85' title='bbox 1445 1137 1620 1190; x_wconf 91' lang='lat' dir='ltr'><strong>illatus</strong></span> <span class='ocrx_word' id='word_1_86' title='bbox 1652 1135 1859 1203; x_wconf 83' lang='lat' dir='ltr'><strong>fuisset,</strong></span> <span class='ocrx_word' id='word_1_87' title='bbox 1891 1150 2025 1187; x_wconf 90' lang='lat' dir='ltr'><strong>con-</strong></span> 
     </span>
    </p>
   </div>
   <div class='ocr_carea' id='block_1_12' title="bbox 442 1227 2023 1292">
    <p class='ocr_par' dir='ltr' id='par_1_12' title="bbox 442 1227 2023 1292">
     <span class='ocr_line' id='line_1_12' title="bbox 442 1227 2023 1292; baseline -0.002 -10"><span class='ocrx_word' id='word_1_88' title='bbox 442 1228 694 1284; x_wconf 81' lang='lat' dir='ltr'><strong>veniebat</strong></span> <span class='ocrx_word' id='word_1_89' title='bbox 736 1229 802 1283; x_wconf 91' lang='lat' dir='ltr'><strong>ad</strong></span> <span class='ocrx_word' id='word_1_90' title='bbox 848 1244 968 1284; x_wconf 90' lang='lat' dir='ltr'><strong>eum</strong></span> <span class='ocrx_word' id='word_1_91' title='bbox 1022 1228 1308 1283; x_wconf 89' lang='lat' dir='ltr'><strong>multitudo</strong></span> <span class='ocrx_word' id='word_1_92' title='bbox 1337 1229 1577 1281; x_wconf 84' lang='lat' dir='ltr'><strong>virorum</strong></span> <span class='ocrx_word' id='word_1_93' title='bbox 1627 1243 1690 1281; x_wconf 91' lang='lat' dir='ltr'><strong>ac</strong></span> <span class='ocrx_word' id='word_1_94' title='bbox 1720 1227 2023 1292; x_wconf 87' lang='lat' dir='ltr'><strong>mulierum,</strong></span> 
     </span>
    </p>
   </div>
   <div class='ocr_carea' id='block_1_13' title="bbox 442 1318 2028 1389">
    <p class='ocr_par' dir='ltr' id='par_1_13' title="bbox 442 1318 2028 1389">
     <span class='ocr_line' id='line_1_13' title="bbox 442 1318 2028 1389; baseline 0.001 -16"><span class='ocrx_word' id='word_1_95' title='bbox 442 1318 710 1389; x_wconf 88' lang='lat' dir='ltr'><strong>simulque</strong></span> <span class='ocrx_word' id='word_1_96' title='bbox 751 1320 911 1375; x_wconf 88' lang='lat' dir='ltr'><strong>etiam</strong></span> <span class='ocrx_word' id='word_1_97' title='bbox 939 1330 995 1374; x_wconf 90' lang='lat' dir='ltr'><strong>et</strong></span> <span class='ocrx_word' id='word_1_98' title='bbox 1043 1320 1322 1373; x_wconf 87' lang='lat' dir='ltr'><strong>infantium</strong></span> <span class='ocrx_word' id='word_1_99' title='bbox 1359 1320 1723 1389; x_wconf 78' lang='lat' dir='ltr'><strong>plangentium</strong></span> <span class='ocrx_word' id='word_1_100' title='bbox 1758 1329 1916 1389; x_wconf 88' lang='lat' dir='ltr'><strong>atque</strong></span> <span class='ocrx_word' id='word_1_101' title='bbox 1948 1320 2028 1374; x_wconf 86' lang='lat' dir='ltr'><strong>di-</strong></span> 
     </span>
    </p>
   </div>
   <div class='ocr_carea' id='block_1_14' title="bbox 440 1410 2027 1478">
    <p class='ocr_par' dir='ltr' id='par_1_14' title="bbox 440 1410 2027 1478">
     <span class='ocr_line' id='line_1_14' title="bbox 440 1410 2027 1478; baseline -0.001 -14"><span class='ocrx_word' id='word_1_102' title='bbox 440 1410 673 1464; x_wconf 90' lang='lat' dir='ltr'><strong>centium</strong></span> <span class='ocrx_word' id='word_1_103' title='bbox 708 1428 719 1463; x_wconf 92' lang='lat'>:</span> <span class='ocrx_word' id='word_1_104' title='bbox 755 1412 861 1465; x_wconf 94' lang='lat' dir='ltr'><strong>Cur</strong></span> <span class='ocrx_word' id='word_1_105' title='bbox 892 1426 990 1465; x_wconf 92' lang='lat' dir='ltr'><strong>nos</strong></span> <span class='ocrx_word' id='word_1_106' title='bbox 1014 1410 1240 1476; x_wconf 83' lang='lat' dir='ltr'><strong>deseris,</strong></span> <span class='ocrx_word' id='word_1_107' title='bbox 1272 1420 1452 1478; x_wconf 77' lang='lat' dir='ltr'><strong>pastor</strong></span> <span class='ocrx_word' id='word_1_108' title='bbox 1496 1410 1655 1476; x_wconf 91' lang='lat' dir='ltr'><strong>bone,</strong></span> <span class='ocrx_word' id='word_1_109' title='bbox 1702 1410 1785 1464; x_wconf 89' lang='lat' dir='ltr'><strong>vel</strong></span> <span class='ocrx_word' id='word_1_110' title='bbox 1816 1411 1898 1465; x_wconf 89' lang='lat' dir='ltr'><strong>cui</strong></span> <span class='ocrx_word' id='word_1_111' title='bbox 1928 1424 2027 1464; x_wconf 89' lang='lat' dir='ltr'><strong>nos</strong></span> 
     </span>
    </p>
   </div>
   <div class='ocr_carea' id='block_1_15' title="bbox 441 1488 2028 1573">
    <p class='ocr_par' dir='ltr' id='par_1_15' title="bbox 441 1488 2028 1573">
     <span class='ocr_line' id='line_1_15' title="bbox 441 1488 2028 1573; baseline 0 -18"><span class='ocrx_word' id='word_1_112' title='bbox 441 1491 590 1569; x_wconf 80' lang='lat' dir='ltr'><strong>quasi</strong></span> <span class='ocrx_word' id='word_1_113' title='bbox 623 1503 894 1571; x_wconf 89' lang='lat' dir='ltr'><strong>orphanos</strong></span> <span class='ocrx_word' id='word_1_114' title='bbox 917 1502 1279 1573; x_wconf 79' lang='lat' dir='ltr'><strong>derelinquis?</strong></span> <span class='ocrx_word' id='word_1_115' title='bbox 1318 1500 1566 1570; x_wconf 76' lang='lat' dir='ltr'><strong>Nunquid</strong></span> <span class='ocrx_word' id='word_1_116' title='bbox 1595 1488 1695 1555; x_wconf 84' lang='lat' dir='ltr'><strong>erit</strong></span> <span class='ocrx_word' id='word_1_117' title='bbox 1726 1503 1879 1557; x_wconf 90' lang='lat' dir='ltr'><strong>nobis</strong></span> <span class='ocrx_word' id='word_1_118' title='bbox 1904 1510 2028 1572; x_wconf 73' lang='lat' dir='ltr'><strong>post</strong></span> 
     </span>
    </p>
   </div>
   <div class='ocr_carea' id='block_1_16' title="bbox 443 1593 2027 1666">
    <p class='ocr_par' dir='ltr' id='par_1_16' title="bbox 443 1593 2027 1666">
     <span class='ocr_line' id='line_1_16' title="bbox 443 1593 2027 1666; baseline 0.004 -20"><span class='ocrx_word' id='word_1_119' title='bbox 443 1593 722 1647; x_wconf 85' lang='lat' dir='ltr'><strong>transitum</strong></span> <span class='ocrx_word' id='word_1_120' title='bbox 750 1603 895 1649; x_wconf 90' lang='lat' dir='ltr'><strong>tuum</strong></span> <span class='ocrx_word' id='word_1_121' title='bbox 919 1595 1058 1648; x_wconf 65' lang='lat' dir='ltr'><strong>vita?</strong></span> <span class='ocrx_word' id='word_1_122' title='bbox 1083 1594 1316 1663; x_wconf 87' lang='lat' dir='ltr'><strong>nunquid</strong></span> <span class='ocrx_word' id='word_1_123' title='bbox 1335 1596 1439 1649; x_wconf 90' lang='lat' dir='ltr'><strong>erit</strong></span> <span class='ocrx_word' id='word_1_124' title='bbox 1463 1595 1799 1662; x_wconf 83' lang='lat' dir='ltr'><strong>postmodum</strong></span> <span class='ocrx_word' id='word_1_125' title='bbox 1820 1597 1907 1666; x_wconf 88' lang='lat' dir='ltr'><strong>qui</strong></span> <span class='ocrx_word' id='word_1_126' title='bbox 1932 1613 2027 1653; x_wconf 83' lang='lat' dir='ltr'><strong>nos</strong></span> 
     </span>
    </p>
   </div>
   <div class='ocr_carea' id='block_1_17' title="bbox 442 1684 2026 1749">
    <p class='ocr_par' dir='ltr' id='par_1_17' title="bbox 442 1684 2026 1749">
     <span class='ocr_line' id='line_1_17' title="bbox 442 1684 2026 1749; baseline 0.005 -14"><span class='ocrx_word' id='word_1_127' title='bbox 442 1684 719 1749; x_wconf 67' lang='lat' dir='ltr'><strong>sapientia:</strong></span> <span class='ocrx_word' id='word_1_128' title='bbox 745 1686 853 1739; x_wconf 56' lang='lat' dir='ltr'><strong>sale</strong></span> <span class='ocrx_word' id='word_1_129' title='bbox 883 1688 959 1740; x_wconf 90' lang='lat' dir='ltr'><strong>sic</strong></span> <span class='ocrx_word' id='word_1_130' title='bbox 988 1686 1246 1740; x_wconf 81' lang='lat' dir='ltr'><strong>condiat?</strong></span> <span class='ocrx_word' id='word_1_131' title='bbox 1284 1696 1370 1739; x_wconf 90' lang='lat' dir='ltr'><strong>aut</strong></span> <span class='ocrx_word' id='word_1_132' title='bbox 1404 1687 1468 1739; x_wconf 91' lang='lat' dir='ltr'><strong>ad</strong></span> <span class='ocrx_word' id='word_1_133' title='bbox 1510 1687 1760 1741; x_wconf 87' lang='lat' dir='ltr'><strong>dominici</strong></span> <span class='ocrx_word' id='word_1_134' title='bbox 1794 1689 2026 1744; x_wconf 90' lang='lat' dir='ltr'><strong>nominis</strong></span> 
     </span>
    </p>
   </div>
   <div class='ocr_carea' id='block_1_18' title="bbox 2133 475 3685 554">
    <p class='ocr_par' dir='ltr' id='par_1_18' title="bbox 2133 475 3685 554">
     <span class='ocr_line' id='line_1_18' title="bbox 2133 475 3685 554; baseline -0.007 -14"><span class='ocrx_word' id='word_1_135' title='bbox 2133 485 2220 540; x_wconf 90' lang='lat' dir='ltr'><strong>ubi</strong></span> <span class='ocrx_word' id='word_1_136' title='bbox 2239 486 2422 554; x_wconf 84' lang='lat' dir='ltr'><strong>judex,</strong></span> <span class='ocrx_word' id='word_1_137' title='bbox 2454 497 2614 553; x_wconf 85' lang='lat' dir='ltr'><strong>quem</strong></span> <span class='ocrx_word' id='word_1_138' title='bbox 2663 481 2727 535; x_wconf 90' lang='lat' dir='ltr'><strong>ad</strong></span> <span class='ocrx_word' id='word_1_139' title='bbox 2763 492 2815 536; x_wconf 91' lang='lat' dir='ltr'><strong>te</strong></span> <span class='ocrx_word' id='word_1_140' title='bbox 2844 477 3252 543; x_wconf 90' lang='lat' dir='ltr'><strong>transmitteret,</strong></span> <span class='ocrx_word' id='word_1_141' title='bbox 3294 475 3522 531; x_wconf 82' lang='lat' dir='ltr'><strong>sollicite</strong></span> <span class='ocrx_word' id='word_1_142' title='bbox 3549 475 3685 541; x_wconf 66' lang='lat' dir='ltr'><strong>coepit</strong></span> 
     </span>
    </p>
   </div>
   <div class='ocr_carea' id='block_1_19' title="bbox 2131 568 3686 646">
    <p class='ocr_par' dir='ltr' id='par_1_19' title="bbox 2131 568 3686 646">
     <span class='ocr_line' id='line_1_19' title="bbox 2131 568 3686 646; baseline -0.007 -15"><span class='ocrx_word' id='word_1_143' title='bbox 2131 576 2425 646; x_wconf 90' lang='lat' dir='ltr'><strong>inquirere,</strong></span> <span class='ocrx_word' id='word_1_144' title='bbox 2449 589 2550 645; x_wconf 88' lang='lat' dir='ltr'><strong>ego</strong></span> <span class='ocrx_word' id='word_1_145' title='bbox 2576 588 2662 628; x_wconf 88' lang='lat' dir='ltr'><strong>tne</strong></span> <span class='ocrx_word' id='word_1_146' title='bbox 2692 574 2830 626; x_wconf 80' lang='lat' dir='ltr'><strong>inter</strong></span> <span class='ocrx_word' id='word_1_147' title='bbox 2858 571 3095 640; x_wconf 89' lang='lat' dir='ltr'><strong>reliquos</strong></span> <span class='ocrx_word' id='word_1_148' title='bbox 3123 568 3369 623; x_wconf 89' lang='lat' dir='ltr'><strong>occulere</strong></span> <span class='ocrx_word' id='word_1_149' title='bbox 3396 568 3535 635; x_wconf 63' lang='grc' dir='ltr'><em>εαξρὶ</em></span> <span class='ocrx_word' id='word_1_150' title='bbox 3565 577 3686 627; x_wconf 87' lang='lat' dir='ltr'><strong>,eta</strong></span> 
     </span>
    </p>
   </div>
   <div class='ocr_carea' id='block_1_20' title="bbox 2130 657 3686 735">
    <p class='ocr_par' dir='ltr' id='par_1_20' title="bbox 2130 657 3686 735">
     <span class='ocr_line' id='line_1_20' title="bbox 2130 657 3686 735; baseline -0.006 -14"><span class='ocrx_word' id='word_1_151' title='bbox 2130 676 2281 735; x_wconf 88' lang='lat' dir='ltr'><strong>tergo</strong></span> <span class='ocrx_word' id='word_1_152' title='bbox 2336 667 2499 728; x_wconf 88' lang='lat' dir='ltr'><strong>steti,</strong></span> <span class='ocrx_word' id='word_1_153' title='bbox 2553 674 2784 719; x_wconf 89' lang='lat' dir='ltr'><strong>tractans</strong></span> <span class='ocrx_word' id='word_1_154' title='bbox 2815 661 2953 730; x_wconf 90' lang='lat' dir='ltr'><strong>apud</strong></span> <span class='ocrx_word' id='word_1_155' title='bbox 3012 660 3408 727; x_wconf 86' lang='lat' dir='ltr'><strong>memetipsnm,</strong></span> <span class='ocrx_word' id='word_1_156' title='bbox 3462 673 3533 711; x_wconf 87' lang='lat' dir='ltr'><strong>ne</strong></span> <span class='ocrx_word' id='word_1_157' title='bbox 3573 657 3686 711; x_wconf 85' lang='lat' dir='ltr'><strong>forte</strong></span> 
     </span>
    </p>
   </div>
   <div class='ocr_carea' id='block_1_21' title="bbox 2132 750 3687 829">
    <p class='ocr_par' dir='ltr' id='par_1_21' title="bbox 2132 750 3687 829">
     <span class='ocr_line' id='line_1_21' title="bbox 2132 750 3687 829; baseline -0.008 -16"><span class='ocrx_word' id='word_1_158' title='bbox 2132 775 2253 829; x_wconf 83' lang='lat' dir='ltr'><strong>ego,</strong></span> <span class='ocrx_word' id='word_1_159' title='bbox 2286 759 2375 828; x_wconf 88' lang='lat' dir='ltr'><strong>qui</strong></span> <span class='ocrx_word' id='word_1_160' title='bbox 2406 767 2563 812; x_wconf 86' lang='lat' dir='ltr'><strong>notus</strong></span> <span class='ocrx_word' id='word_1_161' title='bbox 2616 772 2733 811; x_wconf 86' lang='lat' dir='ltr'><strong>sum</strong></span> <span class='ocrx_word' id='word_1_162' title='bbox 2784 753 3015 818; x_wconf 88' lang='lat' dir='ltr'><strong>homini,</strong></span> <span class='ocrx_word' id='word_1_163' title='bbox 3050 751 3246 804; x_wconf 85' lang='lat' dir='ltr'><strong>mittar.</strong></span> <span class='ocrx_word' id='word_1_164' title='bbox 3296 750 3425 803; x_wconf 88' lang='lat' dir='ltr'><strong>Dum</strong></span> <span class='ocrx_word' id='word_1_165' title='bbox 3460 750 3572 802; x_wconf 55' lang='lat' dir='ltr'><strong>haec</strong></span> <span class='ocrx_word' id='word_1_166' title='bbox 3595 765 3687 802; x_wconf 89' lang='lat' dir='ltr'><strong>me-</strong></span> 
     </span>
    </p>
   </div>
   <div class='ocr_carea' id='block_1_22' title="bbox 2131 842 3687 912">
    <p class='ocr_par' dir='ltr' id='par_1_22' title="bbox 2131 842 3687 912">
     <span class='ocr_line' id='line_1_22' title="bbox 2131 842 3687 912; baseline -0.007 -6"><span class='ocrx_word' id='word_1_167' title='bbox 2131 868 2251 907; x_wconf 88' lang='lat' dir='ltr'><strong>cum</strong></span> <span class='ocrx_word' id='word_1_168' title='bbox 2284 852 2475 907; x_wconf 90' lang='lat' dir='ltr'><strong>tacitus</strong></span> <span class='ocrx_word' id='word_1_169' title='bbox 2496 850 2790 912; x_wconf 88' lang='lat' dir='ltr'><strong>volverem,</strong></span> <span class='ocrx_word' id='word_1_170' title='bbox 2815 846 3010 900; x_wconf 86' lang='lat' dir='ltr'><strong>amotis</strong></span> <span class='ocrx_word' id='word_1_171' title='bbox 3029 844 3276 898; x_wconf 83' lang='lat' dir='ltr'><strong>omnibus</strong></span> <span class='ocrx_word' id='word_1_172' title='bbox 3303 844 3533 897; x_wconf 82' lang='lat' dir='ltr'><strong>remansi</strong></span> <span class='ocrx_word' id='word_1_173' title='bbox 3561 842 3687 896; x_wconf 59' lang='grc' dir='ltr'><strong>ξυιυς</strong></span> 
     </span>
    </p>
   </div>
   <div class='ocr_carea' id='block_1_23' title="bbox 2131 933 3685 1013">
    <p class='ocr_par' dir='ltr' id='par_1_23' title="bbox 2131 933 3685 1013">
     <span class='ocr_line' id='line_1_23' title="bbox 2131 933 3685 1013; baseline -0.009 -14"><span class='ocrx_word' id='word_1_174' title='bbox 2131 945 2183 999; x_wconf 86' lang='lat' dir='ltr'><strong>in</strong></span> <span class='ocrx_word' id='word_1_175' title='bbox 2209 946 2457 1013; x_wconf 90' lang='lat' dir='ltr'><strong>publico:</strong></span> <span class='ocrx_word' id='word_1_176' title='bbox 2485 951 2807 1010; x_wconf 82' lang='lat' dir='ltr'><strong>vocatusque</strong></span> <span class='ocrx_word' id='word_1_177' title='bbox 2828 954 2856 991; x_wconf 92' lang='lat' dir='ltr'><strong>a</strong></span> <span class='ocrx_word' id='word_1_178' title='bbox 2875 938 3073 1007; x_wconf 85' lang='lat' dir='ltr'><strong>judice,</strong></span> <span class='ocrx_word' id='word_1_179' title='bbox 3104 936 3322 1004; x_wconf 87' lang='lat' dir='ltr'><strong>propius</strong></span> <span class='ocrx_word' id='word_1_180' title='bbox 3352 935 3564 988; x_wconf 81' lang='lat' dir='ltr'><strong>accedo.</strong></span> <span class='ocrx_word' id='word_1_181' title='bbox 3593 933 3685 987; x_wconf 86' lang='lat' dir='ltr'><strong>Cu-</strong></span> 
     </span>
    </p>
   </div>
   <div class='ocr_carea' id='block_1_24' title="bbox 2126 1028 3682 1111">
    <p class='ocr_par' dir='ltr' id='par_1_24' title="bbox 2126 1028 3682 1111">
     <span class='ocr_line' id='line_1_24' title="bbox 2126 1028 3682 1111; baseline -0.006 -16"><span class='ocrx_word' id='word_1_182' title='bbox 2126 1041 2214 1111; x_wconf 90' lang='lat' dir='ltr'><strong>jus</strong></span> <span class='ocrx_word' id='word_1_183' title='bbox 2243 1041 2493 1094; x_wconf 73' lang='lat' dir='ltr'><strong>virtutem</strong></span> <span class='ocrx_word' id='word_1_184' title='bbox 2539 1045 2699 1107; x_wconf 90' lang='lat' dir='ltr'><strong>atque</strong></span> <span class='ocrx_word' id='word_1_185' title='bbox 2734 1028 3074 1105; x_wconf 88' lang='lat' dir='ltr'><strong>splendorem</strong></span> <span class='ocrx_word' id='word_1_186' title='bbox 3121 1042 3416 1096; x_wconf 91' lang='lat' dir='ltr'><strong>contuens,</strong></span> <span class='ocrx_word' id='word_1_187' title='bbox 3449 1032 3580 1099; x_wconf 62' lang='lat' dir='ltr'><strong>coepi</strong></span> <span class='ocrx_word' id='word_1_188' title='bbox 3609 1032 3682 1085; x_wconf 86' lang='lat' dir='ltr'><strong>lie-</strong></span> 
     </span>
    </p>
   </div>
   <div class='ocr_carea' id='block_1_25' title="bbox 2133 1128 3685 1199">
    <p class='ocr_par' dir='ltr' id='par_1_25' title="bbox 2133 1128 3685 1199">
     <span class='ocr_line' id='line_1_25' title="bbox 2133 1128 3685 1199; baseline -0.005 -9"><span class='ocrx_word' id='word_1_189' title='bbox 2133 1137 2226 1190; x_wconf 86' lang='lat' dir='ltr'><strong>bes</strong></span> <span class='ocrx_word' id='word_1_190' title='bbox 2251 1136 2469 1190; x_wconf 83' lang='lat' dir='ltr'><strong>ellectus</strong></span> <span class='ocrx_word' id='word_1_191' title='bbox 2515 1133 2746 1188; x_wconf 87' lang='lat' dir='ltr'><strong>titubare</strong></span> <span class='ocrx_word' id='word_1_192' title='bbox 2798 1147 2907 1199; x_wconf 69' lang='lat' dir='ltr'><strong>pra:</strong></span> <span class='ocrx_word' id='word_1_193' title='bbox 2936 1139 3100 1185; x_wconf 92' lang='lat' dir='ltr'><strong>metu.</strong></span> <span class='ocrx_word' id='word_1_194' title='bbox 3136 1128 3309 1183; x_wconf 82' lang='lat' dir='ltr'><strong>Etille</strong></span> <span class='ocrx_word' id='word_1_195' title='bbox 3342 1146 3356 1182; x_wconf 89' lang='lat'><strong>:</strong></span> <span class='ocrx_word' id='word_1_196' title='bbox 3388 1128 3465 1183; x_wconf 85' lang='lat' dir='ltr'><strong>Ne</strong></span> <span class='ocrx_word' id='word_1_197' title='bbox 3494 1130 3685 1191; x_wconf 78' lang='lat' dir='ltr'><strong>timeas,</strong></span> 
     </span>
    </p>
   </div>
   <div class='ocr_carea' id='block_1_26' title="bbox 2131 1220 3686 1296">
    <p class='ocr_par' dir='ltr' id='par_1_26' title="bbox 2131 1220 3686 1296">
     <span class='ocr_line' id='line_1_26' title="bbox 2131 1220 3686 1296; baseline -0.001 -19"><span class='ocrx_word' id='word_1_198' title='bbox 2131 1243 2280 1296; x_wconf 84' lang='lat' dir='ltr'><strong>puer,</strong></span> <span class='ocrx_word' id='word_1_199' title='bbox 2313 1226 2481 1295; x_wconf 89' lang='lat' dir='ltr'><strong>inquit</strong></span> <span class='ocrx_word' id='word_1_200' title='bbox 2510 1243 2523 1279; x_wconf 90' lang='lat'><strong>:</strong></span> <span class='ocrx_word' id='word_1_201' title='bbox 2554 1224 2648 1279; x_wconf 91' lang='lat' dir='ltr'><strong>sed</strong></span> <span class='ocrx_word' id='word_1_202' title='bbox 2679 1223 2833 1286; x_wconf 88' lang='lat' dir='ltr'><strong>vade.</strong></span> <span class='ocrx_word' id='word_1_203' title='bbox 2859 1223 2948 1277; x_wconf 87' lang='lat' dir='ltr'><strong>die</strong></span> <span class='ocrx_word' id='word_1_204' title='bbox 2977 1222 3293 1293; x_wconf 83' lang='lat' dir='ltr'><strong>presbytero</strong></span> <span class='ocrx_word' id='word_1_205' title='bbox 3322 1221 3395 1275; x_wconf 91' lang='lat' dir='ltr'><strong>illi</strong></span> <span class='ocrx_word' id='word_1_206' title='bbox 3428 1238 3443 1274; x_wconf 89' lang='lat'><strong>:</strong></span> <span class='ocrx_word' id='word_1_207' title='bbox 3480 1220 3603 1274; x_wconf 81' lang='lat' dir='ltr'><strong>Veni</strong></span> <span class='ocrx_word' id='word_1_208' title='bbox 3627 1220 3686 1276; x_wconf 90' lang='lat' dir='ltr'><strong>ad</strong></span> 
     </span>
    </p>
   </div>
   <div class='ocr_carea' id='block_1_27' title="bbox 2130 1312 3686 1385">
    <p class='ocr_par' dir='ltr' id='par_1_27' title="bbox 2130 1312 3686 1385">
     <span class='ocr_line' id='line_1_27' title="bbox 2130 1312 3686 1385; baseline -0.005 -11"><span class='ocrx_word' id='word_1_209' title='bbox 2130 1317 2556 1385; x_wconf 84' lang='lat' dir='ltr'><strong>respondendam</strong></span> <span class='ocrx_word' id='word_1_210' title='bbox 2578 1331 2816 1380; x_wconf 88' lang='lat' dir='ltr'><strong>causam,</strong></span> <span class='ocrx_word' id='word_1_211' title='bbox 2840 1314 2964 1384; x_wconf 85' lang='lat' dir='ltr'><strong>quia</strong></span> <span class='ocrx_word' id='word_1_212' title='bbox 2990 1313 3242 1369; x_wconf 91' lang='lat' dir='ltr'><strong>Sidonius</strong></span> <span class='ocrx_word' id='word_1_213' title='bbox 3268 1323 3319 1367; x_wconf 91' lang='lat' dir='ltr'><strong>te</strong></span> <span class='ocrx_word' id='word_1_214' title='bbox 3338 1313 3586 1367; x_wconf 78' lang='lat' dir='ltr'><strong>accersiri</strong></span> <span class='ocrx_word' id='word_1_215' title='bbox 3605 1312 3686 1366; x_wconf 79' lang='lat' dir='ltr'><strong>de-</strong></span> 
     </span>
    </p>
   </div>
   <div class='ocr_carea' id='block_1_28' title="bbox 2130 1403 3689 1481">
    <p class='ocr_par' dir='ltr' id='par_1_28' title="bbox 2130 1403 3689 1481">
     <span class='ocr_line' id='line_1_28' title="bbox 2130 1403 3689 1481; baseline -0.004 -18"><span class='ocrx_word' id='word_1_216' title='bbox 2130 1418 2379 1481; x_wconf 86' lang='lat' dir='ltr'><strong>precatus</strong></span> <span class='ocrx_word' id='word_1_217' title='bbox 2411 1416 2514 1465; x_wconf 89' lang='lat' dir='ltr'><strong>est.</strong></span> <span class='ocrx_word' id='word_1_218' title='bbox 2546 1407 2626 1462; x_wconf 85' lang='lat' dir='ltr'><strong>Tu</strong></span> <span class='ocrx_word' id='word_1_219' title='bbox 2649 1421 2775 1461; x_wconf 88' lang='lat' dir='ltr'><strong>vero</strong></span> <span class='ocrx_word' id='word_1_220' title='bbox 2801 1422 2868 1462; x_wconf 92' lang='lat' dir='ltr'><strong>ne</strong></span> <span class='ocrx_word' id='word_1_221' title='bbox 2918 1419 3118 1458; x_wconf 88' lang='lat' dir='ltr'><strong>moram</strong></span> <span class='ocrx_word' id='word_1_222' title='bbox 3170 1403 3334 1458; x_wconf 86' lang='lat' dir='ltr'><strong>facias</strong></span> <span class='ocrx_word' id='word_1_223' title='bbox 3360 1403 3689 1470; x_wconf 84' lang='lat' dir='ltr'><strong>adeundum,</strong></span> 
     </span>
    </p>
   </div>
   <div class='ocr_carea' id='block_1_29' title="bbox 2130 1496 3690 1568">
    <p class='ocr_par' dir='ltr' id='par_1_29' title="bbox 2130 1496 3690 1568">
     <span class='ocr_line' id='line_1_29' title="bbox 2130 1496 3690 1568; baseline 0 -16"><span class='ocrx_word' id='word_1_224' title='bbox 2130 1500 2250 1566; x_wconf 83' lang='lat' dir='ltr'><strong>quia</strong></span> <span class='ocrx_word' id='word_1_225' title='bbox 2282 1499 2381 1553; x_wconf 91' lang='lat' dir='ltr'><strong>sub</strong></span> <span class='ocrx_word' id='word_1_226' title='bbox 2407 1499 2595 1568; x_wconf 84' lang='lat' dir='ltr'><strong>grandi</strong></span> <span class='ocrx_word' id='word_1_227' title='bbox 2628 1497 3001 1552; x_wconf 84' lang='lat' dir='ltr'><strong>testificatione</strong></span> <span class='ocrx_word' id='word_1_228' title='bbox 3048 1496 3177 1549; x_wconf 88' lang='lat' dir='ltr'><strong>mihi</strong></span> <span class='ocrx_word' id='word_1_229' title='bbox 3208 1496 3464 1564; x_wconf 67' lang='lat' dir='ltr'><strong>praecepit</strong></span> <span class='ocrx_word' id='word_1_230' title='bbox 3494 1511 3581 1551; x_wconf 86' lang='lat' dir='ltr'><strong>rex</strong></span> <span class='ocrx_word' id='word_1_231' title='bbox 3611 1497 3690 1552; x_wconf 74' lang='lat' dir='ltr'><strong>ille</strong></span> 
     </span>
    </p>
   </div>
   <div class='ocr_carea' id='block_1_30' title="bbox 2132 1585 3690 1655">
    <p class='ocr_par' dir='ltr' id='par_1_30' title="bbox 2132 1585 3690 1655">
     <span class='ocr_line' id='line_1_30' title="bbox 2132 1585 3690 1655; baseline -0.003 -12"><span class='ocrx_word' id='word_1_232' title='bbox 2132 1590 2222 1643; x_wconf 92' lang='lat' dir='ltr'><strong>tibi</strong></span> <span class='ocrx_word' id='word_1_233' title='bbox 2254 1589 2370 1644; x_wconf 74' lang='lat' dir='ltr'><strong>haec</strong></span> <span class='ocrx_word' id='word_1_234' title='bbox 2417 1587 2579 1655; x_wconf 90' lang='lat' dir='ltr'><strong>loqui,</strong></span> <span class='ocrx_word' id='word_1_235' title='bbox 2629 1589 2853 1642; x_wconf 90' lang='lat' dir='ltr'><strong>dicens:</strong></span> <span class='ocrx_word' id='word_1_236' title='bbox 2884 1586 2941 1641; x_wconf 88' lang='lat' dir='ltr'><strong>Si</strong></span> <span class='ocrx_word' id='word_1_237' title='bbox 2982 1585 3233 1650; x_wconf 84' lang='lat' dir='ltr'><strong>tacueris,</strong></span> <span class='ocrx_word' id='word_1_238' title='bbox 3262 1595 3433 1639; x_wconf 91' lang='lat' dir='ltr'><strong>morte</strong></span> <span class='ocrx_word' id='word_1_239' title='bbox 3478 1587 3690 1653; x_wconf 90' lang='lat' dir='ltr'><strong>pessima</strong></span> 
     </span>
    </p>
   </div>
   <div class='ocr_carea' id='block_1_31' title="bbox 2129 1678 3690 1749">
    <p class='ocr_par' dir='ltr' id='par_1_31' title="bbox 2129 1678 3690 1749">
     <span class='ocr_line' id='line_1_31' title="bbox 2129 1678 3690 1749; baseline -0.003 -13"><span class='ocrx_word' id='word_1_240' title='bbox 2129 1681 2395 1736; x_wconf 87' lang='lat' dir='ltr'><strong>morieris.</strong></span> <span class='ocrx_word' id='word_1_241' title='bbox 2440 1680 2565 1735; x_wconf 69' lang='lat' dir='ltr'><strong>llazc</strong></span> <span class='ocrx_word' id='word_1_242' title='bbox 2616 1695 2683 1735; x_wconf 88' lang='lat' dir='ltr'><strong>eo</strong></span> <span class='ocrx_word' id='word_1_243' title='bbox 2741 1681 2989 1748; x_wconf 86' lang='lat' dir='ltr'><strong>loquente</strong></span> <span class='ocrx_word' id='word_1_244' title='bbox 3020 1719 3033 1742; x_wconf 92' lang='lat'><strong>,</strong></span> <span class='ocrx_word' id='word_1_245' title='bbox 3070 1678 3361 1732; x_wconf 79' lang='lat' dir='ltr'><strong>exterritus</strong></span> <span class='ocrx_word' id='word_1_246' title='bbox 3403 1680 3690 1749; x_wconf 86' lang='lat' dir='ltr'><strong>presbyter,</strong></span> 
     </span>
    </p>
   </div>
   <div class='ocr_carea' id='block_1_32' title="bbox 443 1771 3694 1848">
    <p class='ocr_par' dir='ltr' id='par_1_32' title="bbox 443 1771 3694 1848">
     <span class='ocr_line' id='line_1_32' title="bbox 443 1771 3694 1848; baseline 0 -24"><span class='ocrx_word' id='word_1_247' title='bbox 443 1771 688 1829; x_wconf 89' lang='lat' dir='ltr'><strong>timorem</strong></span> <span class='ocrx_word' id='word_1_248' title='bbox 724 1775 842 1830; x_wconf 86' lang='lat' dir='ltr'><strong>talis</strong></span> <span class='ocrx_word' id='word_1_249' title='bbox 882 1776 1177 1845; x_wconf 75' lang='lat' dir='ltr'><strong>prudentia:</strong></span> <span class='ocrx_word' id='word_1_250' title='bbox 1221 1778 1430 1831; x_wconf 87' lang='lat' dir='ltr'><strong>ratione</strong></span> <span class='ocrx_word' id='word_1_251' title='bbox 1468 1779 1750 1848; x_wconf 87' lang='lat' dir='ltr'><strong>redarguat</strong></span> <span class='ocrx_word' id='word_1_252' title='bbox 1776 1780 1798 1833; x_wconf 90' lang='lat'><strong>?</strong></span> <span class='ocrx_word' id='word_1_253' title='bbox 1824 1780 1948 1835; x_wconf 59' lang='lat' dir='ltr'><strong>Haec</strong></span> <span class='ocrx_word' id='word_1_254' title='bbox 1970 1790 2023 1836; x_wconf 91' lang='lat' dir='ltr'><strong>et</strong></span> <span class='ocrx_word' id='word_1_255' title='bbox 2059 1776 2100 1835; x_wconf 87' lang='grc' dir='ltr'><strong>Β</strong></span> <span class='ocrx_word' id='word_1_256' title='bbox 2127 1776 2308 1839; x_wconf 90' lang='lat' dir='ltr'><strong>elapso</strong></span> <span class='ocrx_word' id='word_1_257' title='bbox 2330 1775 2397 1828; x_wconf 92' lang='lat' dir='ltr'><strong>de</strong></span> <span class='ocrx_word' id='word_1_258' title='bbox 2427 1789 2586 1827; x_wconf 89' lang='lat' dir='ltr'><strong>manu</strong></span> <span class='ocrx_word' id='word_1_259' title='bbox 2618 1773 2786 1827; x_wconf 90' lang='lat' dir='ltr'><strong>calice</strong></span> <span class='ocrx_word' id='word_1_260' title='bbox 2807 1813 2822 1837; x_wconf 92' lang='lat'><strong>,</strong></span> <span class='ocrx_word' id='word_1_261' title='bbox 2856 1772 3086 1826; x_wconf 89' lang='lat' dir='ltr'><strong>reddidit</strong></span> <span class='ocrx_word' id='word_1_262' title='bbox 3116 1771 3363 1839; x_wconf 87' lang='lat' dir='ltr'><strong>spiritum</strong></span> <span class='ocrx_word' id='word_1_263' title='bbox 3396 1788 3411 1825; x_wconf 89' lang='lat'><strong>:</strong></span> <span class='ocrx_word' id='word_1_264' title='bbox 3442 1787 3505 1826; x_wconf 91' lang='lat' dir='ltr'><strong>ac</strong></span> <span class='ocrx_word' id='word_1_265' title='bbox 3533 1772 3597 1826; x_wconf 90' lang='lat' dir='ltr'><strong>de</strong></span> <span class='ocrx_word' id='word_1_266' title='bbox 3618 1787 3694 1829; x_wconf 79' lang='lat' dir='ltr'><strong>re-</strong></span> 
     </span>
    </p>
   </div>
   <div class='ocr_carea' id='block_1_33' title="bbox 448 1863 2028 1936">
    <p class='ocr_par' dir='ltr' id='par_1_33' title="bbox 448 1863 2028 1936">
     <span class='ocr_line' id='line_1_33' title="bbox 448 1863 2028 1936; baseline 0.004 -19"><span class='ocrx_word' id='word_1_267' title='bbox 448 1863 531 1917; x_wconf 85' lang='lat' dir='ltr'><strong>liis</strong></span> <span class='ocrx_word' id='word_1_268' title='bbox 563 1865 750 1919; x_wconf 83' lang='lat' dir='ltr'><strong>similia</strong></span> <span class='ocrx_word' id='word_1_269' title='bbox 780 1868 989 1936; x_wconf 80' lang='lat' dir='ltr'><strong>populis</strong></span> <span class='ocrx_word' id='word_1_270' title='bbox 1037 1883 1155 1921; x_wconf 80' lang='lat' dir='ltr'><strong>cum</strong></span> <span class='ocrx_word' id='word_1_271' title='bbox 1185 1883 1379 1936; x_wconf 89' lang='lat' dir='ltr'><strong>magno</strong></span> <span class='ocrx_word' id='word_1_272' title='bbox 1405 1867 1529 1922; x_wconf 81' lang='lat' dir='ltr'><strong>fletu</strong></span> <span class='ocrx_word' id='word_1_273' title='bbox 1555 1868 1877 1935; x_wconf 82' lang='lat' dir='ltr'><strong>dicentibus,</strong></span> <span class='ocrx_word' id='word_1_274' title='bbox 1910 1879 2028 1923; x_wconf 86' lang='lat' dir='ltr'><strong>tan-</strong></span> 
     </span>
    </p>
   </div>
   <div class='ocr_carea' id='block_1_34' title="bbox 441 1954 2023 2031">
    <p class='ocr_par' dir='ltr' id='par_1_34' title="bbox 441 1954 2023 2031">
     <span class='ocr_line' id='line_1_34' title="bbox 441 1954 2023 2031; baseline 0.005 -23"><span class='ocrx_word' id='word_1_275' title='bbox 441 1954 561 2008; x_wconf 89' lang='lat' dir='ltr'><strong>dem</strong></span> <span class='ocrx_word' id='word_1_276' title='bbox 592 1957 867 2023; x_wconf 78' lang='lat' dir='ltr'><strong>saeerdns,</strong></span> <span class='ocrx_word' id='word_1_277' title='bbox 896 1958 1096 2026; x_wconf 73' lang='lat' dir='ltr'><strong>Spiritu</strong></span> <span class='ocrx_word' id='word_1_278' title='bbox 1121 1960 1173 2011; x_wconf 90' lang='lat' dir='ltr'><strong>in</strong></span> <span class='ocrx_word' id='word_1_279' title='bbox 1203 1973 1259 2011; x_wconf 92' lang='lat' dir='ltr'><strong>se</strong></span> <span class='ocrx_word' id='word_1_280' title='bbox 1284 1966 1467 2012; x_wconf 87' lang='lat' dir='ltr'><strong>sancto</strong></span> <span class='ocrx_word' id='word_1_281' title='bbox 1490 1958 1766 2026; x_wconf 86' lang='lat' dir='ltr'><strong>influente,</strong></span> <span class='ocrx_word' id='word_1_282' title='bbox 1798 1976 2023 2031; x_wconf 89' lang='lat' dir='ltr'><strong>respon-</strong></span> 
     </span>
    </p>
   </div>
   <div class='ocr_carea' id='block_1_35' title="bbox 442 2044 2025 2118">
    <p class='ocr_par' dir='ltr' id='par_1_35' title="bbox 442 2044 2025 2118">
     <span class='ocr_line' id='line_1_35' title="bbox 442 2044 2025 2118; baseline 0.007 -21"><span class='ocrx_word' id='word_1_283' title='bbox 442 2044 519 2098; x_wconf 91' lang='lat' dir='ltr'><strong>dit</strong></span> <span class='ocrx_word' id='word_1_284' title='bbox 566 2062 579 2097; x_wconf 86' lang='lat'><strong>:</strong></span> <span class='ocrx_word' id='word_1_285' title='bbox 631 2045 805 2100; x_wconf 83' lang='lat' dir='ltr'><strong>Nolite</strong></span> <span class='ocrx_word' id='word_1_286' title='bbox 860 2050 1092 2113; x_wconf 88' lang='lat' dir='ltr'><strong>timere,</strong></span> <span class='ocrx_word' id='word_1_287' title='bbox 1145 2066 1178 2101; x_wconf 97' lang='lat' dir='ltr'><strong>o</strong></span> <span class='ocrx_word' id='word_1_288' title='bbox 1228 2050 1430 2118; x_wconf 87' lang='lat' dir='ltr'><strong>populi,</strong></span> <span class='ocrx_word' id='word_1_289' title='bbox 1483 2064 1611 2105; x_wconf 89' lang='lat' dir='ltr'><strong>ecce</strong></span> <span class='ocrx_word' id='word_1_290' title='bbox 1662 2051 1824 2106; x_wconf 73' lang='lat' dir='ltr'><strong>frater</strong></span> <span class='ocrx_word' id='word_1_291' title='bbox 1874 2069 2025 2109; x_wconf 85' lang='lat' dir='ltr'><strong>meus</strong></span> 
     </span>
    </p>
   </div>
   <div class='ocr_carea' id='block_1_36' title="bbox 441 2136 2022 2213">
    <p class='ocr_par' dir='ltr' id='par_1_36' title="bbox 441 2136 2022 2213">
     <span class='ocr_line' id='line_1_36' title="bbox 441 2136 2022 2213; baseline 0.008 -24"><span class='ocrx_word' id='word_1_292' title='bbox 441 2138 781 2203; x_wconf 82' lang='lat' dir='ltr'><strong>Apruneolus</strong></span> <span class='ocrx_word' id='word_1_293' title='bbox 811 2136 966 2203; x_wconf 83' lang='lat' dir='ltr'><strong>vivit,</strong></span> <span class='ocrx_word' id='word_1_294' title='bbox 998 2148 1053 2193; x_wconf 90' lang='lat' dir='ltr'><strong>et</strong></span> <span class='ocrx_word' id='word_1_295' title='bbox 1108 2140 1222 2207; x_wconf 88' lang='lat' dir='ltr'><strong>ipse</strong></span> <span class='ocrx_word' id='word_1_296' title='bbox 1271 2140 1376 2194; x_wconf 89' lang='lat' dir='ltr'><strong>erit</strong></span> <span class='ocrx_word' id='word_1_297' title='bbox 1401 2142 1652 2195; x_wconf 83' lang='lat' dir='ltr'><strong>sacerdos</strong></span> <span class='ocrx_word' id='word_1_298' title='bbox 1693 2153 1891 2199; x_wconf 84' lang='lat' dir='ltr'><strong>vester.</strong></span> <span class='ocrx_word' id='word_1_299' title='bbox 1924 2146 2022 2213; x_wconf 87' lang='lat' dir='ltr'><strong>Qui</strong></span> 
     </span>
    </p>
   </div>
   <div class='ocr_carea' id='block_1_37' title="bbox 444 2228 2023 2305">
    <p class='ocr_par' dir='ltr' id='par_1_37' title="bbox 444 2228 2023 2305">
     <span class='ocr_line' id='line_1_37' title="bbox 444 2228 2023 2305; baseline 0.007 -23"><span class='ocrx_word' id='word_1_300' title='bbox 444 2242 555 2282; x_wconf 89' lang='lat' dir='ltr'><strong>non</strong></span> <span class='ocrx_word' id='word_1_301' title='bbox 614 2228 1002 2299; x_wconf 87' lang='lat' dir='ltr'><strong>intelligentes,</strong></span> <span class='ocrx_word' id='word_1_302' title='bbox 1056 2232 1311 2298; x_wconf 72' lang='lat' dir='ltr'><strong>putabant</strong></span> <span class='ocrx_word' id='word_1_303' title='bbox 1366 2246 1484 2287; x_wconf 90' lang='lat' dir='ltr'><strong>eum</strong></span> <span class='ocrx_word' id='word_1_304' title='bbox 1545 2233 1687 2303; x_wconf 88' lang='lat' dir='ltr'><strong>loqui</strong></span> <span class='ocrx_word' id='word_1_305' title='bbox 1732 2236 1926 2305; x_wconf 83' lang='lat' dir='ltr'><strong>aliquid</strong></span> <span class='ocrx_word' id='word_1_306' title='bbox 1972 2239 2023 2293; x_wconf 86' lang='lat' dir='ltr'><strong>in</strong></span> 
     </span>
    </p>
   </div>
   <div class='ocr_carea' id='block_1_38' title="bbox 439 2318 660 2374">
    <p class='ocr_par' dir='ltr' id='par_1_38' title="bbox 439 2318 660 2374">
     <span class='ocr_line' id='line_1_38' title="bbox 439 2318 660 2374; baseline -0.009 0"><span class='ocrx_word' id='word_1_307' title='bbox 439 2318 660 2374; x_wconf 82' lang='lat' dir='ltr'><strong>exstasi.</strong></span> 
     </span>
    </p>
   </div>
   <div class='ocr_carea' id='block_1_39' title="bbox 514 2409 2024 2482">
    <p class='ocr_par' dir='ltr' id='par_1_39' title="bbox 514 2409 2024 2482">
     <span class='ocr_line' id='line_1_39' title="bbox 514 2409 2024 2482; baseline 0.006 -21"><span class='ocrx_word' id='word_1_308' title='bbox 514 2411 631 2475; x_wconf 81' lang='lat' dir='ltr'><strong>Quo</strong></span> <span class='ocrx_word' id='word_1_309' title='bbox 664 2409 922 2478; x_wconf 79' lang='lat' dir='ltr'><strong>migrante</strong></span> <span class='ocrx_word' id='word_1_310' title='bbox 944 2409 971 2448; x_wconf 72' lang='grc' dir='ltr'><strong>ι)</strong></span> <span class='ocrx_word' id='word_1_311' title='bbox 999 2452 1014 2477; x_wconf 92' lang='grc'><strong><em>,</em></strong></span> <span class='ocrx_word' id='word_1_312' title='bbox 1048 2413 1327 2482; x_wconf 84' lang='lat' dir='ltr'><strong>presbyter</strong></span> <span class='ocrx_word' id='word_1_313' title='bbox 1364 2413 1451 2468; x_wconf 90' lang='lat' dir='ltr'><strong>ille</strong></span> <span class='ocrx_word' id='word_1_314' title='bbox 1500 2428 1726 2480; x_wconf 86' lang='lat' dir='ltr'><strong>nequam</strong></span> <span class='ocrx_word' id='word_1_315' title='bbox 1750 2456 1766 2479; x_wconf 94' lang='lat'><strong>,</strong></span> <span class='ocrx_word' id='word_1_316' title='bbox 1793 2416 1928 2472; x_wconf 86' lang='lat' dir='ltr'><strong>alter</strong></span> <span class='ocrx_word' id='word_1_317' title='bbox 1958 2431 2024 2471; x_wconf 84' lang='lat' dir='ltr'><strong>ex</strong></span> 
     </span>
    </p>
   </div>
   <div class='ocr_carea' id='block_1_40' title="bbox 441 2497 2025 2569">
    <p class='ocr_par' dir='ltr' id='par_1_40' title="bbox 441 2497 2025 2569">
     <span class='ocr_line' id='line_1_40' title="bbox 441 2497 2025 2569; baseline 0.006 -17"><span class='ocrx_word' id='word_1_318' title='bbox 441 2497 649 2553; x_wconf 85' lang='lat' dir='ltr'><strong>duobus</strong></span> <span class='ocrx_word' id='word_1_319' title='bbox 678 2500 768 2569; x_wconf 90' lang='lat' dir='ltr'><strong>qui</strong></span> <span class='ocrx_word' id='word_1_320' title='bbox 815 2511 1168 2565; x_wconf 76' lang='lat' dir='ltr'><strong>remanserat,</strong></span> <span class='ocrx_word' id='word_1_321' title='bbox 1204 2504 1444 2569; x_wconf 87' lang='lat' dir='ltr'><strong>protinus</strong></span> <span class='ocrx_word' id='word_1_322' title='bbox 1473 2518 1685 2559; x_wconf 89' lang='lat' dir='ltr'><strong>omnem</strong></span> <span class='ocrx_word' id='word_1_323' title='bbox 1717 2504 2025 2562; x_wconf 70' lang='lat' dir='ltr'><strong>facultatem</strong></span> 
     </span>
    </p>
   </div>
   <div class='ocr_carea' id='block_1_41' title="bbox 442 2589 2027 2662">
    <p class='ocr_par' dir='ltr' id='par_1_41' title="bbox 442 2589 2027 2662">
     <span class='ocr_line' id='line_1_41' title="bbox 442 2589 2027 2662; baseline 0.006 -19"><span class='ocrx_word' id='word_1_324' title='bbox 442 2589 697 2643; x_wconf 72' lang='lat' dir='ltr'><strong>Ecclesize</strong></span> <span class='ocrx_word' id='word_1_325' title='bbox 723 2633 737 2656; x_wconf 91' lang='lat'><strong>,</strong></span> <span class='ocrx_word' id='word_1_326' title='bbox 774 2598 1029 2659; x_wconf 87' lang='lat' dir='ltr'><strong>tanquam</strong></span> <span class='ocrx_word' id='word_1_327' title='bbox 1063 2592 1108 2645; x_wconf 90' lang='lat' dir='ltr'><strong>si</strong></span> <span class='ocrx_word' id='word_1_328' title='bbox 1133 2592 1244 2662; x_wconf 82' lang='lat' dir='ltr'><strong>jam</strong></span> <span class='ocrx_word' id='word_1_329' title='bbox 1292 2593 1573 2662; x_wconf 80' lang='lat' dir='ltr'><strong>episcOpus</strong></span> <span class='ocrx_word' id='word_1_330' title='bbox 1601 2606 1780 2662; x_wconf 91' lang='lat' dir='ltr'><strong>esset,</strong></span> <span class='ocrx_word' id='word_1_331' title='bbox 1814 2597 2027 2655; x_wconf 84' lang='lat' dir='ltr'><strong>inhians</strong></span> 
     </span>
    </p>
   </div>
   <div class='ocr_carea' id='block_1_42' title="bbox 439 2681 2027 2757">
    <p class='ocr_par' dir='ltr' id='par_1_42' title="bbox 439 2681 2027 2757">
     <span class='ocr_line' id='line_1_42' title="bbox 439 2681 2027 2757; baseline 0.006 -23"><span class='ocrx_word' id='word_1_332' title='bbox 439 2681 758 2750; x_wconf 87' lang='lat' dir='ltr'><strong>cupiditate,</strong></span> <span class='ocrx_word' id='word_1_333' title='bbox 814 2693 1190 2751; x_wconf 69' lang='lat' dir='ltr'><strong>praeoccupat,</strong></span> <span class='ocrx_word' id='word_1_334' title='bbox 1245 2684 1467 2739; x_wconf 88' lang='lat' dir='ltr'><strong>dicens:</strong></span> <span class='ocrx_word' id='word_1_335' title='bbox 1502 2686 1741 2740; x_wconf 90' lang='lat' dir='ltr'><strong>Tandem</strong></span> <span class='ocrx_word' id='word_1_336' title='bbox 1792 2690 2027 2757; x_wconf 74' lang='lat' dir='ltr'><strong>respexit</strong></span> 
     </span>
    </p>
   </div>
   <div class='ocr_carea' id='block_1_43' title="bbox 440 2774 2023 2848">
    <p class='ocr_par' dir='ltr' id='par_1_43' title="bbox 440 2774 2023 2848">
     <span class='ocr_line' id='line_1_43' title="bbox 440 2774 2023 2848; baseline 0.005 -20"><span class='ocrx_word' id='word_1_337' title='bbox 440 2774 494 2828; x_wconf 90' lang='lat' dir='ltr'><strong>in</strong></span> <span class='ocrx_word' id='word_1_338' title='bbox 525 2790 612 2828; x_wconf 90' lang='lat' dir='ltr'><strong>me</strong></span> <span class='ocrx_word' id='word_1_339' title='bbox 643 2776 802 2841; x_wconf 91' lang='lat' dir='ltr'><strong>Deus,</strong></span> <span class='ocrx_word' id='word_1_340' title='bbox 835 2790 1173 2844; x_wconf 86' lang='lat' dir='ltr'><strong>cngnoscens</strong></span> <span class='ocrx_word' id='word_1_341' title='bbox 1203 2792 1287 2831; x_wconf 90' lang='lat' dir='ltr'><strong>me</strong></span> <span class='ocrx_word' id='word_1_342' title='bbox 1315 2776 1598 2846; x_wconf 89' lang='lat' dir='ltr'><strong>justiorem</strong></span> <span class='ocrx_word' id='word_1_343' title='bbox 1638 2792 1756 2833; x_wconf 89' lang='lat' dir='ltr'><strong>esse</strong></span> <span class='ocrx_word' id='word_1_344' title='bbox 1783 2779 2023 2848; x_wconf 89' lang='lat' dir='ltr'><strong>Sidonio,</strong></span> 
     </span>
    </p>
   </div>
   <div class='ocr_carea' id='block_1_44' title="bbox 439 2866 2026 2944">
    <p class='ocr_par' dir='ltr' id='par_1_44' title="bbox 439 2866 2026 2944">
     <span class='ocr_line' id='line_1_44' title="bbox 439 2866 2026 2944; baseline 0.005 -24"><span class='ocrx_word' id='word_1_345' title='bbox 439 2866 765 2938; x_wconf 88' lang='lat' dir='ltr'><strong>largitusque</strong></span> <span class='ocrx_word' id='word_1_346' title='bbox 792 2870 895 2940; x_wconf 85' lang='lat'><strong>75</strong></span> <span class='ocrx_word' id='word_1_347' title='bbox 927 2879 1010 2925; x_wconf 90' lang='lat' dir='ltr'><strong>est</strong></span> <span class='ocrx_word' id='word_1_348' title='bbox 1053 2870 1182 2925; x_wconf 89' lang='lat' dir='ltr'><strong>mihi</strong></span> <span class='ocrx_word' id='word_1_349' title='bbox 1239 2871 1374 2927; x_wconf 90' lang='lat' dir='ltr'><strong>hanc</strong></span> <span class='ocrx_word' id='word_1_350' title='bbox 1416 2881 1761 2940; x_wconf 87' lang='lat' dir='ltr'><strong>potestatem.</strong></span> <span class='ocrx_word' id='word_1_351' title='bbox 1788 2873 2026 2944; x_wconf 86' lang='lat' dir='ltr'><strong>Cumque</strong></span> 
     </span>
    </p>
   </div>
   <div class='ocr_carea' id='block_1_45' title="bbox 439 2962 2026 3029">
    <p class='ocr_par' dir='ltr' id='par_1_45' title="bbox 439 2962 2026 3029">
     <span class='ocr_line' id='line_1_45' title="bbox 439 2962 2026 3029; baseline 0.006 -16"><span class='ocrx_word' id='word_1_352' title='bbox 439 2973 535 3026; x_wconf 83' lang='lat' dir='ltr'><strong>per</strong></span> <span class='ocrx_word' id='word_1_353' title='bbox 564 2969 727 3015; x_wconf 83' lang='lat' dir='ltr'><strong>totam</strong></span> <span class='ocrx_word' id='word_1_354' title='bbox 761 2966 945 3016; x_wconf 87' lang='lat' dir='ltr'><strong>urbem</strong></span> <span class='ocrx_word' id='word_1_355' title='bbox 992 2962 1254 3029; x_wconf 88' lang='lat' dir='ltr'><strong>superbus</strong></span> <span class='ocrx_word' id='word_1_356' title='bbox 1284 2962 1518 3017; x_wconf 89' lang='lat' dir='ltr'><strong>ferretur</strong></span> <span class='ocrx_word' id='word_1_357' title='bbox 1540 3007 1555 3027; x_wconf 89' lang='lat'><strong>,</strong></span> <span class='ocrx_word' id='word_1_358' title='bbox 1587 2965 1906 3022; x_wconf 82' lang='lat' dir='ltr'><strong>adveniente</strong></span> <span class='ocrx_word' id='word_1_359' title='bbox 1935 2967 2026 3022; x_wconf 91' lang='lat' dir='ltr'><strong>die</strong></span> 
     </span>
    </p>
   </div>
   <div class='ocr_carea' id='block_1_46' title="bbox 437 3053 2021 3125">
    <p class='ocr_par' dir='ltr' id='par_1_46' title="bbox 437 3053 2021 3125">
     <span class='ocr_line' id='line_1_46' title="bbox 437 3053 2021 3125; baseline 0.004 -20"><span class='ocrx_word' id='word_1_360' title='bbox 437 3053 726 3121; x_wconf 70' lang='lat' dir='ltr'><strong>dominico,</strong></span> <span class='ocrx_word' id='word_1_361' title='bbox 757 3055 846 3123; x_wconf 92' lang='lat' dir='ltr'><strong>qui</strong></span> <span class='ocrx_word' id='word_1_362' title='bbox 881 3054 1198 3109; x_wconf 85' lang='lat' dir='ltr'><strong>imminebat</strong></span> <span class='ocrx_word' id='word_1_363' title='bbox 1236 3064 1359 3124; x_wconf 92' lang='lat' dir='ltr'><strong>post</strong></span> <span class='ocrx_word' id='word_1_364' title='bbox 1388 3057 1665 3111; x_wconf 87' lang='lat' dir='ltr'><strong>transitum</strong></span> <span class='ocrx_word' id='word_1_365' title='bbox 1698 3058 1869 3113; x_wconf 87' lang='lat' dir='ltr'><strong>sancti</strong></span> <span class='ocrx_word' id='word_1_366' title='bbox 1900 3058 2021 3125; x_wconf 89' lang='lat' dir='ltr'><strong>viri,</strong></span> 
     </span>
    </p>
   </div>
   <div class='ocr_carea' id='block_1_47' title="bbox 2126 1861 3694 1931">
    <p class='ocr_par' dir='ltr' id='par_1_47' title="bbox 2126 1861 3694 1931">
     <span class='ocr_line' id='line_1_47' title="bbox 2126 1861 3694 1931; baseline -0.001 -13"><span class='ocrx_word' id='word_1_367' title='bbox 2126 1864 2306 1918; x_wconf 88' lang='lat' dir='ltr'><strong>cubitu</strong></span> <span class='ocrx_word' id='word_1_368' title='bbox 2337 1863 2545 1919; x_wconf 90' lang='lat' dir='ltr'><strong>ablatus</strong></span> <span class='ocrx_word' id='word_1_369' title='bbox 2573 1874 2812 1917; x_wconf 89' lang='lat' dir='ltr'><strong>mortuus</strong></span> <span class='ocrx_word' id='word_1_370' title='bbox 2839 1861 3125 1929; x_wconf 78' lang='lat' dir='ltr'><strong>sepultura:</strong></span> <span class='ocrx_word' id='word_1_371' title='bbox 3149 1861 3429 1916; x_wconf 89' lang='lat' dir='ltr'><strong>mandatus</strong></span> <span class='ocrx_word' id='word_1_372' title='bbox 3449 1871 3551 1929; x_wconf 85' lang='lat' dir='ltr'><strong>est,</strong></span> <span class='ocrx_word' id='word_1_373' title='bbox 3587 1872 3694 1931; x_wconf 87' lang='lat' dir='ltr'><strong>pos-</strong></span> 
     </span>
    </p>
   </div>
   <div class='ocr_carea' id='block_1_48' title="bbox 2127 1954 3695 2025">
    <p class='ocr_par' dir='ltr' id='par_1_48' title="bbox 2127 1954 3695 2025">
     <span class='ocr_line' id='line_1_48' title="bbox 2127 1954 3695 2025; baseline 0.001 -17"><span class='ocrx_word' id='word_1_374' title='bbox 2127 1968 2375 2010; x_wconf 88' lang='lat' dir='ltr'><strong>sessurus</strong></span> <span class='ocrx_word' id='word_1_375' title='bbox 2413 1955 2680 2010; x_wconf 84' lang='lat' dir='ltr'><strong>infernum</strong></span> <span class='ocrx_word' id='word_1_376' title='bbox 2710 1954 2818 2024; x_wconf 78' lang='lat'><strong>76</strong></span> <span class='ocrx_word' id='word_1_377' title='bbox 2845 1970 2965 2008; x_wconf 89' lang='lat' dir='ltr'><strong>cum</strong></span> <span class='ocrx_word' id='word_1_378' title='bbox 3003 1954 3233 2008; x_wconf 87' lang='lat' dir='ltr'><strong>satellite</strong></span> <span class='ocrx_word' id='word_1_379' title='bbox 3262 1968 3379 2007; x_wconf 90' lang='lat' dir='ltr'><strong>suo.</strong></span> <span class='ocrx_word' id='word_1_380' title='bbox 3412 1954 3539 2009; x_wconf 87' lang='lat' dir='ltr'><strong>Tale</strong></span> <span class='ocrx_word' id='word_1_381' title='bbox 3563 1955 3695 2025; x_wconf 87' lang='lat' dir='ltr'><strong>judi-</strong></span> 
     </span>
    </p>
   </div>
   <div class='ocr_carea' id='block_1_49' title="bbox 2127 2044 3695 2116">
    <p class='ocr_par' dir='ltr' id='par_1_49' title="bbox 2127 2044 3695 2116">
     <span class='ocr_line' id='line_1_49' title="bbox 2127 2044 3695 2116; baseline -0.001 -14"><span class='ocrx_word' id='word_1_382' title='bbox 2127 2048 2267 2102; x_wconf 83' lang='lat' dir='ltr'><strong>cium</strong></span> <span class='ocrx_word' id='word_1_383' title='bbox 2293 2062 2454 2116; x_wconf 84' lang='lat' dir='ltr'><strong>super</strong></span> <span class='ocrx_word' id='word_1_384' title='bbox 2505 2057 2850 2101; x_wconf 87' lang='lat' dir='ltr'><strong>contumaces</strong></span> <span class='ocrx_word' id='word_1_385' title='bbox 2897 2046 3123 2099; x_wconf 83' lang='lat' dir='ltr'><strong>clericos</strong></span> <span class='ocrx_word' id='word_1_386' title='bbox 3174 2044 3428 2099; x_wconf 88' lang='lat' dir='ltr'><strong>Dominus</strong></span> <span class='ocrx_word' id='word_1_387' title='bbox 3458 2046 3508 2099; x_wconf 91' lang='lat' dir='ltr'><strong>in</strong></span> <span class='ocrx_word' id='word_1_388' title='bbox 3567 2046 3695 2101; x_wconf 85' lang='lat' dir='ltr'><strong>hunc</strong></span> 
     </span>
    </p>
   </div>
   <div class='ocr_carea' id='block_1_50' title="bbox 2127 2137 3696 2207">
    <p class='ocr_par' dir='ltr' id='par_1_50' title="bbox 2127 2137 3696 2207">
     <span class='ocr_line' id='line_1_50' title="bbox 2127 2137 3696 2207; baseline -0.002 -13"><span class='ocrx_word' id='word_1_389' title='bbox 2127 2140 2360 2207; x_wconf 65' lang='lat' dir='ltr'><strong>praetulit</strong></span> <span class='ocrx_word' id='word_1_390' title='bbox 2407 2139 2685 2202; x_wconf 90' lang='lat' dir='ltr'><strong>mundum,</strong></span> <span class='ocrx_word' id='word_1_391' title='bbox 2720 2147 2776 2192; x_wconf 87' lang='lat' dir='ltr'><strong>ut</strong></span> <span class='ocrx_word' id='word_1_392' title='bbox 2805 2152 2939 2191; x_wconf 90' lang='lat' dir='ltr'><strong>unus</strong></span> <span class='ocrx_word' id='word_1_393' title='bbox 2987 2137 3099 2191; x_wconf 85' lang='lat' dir='ltr'><strong>Arii</strong></span> <span class='ocrx_word' id='word_1_394' title='bbox 3128 2137 3410 2191; x_wconf 89' lang='lat' dir='ltr'><strong>sortiretur</strong></span> <span class='ocrx_word' id='word_1_395' title='bbox 3441 2147 3696 2199; x_wconf 86' lang='lat' dir='ltr'><strong>mortem;</strong></span> 
     </span>
    </p>
   </div>
   <div class='ocr_carea' id='block_1_51' title="bbox 2126 2228 3697 2299">
    <p class='ocr_par' dir='ltr' id='par_1_51' title="bbox 2126 2228 3697 2299">
     <span class='ocr_line' id='line_1_51' title="bbox 2126 2228 3697 2299; baseline -0.003 -13"><span class='ocrx_word' id='word_1_396' title='bbox 2126 2233 2284 2299; x_wconf 88' lang='lat' dir='ltr'><strong>alius,</strong></span> <span class='ocrx_word' id='word_1_397' title='bbox 2318 2241 2566 2299; x_wconf 88' lang='lat' dir='ltr'><strong>tanquam</strong></span> <span class='ocrx_word' id='word_1_398' title='bbox 2614 2230 2799 2284; x_wconf 91' lang='lat' dir='ltr'><strong>Simon</strong></span> <span class='ocrx_word' id='word_1_399' title='bbox 2854 2228 3070 2298; x_wconf 84' lang='lat' dir='ltr'><strong>Magos,</strong></span> <span class='ocrx_word' id='word_1_400' title='bbox 3121 2228 3348 2297; x_wconf 65' lang='lat' dir='ltr'><strong>apo~toli</strong></span> <span class='ocrx_word' id='word_1_401' title='bbox 3387 2230 3558 2282; x_wconf 86' lang='lat' dir='ltr'><strong>sancti</strong></span> <span class='ocrx_word' id='word_1_402' title='bbox 3587 2246 3697 2283; x_wconf 92' lang='lat' dir='ltr'><strong>ora-</strong></span> 
     </span>
    </p>
   </div>
   <div class='ocr_carea' id='block_1_52' title="bbox 2128 2320 3697 2390">
    <p class='ocr_par' dir='ltr' id='par_1_52' title="bbox 2128 2320 3697 2390">
     <span class='ocr_line' id='line_1_52' title="bbox 2128 2320 3697 2390; baseline 0 -14"><span class='ocrx_word' id='word_1_403' title='bbox 2128 2323 2272 2377; x_wconf 90' lang='lat' dir='ltr'><strong>tione</strong></span> <span class='ocrx_word' id='word_1_404' title='bbox 2299 2323 2365 2381; x_wconf 90' lang='lat' dir='ltr'><strong>ab</strong></span> <span class='ocrx_word' id='word_1_405' title='bbox 2393 2324 2602 2376; x_wconf 85' lang='lat' dir='ltr'><strong>excelsa</strong></span> <span class='ocrx_word' id='word_1_406' title='bbox 2630 2337 2755 2376; x_wconf 91' lang='lat' dir='ltr'><strong>arce</strong></span> <span class='ocrx_word' id='word_1_407' title='bbox 2799 2322 3063 2390; x_wconf 71' lang='lat' dir='ltr'><strong>superbia:</strong></span> <span class='ocrx_word' id='word_1_408' title='bbox 3093 2335 3333 2390; x_wconf 68' lang='lat' dir='ltr'><strong>praeceps</strong></span> <span class='ocrx_word' id='word_1_409' title='bbox 3373 2320 3697 2376; x_wconf 83' lang='lat' dir='ltr'><strong>allideretur.</strong></span> 
     </span>
    </p>
   </div>
   <div class='ocr_carea' id='block_1_53' title="bbox 2126 2412 3700 2482">
    <p class='ocr_par' dir='ltr' id='par_1_53' title="bbox 2126 2412 3700 2482">
     <span class='ocr_line' id='line_1_53' title="bbox 2126 2412 3700 2482; baseline -0.001 -16"><span class='ocrx_word' id='word_1_410' title='bbox 2126 2413 2226 2479; x_wconf 85' lang='lat' dir='ltr'><strong>Qui</strong></span> <span class='ocrx_word' id='word_1_411' title='bbox 2256 2428 2361 2468; x_wconf 89' lang='lat' dir='ltr'><strong>non</strong></span> <span class='ocrx_word' id='word_1_412' title='bbox 2405 2413 2747 2482; x_wconf 90' lang='lat' dir='ltr'><strong>ambiguntur</strong></span> <span class='ocrx_word' id='word_1_413' title='bbox 2776 2415 2974 2480; x_wconf 87' lang='lat' dir='ltr'><strong>pariter</strong></span> <span class='ocrx_word' id='word_1_414' title='bbox 3005 2412 3279 2479; x_wconf 89' lang='lat' dir='ltr'><strong>possidere</strong></span> <span class='ocrx_word' id='word_1_415' title='bbox 3306 2419 3582 2479; x_wconf 88' lang='lat' dir='ltr'><strong>tartarum,</strong></span> <span class='ocrx_word' id='word_1_416' title='bbox 3613 2413 3700 2482; x_wconf 90' lang='lat' dir='ltr'><strong>qui</strong></span> 
     </span>
    </p>
   </div>
   <div class='ocr_carea' id='block_1_54' title="bbox 2126 2503 3700 2573">
    <p class='ocr_par' dir='ltr' id='par_1_54' title="bbox 2126 2503 3700 2573">
     <span class='ocr_line' id='line_1_54' title="bbox 2126 2503 3700 2573; baseline 0.001 -14"><span class='ocrx_word' id='word_1_417' title='bbox 2126 2505 2282 2559; x_wconf 82' lang='lat' dir='ltr'><strong>simul</strong></span> <span class='ocrx_word' id='word_1_418' title='bbox 2312 2512 2538 2573; x_wconf 89' lang='lat' dir='ltr'><strong>egerunt</strong></span> <span class='ocrx_word' id='word_1_419' title='bbox 2589 2503 2834 2573; x_wconf 88' lang='lat' dir='ltr'><strong>nequiter</strong></span> <span class='ocrx_word' id='word_1_420' title='bbox 2874 2513 3058 2556; x_wconf 89' lang='lat' dir='ltr'><strong>contra</strong></span> <span class='ocrx_word' id='word_1_421' title='bbox 3101 2511 3346 2557; x_wconf 85' lang='lat' dir='ltr'><strong>sanctum</strong></span> <span class='ocrx_word' id='word_1_422' title='bbox 3396 2504 3700 2572; x_wconf 89' lang='lat' dir='ltr'><strong>episcopum</strong></span> 
     </span>
    </p>
   </div>
   <div class='ocr_carea' id='block_1_55' title="bbox 2126 2593 3702 2665">
    <p class='ocr_par' dir='ltr' id='par_1_55' title="bbox 2126 2593 3702 2665">
     <span class='ocr_line' id='line_1_55' title="bbox 2126 2593 3702 2665; baseline 0.002 -18"><span class='ocrx_word' id='word_1_423' title='bbox 2126 2608 2300 2648; x_wconf 89' lang='lat' dir='ltr'><strong>suum.</strong></span> <span class='ocrx_word' id='word_1_424' title='bbox 2333 2595 2539 2649; x_wconf 90' lang='lat' dir='ltr'><strong>Interea</strong></span> <span class='ocrx_word' id='word_1_425' title='bbox 2568 2609 2689 2649; x_wconf 92' lang='lat' dir='ltr'><strong>cum</strong></span> <span class='ocrx_word' id='word_1_426' title='bbox 2726 2594 2835 2665; x_wconf 88' lang='lat' dir='ltr'><strong>jam</strong></span> <span class='ocrx_word' id='word_1_427' title='bbox 2872 2604 3046 2649; x_wconf 92' lang='lat' dir='ltr'><strong>terror</strong></span> <span class='ocrx_word' id='word_1_428' title='bbox 3075 2593 3400 2650; x_wconf 85' lang='lat' dir='ltr'><strong>Francorum</strong></span> <span class='ocrx_word' id='word_1_429' title='bbox 3428 2608 3702 2651; x_wconf 89' lang='lat' dir='ltr'><strong>resonaret</strong></span> 
     </span>
    </p>
   </div>
   <div class='ocr_carea' id='block_1_56' title="bbox 2127 2684 3702 2754">
    <p class='ocr_par' dir='ltr' id='par_1_56' title="bbox 2127 2684 3702 2754">
     <span class='ocr_line' id='line_1_56' title="bbox 2127 2684 3702 2754; baseline 0.004 -16"><span class='ocrx_word' id='word_1_430' title='bbox 2127 2684 2179 2739; x_wconf 88' lang='lat' dir='ltr'><strong>in</strong></span> <span class='ocrx_word' id='word_1_431' title='bbox 2227 2685 2308 2739; x_wconf 87' lang='lat' dir='ltr'><strong>his</strong></span> <span class='ocrx_word' id='word_1_432' title='bbox 2364 2685 2622 2754; x_wconf 89' lang='lat' dir='ltr'><strong>partibus,</strong></span> <span class='ocrx_word' id='word_1_433' title='bbox 2674 2694 2729 2741; x_wconf 88' lang='lat' dir='ltr'><strong>et</strong></span> <span class='ocrx_word' id='word_1_434' title='bbox 2775 2700 2964 2741; x_wconf 90' lang='lat' dir='ltr'><strong>omnes</strong></span> <span class='ocrx_word' id='word_1_435' title='bbox 3003 2701 3099 2741; x_wconf 89' lang='lat' dir='ltr'><strong>eos</strong></span> <span class='ocrx_word' id='word_1_436' title='bbox 3136 2701 3322 2742; x_wconf 91' lang='lat' dir='ltr'><strong>amore</strong></span> <span class='ocrx_word' id='word_1_437' title='bbox 3362 2687 3702 2745; x_wconf 87' lang='lat' dir='ltr'><strong>desiderabili</strong></span> 
     </span>
    </p>
   </div>
   <div class='ocr_carea' id='block_1_57' title="bbox 2124 2778 3703 2851">
    <p class='ocr_par' dir='ltr' id='par_1_57' title="bbox 2124 2778 3703 2851">
     <span class='ocr_line' id='line_1_57' title="bbox 2124 2778 3703 2851; baseline 0.006 -22"><span class='ocrx_word' id='word_1_438' title='bbox 2124 2785 2386 2844; x_wconf 86' lang='lat' dir='ltr'><strong>cuperent</strong></span> <span class='ocrx_word' id='word_1_439' title='bbox 2441 2791 2690 2847; x_wconf 90' lang='lat' dir='ltr'><strong>regnare,</strong></span> <span class='ocrx_word' id='word_1_440' title='bbox 2739 2782 2958 2832; x_wconf 79' lang='lat' dir='ltr'><strong>sanctos</strong></span> <span class='ocrx_word' id='word_1_441' title='bbox 3013 2778 3372 2848; x_wconf 84' lang='lat' dir='ltr'><strong>Aprunculus,</strong></span> <span class='ocrx_word' id='word_1_442' title='bbox 3402 2780 3703 2851; x_wconf 67' lang='lat' dir='ltr'><strong>Lingonicze</strong></span> 
     </span>
    </p>
   </div>
   <div class='ocr_carea' id='block_1_58' title="bbox 2124 2870 3704 2943">
    <p class='ocr_par' dir='ltr' id='par_1_58' title="bbox 2124 2870 3704 2943">
     <span class='ocr_line' id='line_1_58' title="bbox 2124 2870 3704 2943; baseline 0.003 -18"><span class='ocrx_word' id='word_1_443' title='bbox 2124 2870 2354 2926; x_wconf 87' lang='lat' dir='ltr'><strong>civitatis</strong></span> <span class='ocrx_word' id='word_1_444' title='bbox 2383 2870 2668 2941; x_wconf 90' lang='lat' dir='ltr'><strong>episcopus</strong></span> <span class='ocrx_word' id='word_1_445' title='bbox 2700 2882 2757 2936; x_wconf 69' lang='grc' dir='ltr'><strong>ε,</strong></span> <span class='ocrx_word' id='word_1_446' title='bbox 2789 2872 2927 2938; x_wconf 86' lang='lat' dir='ltr'><strong>apud</strong></span> <span class='ocrx_word' id='word_1_447' title='bbox 2974 2871 3379 2941; x_wconf 84' lang='lat' dir='ltr'><strong>Burgundiones</strong></span> <span class='ocrx_word' id='word_1_448' title='bbox 3420 2876 3583 2943; x_wconf 86' lang='lat' dir='ltr'><strong>coepit</strong></span> <span class='ocrx_word' id='word_1_449' title='bbox 3613 2876 3704 2929; x_wconf 86' lang='lat' dir='ltr'><strong>ba-</strong></span> 
     </span>
    </p>
   </div>
   <div class='ocr_carea' id='block_1_59' title="bbox 2126 2961 3704 3032">
    <p class='ocr_par' dir='ltr' id='par_1_59' title="bbox 2126 2961 3704 3032">
     <span class='ocr_line' id='line_1_59' title="bbox 2126 2961 3704 3032; baseline 0.004 -16"><span class='ocrx_word' id='word_1_450' title='bbox 2126 2961 2241 3019; x_wconf 85' lang='lat' dir='ltr'><strong>beri</strong></span> <span class='ocrx_word' id='word_1_451' title='bbox 2270 2971 2570 3030; x_wconf 90' lang='lat' dir='ltr'><strong>suspectus.</strong></span> <span class='ocrx_word' id='word_1_452' title='bbox 2610 2962 2849 3032; x_wconf 89' lang='lat' dir='ltr'><strong>Cumque</strong></span> <span class='ocrx_word' id='word_1_453' title='bbox 2876 2963 3055 3018; x_wconf 90' lang='lat' dir='ltr'><strong>odium</strong></span> <span class='ocrx_word' id='word_1_454' title='bbox 3083 2965 3150 3019; x_wconf 89' lang='lat' dir='ltr'><strong>de</strong></span> <span class='ocrx_word' id='word_1_455' title='bbox 3175 2964 3263 3020; x_wconf 90' lang='lat' dir='ltr'><strong>die</strong></span> <span class='ocrx_word' id='word_1_456' title='bbox 3293 2965 3345 3019; x_wconf 91' lang='lat' dir='ltr'><strong>in</strong></span> <span class='ocrx_word' id='word_1_457' title='bbox 3385 2965 3527 3021; x_wconf 92' lang='lat' dir='ltr'><strong>diem</strong></span> <span class='ocrx_word' id='word_1_458' title='bbox 3559 2981 3704 3022; x_wconf 87' lang='lat' dir='ltr'><strong>cres-</strong></span> 
     </span>
    </p>
   </div>
   <div class='ocr_carea' id='block_1_60' title="bbox 2125 3051 3705 3126">
    <p class='ocr_par' dir='ltr' id='par_1_60' title="bbox 2125 3051 3705 3126">
     <span class='ocr_line' id='line_1_60' title="bbox 2125 3051 3705 3126; baseline 0.006 -21"><span class='ocrx_word' id='word_1_459' title='bbox 2125 3062 2295 3119; x_wconf 90' lang='lat' dir='ltr'><strong>ceret,</strong></span> <span class='ocrx_word' id='word_1_460' title='bbox 2342 3051 2547 3122; x_wconf 89' lang='lat' dir='ltr'><strong>jussum</strong></span> <span class='ocrx_word' id='word_1_461' title='bbox 2578 3063 2661 3108; x_wconf 79' lang='lat' dir='ltr'><strong>eSt</strong></span> <span class='ocrx_word' id='word_1_462' title='bbox 2686 3062 2745 3108; x_wconf 92' lang='lat' dir='ltr'><strong>ut</strong></span> <span class='ocrx_word' id='word_1_463' title='bbox 2794 3055 2931 3108; x_wconf 89' lang='lat' dir='ltr'><strong>clam</strong></span> <span class='ocrx_word' id='word_1_464' title='bbox 2982 3055 3160 3123; x_wconf 87' lang='lat' dir='ltr'><strong>gladio</strong></span> <span class='ocrx_word' id='word_1_465' title='bbox 3210 3056 3476 3113; x_wconf 89' lang='lat' dir='ltr'><strong>feriretur.</strong></span> <span class='ocrx_word' id='word_1_466' title='bbox 3503 3058 3705 3126; x_wconf 85' lang='lat' dir='ltr'><strong>Quoad</strong></span> 
     </span>
    </p>
   </div>
   <div class='ocr_carea' id='block_1_61' title="bbox 438 3144 2017 3220">
    <p class='ocr_par' dir='ltr' id='par_1_61' title="bbox 438 3148 2017 3215">
     <span class='ocr_line' id='line_1_61' title="bbox 438 3148 2017 3215; baseline 0.007 -19"><span class='ocrx_word' id='word_1_467' title='bbox 438 3155 737 3214; x_wconf 68' lang='lat' dir='ltr'><strong>praeparato</strong></span> <span class='ocrx_word' id='word_1_468' title='bbox 765 3148 941 3213; x_wconf 84' lang='lat' dir='ltr'><strong>epulo,</strong></span> <span class='ocrx_word' id='word_1_469' title='bbox 974 3148 1135 3215; x_wconf 69' lang='lat' dir='ltr'><strong>jussit</strong></span> <span class='ocrx_word' id='word_1_470' title='bbox 1159 3156 1383 3204; x_wconf 85' lang='lat' dir='ltr'><strong>cunctos</strong></span> <span class='ocrx_word' id='word_1_471' title='bbox 1408 3149 1553 3204; x_wconf 88' lang='lat' dir='ltr'><strong>cives</strong></span> <span class='ocrx_word' id='word_1_472' title='bbox 1576 3151 1626 3203; x_wconf 91' lang='lat' dir='ltr'><strong>in</strong></span> <span class='ocrx_word' id='word_1_473' title='bbox 1656 3149 1820 3204; x_wconf 89' lang='lat' dir='ltr'><strong>domo</strong></span> <span class='ocrx_word' id='word_1_474' title='bbox 1847 3152 2017 3207; x_wconf 89' lang='lat' dir='ltr'><strong>eccle-</strong></span> 
     </span>
    </p>
   </div>
   <div class='ocr_carea' id='block_1_62' title="bbox 2127 3144 3704 3220">
    <p class='ocr_par' dir='ltr' id='par_1_62' title="bbox 2127 3144 3704 3220">
     <span class='ocr_line' id='line_1_62' title="bbox 2127 3144 3704 3220; baseline 0.004 -22"><span class='ocrx_word' id='word_1_475' title='bbox 2127 3158 2247 3199; x_wconf 81' lang='lat' dir='ltr'><strong>eutn</strong></span> <span class='ocrx_word' id='word_1_476' title='bbox 2294 3146 2498 3213; x_wconf 85' lang='lat' dir='ltr'><strong>perlato</strong></span> <span class='ocrx_word' id='word_1_477' title='bbox 2528 3144 2735 3213; x_wconf 92' lang='lat' dir='ltr'><strong>nuntio,</strong></span> <span class='ocrx_word' id='word_1_478' title='bbox 2786 3145 2995 3200; x_wconf 60' lang='lat' dir='ltr'><strong>nocte’a</strong></span> <span class='ocrx_word' id='word_1_479' title='bbox 3038 3156 3215 3201; x_wconf 87' lang='lat' dir='ltr'><strong>castro</strong></span> <span class='ocrx_word' id='word_1_480' title='bbox 3263 3147 3567 3203; x_wconf 89' lang='lat' dir='ltr'><strong>Divioneusi</strong></span> <span class='ocrx_word' id='word_1_481' title='bbox 3614 3165 3704 3220; x_wconf 84' lang='lat' dir='ltr'><strong>per</strong></span> 
     </span>
    </p>
   </div>
   <div class='ocr_carea' id='block_1_63' title="bbox 435 3236 2021 3309">
    <p class='ocr_par' dir='ltr' id='par_1_63' title="bbox 435 3236 2021 3309">
     <span class='ocr_line' id='line_1_63' title="bbox 435 3236 2021 3309; baseline 0.005 -22"><span class='ocrx_word' id='word_1_482' title='bbox 435 3236 526 3288; x_wconf 75' lang='lat' dir='ltr'><strong>size</strong></span> <span class='ocrx_word' id='word_1_483' title='bbox 560 3246 581 3274; x_wconf 77' lang='grc' dir='ltr'><strong>ε</strong></span> <span class='ocrx_word' id='word_1_484' title='bbox 616 3238 864 3292; x_wconf 87' lang='lat' dir='ltr'><strong>invitari:</strong></span> <span class='ocrx_word' id='word_1_485' title='bbox 914 3239 1291 3308; x_wconf 88' lang='lat' dir='ltr'><strong>despectisque</strong></span> <span class='ocrx_word' id='word_1_486' title='bbox 1335 3238 1635 3293; x_wconf 87' lang='lat' dir='ltr'><strong>senioribus</strong></span> <span class='ocrx_word' id='word_1_487' title='bbox 1657 3279 1672 3303; x_wconf 94' lang='lat'><strong>,</strong></span> <span class='ocrx_word' id='word_1_488' title='bbox 1707 3240 1906 3309; x_wconf 88' lang='lat' dir='ltr'><strong>primus</strong></span> <span class='ocrx_word' id='word_1_489' title='bbox 1936 3256 2021 3295; x_wconf 91' lang='lat' dir='ltr'><strong>re-</strong></span> 
     </span>
    </p>
   </div>
   <div class='ocr_carea' id='block_1_64' title="bbox 433 3328 2017 3400">
    <p class='ocr_par' dir='ltr' id='par_1_64' title="bbox 433 3328 2017 3400">
     <span class='ocr_line' id='line_1_64' title="bbox 433 3328 2017 3400; baseline 0.008 -23"><span class='ocrx_word' id='word_1_490' title='bbox 433 3328 637 3381; x_wconf 69' lang='lat' dir='ltr'><strong>Nimbll</strong></span> <span class='ocrx_word' id='word_1_491' title='bbox 694 3330 747 3384; x_wconf 90' lang='lat' dir='ltr'><strong>in</strong></span> <span class='ocrx_word' id='word_1_492' title='bbox 796 3338 933 3384; x_wconf 90' lang='lat' dir='ltr'><strong>toro.</strong></span> <span class='ocrx_word' id='word_1_493' title='bbox 962 3329 1058 3385; x_wconf 93' lang='lat' dir='ltr'><strong>Cui</strong></span> <span class='ocrx_word' id='word_1_494' title='bbox 1112 3331 1291 3384; x_wconf 87' lang='lat' dir='ltr'><strong>oblato</strong></span> <span class='ocrx_word' id='word_1_495' title='bbox 1321 3331 1573 3400; x_wconf 86' lang='lat' dir='ltr'><strong>pincerna</strong></span> <span class='ocrx_word' id='word_1_496' title='bbox 1634 3334 1845 3399; x_wconf 90' lang='lat' dir='ltr'><strong>poculo,</strong></span> <span class='ocrx_word' id='word_1_497' title='bbox 1903 3335 2017 3390; x_wconf 87' lang='lat' dir='ltr'><strong>ait:</strong></span> 
     </span>
    </p>
   </div>
   <div class='ocr_carea' id='block_1_65' title="bbox 436 3420 2015 3493">
    <p class='ocr_par' dir='ltr' id='par_1_65' title="bbox 436 3420 2015 3493">
     <span class='ocr_line' id='line_1_65' title="bbox 436 3420 2015 3493; baseline 0.005 -20"><span class='ocrx_word' id='word_1_498' title='bbox 436 3420 658 3475; x_wconf 88' lang='lat' dir='ltr'><strong>Domine</strong></span> <span class='ocrx_word' id='word_1_499' title='bbox 688 3423 780 3481; x_wconf 83' lang='lat' dir='ltr'><strong>mi.</strong></span> <span class='ocrx_word' id='word_1_500' title='bbox 805 3423 910 3476; x_wconf 90' lang='lat' dir='ltr'><strong>vidi</strong></span> <span class='ocrx_word' id='word_1_501' title='bbox 933 3424 1223 3486; x_wconf 88' lang='lat' dir='ltr'><strong>somnium,</strong></span> <span class='ocrx_word' id='word_1_502' title='bbox 1252 3424 1389 3493; x_wconf 91' lang='lat' dir='ltr'><strong>quod</strong></span> <span class='ocrx_word' id='word_1_503' title='bbox 1420 3424 1463 3477; x_wconf 88' lang='lat' dir='ltr'><strong>si</strong></span> <span class='ocrx_word' id='word_1_504' title='bbox 1485 3425 1748 3490; x_wconf 85' lang='lat' dir='ltr'><strong>permittis</strong></span> <span class='ocrx_word' id='word_1_505' title='bbox 1770 3425 1977 3480; x_wconf 86' lang='lat' dir='ltr'><strong>edicam</strong></span> <span class='ocrx_word' id='word_1_506' title='bbox 2001 3445 2015 3481; x_wconf 91' lang='lat'><strong>:</strong></span> 
     </span>
    </p>
   </div>
   <div class='ocr_carea' id='block_1_66' title="bbox 431 3510 2019 3579">
    <p class='ocr_par' dir='ltr' id='par_1_66' title="bbox 431 3510 2019 3579">
     <span class='ocr_line' id='line_1_66' title="bbox 431 3510 2019 3579; baseline 0.007 -17"><span class='ocrx_word' id='word_1_507' title='bbox 431 3510 691 3565; x_wconf 74' lang='lat' dir='ltr'><strong>Videbam</strong></span> <span class='ocrx_word' id='word_1_508' title='bbox 744 3512 841 3566; x_wconf 90' lang='lat' dir='ltr'><strong>hac</strong></span> <span class='ocrx_word' id='word_1_509' title='bbox 868 3522 1023 3567; x_wconf 89' lang='lat' dir='ltr'><strong>nocte</strong></span> <span class='ocrx_word' id='word_1_510' title='bbox 1075 3513 1371 3579; x_wconf 89' lang='lat' dir='ltr'><strong>dominica,</strong></span> <span class='ocrx_word' id='word_1_511' title='bbox 1413 3525 1465 3568; x_wconf 90' lang='lat' dir='ltr'><strong>et</strong></span> <span class='ocrx_word' id='word_1_512' title='bbox 1495 3530 1619 3569; x_wconf 88' lang='lat' dir='ltr'><strong>ecce</strong></span> <span class='ocrx_word' id='word_1_513' title='bbox 1659 3524 1775 3570; x_wconf 87' lang='lat' dir='ltr'><strong>erat</strong></span> <span class='ocrx_word' id='word_1_514' title='bbox 1826 3517 2019 3573; x_wconf 91' lang='lat' dir='ltr'><strong>domus</strong></span> 
     </span>
    </p>
   </div>
   <div class='ocr_carea' id='block_1_67' title="bbox 433 3602 2015 3679">
    <p class='ocr_par' dir='ltr' id='par_1_67' title="bbox 433 3602 2015 3679">
     <span class='ocr_line' id='line_1_67' title="bbox 433 3602 2015 3679; baseline 0.006 -24"><span class='ocrx_word' id='word_1_515' title='bbox 433 3618 643 3670; x_wconf 81' lang='lat' dir='ltr'><strong>magna,</strong></span> <span class='ocrx_word' id='word_1_516' title='bbox 672 3613 723 3656; x_wconf 91' lang='lat' dir='ltr'><strong>et</strong></span> <span class='ocrx_word' id='word_1_517' title='bbox 748 3602 798 3655; x_wconf 92' lang='lat' dir='ltr'><strong>in</strong></span> <span class='ocrx_word' id='word_1_518' title='bbox 828 3603 989 3657; x_wconf 85' lang='lat' dir='ltr'><strong>domn</strong></span> <span class='ocrx_word' id='word_1_519' title='bbox 1012 3615 1127 3658; x_wconf 89' lang='lat' dir='ltr'><strong>erat</strong></span> <span class='ocrx_word' id='word_1_520' title='bbox 1150 3604 1374 3660; x_wconf 87' lang='lat' dir='ltr'><strong>thronus</strong></span> <span class='ocrx_word' id='word_1_521' title='bbox 1399 3608 1623 3675; x_wconf 77' lang='lat' dir='ltr'><strong>positus,</strong></span> <span class='ocrx_word' id='word_1_522' title='bbox 1656 3608 1706 3661; x_wconf 91' lang='lat' dir='ltr'><strong>in</strong></span> <span class='ocrx_word' id='word_1_523' title='bbox 1730 3625 1834 3678; x_wconf 90' lang='lat' dir='ltr'><strong>quo</strong></span> <span class='ocrx_word' id='word_1_524' title='bbox 1863 3610 2015 3679; x_wconf 84' lang='lat' dir='ltr'><strong>quasi</strong></span> 
     </span>
    </p>
   </div>
   <div class='ocr_carea' id='block_1_68' title="bbox 427 3692 2015 3767">
    <p class='ocr_par' dir='ltr' id='par_1_68' title="bbox 427 3692 2015 3767">
     <span class='ocr_line' id='line_1_68' title="bbox 427 3692 2015 3767; baseline 0.006 -21"><span class='ocrx_word' id='word_1_525' title='bbox 427 3692 594 3765; x_wconf 83' lang='lat' dir='ltr'><strong>judex</strong></span> <span class='ocrx_word' id='word_1_526' title='bbox 632 3694 940 3761; x_wconf 72' lang='lat' dir='ltr'><strong>resideliat&#39;,</strong></span> <span class='ocrx_word' id='word_1_527' title='bbox 973 3696 1182 3750; x_wconf 88' lang='lat' dir='ltr'><strong>cunctis</strong></span> <span class='ocrx_word' id='word_1_528' title='bbox 1217 3706 1480 3765; x_wconf 88' lang='lat' dir='ltr'><strong>potestate</strong></span> <span class='ocrx_word' id='word_1_529' title='bbox 1513 3701 1852 3767; x_wconf 79' lang='lat' dir='ltr'><strong>praestantior</strong></span> <span class='ocrx_word' id='word_1_530' title='bbox 1881 3718 1895 3753; x_wconf 91' lang='lat'><strong>:</strong></span> <span class='ocrx_word' id='word_1_531' title='bbox 1930 3701 2015 3755; x_wconf 90' lang='lat' dir='ltr'><strong>cui</strong></span> 
     </span>
    </p>
   </div>
   <div class='ocr_carea' id='block_1_69' title="bbox 430 3785 2012 3856">
    <p class='ocr_par' dir='ltr' id='par_1_69' title="bbox 430 3785 2012 3856">
     <span class='ocr_line' id='line_1_69' title="bbox 430 3785 2012 3856; baseline 0.006 -19"><span class='ocrx_word' id='word_1_532' title='bbox 430 3785 755 3839; x_wconf 82' lang='lat' dir='ltr'><strong>assistebant</strong></span> <span class='ocrx_word' id='word_1_533' title='bbox 800 3787 951 3840; x_wconf 92' lang='lat' dir='ltr'><strong>multi</strong></span> <span class='ocrx_word' id='word_1_534' title='bbox 999 3788 1332 3842; x_wconf 82' lang='lat' dir='ltr'><strong>sacerdotum</strong></span> <span class='ocrx_word' id='word_1_535' title='bbox 1364 3790 1415 3845; x_wconf 90' lang='lat' dir='ltr'><strong>in</strong></span> <span class='ocrx_word' id='word_1_536' title='bbox 1462 3789 1597 3844; x_wconf 89' lang='lat' dir='ltr'><strong>albis</strong></span> <span class='ocrx_word' id='word_1_537' title='bbox 1628 3791 1885 3856; x_wconf 90' lang='lat' dir='ltr'><strong>vestibus,</strong></span> <span class='ocrx_word' id='word_1_538' title='bbox 1916 3791 2012 3846; x_wconf 89' lang='lat' dir='ltr'><strong>sed</strong></span> 
     </span>
    </p>
   </div>
   <div class='ocr_carea' id='block_1_70' title="bbox 426 3877 2010 3947">
    <p class='ocr_par' dir='ltr' id='par_1_70' title="bbox 426 3877 2010 3947">
     <span class='ocr_line' id='line_1_70' title="bbox 426 3877 2010 3947; baseline 0.005 -20"><span class='ocrx_word' id='word_1_539' title='bbox 426 3886 481 3934; x_wconf 80' lang='lat' dir='ltr'><strong>rt</strong></span> <span class='ocrx_word' id='word_1_540' title='bbox 511 3877 825 3945; x_wconf 66' lang='lat' dir='ltr'><strong>promiscuae</strong></span> <span class='ocrx_word' id='word_1_541' title='bbox 859 3879 1170 3947; x_wconf 69' lang='lat' dir='ltr'><strong>populorum</strong></span> <span class='ocrx_word' id='word_1_542' title='bbox 1196 3878 1363 3933; x_wconf 78' lang='lat' dir='ltr'><strong>turba:</strong></span> <span class='ocrx_word' id='word_1_543' title='bbox 1386 3880 1538 3933; x_wconf 86' lang='lat' dir='ltr'><strong>valde</strong></span> <span class='ocrx_word' id='word_1_544' title='bbox 1565 3882 2010 3938; x_wconf 89' lang='lat' dir='ltr'><strong>innumerabiles.</strong></span> 
     </span>
    </p>
   </div>
   <div class='ocr_carea' id='block_1_71' title="bbox 430 3968 2014 4044">
    <p class='ocr_par' dir='ltr' id='par_1_71' title="bbox 430 3968 2014 4044">
     <span class='ocr_line' id='line_1_71' title="bbox 430 3968 2014 4044; baseline 0.006 -23"><span class='ocrx_word' id='word_1_545' title='bbox 430 3968 628 4024; x_wconf 77' lang='lat' dir='ltr'><strong>Verum</strong></span> <span class='ocrx_word' id='word_1_546' title='bbox 659 3983 778 4023; x_wconf 92' lang='lat' dir='ltr'><strong>cum</strong></span> <span class='ocrx_word' id='word_1_547' title='bbox 824 3968 940 4022; x_wconf 73' lang='lat' dir='ltr'><strong>hazc</strong></span> <span class='ocrx_word' id='word_1_548' title='bbox 993 3969 1228 4038; x_wconf 88' lang='lat' dir='ltr'><strong>trepidus</strong></span> <span class='ocrx_word' id='word_1_549' title='bbox 1278 3972 1703 4039; x_wconf 88' lang='lat' dir='ltr'><strong>contemplarer,</strong></span> <span class='ocrx_word' id='word_1_550' title='bbox 1739 3975 2014 4044; x_wconf 87' lang='lat' dir='ltr'><strong>conspicio</strong></span> 
     </span>
    </p>
   </div>
   <div class='ocr_carea' id='block_1_72' title="bbox 428 4064 2011 4133">
    <p class='ocr_par' dir='ltr' id='par_1_72' title="bbox 428 4064 2011 4133">
     <span class='ocr_line' id='line_1_72' title="bbox 428 4064 2011 4133; baseline 0.005 -16"><span class='ocrx_word' id='word_1_551' title='bbox 428 4066 641 4118; x_wconf 86' lang='lat' dir='ltr'><strong>eminus</strong></span> <span class='ocrx_word' id='word_1_552' title='bbox 672 4064 812 4119; x_wconf 90' lang='lat' dir='ltr'><strong>inter</strong></span> <span class='ocrx_word' id='word_1_553' title='bbox 840 4079 934 4119; x_wconf 84' lang='lat' dir='ltr'><strong>eos</strong></span> <span class='ocrx_word' id='word_1_554' title='bbox 965 4064 1176 4119; x_wconf 89' lang='lat' dir='ltr'><strong>beatmn</strong></span> <span class='ocrx_word' id='word_1_555' title='bbox 1233 4075 1410 4121; x_wconf 89' lang='lat' dir='ltr'><strong>astare</strong></span> <span class='ocrx_word' id='word_1_556' title='bbox 1463 4064 1757 4133; x_wconf 89' lang='lat' dir='ltr'><strong>Sidonium,</strong></span> <span class='ocrx_word' id='word_1_557' title='bbox 1813 4078 2011 4125; x_wconf 88' lang='lat' dir='ltr'><strong>etcum</strong></span> 
     </span>
    </p>
   </div>
   <div class='ocr_carea' id='block_1_73' title="bbox 426 4157 2009 4235">
    <p class='ocr_par' dir='ltr' id='par_1_73' title="bbox 426 4157 2009 4235">
     <span class='ocr_line' id='line_1_73' title="bbox 426 4157 2009 4235; baseline 0.006 -26"><span class='ocrx_word' id='word_1_558' title='bbox 426 4158 742 4227; x_wconf 84' lang='lat' dir='ltr'><strong>presbytero</strong></span> <span class='ocrx_word' id='word_1_559' title='bbox 796 4157 890 4211; x_wconf 94' lang='lat' dir='ltr'><strong>illo</strong></span> <span class='ocrx_word' id='word_1_560' title='bbox 921 4158 1011 4211; x_wconf 90' lang='lat' dir='ltr'><strong>tibi</strong></span> <span class='ocrx_word' id='word_1_561' title='bbox 1061 4158 1359 4216; x_wconf 68' lang='lat' dir='ltr'><strong>carissimo.</strong></span> <span class='ocrx_word' id='word_1_562' title='bbox 1385 4160 1471 4227; x_wconf 87' lang='lat' dir='ltr'><strong>qui</strong></span> <span class='ocrx_word' id='word_1_563' title='bbox 1518 4167 1642 4215; x_wconf 88' lang='lat' dir='ltr'><strong>ante</strong></span> <span class='ocrx_word' id='word_1_564' title='bbox 1671 4161 1768 4235; x_wconf 85' lang='lat' dir='ltr'><strong>hos</strong></span> <span class='ocrx_word' id='word_1_565' title='bbox 1813 4179 2009 4230; x_wconf 88' lang='lat' dir='ltr'><strong>paucos</strong></span> 
     </span>
    </p>
   </div>
   <div class='ocr_carea' id='block_1_74' title="bbox 426 4248 2007 4325">
    <p class='ocr_par' dir='ltr' id='par_1_74' title="bbox 426 4248 2007 4325">
     <span class='ocr_line' id='line_1_74' title="bbox 426 4248 2007 4325; baseline 0.004 -23"><span class='ocrx_word' id='word_1_566' title='bbox 426 4263 597 4302; x_wconf 80' lang='lat' dir='ltr'><strong>atinas</strong></span> <span class='ocrx_word' id='word_1_567' title='bbox 625 4249 693 4302; x_wconf 89' lang='lat' dir='ltr'><strong>de</strong></span> <span class='ocrx_word' id='word_1_568' title='bbox 722 4248 824 4304; x_wconf 87' lang='lat' dir='ltr'><strong>hoc</strong></span> <span class='ocrx_word' id='word_1_569' title='bbox 865 4249 1063 4303; x_wconf 91' lang='lat' dir='ltr'><strong>mundo</strong></span> <span class='ocrx_word' id='word_1_570' title='bbox 1114 4250 1384 4321; x_wconf 79' lang='lat' dir='ltr'><strong>migravit,</strong></span> <span class='ocrx_word' id='word_1_571' title='bbox 1438 4261 1643 4307; x_wconf 84' lang='lat' dir='ltr'><strong>attente</strong></span> <span class='ocrx_word' id='word_1_572' title='bbox 1686 4252 2007 4325; x_wconf 72' lang='lat' dir='ltr'><strong>litigantem.</strong></span> 
     </span>
    </p>
   </div>
   <div class='ocr_carea' id='block_1_75' title="bbox 427 4339 2011 4414">
    <p class='ocr_par' dir='ltr' id='par_1_75' title="bbox 427 4339 2011 4414">
     <span class='ocr_line' id='line_1_75' title="bbox 427 4339 2011 4414; baseline 0.004 -21"><span class='ocrx_word' id='word_1_573' title='bbox 427 4340 546 4407; x_wconf 85' lang='lat' dir='ltr'><strong>Quo</strong></span> <span class='ocrx_word' id='word_1_574' title='bbox 569 4339 798 4406; x_wconf 82' lang='lat' dir='ltr'><strong>devicto,</strong></span> <span class='ocrx_word' id='word_1_575' title='bbox 837 4339 991 4409; x_wconf 90' lang='lat' dir='ltr'><strong>jubet</strong></span> <span class='ocrx_word' id='word_1_576' title='bbox 1020 4357 1111 4395; x_wconf 83' lang='lat' dir='ltr'><strong>rex</strong></span> <span class='ocrx_word' id='word_1_577' title='bbox 1146 4342 1274 4396; x_wconf 90' lang='lat' dir='ltr'><strong>utin</strong></span> <span class='ocrx_word' id='word_1_578' title='bbox 1322 4342 1442 4395; x_wconf 88' lang='lat' dir='ltr'><strong>imis</strong></span> <span class='ocrx_word' id='word_1_579' title='bbox 1490 4344 1724 4399; x_wconf 90' lang='lat' dir='ltr'><strong>carceris</strong></span> <span class='ocrx_word' id='word_1_580' title='bbox 1749 4346 2011 4414; x_wconf 88' lang='lat' dir='ltr'><strong>angustiis</strong></span> 
     </span>
    </p>
   </div>
   <div class='ocr_carea' id='block_1_76' title="bbox 430 4433 2012 4501">
    <p class='ocr_par' dir='ltr' id='par_1_76' title="bbox 430 4433 2012 4501">
     <span class='ocr_line' id='line_1_76' title="bbox 430 4433 2012 4501; baseline 0.003 -16"><span class='ocrx_word' id='word_1_581' title='bbox 430 4433 756 4497; x_wconf 86' lang='lat' dir='ltr'><strong>retrudatur;</strong></span> <span class='ocrx_word' id='word_1_582' title='bbox 805 4433 1090 4501; x_wconf 86' lang='lat' dir='ltr'><strong>ablatoque</strong></span> <span class='ocrx_word' id='word_1_583' title='bbox 1136 4433 1261 4499; x_wconf 91' lang='lat' dir='ltr'><strong>isto,</strong></span> <span class='ocrx_word' id='word_1_584' title='bbox 1290 4446 1473 4487; x_wconf 87' lang='lat' dir='ltr'><strong>contra</strong></span> <span class='ocrx_word' id='word_1_585' title='bbox 1502 4444 1552 4488; x_wconf 89' lang='lat' dir='ltr'><strong>te</strong></span> <span class='ocrx_word' id='word_1_586' title='bbox 1598 4436 1791 4490; x_wconf 88' lang='lat' dir='ltr'><strong>iterum</strong></span> <span class='ocrx_word' id='word_1_587' title='bbox 1841 4438 2012 4491; x_wconf 87' lang='lat' dir='ltr'><strong>insur-</strong></span> 
     </span>
    </p>
   </div>
   <div class='ocr_carea' id='block_1_77' title="bbox 2125 3236 3707 3310">
    <p class='ocr_par' dir='ltr' id='par_1_77' title="bbox 2125 3236 3707 3310">
     <span class='ocr_line' id='line_1_77' title="bbox 2125 3236 3707 3310; baseline 0.006 -21"><span class='ocrx_word' id='word_1_588' title='bbox 2125 3251 2334 3289; x_wconf 88' lang='lat' dir='ltr'><strong>murum</strong></span> <span class='ocrx_word' id='word_1_589' title='bbox 2365 3236 2653 3303; x_wconf 89' lang='lat' dir='ltr'><strong>demissus,</strong></span> <span class='ocrx_word' id='word_1_590' title='bbox 2676 3239 2930 3292; x_wconf 83' lang='lat' dir='ltr'><strong>Arvernis</strong></span> <span class='ocrx_word' id='word_1_591' title='bbox 2954 3239 3188 3304; x_wconf 87' lang='lat' dir='ltr'><strong>advenit,</strong></span> <span class='ocrx_word' id='word_1_592' title='bbox 3219 3238 3401 3308; x_wconf 88' lang='lat' dir='ltr'><strong>ibique</strong></span> <span class='ocrx_word' id='word_1_593' title='bbox 3417 3240 3566 3310; x_wconf 88' lang='lat' dir='ltr'><strong>juxta</strong></span> <span class='ocrx_word' id='word_1_594' title='bbox 3587 3256 3707 3298; x_wconf 85' lang='lat' dir='ltr'><strong>ver-</strong></span> 
     </span>
    </p>
   </div>
   <div class='ocr_carea' id='block_1_78' title="bbox 2124 3325 3707 3400">
    <p class='ocr_par' dir='ltr' id='par_1_78' title="bbox 2124 3325 3707 3400">
     <span class='ocr_line' id='line_1_78' title="bbox 2124 3325 3707 3400; baseline 0.006 -21"><span class='ocrx_word' id='word_1_595' title='bbox 2124 3325 2249 3379; x_wconf 92' lang='lat' dir='ltr'><strong>bum</strong></span> <span class='ocrx_word' id='word_1_596' title='bbox 2284 3327 2516 3392; x_wconf 87' lang='lat' dir='ltr'><strong>Domini,</strong></span> <span class='ocrx_word' id='word_1_597' title='bbox 2549 3328 2690 3395; x_wconf 90' lang='lat' dir='ltr'><strong>quod</strong></span> <span class='ocrx_word' id='word_1_598' title='bbox 2724 3332 2899 3398; x_wconf 89' lang='lat' dir='ltr'><strong>posuit</strong></span> <span class='ocrx_word' id='word_1_599' title='bbox 2928 3329 2979 3382; x_wconf 90' lang='lat' dir='ltr'><strong>in</strong></span> <span class='ocrx_word' id='word_1_600' title='bbox 3030 3345 3125 3385; x_wconf 92' lang='lat' dir='ltr'><strong>ore</strong></span> <span class='ocrx_word' id='word_1_601' title='bbox 3154 3333 3324 3386; x_wconf 87' lang='lat' dir='ltr'><strong>sancti</strong></span> <span class='ocrx_word' id='word_1_602' title='bbox 3352 3332 3579 3400; x_wconf 88' lang='lat' dir='ltr'><strong>Sidonii,</strong></span> <span class='ocrx_word' id='word_1_603' title='bbox 3610 3350 3707 3389; x_wconf 84' lang='lat' dir='ltr'><strong>uu-</strong></span> 
     </span>
    </p>
   </div>
   <div class='ocr_carea' id='block_1_79' title="bbox 2123 3417 2998 3491">
    <p class='ocr_par' dir='ltr' id='par_1_79' title="bbox 2123 3417 2998 3491">
     <span class='ocr_line' id='line_1_79' title="bbox 2123 3417 2998 3491; baseline 0.001 -18"><span class='ocrx_word' id='word_1_604' title='bbox 2123 3417 2366 3474; x_wconf 91' lang='lat' dir='ltr'><strong>decimus</strong></span> <span class='ocrx_word' id='word_1_605' title='bbox 2392 3418 2548 3474; x_wconf 90' lang='lat' dir='ltr'><strong>datus</strong></span> <span class='ocrx_word' id='word_1_606' title='bbox 2580 3429 2665 3474; x_wconf 83' lang='lat' dir='ltr'><strong>est</strong></span> <span class='ocrx_word' id='word_1_607' title='bbox 2690 3421 2998 3491; x_wconf 86' lang='lat' dir='ltr'><strong>epise0pus.</strong></span> 
     </span>
    </p>
   </div>
   <div class='ocr_carea' id='block_1_80' title="bbox 2194 3510 3710 3585">
    <p class='ocr_par' dir='ltr' id='par_1_80' title="bbox 2194 3510 3710 3585">
     <span class='ocr_line' id='line_1_80' title="bbox 2194 3510 3710 3585; baseline 0.005 -20"><span class='ocrx_word' id='word_1_608' title='bbox 2194 3511 2385 3567; x_wconf 75' lang='lat' dir='ltr'><strong>XXIV.</strong></span> <span class='ocrx_word' id='word_1_609' title='bbox 2440 3512 2548 3567; x_wconf 89' lang='lat' dir='ltr'><strong>Sed</strong></span> <span class='ocrx_word' id='word_1_610' title='bbox 2598 3510 2617 3551; x_wconf 75' lang='grc' dir='ltr'><em>ι</em></span> <span class='ocrx_word' id='word_1_611' title='bbox 2674 3521 2914 3582; x_wconf 89' lang='lat' dir='ltr'><strong>tempore</strong></span> <span class='ocrx_word' id='word_1_612' title='bbox 2971 3511 3174 3567; x_wconf 88' lang='lat' dir='ltr'><strong>Sidonii</strong></span> <span class='ocrx_word' id='word_1_613' title='bbox 3226 3516 3460 3585; x_wconf 85' lang='lat' dir='ltr'><strong>episcopi</strong></span> <span class='ocrx_word' id='word_1_614' title='bbox 3515 3532 3710 3585; x_wconf 82' lang='lat' dir='ltr'><strong>magna</strong></span> 
     </span>
    </p>
   </div>
   <div class='ocr_carea' id='block_1_81' title="bbox 2124 3602 3709 3678">
    <p class='ocr_par' dir='ltr' id='par_1_81' title="bbox 2124 3602 3709 3678">
     <span class='ocr_line' id='line_1_81' title="bbox 2124 3602 3709 3678; baseline 0.003 -20"><span class='ocrx_word' id='word_1_615' title='bbox 2124 3604 2485 3674; x_wconf 83' lang='lat' dir='ltr'><strong>Burgundiam</strong></span> <span class='ocrx_word' id='word_1_616' title='bbox 2539 3604 2707 3660; x_wconf 83' lang='lat' dir='ltr'><strong>fames</strong></span> <span class='ocrx_word' id='word_1_617' title='bbox 2757 3604 3045 3674; x_wconf 88' lang='lat' dir='ltr'><strong>oppressit.</strong></span> <span class='ocrx_word' id='word_1_618' title='bbox 3097 3602 3337 3674; x_wconf 89' lang='lat' dir='ltr'><strong>Cumque</strong></span> <span class='ocrx_word' id='word_1_619' title='bbox 3387 3608 3565 3676; x_wconf 83' lang='lat' dir='ltr'><strong>pepuli</strong></span> <span class='ocrx_word' id='word_1_620' title='bbox 3613 3624 3709 3678; x_wconf 81' lang='lat' dir='ltr'><strong>per</strong></span> 
     </span>
    </p>
   </div>
   <div class='ocr_carea' id='block_1_82' title="bbox 2121 3695 3711 3767">
    <p class='ocr_par' dir='ltr' id='par_1_82' title="bbox 2121 3695 3711 3767">
     <span class='ocr_line' id='line_1_82' title="bbox 2121 3695 3711 3767; baseline 0.001 -15"><span class='ocrx_word' id='word_1_621' title='bbox 2121 3696 2362 3752; x_wconf 89' lang='lat' dir='ltr'><strong>diversas</strong></span> <span class='ocrx_word' id='word_1_622' title='bbox 2392 3696 2638 3767; x_wconf 85' lang='lat' dir='ltr'><strong>regiones</strong></span> <span class='ocrx_word' id='word_1_623' title='bbox 2663 3695 3121 3766; x_wconf 83' lang='lat' dir='ltr'><strong>dispergerentur,</strong></span> <span class='ocrx_word' id='word_1_624' title='bbox 3149 3712 3248 3751; x_wconf 92' lang='lat' dir='ltr'><strong>nec</strong></span> <span class='ocrx_word' id='word_1_625' title='bbox 3268 3710 3413 3752; x_wconf 88' lang='lat' dir='ltr'><strong>esset</strong></span> <span class='ocrx_word' id='word_1_626' title='bbox 3437 3698 3578 3752; x_wconf 92' lang='lat' dir='ltr'><strong>ullus</strong></span> <span class='ocrx_word' id='word_1_627' title='bbox 3617 3701 3711 3767; x_wconf 88' lang='lat' dir='ltr'><strong>qni</strong></span> 
     </span>
    </p>
   </div>
   <div class='ocr_carea' id='block_1_83' title="bbox 2122 3787 3713 3858">
    <p class='ocr_par' dir='ltr' id='par_1_83' title="bbox 2122 3787 3713 3858">
     <span class='ocr_line' id='line_1_83' title="bbox 2122 3787 3713 3858; baseline 0.001 -17"><span class='ocrx_word' id='word_1_628' title='bbox 2122 3788 2446 3858; x_wconf 89' lang='lat' dir='ltr'><strong>pauperibus</strong></span> <span class='ocrx_word' id='word_1_629' title='bbox 2486 3787 2795 3841; x_wconf 89' lang='lat' dir='ltr'><strong>alimoniam</strong></span> <span class='ocrx_word' id='word_1_630' title='bbox 2846 3787 3153 3857; x_wconf 84' lang='lat' dir='ltr'><strong>largiretur,</strong></span> <span class='ocrx_word' id='word_1_631' title='bbox 3203 3788 3446 3844; x_wconf 83' lang='lat' dir='ltr'><strong>Ecdicius</strong></span> <span class='ocrx_word' id='word_1_632' title='bbox 3487 3790 3713 3858; x_wconf 85' lang='lat' dir='ltr'><strong>quidam</strong></span> 
     </span>
    </p>
   </div>
   <div class='ocr_carea' id='block_1_84' title="bbox 2119 3879 3715 3950">
    <p class='ocr_par' dir='ltr' id='par_1_84' title="bbox 2119 3879 3715 3950">
     <span class='ocr_line' id='line_1_84' title="bbox 2119 3879 3715 3950; baseline 0 -13"><span class='ocrx_word' id='word_1_633' title='bbox 2119 3896 2183 3938; x_wconf 88' lang='lat' dir='ltr'><strong>ex</strong></span> <span class='ocrx_word' id='word_1_634' title='bbox 2215 3879 2584 3944; x_wconf 90' lang='lat' dir='ltr'><strong>senatoribus,</strong></span> <span class='ocrx_word' id='word_1_635' title='bbox 2646 3879 2801 3947; x_wconf 88' lang='lat' dir='ltr'><strong>hujus</strong></span> <span class='ocrx_word' id='word_1_636' title='bbox 2857 3881 3182 3949; x_wconf 83' lang='lat' dir='ltr'><strong>propinquus</strong></span> <span class='ocrx_word' id='word_1_637' title='bbox 3208 3890 3254 3945; x_wconf 82' lang='lat'><strong>8,</strong></span> <span class='ocrx_word' id='word_1_638' title='bbox 3291 3896 3535 3950; x_wconf 87' lang='lat' dir='ltr'><strong>magnam</strong></span> <span class='ocrx_word' id='word_1_639' title='bbox 3579 3892 3715 3938; x_wconf 89' lang='lat' dir='ltr'><strong>tunc</strong></span> 
     </span>
    </p>
   </div>
   <div class='ocr_carea' id='block_1_85' title="bbox 2118 3972 3714 4042">
    <p class='ocr_par' dir='ltr' id='par_1_85' title="bbox 2118 3972 3714 4042">
     <span class='ocr_line' id='line_1_85' title="bbox 2118 3972 3714 4042; baseline -0.002 -12"><span class='ocrx_word' id='word_1_640' title='bbox 2118 3991 2233 4030; x_wconf 87' lang='lat' dir='ltr'><strong>rem</strong></span> <span class='ocrx_word' id='word_1_641' title='bbox 2276 3974 2329 4028; x_wconf 92' lang='lat' dir='ltr'><strong>in</strong></span> <span class='ocrx_word' id='word_1_642' title='bbox 2359 3973 2469 4029; x_wconf 90' lang='lat' dir='ltr'><strong>Deo</strong></span> <span class='ocrx_word' id='word_1_643' title='bbox 2497 3974 2734 4029; x_wconf 75' lang='lat' dir='ltr'><strong>conlisus</strong></span> <span class='ocrx_word' id='word_1_644' title='bbox 2782 3972 2978 4028; x_wconf 81' lang='lat' dir='ltr'><strong>fecisse</strong></span> <span class='ocrx_word' id='word_1_645' title='bbox 3023 3973 3353 4042; x_wconf 86' lang='lat' dir='ltr'><strong>perhibetur.</strong></span> <span class='ocrx_word' id='word_1_646' title='bbox 3384 3973 3514 4028; x_wconf 85' lang='lat' dir='ltr'><strong>Nam</strong></span> <span class='ocrx_word' id='word_1_647' title='bbox 3547 3975 3714 4027; x_wconf 79' lang='lat' dir='ltr'><strong>inva—</strong></span> 
     </span>
    </p>
   </div>
   <div class='ocr_carea' id='block_1_86' title="bbox 2119 4066 3716 4136">
    <p class='ocr_par' dir='ltr' id='par_1_86' title="bbox 2119 4066 3716 4136">
     <span class='ocr_line' id='line_1_86' title="bbox 2119 4066 3716 4136; baseline -0.003 -11"><span class='ocrx_word' id='word_1_648' title='bbox 2119 4069 2356 4125; x_wconf 90' lang='lat' dir='ltr'><strong>lescente</strong></span> <span class='ocrx_word' id='word_1_649' title='bbox 2383 4066 2543 4134; x_wconf 85' lang='lat' dir='ltr'><strong>fame,</strong></span> <span class='ocrx_word' id='word_1_650' title='bbox 2576 4066 2723 4123; x_wconf 87' lang='lat' dir='ltr'><strong>misit</strong></span> <span class='ocrx_word' id='word_1_651' title='bbox 2757 4080 2953 4136; x_wconf 90' lang='lat' dir='ltr'><strong>pueros</strong></span> <span class='ocrx_word' id='word_1_652' title='bbox 2991 4080 3121 4121; x_wconf 88' lang='lat' dir='ltr'><strong>suos</strong></span> <span class='ocrx_word' id='word_1_653' title='bbox 3145 4082 3265 4121; x_wconf 92' lang='lat' dir='ltr'><strong>cum</strong></span> <span class='ocrx_word' id='word_1_654' title='bbox 3294 4066 3445 4136; x_wconf 90' lang='lat' dir='ltr'><strong>equis</strong></span> <span class='ocrx_word' id='word_1_655' title='bbox 3467 4077 3520 4122; x_wconf 91' lang='lat' dir='ltr'><strong>et</strong></span> <span class='ocrx_word' id='word_1_656' title='bbox 3552 4067 3716 4135; x_wconf 87' lang='lat' dir='ltr'><strong>plau-</strong></span> 
     </span>
    </p>
   </div>
   <div class='ocr_carea' id='block_1_87' title="bbox 2118 4157 3705 4231">
    <p class='ocr_par' dir='ltr' id='par_1_87' title="bbox 2118 4157 3705 4231">
     <span class='ocr_line' id='line_1_87' title="bbox 2118 4157 3705 4231; baseline -0.003 -13"><span class='ocrx_word' id='word_1_657' title='bbox 2118 4162 2243 4218; x_wconf 91' lang='lat' dir='ltr'><strong>stris</strong></span> <span class='ocrx_word' id='word_1_658' title='bbox 2269 4176 2362 4231; x_wconf 88' lang='lat' dir='ltr'><strong>per</strong></span> <span class='ocrx_word' id='word_1_659' title='bbox 2384 4161 2587 4215; x_wconf 86' lang='lat' dir='ltr'><strong>vicinas</strong></span> <span class='ocrx_word' id='word_1_660' title='bbox 2625 4159 2726 4214; x_wconf 88' lang='lat' dir='ltr'><strong>sibi</strong></span> <span class='ocrx_word' id='word_1_661' title='bbox 2753 4157 2997 4214; x_wconf 89' lang='lat' dir='ltr'><strong>civitates</strong></span> <span class='ocrx_word' id='word_1_662' title='bbox 3018 4198 3034 4226; x_wconf 94' lang='lat'><strong>,</strong></span> <span class='ocrx_word' id='word_1_663' title='bbox 3067 4166 3125 4213; x_wconf 90' lang='lat' dir='ltr'><strong>ut</strong></span> <span class='ocrx_word' id='word_1_664' title='bbox 3154 4174 3248 4213; x_wconf 90' lang='lat' dir='ltr'><strong>eos</strong></span> <span class='ocrx_word' id='word_1_665' title='bbox 3270 4159 3357 4227; x_wconf 91' lang='lat' dir='ltr'><strong>qni</strong></span> <span class='ocrx_word' id='word_1_666' title='bbox 3390 4157 3491 4214; x_wconf 86' lang='lat' dir='ltr'><strong>hac</strong></span> <span class='ocrx_word' id='word_1_667' title='bbox 3514 4160 3705 4228; x_wconf 88' lang='lat' dir='ltr'><strong>inopia</strong></span> 
     </span>
    </p>
   </div>
   <div class='ocr_carea' id='block_1_88' title="bbox 2118 4248 3719 4313">
    <p class='ocr_par' dir='ltr' id='par_1_88' title="bbox 2118 4248 3719 4313">
     <span class='ocr_line' id='line_1_88' title="bbox 2118 4248 3719 4313; baseline -0.001 -8"><span class='ocrx_word' id='word_1_668' title='bbox 2118 4252 2448 4308; x_wconf 80' lang='lat' dir='ltr'><strong>vexabantur</strong></span> <span class='ocrx_word' id='word_1_669' title='bbox 2494 4250 2595 4305; x_wconf 91' lang='lat' dir='ltr'><strong>sibi</strong></span> <span class='ocrx_word' id='word_1_670' title='bbox 2630 4249 2978 4305; x_wconf 89' lang='lat' dir='ltr'><strong>adducerent.</strong></span> <span class='ocrx_word' id='word_1_671' title='bbox 3031 4248 3196 4303; x_wconf 80' lang='lat' dir='ltr'><strong>Atilii</strong></span> <span class='ocrx_word' id='word_1_672' title='bbox 3221 4258 3431 4313; x_wconf 88' lang='lat' dir='ltr'><strong>euntes,</strong></span> <span class='ocrx_word' id='word_1_673' title='bbox 3470 4259 3719 4303; x_wconf 90' lang='lat' dir='ltr'><strong>cunctos</strong></span> 
     </span>
    </p>
   </div>
   <div class='ocr_carea' id='block_1_89' title="bbox 2118 4339 3721 4412">
    <p class='ocr_par' dir='ltr' id='par_1_89' title="bbox 2118 4339 3721 4412">
     <span class='ocr_line' id='line_1_89' title="bbox 2118 4339 3721 4412; baseline 0 -18"><span class='ocrx_word' id='word_1_674' title='bbox 2118 4356 2380 4412; x_wconf 83' lang='lat' dir='ltr'><strong>pauperes</strong></span> <span class='ocrx_word' id='word_1_675' title='bbox 2413 4346 2675 4410; x_wconf 89' lang='lat' dir='ltr'><strong>quotquot</strong></span> <span class='ocrx_word' id='word_1_676' title='bbox 2705 4339 2947 4394; x_wconf 90' lang='lat' dir='ltr'><strong>invenire</strong></span> <span class='ocrx_word' id='word_1_677' title='bbox 2985 4346 3302 4408; x_wconf 85' lang='lat' dir='ltr'><strong>potuerunt,</strong></span> <span class='ocrx_word' id='word_1_678' title='bbox 3333 4339 3613 4394; x_wconf 78' lang='lat' dir='ltr'><strong>adduxere</strong></span> <span class='ocrx_word' id='word_1_679' title='bbox 3642 4340 3721 4393; x_wconf 74' lang='lat' dir='ltr'><strong>ad</strong></span> 
     </span>
    </p>
   </div>
   <div class='ocr_carea' id='block_1_90' title="bbox 2118 4432 3715 4505">
    <p class='ocr_par' dir='ltr' id='par_1_90' title="bbox 2118 4432 3715 4505">
     <span class='ocr_line' id='line_1_90' title="bbox 2118 4432 3715 4505; baseline -0.001 -17"><span class='ocrx_word' id='word_1_680' title='bbox 2118 4434 2336 4489; x_wconf 89' lang='lat' dir='ltr'><strong>domum</strong></span> <span class='ocrx_word' id='word_1_681' title='bbox 2365 4434 2391 4471; x_wconf 70' lang='grc'><em>’³</em></span> <span class='ocrx_word' id='word_1_682' title='bbox 2420 4434 2560 4505; x_wconf 89' lang='lat' dir='ltr'><strong>ejus.</strong></span> <span class='ocrx_word' id='word_1_683' title='bbox 2594 4432 2779 4501; x_wconf 83' lang='lat' dir='ltr'><strong>Ibique</strong></span> <span class='ocrx_word' id='word_1_684' title='bbox 2806 4447 2900 4488; x_wconf 87' lang='lat' dir='ltr'><strong>eos</strong></span> <span class='ocrx_word' id='word_1_685' title='bbox 2930 4448 3025 4501; x_wconf 90' lang='lat' dir='ltr'><strong>per</strong></span> <span class='ocrx_word' id='word_1_686' title='bbox 3055 4446 3214 4487; x_wconf 91' lang='lat' dir='ltr'><strong>omne</strong></span> <span class='ocrx_word' id='word_1_687' title='bbox 3243 4441 3453 4501; x_wconf 90' lang='lat' dir='ltr'><strong>tempus</strong></span> <span class='ocrx_word' id='word_1_688' title='bbox 3496 4432 3715 4487; x_wconf 74' lang='lat' dir='ltr'><strong>sxerili-</strong></span> 
     </span>
    </p>
   </div>
   <div class='ocr_carea' id='block_1_91' title="bbox 421 4520 3722 4597">
    <p class='ocr_par' dir='ltr' id='par_1_91' title="bbox 421 4520 3722 4597">
     <span class='ocr_line' id='line_1_91' title="bbox 421 4520 3722 4597; baseline 0.001 -21"><span class='ocrx_word' id='word_1_689' title='bbox 421 4538 547 4592; x_wconf 86' lang='lat' dir='ltr'><strong>gere</strong></span> <span class='ocrx_word' id='word_1_690' title='bbox 576 4520 623 4588; x_wconf 71' lang='grc' dir='ltr'><strong>ἀ,</strong></span> <span class='ocrx_word' id='word_1_691' title='bbox 654 4524 838 4579; x_wconf 87' lang='lat' dir='ltr'><strong>dicens</strong></span> <span class='ocrx_word' id='word_1_692' title='bbox 869 4533 921 4578; x_wconf 91' lang='lat' dir='ltr'><strong>te</strong></span> <span class='ocrx_word' id='word_1_693' title='bbox 967 4524 1018 4577; x_wconf 90' lang='lat' dir='ltr'><strong>in</strong></span> <span class='ocrx_word' id='word_1_694' title='bbox 1049 4539 1115 4579; x_wconf 92' lang='lat' dir='ltr'><strong>eo</strong></span> <span class='ocrx_word' id='word_1_695' title='bbox 1172 4524 1413 4589; x_wconf 86' lang='lat' dir='ltr'><strong>scelere,</strong></span> <span class='ocrx_word' id='word_1_696' title='bbox 1466 4535 1682 4593; x_wconf 74' lang='lat' dir='ltr'><strong>propter</strong></span> <span class='ocrx_word' id='word_1_697' title='bbox 1727 4526 1868 4595; x_wconf 77' lang='lat' dir='ltr'><strong>quod</strong></span> <span class='ocrx_word' id='word_1_698' title='bbox 1923 4527 2010 4583; x_wconf 89' lang='lat' dir='ltr'><strong>ille</strong></span> <span class='ocrx_word' id='word_1_699' title='bbox 2040 4533 2092 4595; x_wconf 81' lang='lat' dir='ltr'><strong>D</strong></span> <span class='ocrx_word' id='word_1_700' title='bbox 2119 4528 2242 4585; x_wconf 88' lang='lat' dir='ltr'><strong>tatis</strong></span> <span class='ocrx_word' id='word_1_701' title='bbox 2288 4539 2543 4597; x_wconf 89' lang='lat' dir='ltr'><strong>pascens,</strong></span> <span class='ocrx_word' id='word_1_702' title='bbox 2577 4524 2644 4580; x_wconf 90' lang='lat' dir='ltr'><strong>ab</strong></span> <span class='ocrx_word' id='word_1_703' title='bbox 2670 4525 2887 4580; x_wconf 87' lang='lat' dir='ltr'><strong>interitu</strong></span> <span class='ocrx_word' id='word_1_704' title='bbox 2919 4523 3076 4579; x_wconf 82' lang='lat' dir='ltr'><strong>famis</strong></span> <span class='ocrx_word' id='word_1_705' title='bbox 3123 4524 3341 4580; x_wconf 87' lang='lat' dir='ltr'><strong>exemit.</strong></span> <span class='ocrx_word' id='word_1_706' title='bbox 3396 4524 3722 4595; x_wconf 85' lang='lat' dir='ltr'><strong>Fuereque,</strong></span> 
     </span>
    </p>
   </div>
   <div class='ocr_carea' id='block_1_92' title="bbox 492 4680 2006 4749">
    <p class='ocr_par' dir='ltr' id='par_1_92' title="bbox 492 4680 2006 4749">
     <span class='ocr_line' id='line_1_92' title="bbox 492 4680 2006 4749; baseline 0.005 -17"><span class='ocrx_word' id='word_1_707' title='bbox 492 4689 515 4715; x_wconf 77' lang='grc'><strong><em>⁸</em></strong></span> <span class='ocrx_word' id='word_1_708' title='bbox 550 4680 737 4749; x_wconf 79' lang='lat' dir='ltr'><strong>Regm.</strong></span> <span class='ocrx_word' id='word_1_709' title='bbox 769 4721 784 4745; x_wconf 96' lang='lat'><strong>,</strong></span> <span class='ocrx_word' id='word_1_710' title='bbox 814 4680 1073 4749; x_wconf 73' lang='lat' dir='ltr'><strong>inferioris</strong></span> <span class='ocrx_word' id='word_1_711' title='bbox 1100 4692 1328 4747; x_wconf 75' lang='lat' dir='ltr'><strong>egestus,</strong></span> <span class='ocrx_word' id='word_1_712' title='bbox 1356 4691 1405 4734; x_wconf 91' lang='lat' dir='ltr'><strong>et</strong></span> <span class='ocrx_word' id='word_1_713' title='bbox 1436 4680 1567 4735; x_wconf 82' lang='lat' dir='ltr'><strong>infra</strong></span> <span class='ocrx_word' id='word_1_714' title='bbox 1598 4682 1905 4737; x_wconf 80' lang='lat' dir='ltr'><strong>obaudiatur</strong></span> <span class='ocrx_word' id='word_1_715' title='bbox 1923 4702 2006 4739; x_wconf 80' lang='lat' dir='ltr'><strong>sa-</strong></span> 
     </span>
    </p>
   </div>
   <div class='ocr_carea' id='block_1_93' title="bbox 423 4752 2010 4823">
    <p class='ocr_par' dir='ltr' id='par_1_93' title="bbox 423 4752 2010 4823">
     <span class='ocr_line' id='line_1_93' title="bbox 423 4752 2010 4823; baseline 0.004 -20"><span class='ocrx_word' id='word_1_716' title='bbox 423 4752 632 4823; x_wconf 66' lang='lat' dir='ltr'><strong>cerdoti.</strong></span> <span class='ocrx_word' id='word_1_717' title='bbox 662 4754 786 4806; x_wconf 75' lang='lat' dir='ltr'><strong>Dec.</strong></span> <span class='ocrx_word' id='word_1_718' title='bbox 812 4790 827 4817; x_wconf 96' lang='lat'><strong>,</strong></span> <span class='ocrx_word' id='word_1_719' title='bbox 872 4753 1033 4820; x_wconf 81' lang='lat' dir='ltr'><strong>partis</strong></span> <span class='ocrx_word' id='word_1_720' title='bbox 1062 4753 1315 4823; x_wconf 60' lang='lat' dir='ltr'><strong>inferioris</strong></span> <span class='ocrx_word' id='word_1_721' title='bbox 1359 4763 1653 4822; x_wconf 49' lang='lat' dir='ltr'><strong>egestum...</strong></span> <span class='ocrx_word' id='word_1_722' title='bbox 1701 4754 2010 4810; x_wconf 84' lang='lat' dir='ltr'><strong>obaudiatur</strong></span> 
     </span>
    </p>
   </div>
   <div class='ocr_carea' id='block_1_94' title="bbox 415 4822 672 4875">
    <p class='ocr_par' dir='ltr' id='par_1_94' title="bbox 415 4822 672 4875">
     <span class='ocr_line' id='line_1_94' title="bbox 415 4822 672 4875; baseline 0.004 -1"><span class='ocrx_word' id='word_1_723' title='bbox 415 4822 672 4875; x_wconf 79' lang='lat' dir='ltr'><strong>sacerdos.</strong></span> 
     </span>
    </p>
   </div>
   <div class='ocr_carea' id='block_1_95' title="bbox 490 4892 2004 4961">
    <p class='ocr_par' dir='ltr' id='par_1_95' title="bbox 490 4892 2004 4961">
     <span class='ocr_line' id='line_1_95' title="bbox 490 4892 2004 4961; baseline 0.005 -18"><span class='ocrx_word' id='word_1_724' title='bbox 490 4892 517 4931; x_wconf 66' lang='grc' dir='ltr'>δ</span> <span class='ocrx_word' id='word_1_725' title='bbox 548 4893 687 4945; x_wconf 84' lang='lat' dir='ltr'><strong>Obiit</strong></span> <span class='ocrx_word' id='word_1_726' title='bbox 738 4907 879 4946; x_wconf 88' lang='lat' dir='ltr'><strong>anno</strong></span> <span class='ocrx_word' id='word_1_727' title='bbox 924 4892 1048 4954; x_wconf 62' lang='lat' dir='ltr'><strong>iS-l.</strong></span> <span class='ocrx_word' id='word_1_728' title='bbox 1080 4901 1138 4946; x_wconf 91' lang='lat' dir='ltr'><strong>ut</strong></span> <span class='ocrx_word' id='word_1_729' title='bbox 1166 4893 1350 4947; x_wconf 89' lang='lat' dir='ltr'><strong>scribit</strong></span> <span class='ocrx_word' id='word_1_730' title='bbox 1398 4892 1631 4956; x_wconf 85' lang='lat' dir='ltr'><strong>Savaro,</strong></span> <span class='ocrx_word' id='word_1_731' title='bbox 1690 4907 1745 4950; x_wconf 91' lang='lat' dir='ltr'><strong>et</strong></span> <span class='ocrx_word' id='word_1_732' title='bbox 1788 4895 2004 4961; x_wconf 83' lang='lat' dir='ltr'><strong>quidem</strong></span> 
     </span>
    </p>
   </div>
   <div class='ocr_carea' id='block_1_96' title="bbox 416 4962 2000 5032">
    <p class='ocr_par' dir='ltr' id='par_1_96' title="bbox 416 4962 2000 5032">
     <span class='ocr_line' id='line_1_96' title="bbox 416 4962 2000 5032; baseline 0.003 -16"><span class='ocrx_word' id='word_1_733' title='bbox 416 4963 507 5017; x_wconf 91' lang='lat' dir='ltr'><strong>die</strong></span> <span class='ocrx_word' id='word_1_734' title='bbox 539 4963 604 5018; x_wconf 69' lang='lat'><strong>12</strong></span> <span class='ocrx_word' id='word_1_735' title='bbox 630 4962 735 5017; x_wconf 80' lang='lat' dir='ltr'><strong>kal.</strong></span> <span class='ocrx_word' id='word_1_736' title='bbox 778 4964 1110 5031; x_wconf 88' lang='lat' dir='ltr'><strong>Septembris</strong></span> <span class='ocrx_word' id='word_1_737' title='bbox 1140 5005 1154 5028; x_wconf 92' lang='lat'><strong>,</strong></span> <span class='ocrx_word' id='word_1_738' title='bbox 1196 4964 1312 5032; x_wconf 90' lang='lat' dir='ltr'><strong>ejus</strong></span> <span class='ocrx_word' id='word_1_739' title='bbox 1344 4974 1520 5018; x_wconf 89' lang='lat' dir='ltr'><strong>tamen</strong></span> <span class='ocrx_word' id='word_1_740' title='bbox 1554 4965 1744 5021; x_wconf 87' lang='lat' dir='ltr'><strong>festum</strong></span> <span class='ocrx_word' id='word_1_741' title='bbox 1785 4965 1852 5018; x_wconf 79' lang='lat' dir='ltr'><strong>lt)</strong></span> <span class='ocrx_word' id='word_1_742' title='bbox 1892 4966 2000 5021; x_wconf 83' lang='lat' dir='ltr'><strong>kal.</strong></span> 
     </span>
    </p>
   </div>
   <div class='ocr_carea' id='block_1_97' title="bbox 417 5033 2000 5104">
    <p class='ocr_par' dir='ltr' id='par_1_97' title="bbox 417 5033 2000 5104">
     <span class='ocr_line' id='line_1_97' title="bbox 417 5033 2000 5104; baseline 0.004 -19"><span class='ocrx_word' id='word_1_743' title='bbox 417 5033 656 5102; x_wconf 82' lang='lat' dir='ltr'><strong>ejusdem</strong></span> <span class='ocrx_word' id='word_1_744' title='bbox 689 5036 887 5088; x_wconf 87' lang='lat' dir='ltr'><strong>mensis</strong></span> <span class='ocrx_word' id='word_1_745' title='bbox 925 5036 975 5087; x_wconf 90' lang='lat' dir='ltr'><strong>in</strong></span> <span class='ocrx_word' id='word_1_746' title='bbox 1022 5035 1401 5104; x_wconf 77' lang='lat' dir='ltr'><strong>Martyrologio</strong></span> <span class='ocrx_word' id='word_1_747' title='bbox 1442 5036 1683 5089; x_wconf 73' lang='lat' dir='ltr'><strong>ltomano</strong></span> <span class='ocrx_word' id='word_1_748' title='bbox 1724 5038 2000 5093; x_wconf 86' lang='lat' dir='ltr'><strong>recolitur.</strong></span> 
     </span>
    </p>
   </div>
   <div class='ocr_carea' id='block_1_98' title="bbox 418 5105 2003 5174">
    <p class='ocr_par' dir='ltr' id='par_1_98' title="bbox 418 5105 2003 5174">
     <span class='ocr_line' id='line_1_98' title="bbox 418 5105 2003 5174; baseline 0.003 -15"><span class='ocrx_word' id='word_1_749' title='bbox 418 5107 668 5174; x_wconf 79' lang='lat' dir='ltr'><strong>Sepultus</strong></span> <span class='ocrx_word' id='word_1_750' title='bbox 706 5117 789 5161; x_wconf 84' lang='lat' dir='ltr'><strong>est</strong></span> <span class='ocrx_word' id='word_1_751' title='bbox 838 5106 887 5158; x_wconf 90' lang='lat' dir='ltr'><strong>in</strong></span> <span class='ocrx_word' id='word_1_752' title='bbox 915 5106 1142 5159; x_wconf 66' lang='lat' dir='ltr'><strong>ecclesia</strong></span> <span class='ocrx_word' id='word_1_753' title='bbox 1176 5106 1342 5159; x_wconf 89' lang='lat' dir='ltr'><strong>sancti</strong></span> <span class='ocrx_word' id='word_1_754' title='bbox 1388 5105 1691 5168; x_wconf 91' lang='lat' dir='ltr'><strong>Saturnini,</strong></span> <span class='ocrx_word' id='word_1_755' title='bbox 1726 5118 1781 5160; x_wconf 93' lang='lat' dir='ltr'><strong>ut</strong></span> <span class='ocrx_word' id='word_1_756' title='bbox 1807 5107 2003 5162; x_wconf 76' lang='lat' dir='ltr'><strong>dicitur</strong></span> 
     </span>
    </p>
   </div>
   <div class='ocr_carea' id='block_1_99' title="bbox 417 5175 2004 5242">
    <p class='ocr_par' dir='ltr' id='par_1_99' title="bbox 417 5175 2004 5242">
     <span class='ocr_line' id='line_1_99' title="bbox 417 5175 2004 5242; baseline 0.003 -14"><span class='ocrx_word' id='word_1_757' title='bbox 417 5176 470 5229; x_wconf 89' lang='lat' dir='ltr'><strong>in</strong></span> <span class='ocrx_word' id='word_1_758' title='bbox 500 5177 591 5233; x_wconf 90' lang='lat' dir='ltr'><strong>lib.</strong></span> <span class='ocrx_word' id='word_1_759' title='bbox 618 5192 633 5229; x_wconf 77' lang='grc' dir='ltr'>ι</span> <span class='ocrx_word' id='word_1_760' title='bbox 664 5176 728 5230; x_wconf 93' lang='lat' dir='ltr'><strong>de</strong></span> <span class='ocrx_word' id='word_1_761' title='bbox 759 5178 951 5231; x_wconf 79' lang='lat' dir='ltr'><strong>ecclos.</strong></span> <span class='ocrx_word' id='word_1_762' title='bbox 1008 5175 1335 5230; x_wconf 65' lang='lat' dir='ltr'><strong>Claromont.</strong></span> <span class='ocrx_word' id='word_1_763' title='bbox 1359 5217 1375 5241; x_wconf 92' lang='lat'><strong>,</strong></span> <span class='ocrx_word' id='word_1_764' title='bbox 1406 5191 1524 5242; x_wconf 86' lang='lat' dir='ltr'><strong>cap.</strong></span> <span class='ocrx_word' id='word_1_765' title='bbox 1558 5177 1643 5227; x_wconf 65' lang='lat'><strong>22.</strong></span> <span class='ocrx_word' id='word_1_766' title='bbox 1686 5178 1808 5232; x_wconf 72' lang='lat' dir='ltr'><strong>Hzec</strong></span> <span class='ocrx_word' id='word_1_767' title='bbox 1830 5179 2004 5233; x_wconf 83' lang='lat' dir='ltr'><strong>eccle-</strong></span> 
     </span>
    </p>
   </div>
   <div class='ocr_carea' id='block_1_100' title="bbox 418 5247 2011 5304">
    <p class='ocr_par' dir='ltr' id='par_1_100' title="bbox 418 5247 2011 5304">
     <span class='ocr_line' id='line_1_100' title="bbox 418 5247 2011 5304; baseline 0.002 -4"><span class='ocrx_word' id='word_1_768' title='bbox 418 5247 494 5300; x_wconf 86' lang='lat' dir='ltr'><strong>sia</strong></span> <span class='ocrx_word' id='word_1_769' title='bbox 526 5256 728 5301; x_wconf 87' lang='lat' dir='ltr'><strong>mutato</strong></span> <span class='ocrx_word' id='word_1_770' title='bbox 779 5248 993 5301; x_wconf 90' lang='lat' dir='ltr'><strong>nomine</strong></span> <span class='ocrx_word' id='word_1_771' title='bbox 1022 5247 1189 5301; x_wconf 86' lang='lat' dir='ltr'><strong>saneti</strong></span> <span class='ocrx_word' id='word_1_772' title='bbox 1221 5247 1505 5300; x_wconf 88' lang='lat' dir='ltr'><strong>Amandini</strong></span> <span class='ocrx_word' id='word_1_773' title='bbox 1544 5248 1682 5301; x_wconf 91' lang='lat' dir='ltr'><strong>dicta</strong></span> <span class='ocrx_word' id='word_1_774' title='bbox 1723 5259 1823 5304; x_wconf 88' lang='lat' dir='ltr'><strong>est.</strong></span> <span class='ocrx_word' id='word_1_775' title='bbox 1860 5251 2011 5303; x_wconf 82' lang='lat' dir='ltr'><strong>Post-</strong></span> 
     </span>
    </p>
   </div>
   <div class='ocr_carea' id='block_1_101' title="bbox 419 5317 2003 5387">
    <p class='ocr_par' dir='ltr' id='par_1_101' title="bbox 419 5317 2003 5387">
     <span class='ocr_line' id='line_1_101' title="bbox 419 5317 2003 5387; baseline 0.003 -17"><span class='ocrx_word' id='word_1_776' title='bbox 419 5318 632 5371; x_wconf 89' lang='lat' dir='ltr'><strong>modum</strong></span> <span class='ocrx_word' id='word_1_777' title='bbox 656 5320 970 5374; x_wconf 89' lang='lat' dir='ltr'><strong>translatum</strong></span> <span class='ocrx_word' id='word_1_778' title='bbox 994 5326 1077 5373; x_wconf 74' lang='lat' dir='ltr'><strong>est</strong></span> <span class='ocrx_word' id='word_1_779' title='bbox 1110 5319 1167 5371; x_wconf 83' lang='grc' dir='ltr'><strong>Β.</strong></span> <span class='ocrx_word' id='word_1_780' title='bbox 1188 5317 1392 5371; x_wconf 87' lang='lat' dir='ltr'><strong>Sidonii</strong></span> <span class='ocrx_word' id='word_1_781' title='bbox 1419 5332 1615 5387; x_wconf 90' lang='lat' dir='ltr'><strong>corptts</strong></span> <span class='ocrx_word' id='word_1_782' title='bbox 1641 5322 1691 5373; x_wconf 90' lang='lat' dir='ltr'><strong>in</strong></span> <span class='ocrx_word' id='word_1_783' title='bbox 1720 5321 2003 5376; x_wconf 87' lang='lat' dir='ltr'><strong>ecclesiam</strong></span> 
     </span>
    </p>
   </div>
   <div class='ocr_carea' id='block_1_102' title="bbox 417 5387 853 5443">
    <p class='ocr_par' dir='ltr' id='par_1_102' title="bbox 417 5387 853 5443">
     <span class='ocr_line' id='line_1_102' title="bbox 417 5387 853 5443; baseline 0 -1"><span class='ocrx_word' id='word_1_784' title='bbox 417 5393 586 5442; x_wconf 83' lang='lat' dir='ltr'><strong>sancti</strong></span> <span class='ocrx_word' id='word_1_785' title='bbox 620 5387 853 5443; x_wconf 79' lang='lat' dir='ltr'><strong>Genesii.</strong></span> 
     </span>
    </p>
   </div>
   <div class='ocr_carea' id='block_1_103' title="bbox 489 5459 1991 5531">
    <p class='ocr_par' dir='ltr' id='par_1_103' title="bbox 489 5459 1991 5531">
     <span class='ocr_line' id='line_1_103' title="bbox 489 5459 1991 5531; baseline 0.003 -19"><span class='ocrx_word' id='word_1_786' title='bbox 489 5469 513 5495; x_wconf 76' lang='grc' dir='ltr'><strong><em>ο</em></strong></span> <span class='ocrx_word' id='word_1_787' title='bbox 573 5461 792 5513; x_wconf 89' lang='lat' dir='ltr'><strong>Domum</strong></span> <span class='ocrx_word' id='word_1_788' title='bbox 840 5459 1082 5515; x_wconf 57' lang='lat' dir='ltr'><strong>ecclesia.</strong></span> <span class='ocrx_word' id='word_1_789' title='bbox 1134 5460 1329 5528; x_wconf 89' lang='lat' dir='ltr'><strong>passim</strong></span> <span class='ocrx_word' id='word_1_790' title='bbox 1384 5470 1644 5515; x_wconf 90' lang='lat' dir='ltr'><strong>memorat</strong></span> <span class='ocrx_word' id='word_1_791' title='bbox 1682 5461 1991 5531; x_wconf 84' lang='lat' dir='ltr'><strong>Gregorius,</strong></span> 
     </span>
    </p>
   </div>
   <div class='ocr_carea' id='block_1_104' title="bbox 414 5532 2001 5600">
    <p class='ocr_par' dir='ltr' id='par_1_104' title="bbox 414 5532 2001 5600">
     <span class='ocr_line' id='line_1_104' title="bbox 414 5532 2001 5600; baseline 0.004 -19"><span class='ocrx_word' id='word_1_792' title='bbox 414 5544 521 5599; x_wconf 86' lang='lat' dir='ltr'><strong>quo</strong></span> <span class='ocrx_word' id='word_1_793' title='bbox 568 5532 780 5583; x_wconf 69' lang='lat' dir='ltr'><strong>nomine</strong></span> <span class='ocrx_word' id='word_1_794' title='bbox 808 5534 948 5585; x_wconf 62' lang='lat' dir='ltr'><strong>{edes</strong></span> <span class='ocrx_word' id='word_1_795' title='bbox 979 5532 1340 5598; x_wconf 84' lang='lat' dir='ltr'><strong>episcopales,</strong></span> <span class='ocrx_word' id='word_1_796' title='bbox 1372 5532 1560 5600; x_wconf 87' lang='lat' dir='ltr'><strong>majori</strong></span> <span class='ocrx_word' id='word_1_797' title='bbox 1586 5532 1828 5586; x_wconf 83' lang='lat' dir='ltr'><strong>ecclesiae</strong></span> <span class='ocrx_word' id='word_1_798' title='bbox 1855 5535 2001 5587; x_wconf 91' lang='lat' dir='ltr'><strong>urbis</strong></span> 
     </span>
    </p>
   </div>
   <div class='ocr_carea' id='block_1_105' title="bbox 415 5601 2000 5673">
    <p class='ocr_par' dir='ltr' id='par_1_105' title="bbox 415 5601 2000 5673">
     <span class='ocr_line' id='line_1_105' title="bbox 415 5601 2000 5673; baseline 0.002 -18"><span class='ocrx_word' id='word_1_799' title='bbox 415 5616 511 5656; x_wconf 84' lang='lat' dir='ltr'><strong>seu</strong></span> <span class='ocrx_word' id='word_1_800' title='bbox 561 5602 853 5655; x_wconf 83' lang='lat' dir='ltr'><strong>eatbedrali</strong></span> <span class='ocrx_word' id='word_1_801' title='bbox 897 5601 1265 5667; x_wconf 71' lang='lat' dir='ltr'><strong>adluerentes,</strong></span> <span class='ocrx_word' id='word_1_802' title='bbox 1314 5603 1585 5673; x_wconf 85' lang='lat' dir='ltr'><strong>designari</strong></span> <span class='ocrx_word' id='word_1_803' title='bbox 1645 5604 1855 5658; x_wconf 76' lang='lat' dir='ltr'><strong>videtur</strong></span> <span class='ocrx_word' id='word_1_804' title='bbox 1880 5618 2000 5659; x_wconf 88' lang='lat' dir='ltr'><strong>esse</strong></span> 
     </span>
    </p>
   </div>
   <div class='ocr_carea' id='block_1_106' title="bbox 415 5672 835 5727">
    <p class='ocr_par' dir='ltr' id='par_1_106' title="bbox 415 5672 835 5727">
     <span class='ocr_line' id='line_1_106' title="bbox 415 5672 835 5727; baseline -0.017 0"><span class='ocrx_word' id='word_1_805' title='bbox 415 5684 561 5727; x_wconf 77' lang='lat' dir='ltr'><strong>extra</strong></span> <span class='ocrx_word' id='word_1_806' title='bbox 597 5672 835 5725; x_wconf 66' lang='lat' dir='ltr'><strong>dnlrunt.</strong></span> 
     </span>
    </p>
   </div>
   <div class='ocr_carea' id='block_1_107' title="bbox 492 5741 1215 5810">
    <p class='ocr_par' dir='ltr' id='par_1_107' title="bbox 492 5741 1215 5810">
     <span class='ocr_line' id='line_1_107' title="bbox 492 5741 1215 5810; baseline -0.008 -12"><span class='ocrx_word' id='word_1_807' title='bbox 492 5741 517 5780; x_wconf 66' lang='grc' dir='ltr'><em>δ</em></span> <span class='ocrx_word' id='word_1_808' title='bbox 550 5741 693 5797; x_wconf 78' lang='lat' dir='ltr'><strong>Editi</strong></span> <span class='ocrx_word' id='word_1_809' title='bbox 725 5744 949 5803; x_wconf 76' lang='lat' dir='ltr'><strong>habent,</strong></span> <span class='ocrx_word' id='word_1_810' title='bbox 980 5741 1215 5810; x_wconf 66' lang='lat' dir='ltr'><strong>suggerit.</strong></span> 
     </span>
    </p>
   </div>
   <div class='ocr_carea' id='block_1_108' title="bbox 2191 4678 3725 4749">
    <p class='ocr_par' dir='ltr' id='par_1_108' title="bbox 2191 4678 3725 4749">
     <span class='ocr_line' id='line_1_108' title="bbox 2191 4678 3725 4749; baseline -0.002 -12"><span class='ocrx_word' id='word_1_811' title='bbox 2191 4692 2215 4720; x_wconf 79' lang='grc' dir='ltr'><strong><em>ο</em></strong></span> <span class='ocrx_word' id='word_1_812' title='bbox 2248 4683 2324 4737; x_wconf 92' lang='lat' dir='ltr'><strong>De</strong></span> <span class='ocrx_word' id='word_1_813' title='bbox 2346 4681 2532 4737; x_wconf 86' lang='lat' dir='ltr'><strong>eodem</strong></span> <span class='ocrx_word' id='word_1_814' title='bbox 2565 4680 2702 4737; x_wconf 89' lang='lat' dir='ltr'><strong>infra</strong></span> <span class='ocrx_word' id='word_1_815' title='bbox 2732 4694 2850 4749; x_wconf 90' lang='lat' dir='ltr'><strong>cap.</strong></span> <span class='ocrx_word' id='word_1_816' title='bbox 2890 4679 2960 4734; x_wconf 74' lang='lat'><strong>36</strong></span> <span class='ocrx_word' id='word_1_817' title='bbox 2988 4718 3003 4743; x_wconf 92' lang='lat'><strong>,</strong></span> <span class='ocrx_word' id='word_1_818' title='bbox 3038 4688 3101 4749; x_wconf 90' lang='lat' dir='ltr'><strong>et</strong></span> <span class='ocrx_word' id='word_1_819' title='bbox 3123 4678 3217 4733; x_wconf 86' lang='lat' dir='ltr'><strong>lib.</strong></span> <span class='ocrx_word' id='word_1_820' title='bbox 3244 4694 3303 4733; x_wconf 83' lang='lat' dir='ltr'><strong>tit</strong></span> <span class='ocrx_word' id='word_1_821' title='bbox 3332 4721 3346 4745; x_wconf 94' lang='lat'><strong>,</strong></span> <span class='ocrx_word' id='word_1_822' title='bbox 3380 4693 3501 4740; x_wconf 86' lang='lat' dir='ltr'><strong>cap.</strong></span> <span class='ocrx_word' id='word_1_823' title='bbox 3530 4680 3564 4731; x_wconf 77' lang='grc'>2</span> <span class='ocrx_word' id='word_1_824' title='bbox 3590 4719 3607 4741; x_wconf 88' lang='lat'><strong>,</strong></span> <span class='ocrx_word' id='word_1_825' title='bbox 3644 4680 3725 4734; x_wconf 88' lang='lat' dir='ltr'><strong>ad</strong></span> 
     </span>
    </p>
   </div>
   <div class='ocr_carea' id='block_1_109' title="bbox 2116 4748 3726 4825">
    <p class='ocr_par' dir='ltr' id='par_1_109' title="bbox 2116 4748 3726 4825">
     <span class='ocr_line' id='line_1_109' title="bbox 2116 4748 3726 4825; baseline -0.002 -17"><span class='ocrx_word' id='word_1_826' title='bbox 2116 4769 2297 4825; x_wconf 88' lang='lat' dir='ltr'><strong>quem</strong></span> <span class='ocrx_word' id='word_1_827' title='bbox 2324 4762 2537 4825; x_wconf 73' lang='lat' dir='ltr'><strong>exstant</strong></span> <span class='ocrx_word' id='word_1_828' title='bbox 2584 4748 2807 4825; x_wconf 82' lang='lat' dir='ltr'><strong>aliquot</strong></span> <span class='ocrx_word' id='word_1_829' title='bbox 2835 4751 3032 4825; x_wconf 81' lang='lat' dir='ltr'><strong>R_n_ricii</strong></span> <span class='ocrx_word' id='word_1_830' title='bbox 3088 4748 3487 4825; x_wconf 80' lang='lat' dir='ltr'><strong>Lemovicensis</strong></span> <span class='ocrx_word' id='word_1_831' title='bbox 3532 4752 3726 4825; x_wconf 73' lang='lat' dir='ltr'><strong>episc.</strong></span> 
     </span>
    </p>
   </div>
   <div class='ocr_carea' id='block_1_110' title="bbox 2113 4820 3727 4889">
    <p class='ocr_par' dir='ltr' id='par_1_110' title="bbox 2113 4820 3727 4889">
     <span class='ocr_line' id='line_1_110' title="bbox 2113 4820 3727 4889; baseline -0.002 -11"><span class='ocrx_word' id='word_1_832' title='bbox 2113 4820 2370 4889; x_wconf 76' lang='lat' dir='ltr'><strong>epistolae.</strong></span> <span class='ocrx_word' id='word_1_833' title='bbox 2403 4824 2624 4886; x_wconf 86' lang='lat' dir='ltr'><strong>Eidem,</strong></span> <span class='ocrx_word' id='word_1_834' title='bbox 2657 4821 2833 4875; x_wconf 87' lang='lat' dir='ltr'><strong>adhuc</strong></span> <span class='ocrx_word' id='word_1_835' title='bbox 2861 4821 3155 4888; x_wconf 88' lang='lat' dir='ltr'><strong>Lingonum</strong></span> <span class='ocrx_word' id='word_1_836' title='bbox 3185 4822 3456 4888; x_wconf 82' lang='lat' dir='ltr'><strong>episcopo,</strong></span> <span class='ocrx_word' id='word_1_837' title='bbox 3483 4820 3727 4888; x_wconf 88' lang='lat' dir='ltr'><strong>scripsit</strong></span> 
     </span>
    </p>
   </div>
   <div class='ocr_carea' id='block_1_111' title="bbox 2119 4891 3731 4962">
    <p class='ocr_par' dir='ltr' id='par_1_111' title="bbox 2119 4891 3731 4962">
     <span class='ocr_line' id='line_1_111' title="bbox 2119 4891 3731 4962; baseline -0.004 -12"><span class='ocrx_word' id='word_1_838' title='bbox 2119 4895 2370 4960; x_wconf 83' lang='lat' dir='ltr'><strong>Sidonius</strong></span> <span class='ocrx_word' id='word_1_839' title='bbox 2399 4897 2676 4962; x_wconf 89' lang='lat' dir='ltr'><strong>epistolam</strong></span> <span class='ocrx_word' id='word_1_840' title='bbox 2706 4892 2770 4945; x_wconf 81' lang='grc'><strong>10</strong></span> <span class='ocrx_word' id='word_1_841' title='bbox 2800 4893 2917 4946; x_wconf 90' lang='lat' dir='ltr'><strong>libri</strong></span> <span class='ocrx_word' id='word_1_842' title='bbox 2947 4908 3021 4946; x_wconf 75' lang='grc' dir='ltr'><strong>ιχ.</strong></span> <span class='ocrx_word' id='word_1_843' title='bbox 3048 4891 3301 4962; x_wconf 81' lang='lat' dir='ltr'><strong>sepuitus</strong></span> <span class='ocrx_word' id='word_1_844' title='bbox 3339 4902 3420 4944; x_wconf 90' lang='lat' dir='ltr'><strong>est</strong></span> <span class='ocrx_word' id='word_1_845' title='bbox 3446 4892 3497 4945; x_wconf 92' lang='lat' dir='ltr'><strong>in</strong></span> <span class='ocrx_word' id='word_1_846' title='bbox 3522 4893 3731 4962; x_wconf 67' lang='lat' dir='ltr'><strong>eccle-</strong></span> 
     </span>
    </p>
   </div>
   <div class='ocr_carea' id='block_1_112' title="bbox 2115 4960 3727 5032">
    <p class='ocr_par' dir='ltr' id='par_1_112' title="bbox 2115 4960 3727 5032">
     <span class='ocr_line' id='line_1_112' title="bbox 2115 4960 3727 5032; baseline -0.004 -12"><span class='ocrx_word' id='word_1_847' title='bbox 2115 4967 2193 5020; x_wconf 86' lang='lat' dir='ltr'><strong>sia</strong></span> <span class='ocrx_word' id='word_1_848' title='bbox 2206 4965 2261 5020; x_wconf 89' lang='lat' dir='ltr'><strong>S.</strong></span> <span class='ocrx_word' id='word_1_849' title='bbox 2280 4960 2612 5032; x_wconf 75' lang='lat' dir='ltr'><strong>Stepltaniex</strong></span> <span class='ocrx_word' id='word_1_850' title='bbox 2627 4964 2771 5019; x_wconf 87' lang='lat' dir='ltr'><strong>lib.t.</strong></span> <span class='ocrx_word' id='word_1_851' title='bbox 2793 4963 3078 5017; x_wconf 87' lang='lat' dir='ltr'><strong>Ecclesiar.</strong></span> <span class='ocrx_word' id='word_1_852' title='bbox 3097 4960 3449 5032; x_wconf 85' lang='lat' dir='ltr'><strong>Claromont.,</strong></span> <span class='ocrx_word' id='word_1_853' title='bbox 3469 4976 3593 5029; x_wconf 88' lang='lat' dir='ltr'><strong>cap.</strong></span> <span class='ocrx_word' id='word_1_854' title='bbox 3619 4961 3727 5030; x_wconf 75' lang='grc'><strong>15,</strong></span> 
     </span>
    </p>
   </div>
   <div class='ocr_carea' id='block_1_113' title="bbox 2106 5030 3731 5102">
    <p class='ocr_par' dir='ltr' id='par_1_113' title="bbox 2106 5030 3731 5102">
     <span class='ocr_line' id='line_1_113' title="bbox 2106 5030 3731 5102; baseline -0.002 -12"><span class='ocrx_word' id='word_1_855' title='bbox 2106 5036 2197 5090; x_wconf 89' lang='lat' dir='ltr'><strong>ubi</strong></span> <span class='ocrx_word' id='word_1_856' title='bbox 2248 5030 2453 5090; x_wconf 77' lang='lat' dir='ltr'><strong>sanctus</strong></span> <span class='ocrx_word' id='word_1_857' title='bbox 2480 5035 2693 5089; x_wconf 85' lang='lat' dir='ltr'><strong>dicitur.</strong></span> <span class='ocrx_word' id='word_1_858' title='bbox 2744 5033 3060 5089; x_wconf 80' lang='lat' dir='ltr'><strong>Celebratur</strong></span> <span class='ocrx_word' id='word_1_859' title='bbox 3095 5030 3149 5086; x_wconf 85' lang='lat' dir='ltr'><strong>in</strong></span> <span class='ocrx_word' id='word_1_860' title='bbox 3199 5032 3477 5102; x_wconf 83' lang='lat' dir='ltr'><strong>Martyrol.</strong></span> <span class='ocrx_word' id='word_1_861' title='bbox 3508 5032 3731 5088; x_wconf 84' lang='lat' dir='ltr'><strong>Gallic.</strong></span> 
     </span>
    </p>
   </div>
   <div class='ocr_carea' id='block_1_114' title="bbox 2106 5105 2735 5162">
    <p class='ocr_par' dir='ltr' id='par_1_114' title="bbox 2106 5105 2735 5162">
     <span class='ocr_line' id='line_1_114' title="bbox 2106 5105 2735 5162; baseline -0.005 0"><span class='ocrx_word' id='word_1_862' title='bbox 2106 5106 2357 5162; x_wconf 86' lang='lat' dir='ltr'><strong>Saussaii.</strong></span> <span class='ocrx_word' id='word_1_863' title='bbox 2382 5108 2467 5161; x_wconf 89' lang='lat' dir='ltr'><strong>die</strong></span> <span class='ocrx_word' id='word_1_864' title='bbox 2497 5108 2564 5160; x_wconf 74' lang='grc'><strong>14</strong></span> <span class='ocrx_word' id='word_1_865' title='bbox 2593 5105 2735 5161; x_wconf 84' lang='lat' dir='ltr'><strong>Maii.</strong></span> 
     </span>
    </p>
   </div>
   <div class='ocr_carea' id='block_1_115' title="bbox 2181 5195 3737 5263">
    <p class='ocr_par' dir='ltr' id='par_1_115' title="bbox 2181 5195 3737 5263">
     <span class='ocr_line' id='line_1_115' title="bbox 2181 5195 3737 5263; baseline 0.001 -12"><span class='ocrx_word' id='word_1_866' title='bbox 2181 5196 2203 5236; x_wconf 72' lang='grc' dir='ltr'><em>ί</em></span> <span class='ocrx_word' id='word_1_867' title='bbox 2257 5199 2365 5252; x_wconf 90' lang='lat' dir='ltr'><strong>lloc</strong></span> <span class='ocrx_word' id='word_1_868' title='bbox 2399 5206 2555 5263; x_wconf 89' lang='lat' dir='ltr'><strong>caput</strong></span> <span class='ocrx_word' id='word_1_869' title='bbox 2583 5196 2733 5251; x_wconf 88' lang='lat' dir='ltr'><strong>deest</strong></span> <span class='ocrx_word' id='word_1_870' title='bbox 2758 5197 2810 5248; x_wconf 89' lang='lat' dir='ltr'><strong>in</strong></span> <span class='ocrx_word' id='word_1_871' title='bbox 2844 5195 2977 5249; x_wconf 83' lang='lat' dir='ltr'><strong>Bell.</strong></span> <span class='ocrx_word' id='word_1_872' title='bbox 3011 5195 3064 5250; x_wconf 89' lang='lat' dir='ltr'><strong>lu</strong></span> <span class='ocrx_word' id='word_1_873' title='bbox 3099 5195 3270 5251; x_wconf 89' lang='lat' dir='ltr'><strong>tribus</strong></span> <span class='ocrx_word' id='word_1_874' title='bbox 3301 5209 3430 5251; x_wconf 83' lang='lat' dir='ltr'><strong>vero</strong></span> <span class='ocrx_word' id='word_1_875' title='bbox 3457 5196 3585 5251; x_wconf 91' lang='lat' dir='ltr'><strong>aliis</strong></span> <span class='ocrx_word' id='word_1_876' title='bbox 3611 5196 3737 5253; x_wconf 85' lang='lat' dir='ltr'><strong>ab-</strong></span> 
     </span>
    </p>
   </div>
   <div class='ocr_carea' id='block_1_116' title="bbox 2120 5266 3176 5337">
    <p class='ocr_par' dir='ltr' id='par_1_116' title="bbox 2120 5266 3176 5337">
     <span class='ocr_line' id='line_1_116' title="bbox 2120 5266 3176 5337; baseline -0.003 -13"><span class='ocrx_word' id='word_1_877' title='bbox 2120 5269 2514 5336; x_wconf 82' lang='lat' dir='ltr'><strong>soluteincipit,</strong></span> <span class='ocrx_word' id='word_1_878' title='bbox 2544 5267 2787 5337; x_wconf 77' lang='lat' dir='ltr'><strong>Tempore</strong></span> <span class='ocrx_word' id='word_1_879' title='bbox 2814 5266 3041 5331; x_wconf 76' lang='lat' dir='ltr'><strong>Sidonii,</strong></span> <span class='ocrx_word' id='word_1_880' title='bbox 3071 5279 3176 5321; x_wconf 90' lang='lat' dir='ltr'><strong>etc.</strong></span> 
     </span>
    </p>
   </div>
   <div class='ocr_carea' id='block_1_117' title="bbox 2116 5359 3739 5428">
    <p class='ocr_par' dir='ltr' id='par_1_117' title="bbox 2116 5359 3739 5428">
     <span class='ocr_line' id='line_1_117' title="bbox 2116 5359 3739 5428; baseline 0.005 -18"><span class='ocrx_word' id='word_1_881' title='bbox 2116 5390 2121 5397; x_wconf 62' lang='grc' dir='ltr'>ι</span> <span class='ocrx_word' id='word_1_882' title='bbox 2186 5372 2211 5410; x_wconf 84' lang='lat' dir='ltr'><strong>s</strong></span> <span class='ocrx_word' id='word_1_883' title='bbox 2240 5360 2516 5428; x_wconf 88' lang='lat' dir='ltr'><strong>Ecdicius,</strong></span> <span class='ocrx_word' id='word_1_884' title='bbox 2546 5375 2660 5426; x_wconf 89' lang='lat' dir='ltr'><strong>seu,</strong></span> <span class='ocrx_word' id='word_1_885' title='bbox 2695 5369 2752 5413; x_wconf 92' lang='lat' dir='ltr'><strong>ut</strong></span> <span class='ocrx_word' id='word_1_886' title='bbox 2777 5359 2865 5414; x_wconf 89' lang='lat' dir='ltr'><strong>alii</strong></span> <span class='ocrx_word' id='word_1_887' title='bbox 2892 5361 3130 5415; x_wconf 89' lang='lat' dir='ltr'><strong>scribttnt</strong></span> <span class='ocrx_word' id='word_1_888' title='bbox 3160 5402 3175 5423; x_wconf 90' lang='lat'><strong>,</strong></span> <span class='ocrx_word' id='word_1_889' title='bbox 3210 5361 3524 5427; x_wconf 79' lang='lat' dir='ltr'><strong>Hecdicius,</strong></span> <span class='ocrx_word' id='word_1_890' title='bbox 3561 5362 3739 5418; x_wconf 80' lang='lat' dir='ltr'><strong>ﬁlius</strong></span> 
     </span>
    </p>
   </div>
   <div class='ocr_carea' id='block_1_118' title="bbox 2106 5431 3741 5500">
    <p class='ocr_par' dir='ltr' id='par_1_118' title="bbox 2106 5431 3741 5500">
     <span class='ocr_line' id='line_1_118' title="bbox 2106 5431 3741 5500; baseline 0 -11"><span class='ocrx_word' id='word_1_891' title='bbox 2106 5434 2205 5489; x_wconf 89' lang='lat' dir='ltr'><strong>fuit</strong></span> <span class='ocrx_word' id='word_1_892' title='bbox 2252 5433 2396 5487; x_wconf 72' lang='lat' dir='ltr'><strong>Aviti</strong></span> <span class='ocrx_word' id='word_1_893' title='bbox 2452 5431 2794 5499; x_wconf 88' lang='lat' dir='ltr'><strong>imperatoris</strong></span> <span class='ocrx_word' id='word_1_894' title='bbox 2824 5471 2839 5496; x_wconf 92' lang='lat'><strong>,</strong></span> <span class='ocrx_word' id='word_1_895' title='bbox 2872 5442 2926 5484; x_wconf 89' lang='lat' dir='ltr'><strong>et</strong></span> <span class='ocrx_word' id='word_1_896' title='bbox 2956 5433 3120 5485; x_wconf 87' lang='lat' dir='ltr'><strong>frater</strong></span> <span class='ocrx_word' id='word_1_897' title='bbox 3172 5432 3480 5500; x_wconf 76' lang='lat' dir='ltr'><strong>Papianilla:</strong></span> <span class='ocrx_word' id='word_1_898' title='bbox 3517 5437 3741 5489; x_wconf 70' lang='lat' dir='ltr'><strong>uxoris</strong></span> 
     </span>
    </p>
   </div>
   <div class='ocr_carea' id='block_1_119' title="bbox 2107 5501 3733 5569">
    <p class='ocr_par' dir='ltr' id='par_1_119' title="bbox 2107 5501 3733 5569">
     <span class='ocr_line' id='line_1_119' title="bbox 2107 5501 3733 5569; baseline -0.002 -8"><span class='ocrx_word' id='word_1_899' title='bbox 2107 5504 2334 5566; x_wconf 87' lang='lat' dir='ltr'><strong>Sidonii,</strong></span> <span class='ocrx_word' id='word_1_900' title='bbox 2359 5504 2597 5569; x_wconf 89' lang='lat' dir='ltr'><strong>adqnem</strong></span> <span class='ocrx_word' id='word_1_901' title='bbox 2622 5511 2834 5556; x_wconf 85' lang='lat' dir='ltr'><strong>exstant</strong></span> <span class='ocrx_word' id='word_1_902' title='bbox 2863 5501 3102 5569; x_wconf 90' lang='lat' dir='ltr'><strong>ejusdem</strong></span> <span class='ocrx_word' id='word_1_903' title='bbox 3128 5501 3332 5557; x_wconf 91' lang='lat' dir='ltr'><strong>Sidonii</strong></span> <span class='ocrx_word' id='word_1_904' title='bbox 3360 5518 3583 5556; x_wconf 82' lang='lat' dir='ltr'><strong>carmen</strong></span> <span class='ocrx_word' id='word_1_905' title='bbox 3611 5504 3733 5568; x_wconf 72' lang='lat'><strong>20,</strong></span> 
     </span>
    </p>
   </div>
   <div class='ocr_carea' id='block_1_120' title="bbox 2105 5571 3738 5644">
    <p class='ocr_par' dir='ltr' id='par_1_120' title="bbox 2105 5571 3738 5644">
     <span class='ocr_line' id='line_1_120' title="bbox 2105 5571 3738 5644; baseline -0.001 -14"><span class='ocrx_word' id='word_1_906' title='bbox 2105 5574 2330 5644; x_wconf 89' lang='lat' dir='ltr'><strong>epistola</strong></span> <span class='ocrx_word' id='word_1_907' title='bbox 2368 5574 2390 5626; x_wconf 83' lang='lat' dir='ltr'><strong>l</strong></span> <span class='ocrx_word' id='word_1_908' title='bbox 2424 5572 2515 5627; x_wconf 90' lang='lat' dir='ltr'><strong>lib.</strong></span> <span class='ocrx_word' id='word_1_909' title='bbox 2547 5589 2585 5627; x_wconf 86' lang='lat' dir='ltr'><strong>tt</strong></span> <span class='ocrx_word' id='word_1_910' title='bbox 2609 5613 2622 5636; x_wconf 92' lang='lat'><strong>,</strong></span> <span class='ocrx_word' id='word_1_911' title='bbox 2650 5574 2703 5626; x_wconf 82' lang='lat' dir='ltr'><strong>et</strong></span> <span class='ocrx_word' id='word_1_912' title='bbox 2735 5575 2768 5627; x_wconf 78' lang='lat'><strong>5</strong></span> <span class='ocrx_word' id='word_1_913' title='bbox 2816 5571 2935 5625; x_wconf 87' lang='lat' dir='ltr'><strong>libri</strong></span> <span class='ocrx_word' id='word_1_914' title='bbox 2984 5587 3065 5626; x_wconf 88' lang='lat' dir='ltr'><strong>tu.</strong></span> <span class='ocrx_word' id='word_1_915' title='bbox 3099 5572 3292 5627; x_wconf 86' lang='lat' dir='ltr'><strong>Factus</strong></span> <span class='ocrx_word' id='word_1_916' title='bbox 3320 5582 3402 5627; x_wconf 83' lang='lat' dir='ltr'><strong>est</strong></span> <span class='ocrx_word' id='word_1_917' title='bbox 3435 5571 3738 5633; x_wconf 76' lang='lat' dir='ltr'><strong>Patricius</strong></span> 
     </span>
    </p>
   </div>
   <div class='ocr_carea' id='block_1_121' title="bbox 2108 5643 3407 5712">
    <p class='ocr_par' dir='ltr' id='par_1_121' title="bbox 2108 5643 3407 5712">
     <span class='ocr_line' id='line_1_121' title="bbox 2108 5643 3407 5712; baseline -0.002 -12"><span class='ocrx_word' id='word_1_918' title='bbox 2108 5643 2301 5700; x_wconf 80' lang='lat' dir='ltr'><strong>aJuIio</strong></span> <span class='ocrx_word' id='word_1_919' title='bbox 2326 5644 2525 5712; x_wconf 80' lang='lat' dir='ltr'><strong>Nepote</strong></span> <span class='ocrx_word' id='word_1_920' title='bbox 2561 5648 2796 5712; x_wconf 79' lang='lat' dir='ltr'><strong>Augusto</strong></span> <span class='ocrx_word' id='word_1_921' title='bbox 2824 5657 2888 5697; x_wconf 83' lang='lat' dir='ltr'><strong>ex</strong></span> <span class='ocrx_word' id='word_1_922' title='bbox 2919 5645 3077 5711; x_wconf 90' lang='lat' dir='ltr'><strong>epist.</strong></span> <span class='ocrx_word' id='word_1_923' title='bbox 3118 5645 3183 5697; x_wconf 81' lang='lat' dir='ltr'><strong>t6</strong></span> <span class='ocrx_word' id='word_1_924' title='bbox 3214 5643 3307 5699; x_wconf 88' lang='lat' dir='ltr'><strong>lib.</strong></span> <span class='ocrx_word' id='word_1_925' title='bbox 3353 5658 3407 5698; x_wconf 90' lang='lat' dir='ltr'><strong>v.</strong></span> 
     </span>
    </p>
   </div>
   <div class='ocr_carea' id='block_1_122' title="bbox 2181 5713 3304 5785">
    <p class='ocr_par' dir='ltr' id='par_1_122' title="bbox 2181 5713 3304 5785">
     <span class='ocr_line' id='line_1_122' title="bbox 2181 5713 3304 5785; baseline -0.003 -13"><span class='ocrx_word' id='word_1_926' title='bbox 2181 5713 2210 5755; x_wconf 65' lang='grc'><strong><em>³</em></strong></span> <span class='ocrx_word' id='word_1_927' title='bbox 2241 5715 2384 5771; x_wconf 87' lang='lat' dir='ltr'><strong>Editi</strong></span> <span class='ocrx_word' id='word_1_928' title='bbox 2414 5714 2654 5785; x_wconf 88' lang='lat' dir='ltr'><strong>plerique</strong></span> <span class='ocrx_word' id='word_1_929' title='bbox 2680 5729 2801 5769; x_wconf 87' lang='lat' dir='ltr'><strong>cum</strong></span> <span class='ocrx_word' id='word_1_930' title='bbox 2836 5716 2980 5779; x_wconf 70' lang='lat' dir='ltr'><strong>llec.,</strong></span> <span class='ocrx_word' id='word_1_931' title='bbox 3012 5715 3081 5767; x_wconf 83' lang='lat' dir='ltr'><strong>ad</strong></span> <span class='ocrx_word' id='word_1_932' title='bbox 3106 5714 3304 5769; x_wconf 75' lang='lat' dir='ltr'><strong>domos.</strong></span> 
     </span>
    </p>
   </div>
  </div>
