4006 6182
317 357 408 411 92‘!

1246 350 1556 405 HISTORIA
1602 349 2050 406 FHANCOHUM.
2095 350 2299 407 LIBER
2340 349 2714 404 SECUNDUS.

3459 347 3565 401 2'2?

314 485 367 527 ut
398 470 549 524 multi
597 470 746 521 aiunt
766 508 779 528 .
823 465 1054 532 amplius
1101 479 1257 533 quam
1288 475 1513 534 quatuor
1543 465 1706 518 millia
1765 478 1887 531 pro-
1915 471 1961 527 Α
1991 477 2129 517 unus
2169 477 2232 518 ex
2264 462 2601 517 senatoribus
2625 505 2639 529 ,
2684 462 3001 529 subrogatus
3030 469 3129 515 cst.
3157 459 3263 515 Sed
3304 474 3332 513 a
3363 460 3572 515 Goubis

313 563 497 619 miscui
530 575 716 616 sexus.
768 556 1099 612 Adveniente
1127 567 1301 610 autem
1334 556 1609 623 ubertate,
1646 555 1890 608 ordinata

314 658 505 710 iterum
562 650 872 712 evectiOue,
933 662 1365 716 unumquemque
1408 647 1458 699 in
1508 646 1683 699 locum
1737 660 1892 699 suum

314 745 569 801 restituit.
598 744 724 797 Post
745 756 969 811 quorum
999 741 1294 794 discessum
1315 780 1331 805 ,
1363 753 1462 791 vox
1494 738 1559 792 ad
1584 755 1703 793 cum
1730 754 1761 791 e
1783 753 1894 792 cm-

314 842 375 894 lis
400 840 549 905 lapsa
604 835 870 908 pervenit,
910 834 1095 889 dicens
1128 850 1140 885 :
1172 832 1373 897 Ecdici,
1410 831 1612 898 Ecdici,
1640 832 1763 902 quia
1819 831 1896 887 fe-

309 933 426 987 cisti
458 946 576 986 rem
609 932 768 996 hanc,
793 929 883 983 tibi
915 941 967 983 et
1010 927 1204 982 semini
1235 935 1324 979 tuo
1371 927 1521 995 panis
1567 943 1672 981 non
1723 928 1897 982 deerit

312 1024 361 1078 in
392 1023 778 1091 sempiternum
816 1037 830 1072 :
864 1034 929 1074 eo
972 1019 1111 1088 quod
1151 1017 1419 1072 obedieris
1465 1015 1640 1073 verbis
1681 1019 1814 1073 meis
1844 1026 1898 1073 et

310 1113 507 1168 famem
533 1128 705 1166 meum
737 1110 1029 1164 refectione
1062 1124 1349 1177 pauperum
1387 1109 1680 1163 satiaveris.
1725 1109 1894 1175 Quem

314 1205 590 1260 Ecdicium
648 1203 794 1257 mirae
828 1200 1119 1256 velocitatis
1168 1200 1330 1255 fuisse
1375 1201 1482 1271 77
1532 1203 1681 1255 multi
1739 1216 1892 1254 com-

315 1304 621 1351 memorant
652 1311 668 1350 :
695 1310 813 1348 nam
842 1294 1068 1363 quadam
1106 1295 1221 1348 vice
1247 1293 1643 1348 multitudinem
1672 1293 1896 1349 Gottho-

317 1405 430 1443 rum
463 1402 588 1441 cum
622 1387 806 1441 decem
839 1387 965 1438 viris
1001 1386 1208 1455 fugasse
1248 1385 1596 1453 perscribitur
1637 1394 1685 1440 α.
1718 1386 1821 1440 Sed
1846 1395 1899 1439 et

316 1490 535 1534 sanctus
568 1479 783 1533 Patiens
840 1478 1205 1546 Lugdunen~is
1234 1474 1514 1545 episcopus
1552 1477 1726 1530 simile
1774 1476 1900 1530 huic

314 1576 367 1628 in
413 1575 527 1642 ipsa
573 1573 712 1625 fame
743 1569 951 1641 populis
997 1571 1308 1638 prtcstitisse
1356 1570 1669 1638 perhibetur
1698 1568 1899 1623 beneﬁ-

317 1667 478 1719 cium.
514 1663 705 1717 Exstat
749 1658 942 1715 exinde
974 1662 1129 1714 hodie
1186 1660 1324 1729 apud
1379 1676 1475 1715 nos
1523 1661 1661 1715 beati
1694 1661 1899 1716 Sidonii

315 1757 544 1821 epismla
572 1754 624 1819 ι’,
654 1753 705 1806 in
736 1768 836 1821 qua
860 1767 979 1805 eum
1011 1752 1386 1804 declamatorie
1412 1750 1751 1803 collaudavit.

1994 562 2271 621 suspectus
2301 552 2540 617 habitus,
2590 555 2929 622 episc0patus
2974 554 3051 604 sui
3085 567 3226 606 anno
3254 554 3479 621 septimo
3524 552 3576 605 iu

1998 644 2280 710 Hispanias
2313 656 2393 697 est
2422 646 2573 713 quasi
2607 645 2843 713 captivus
2873 644 3167 707 abductus;
3198 645 3289 698 sed
3339 645 3577 711 protinus

1997 735 2155 788 vitam
2189 735 2377 789 Iluivit.
2406 735 2458 789 In
2503 734 2655 803 cujus
2696 736 2811 787 loco
2862 734 3027 786 Verus
3060 732 3077 770 τ
3111 732 3426 797 succedens,
3455 748 3577 800 sep-

1994 827 2157 879 timus
2172 839 2289 894 posr
2309 827 2519 880 beatum
2548 826 2823 878 Martinum
2843 826 2951 895 78
2971 825 3247 879 ordinatur
3268 826 3573 895 episcopus.

2068 939 2278 994 XXVII.
2323 940 2414 993 His
2444 949 2466 987 ε
2510 940 2578 992 ita
2612 939 2813 1009 gestis,
2867 948 3076 992 mortuo
3109 937 3431 1015 Ghildetico,
3492 951 3576 989 re-

1996 1032 2179 1099 gnavit
2228 1028 2635 1083 Chlodovechus
2665 1070 2681 1096 ,
2716 1030 2852 1081 lilius
2901 1027 3056 1096 ejus,
3138 1043 3230 1095 pro
3282 1044 3368 1081 eo.
3425 1030 3578 1079 Anno

1997 1134 2173 1177 autem
2231 1123 2417 1190 quinto
2467 1124 2615 1189 regni
2676 1121 2837 1189 ejus,
2905 1119 3158 1189 Syagrius
3217 1119 3575 1171 Romanorum

2000 1230 2092 1267 rex
2129 1254 2144 1275 ,
2201 1213 2400 1282 Aigidii
2457 1214 2637 1279 ﬁlius,
2689 1214 2754 1267 ad
2810 1213 3082 1265 civitatem
3142 1212 3457 1265 Suussionas
3498 1210 3565 1274 ιι,

2000 1321 2156 1374 quam
2187 1306 2456 1374 quoudam
2488 1319 2645 1372 supra
2689 1314 3015 1358 memoratus
3043 1303 3283 1371 [Egidius
3309 1315 3570 1365 tenuerat,

2001 1397 2182 1449 sedem
2212 1395 2457 1448 habebat.
2507 1395 2679 1463 Super
2707 1409 2860 1463 quem
2889 1394 3295 1448 Chlodovechus
3317 1409 3437 1445 eum
3468 1392 3576 1445 Ra-

2000 1485 2288 1554 gnachario
2319 1483 2332 1521 ί
2364 1496 2581 1553 parente
2602 1499 2719 1546 suo,
2745 1484 2863 1553 quia
2882 1493 2934 1537 et
2956 1486 3067 1552 ipse
3091 1498 3309 1552 regnum
3338 1482 3574 1542 tenebat,

2004 1578 2245 1640 veniens,
2276 1592 2522 1643 campum
2550 1591 2736 1644 pugnae
2763 1576 3048 1644 prteparati
3071 1575 3330 1644 deposcit.
3358 1575 3459 1627 Sed
3484 1589 3582 1626 nec

2002 1667 2103 1721 iste
2149 1668 2374 1732 distulit,
2435 1682 2495 1721 ac
2550 1668 2802 1722 resistere
2849 1670 3055 1721 metuit.
3106 1668 3283 1733 Itaque
3338 1667 3474 1719 inter
3524 1682 3583 1718 se

2004 1759 2244 1830 utrisque
2269 1758 2643 1828 pugnantibus,
2677 1759 2928 1828 Syagrius
2955 1760 3141 1811 elisum
3172 1772 3395 1811 cernens
3425 1748 3581 1809 exer-

386 1848 559 1904 XXV.
584 1847 748 1915 Hujus
781 1855 1018 1913 tempore
1043 1856 1095 1898 et
1139 1845 1330 1898 Evarix
1360 1856 1382 1883 ι
1414 1861 1505 1899 rex
1538 1844 1852 1899 Gotthorum
1880 1885 1895 1910 ,
1932 1860 1976 1918 Β
2004 1850 2187 1917 citum,
2222 1860 2363 1917 terga
2408 1850 2587 1915 vertit,
2622 1858 2675 1903 et
2702 1848 2767 1901 ad
2799 1848 3069 1902 Alaricutu
3098 1862 3302 1917 regem,
3333 1847 3581 1899 Tolosam

317 1945 587 1996 excedens
638 1939 928 2006 Hispanum
962 1936 1180 1990 limitem
1221 1977 1234 1999 ,
1265 1951 1483 2006 gravem
1510 1936 1562 1990 in
1613 1936 1796 1989 Galliis
1822 1951 1902 1987 su-

320 2047 413 2098 per
466 2030 802 2084 Christiauos
861 2028 1035 2080 intulit
1096 2029 1543 2095 perseeutionem.
1602 2026 1905 2080 Trunrabat

320 2126 517 2196 passim
552 2122 887 2195 perversitati
919 2139 1027 2176 sua:
1059 2137 1160 2176 non
1191 2122 1587 2176 consentientes
1608 2163 1623 2187 ,
1678 2119 1903 2174 clericos

318 2216 629 2273 carceribus
674 2215 950 2283 subigebat
999 2231 1012 2265 :
1060 2212 1366 2268 sacerdotes
1405 2228 1552 2280 vero,
1584 2211 1717 2265 alios
1745 2212 1905 2264 dabat

319 2309 537 2374 exsilio,
582 2307 717 2361 alios
745 2305 923 2375 gladio
963 2305 1279 2360 trucidabat.
1313 2305 1441 2359 Nam
1473 2314 1528 2358 et
1550 2305 1693 2373 ipsos
1722 2318 1905 2358 sacro-

320 2418 432 2457 rum
458 2400 782 2467 templorum
814 2398 989 2451 aditus
1012 2398 1178 2465 spinis
1205 2397 1434 2466 jusserat
1469 2396 1732 2460 obserari,
1762 2396 1906 2450 scili-

318 2503 399 2547 cet
432 2503 492 2547 ut
532 2491 727 2545 raritas
770 2488 1463 2559 ingrediendi’oblivionem
1505 2486 1709 2542 faceret
1758 2487 1900 2541 ﬁdei.

319 2586 547 2639 Maxime
588 2594 713 2638 tunc
755 2582 1236 2651 Novempopulance
1263 2623 1277 2645 ,
1317 2581 1649 2651 geminaeque
1683 2581 1903 2639 Germa-

318 2674 479 2733 nia:d
530 2676 709 2739 urbes,
742 2675 808 2730 ab
860 2674 959 2727 hac
1008 2681 1324 2741 tempestate
1369 2672 1701 2739 depopulatae
1757 2679 1900 2725 sunt.

321 2767 789 2836 Exstathodieque
821 2775 872 2819 ct
904 2780 998 2833 pro
1036 2764 1134 2818 hac
1150 2777 1309 2817 causa
1332 2763 1396 2816 ad
1428 2763 1674 2816 Basilinm
1698 2763 1907 2832 episco-

322 2878 441 2932 pum
474 2859 673 2915 nobilis
708 2859 913 2914 Sidonii
964 2858 1128 2927 ipsius
1158 2858 1380 2927 epistola
1402 2897 1417 2922 ,
1444 2872 1561 2926 qnte
1589 2857 1703 2911 haec
1724 2857 1792 2910 ita
1822 2856 1905 2911 lo-

324 2956 521 3025 quitur.
568 2952 673 3006 Sed
741 2959 1051 3020 persecutor
1081 2963 1186 3002 non
1208 2950 1342 3017 'post
1398 2948 1621 3003 multum
1670 2957 1903 3019 tempus,

324 3046 520 3111 ultione
548 3043 729 3095 divina
770 3054 1050 3109 percussus
1077 3039 1296 3092 interiit.

395 3133 584 3190 XXVI.
610 3133 737 3187 Post
765 3131 879 3185 tunc
907 3138 930 3166 ο
955 3132 1139 3184 beatus
1185 3129 1478 3196 Perpetuus
1516 3130 1796 3185 Tui-unicae
1827 3131 1904 3186 ci-

2006 1958 2163 1998 cursu
2195 1943 2363 1998 veloci
2398 1944 2705 2012 perlabitur.
2738 1944 3149 1997 Chlodovcchus
3176 1953 3301 1998 Vero
3323 1943 3384 1995 ad
3412 1944 3582 1996 Alari-

2006 2048 2124 2086 cum
2156 2033 2336 2097 mittit,
2370 2044 2425 2086 ut
2448 2048 2569 2086 eum
2612 2034 2859 2087 redderet
2906 2053 2919 2087 :
2970 2035 3201 2101 alioquin
3247 2034 3452 2085 noverit
3483 2033 3582 2085 sibi

2006 2124 2197 2178 bellum
2227 2125 2296 2178 ob
2322 2124 2437 2193 ejus
2468 2125 2816 2179 retentimtem
2852 2125 3054 2178 inferri.
3092 2129 3160 2178 At
3189 2125 3279 2178 iile
3319 2134 3581 2189 metuens,

2006 2230 2073 2268 ne
2100 2226 2315 2284 propter
2339 2230 2459 2267 eum
2486 2215 2614 2266 iram
2649 2214 2973 2267 Francorum
3006 2215 3333 2279 incurreret,
3372 2225 3425 2267 ut
3454 2215 3583 2268 Got-

2006 2307 2216 2360 thorum
2254 2320 2445 2374 pavere
2476 2320 2591 2359 mos
2618 2315 2699 2361 est
2739 2310 2752 2355 l
2781 2347 2796 2371 ,
2828 2307 3060 2360 vinctum
3114 2307 3299 2376 legatis
3343 2308 3579 2361 tradidit.

2010 2398 2180 2464 Quem
2228 2395 2640 2451 Chlodovechus
2670 2407 2941 2465 receptum
2995 2399 3250 2451 CUlediﬂ}
3298 2397 3584 2465 mancipari

2007 2489 2262 2562 praecepit
2294 2508 2305 2541 :
2338 2504 2610 2560 regnoque
2657 2490 2773 2559 ejus
2804 2500 3042 2557 accepto,
3092 2506 3215 2542 eum
3245 2492 3418 2559 gladio
3447 2495 3580 2544 clam

2009 2586 2155 2642 feriri
2187 2584 2474 2638 mandavit.
2525 2583 2602 2638 Eo
2635 2593 2873 2653 tempore
2907 2584 3082 2637 multa:
3115 2584 3355 2637 ecclesite
3383 2599 3409 2635 a
3432 2583 3587 2637 Citio-

2007 2675 2231 2730 tlovechi
2288 2676 2531 2730 exercitu
2582 2674 2900 2744 deprazdata:
2949 2686 3105 2738 sunt,
3162 2675 3282 2743 quia
3333 2685 3449 2730 erat
3501 2676 3586 2729 ilbi

2008 2770 2182 2822 adhuc
2214 2766 2457 2820 fanaticis
2479 2767 2751 2821 erroribus
2776 2767 3060 2820 involutus.
3085 2767 3244 2835 Igitur
3270 2767 3335 2821 de
3356 2767 3583 2837 quadam

2011 2860 2233 2914 ecclesia
2260 2872 2476 2913 urceum
2510 2857 2662 2912 mira:
2714 2858 3090 2927 magnitudinis
3132 2875 3194 2912 ac
3245 2858 3585 2927 pulchritudi-

2010 2954 2095 3005 n's
2156 2952 2334 3004 hostes
2387 2950 2750 3017 abstulerant,
2806 2966 2926 3004 cum
2972 2950 3190 3017 reliquis
3236 2950 3585 3003 ecclesiastici

2010 3044 2288 3097 ministerii
2319 3043 2673 3097 ornamentis.
2725 3042 3021 3113 Episcopus
3074 3040 3099 3077 ι
3139 3053 3313 3095 autem
3349 3040 3587 3095 ecclesiat

2010 3134 2154 3188 illius
2176 3134 2368 3187 missos
2395 3133 2460 3187 ad
2488 3149 2664 3203 regem
2706 3134 2907 3203 dirigit,
2941 3148 3167 3201 poscens
3199 3144 3254 3186 ut
3282 3133 3324 3186 si
3351 3133 3495 3187 aliud
3523 3136 3589 3188 de

326 3228 500 3279 vitatis
551 3227 831 3294 episcopus
853 3265 869 3289 ,
923 3221 1155 3291 impletis
1213 3221 1425 3291 triginta
1479 3221 1530 3275 in
1590 3225 1898 3292 episcopatu
2005 3226 2173 3279 sacris
2202 3225 2343 3279 vasis
2393 3227 2635 3293 recipere
2668 3239 2776 3279 non
2810 3234 3134 3287 mereri-tur,
3166 3226 3354 3278 saltem
3392 3226 3471 3278 vel
3497 3241 3587 3278 ur-

328 3318 497 3382 annis,
546 3317 598 3370 in
652 3330 779 3384 pace
809 3314 1057 3383 quievit:
1110 3314 1161 3367 in
1192 3316 1343 3381 cujus
1383 3313 1501 3369 loco
1563 3314 1906 3382 Volusianus,

397 3437 420 3464 ⁸
443 3427 499 3481 Id
536 3436 716 3479 narrat
750 3426 1002 3479 Sidonius
1029 3426 1187 3488 epist.
1213 3426 1245 3480 5
1277 3424 1394 3478 libri
1424 3441 1510 3490 ιιι,
1544 3425 1627 3481 ubi
1659 3429 1741 3482 vix
1774 3430 1906 3484 duo-

328 3499 566 3567 deviginti
599 3497 788 3563 equites
816 3512 934 3549 cum
959 3495 1172 3549 Ecdicio
1198 3497 1359 3550 fuisse
1396 3497 1661 3550 dicuntur.

396 3568 422 3608 δ
458 3569 530 3622 Ea
558 3576 642 3621 est
688 3567 1003 3620 duodecima
1048 3567 1163 3619 libri
1216 3581 1289 3619 v1.
1326 3568 1582 3620 linmdetn
1629 3568 1805 3620 laudat
1836 3570 1904 3624 ob

328 3642 605 3694 ecclesiam
661 3637 901 3707 Lugduni
955 3646 1310 3691 constructam
1365 3638 1455 3693 lih.
1507 3653 1565 3700 Il,
1609 3639 1764 3705 epist.
1816 3640 1901 3695 It).

332 3712 491 3773 Ipsius
518 3721 646 3761 vero
672 3708 926 3761 memoria
978 3708 1026 3759 iu
1056 3708 1201 3761 lastis
1247 3708 1626 3762 ecclesiasticis
1649 3712 1904 3765 recolitur

330 3782 479 3835 tertio
505 3779 624 3831 idus
656 3776 1005 3842 Septembris.
1444 3776 1445 3779 V

398 3861 420 3888 ο
454 3851 502 3903 Is
553 3850 666 3915 ipse
695 3862 850 3913 supra
879 3863 998 3915 cap.
1048 3846 1119 3899 20
1162 3848 1459 3915 appellatur
1508 3848 1776 3914 Eorichus,
1810 3864 1903 3905 seu

330 3919 611 3974 Eurichus.
666 3918 718 3970 In
752 3927 979 3984 capitum
1013 3918 1279 3983 iudicibus,
1300 3957 1314 3980 ,
1345 3922 1504 3971 etiam
1557 3923 1903 3975 vetustiorum

330 3988 805 4060 codtcnm_legitnr
838 3990 901 4041 de
947 3988 1087 4042 Euva
1128 4004 1263 4058 rege.
1312 3986 1574 4042 Cancrum
1609 3989 1707 4045 hoc
1748 4002 1906 4060 caput

330 4063 475 4115 deest
499 4062 552 4113 in
588 4058 789 4112 Bellov.

398 4130 422 4167 ἀ
481 4128 786 4197 Legendum
840 4128 976 4181 haud
1021 4128 1180 4186 dubie
1235 4131 1539 4201 Aquitanica.
1590 4129 1704 4184 Non
1761 4132 1902 4186 enim

331 4201 626 4255 Evariebus
677 4202 1093 4269 persecutiotiem
1144 4204 1192 4254 in
1242 4202 1527 4256 Germania
1569 4203 1753 4265 movit,
1782 4218 1904 4257 cum

328 4273 651 4334 econtrario,
696 4270 922 4324 maxime
952 4271 1260 4326 elTerhuerit
1298 4273 1349 4325 in
1396 4272 1903 4338 NtivetnjiOpulaiii-aa,

328 4360 389 4397 ac
414 4344 465 4396 in
492 4351 719 4409 utraque
748 4341 1053 4409 Aquitania,
1075 4353 1129 4395 ut
1159 4353 1298 4409 patet
1326 4359 1390 4397 ex
1415 4343 1523 4409 ipsa
1557 4342 1756 4396 Sidonii
1786 4360 1904 4407 ep.-

331 4414 461 4467 stola
492 4412 561 4466 ad
594 4411 846 4465 Basiliam
878 4412 1207 4479 episcopum,
1265 4428 1421 4481 quam
1455 4414 1587 4465 intra
1615 4415 1903 4480 Gregorius

333 4486 545 4545 laudat;
573 4490 761 4551 estque
811 4482 844 4532 6
878 4482 995 4535 libri
1026 4496 1115 4535 vn.
1154 4484 1223 4537 lbi
1274 4484 1412 4537 enim
1448 4494 1791 4536 receuSrntnr
1820 4501 1907 4536 ur-

332 4558 423 4609 bt-s
446 4570 513 4608 ex
545 4554 627 4605 his
654 4554 820 4605 trihus
850 4554 1153 4617 provinciis,
1184 4558 1233 4606 in
1257 4555 1450 4619 quibus
1481 4556 1780 4620 persecutio
1805 4570 1902 4607 ste—

332 4627 423 4678 viit
449 4643 462 4677 :
488 4624 696 4678 scilicet
719 4621 893 4688 Elusa,
928 4625 1201 4688 Ausciuin,
1236 4624 1425 4676 Vasite
1477 4632 1528 4675 et
1559 4623 1823 4676 Convenae
1855 4626 1903 4677 in

335 4693 821 4763 NovempOpulama
859 4710 887 4763 :7
922 4693 1148 4745 Hutheni
1173 4736 1185 4756 ,
1218 4694 1518 4747 Lemovicte
1554 4704 1606 4747 et
1636 4693 1815 4747 Gabah
1857 4695 1907 4747 in

336 4761 615 4835 Aquitania
647 4764 837 4835 prima;
869 4761 1159 4832 Burdegala
1192 4764 1565 4835 et_Petrocoiii
1600 4767 1651 4816 in
1675 4764 1905 4819 secunda
1933 4818 1936 4823 ,

335 4833 639 4904 Aquitania.
674 4834 785 4904 Nan
819 4844 990 4887 tamen
1021 4842 1215 4887 textum
1249 4833 1487 4903 Gregorii
1526 4843 1731 4887 mutare
1763 4835 1909 4887 Iit-uit

335 4902 533 4976 alisque
554 4902 781 4972 alicujus
809 4905 1005 4960 codicis
1051 4902 1380 4976 auctoritate.
1421 4906 1481 4958 Et
1515 4906 1726 4971 quidem
1751 4904 1906 4959 Vale-

333 4975 772 5034 sius'Germania:
798 4991 989 5028 nomen
1017 4992 1042 5025 a
1068 4975 1323 5044 Gregorio
1349 4975 1529 5028 datum
1550 4976 1711 5030 fuisse
1742 4976 1905 5041 Aqui-

335 5052 488 5109 tania.-
518 5054 701 5115 pmat,
755 5044 894 5114 quod
929 5044 997 5097 ibi
1028 5059 1273 5115 regnaret
1303 5046 1543 5109 Enr-iens,
1577 5060 1731 5113 quem
1763 5045 1851 5097 hic
1874 5063 1902 5098 a

333 5114 616 5172 Germania
646 5116 925 5169 oriundum
970 5114 1330 5169 existimabat.
1363 5116 1477 5180 Quo
1521 5129 1671 5181 pacto
1699 5125 1750 5167 et
1779 5115 1912 5179 Lug-

334 5187 589 5243 dunensis
622 5184 903 5239 Germania
935 5185 1128 5238 dicitur
1158 5202 1183 5237 tt
1214 5187 1431 5239 Sidonio
1457 5188 1547 5239 Iih.
1576 5202 1625 5247 v,
1660 5186 1816 5249 epiSt.
1853 5187 1907 5239 7.

333 5257 497 5312 Janus
519 5274 549 5310 a
576 5257 731 5310 Costa
767 5257 817 5307 in
844 5257 934 5308 lib.
970 5271 1002 5307 ιι
1028 5255 1380 5309 Decretalium
1410 5255 1647 5323 Gregorii
1667 5255 1731 5307 ΙΧ
1757 5257 1837 5309 tit.
1868 5272 1905 5315 ι,

337 5328 416 5381 hic
446 5328 727 5396 legendum
758 5341 876 5379 esse
923 5336 1125 5386 censet.
1168 5328 1477 5394 gemina:un
1501 5342 1772 5396 germanae.
1803 5327 1906 5378 Ge-

335 5394 519 5451 miuani
549 5397 705 5455 enim.
730 5396 801 5449 uti
824 5396 1182 5461 prosequitur,
1202 5407 1247 5448 et
1274 5396 1537 5462 Duplicem
1558 5394 1902 5463 Aquitaniam,

334 5473 547 5535 primam
578 5480 624 5519 et
648 5466 921 5518 secundum
948 5509 962 5532 ,
986 5468 1237 5535 eleganter
1266 5478 1405 5519 vocat
1431 5483 1720 5535 germanam
1752 5478 1795 5519 et
1819 5483 1906 5519 so.-

331 5556 491 5592 rorem
525 5538 1017 5601 Novempopulanim
1037 5580 1049 5601 ,
1078 5537 1129 5589 id
1157 5547 1230 5592 est
1260 5537 1543 5604 Aquitania:
1563 5538 1740 5599 tertiw,
1761 5537 1909 5601 quasti

334 5610 602 5673 praiinciw
633 5608 807 5658 divisa:
848 5607 898 5657 in
920 5607 1079 5668 duas,
1127 5618 1222 5665 tres
1262 5608 1339 5663 vel
1386 5606 1553 5669 plures
1579 5609 1677 5659 sint
1703 5608 1797 5659 sibi
1826 5609 1905 5659 in-

332 5682 484 5731 vicem
517 5693 714 5729 sorores
738 5692 799 5728 ea;
828 5677 922 5727 hac
946 5677 1189 5728 divisione
1218 5679 1565 5744 ;habeantque
1594 5694 1904 5729 communem

331 5752 546 5795 matrem
571 5746 743 5807 urbem
778 5746 1019 5807 Romam,
1051 5748 1247 5812 imperii
1296 5758 1468 5811 caput,
1520 5768 1546 5797 (ι
1572 5765 1669 5811 qna
1712 5748 1903 5803 sciltret

331 5816 608 5879 provincia:
657 5814 900 5870 institqu
920 5826 964 5869 et
1012 5816 1163 5870 veluti
1205 5828 1381 5881 parta).
1432 5820 1677 5877 Sicani!
1712 5818 1900 5870 Tertul-

2007 3333 2160 3373 ceum
2190 3318 2413 3372 ecclesia
2444 3331 2538 3371 sua
2584 3317 2867 3387 reciperet.
2903 3317 3026 3370 llaec
3068 3316 3289 3370 audiens
3312 3324 3447 3378 rex,
3479 3316 3588 3386 79

2006 3432 2201 3486 (ianum
2230 3431 2279 3483 in
2331 3428 2462 3483 libro
2482 3433 2544 3483 de
2593 3427 2761 3482 Pallio
2794 3427 2942 3484 Utica
2991 3427 3187 3480 colonia
3242 3426 3587 3493 Romanorum

2008 3504 2194 3555 dicitur
2231 3517 2377 3553 soror
2424 3500 2765 3569 Carthaginis.
2824 3500 2945 3553 Haec
2990 3498 3094 3561 ille,
3126 3498 3275 3561 cujus
3322 3502 3587 3551 sententia

2006 3587 2070 3627 ex
2101 3574 2449 3626 Testamento
2480 3572 2539 3625 S.
2587 3570 2810 3637 Remigii
2867 3570 3092 3635 aliisque
3124 3568 3355 3635 antiquis
3397 3582 3585 3621 monu-

2008 3644 2201 3696 mentis
2228 3642 2535 3695 coulirmari
2590 3650 2766 3709 potest
2792 3680 2807 3703 ,
2839 3641 2890 3694 in
2936 3641 3128 3708 quibus
3160 3638 3409 3692 Ecclesia)
3441 3638 3583 3709 Rhe-

2007 3712 2206 3765 mensis
2235 3726 2298 3765 ac
2345 3711 2682 3765 Trevir-ensis
2708 3727 2906 3764 sorores
2946 3709 3276 3776 appellantur
3305 3752 3318 3774 ,
3346 3723 3412 3761 eo
3443 3708 3582 3775 quod

2009 3793 2234 3850 utraque
2257 3782 2308 3834 iu
2343 3781 2552 3849 Belgica
2582 3782 2890 3848 metropolis
2917 3791 3058 3834 esset
3082 3788 3136 3833 et
3164 3795 3273 3831 sua:
3299 3780 3586 3842 provincias

2005 3864 2182 3919 caput.
2217 3850 2380 3905 Favet
2403 3854 2561 3904 etiam
2610 3852 2777 3905 codex
2827 3867 2927 3904 ms.
2962 3849 3367 3919 Hegiicmontis,
3401 3850 3451 3901 in
3484 3865 3589 3919 quo

2009 3923 2221 3992 legitur,
2254 3922 2561 3990 geminatque
2584 3936 2895 3992 germanw._
2970 3991 2976 3992 γ
3130 3989 3158 3992 _
3207 3990 3236 3992 η
3304 3970 3309 3973 -

2077 3987 2099 4029 δ
2136 3987 2415 4059 Ηυοέθρυι
2437 3987 2659 4044 «Ιθεεῐίη
2684 3990 3022 4045 codd.Corh.
3054 3999 3104 4042 et
3130 3989 3332 4051 Bellov.
3362 3989 3413 4042 In
3431 3987 3582 4043 Colb.

2007 4071 2183 4116 autem
2238 4062 2336 4113 alia
2368 4075 2544 4113 manu
2570 4102 2582 4123 .
2617 4063 2755 4115 licct-
2793 4062 3038 4127 antiqua,
3095 4061 3331 4113 additum
3363 4071 3463 4113 est.
3518 4061 3591 4112 De

2009 4132 2310 4254 Ρεὲιίειυο,
2367 4130 2657 4186 Volusiano
2712 4141 2766 4185 et
2822 4131 2959 4186 Vero
3010 4131 3130 4185 vide
3178 4132 3317 4183 inl’ra
3368 4131 3461 4183 lib.
3516 4145 3589 4191 ι,

2009 4216 2055 4254 c.
2164 4241 2176 4254 .

2006 4216 2055 4257 c.
2089 4205 2176 4257 3L

2084 4270 2103 4311 ί
2136 4274 2224 4327 Sic
2250 4270 2399 4327 Colb.
2448 4280 2503 4326 et
2537 4272 2666 4337 Reg.
2706 4287 2826 4327 cum
2868 4271 3070 4341 aliquot
3107 4270 3291 4334 editis;
3328 4267 3414 4322 alii
3464 4283 3586 4322 cum

2011 4342 2136 4396 Bec.
2166 4350 2220 4395 et
2245 4344 2430 4410 Regm.
2444 4384 2459 4407 ,
2498 4342 2666 4397 Virus.

2082 4423 2106 4459 ε
2135 4414 2240 4466 lloe
2268 4421 2428 4479 caput
2456 4413 2608 4466 deest
2631 4415 2682 4465 in
2713 4412 2833 4466 cod.
2867 4411 3132 4465 Bellovac.

2082 4481 2109 4522 δ
2138 4478 2615 4547 ϐοηλέδαποηακ
2664 4484 2916 4551 scriptum
2956 4492 3242 4551 esttamen
3284 4478 3407 4551 alia_
3431 4492 3588 4551 manu

2013 4553 2123 4608 fere
2149 4554 2361 4621 aequali,
2394 4555 2530 4606 sicut
2554 4546 2605 4605 et
2636 4546 2805 4618 infra',
2838 4552 3160 4604 Suessionas.
3194 4549 3339 4621 Bec.,
3368 4546 3602 4621 Suessio-

2013 4640 2121 4689 nes,
2153 4618 2370 4677 et'iulra
2396 4622 2685 4676 Sessionas.
2726 4622 2854 4689 Quae
2895 4621 3149 4674 lectiones
3202 4618 3363 4671 variae
3392 4620 3586 4687 passim

2015 4696 2065 4748 in
2098 4708 2226 4747 mss.
2259 4702 2564 4745 occurrunt.

2092 4762 2105 4801 ί
2145 4764 2283 4817 Idem
2311 4762 2458 4827 cod.,
2496 4760 2754 4829 Ilagnario
2788 4770 2994 4831 parente
3015 4776 3125 4831 suo,
3158 4758 3243 4825 qui
3263 4766 3309 4813 et
3330 4758 3439 4831 ipse
3461 4767 3597 4810 tene-

2017 4834 2119 4898 bat,
2152 4834 2352 4886 veniens
2408 4847 2639 4903 campum
2681 4841 2737 4884 ut
2775 4829 3018 4903 pugnaret
3042 4846 3062 4886 :
3097 4830 3308 4899 Hegm.,
3361 4829 3592 4903 Hacano-

2016 4908 2161 4957 rio...
2193 4912 2442 4964 tenuerat,
2475 4900 2580 4955 etc.
2610 4900 2802 4969 Colb.,
2846 4900 3167 4969 Raghenario
3189 4941 3203 4963 ,
3230 4911 3334 4953 etc.
3366 4900 3509 4969 Ideni
3540 4909 3591 4951 et

2017 4976 2130 5029 Pal.
2165 4990 2260 5041 pro
2288 4972 2654 5027 Clodowclius
2691 4973 2888 5026 habent
2912 4968 3122 5039 Semper
3180 4968 3590 5041 Hludouvicltus,

2016 5058 2069 5099 et
2091 5039 2194 5098 alia
2226 5058 2382 5095 manu
2432 5044 2616 5105 ltegm.
2649 5082 2665 5107 ,
2708 5042 2983 5097 Clodoueus
3016 5060 3034 5096 :
3061 5043 3199 5111 quod
3228 5044 3392 5095 semei
3415 5047 3470 5093 et
3497 5039 3592 5091 ite~

2015 5131 2133 5169 rum
2167 5114 2436 5167 monuisse
2464 5116 2593 5166 satis
2618 5115 2705 5170 sit.

2090 5183 2105 5234 i
2140 5183 2271 5239 Vide
2299 5183 2602 5237 Salvianum
2634 5182 2726 5238 lib.
2759 5199 2857 5245 vn,
2887 5183 2955 5236 de
2973 5179 3373 5236 Gubernatione
3402 5177 3517 5231 Dei.

2086 5253 2112 5295 κ
2163 5254 2257 5306 Hic
2296 5257 2391 5306 luit
2430 5257 2612 5306 beatus
2659 5255 2928 5322 Remigius
2971 5253 3291 5322 lthemorum
3342 5249 3591 5322 antistes,

2010 5332 2069 5381 ut
2119 5324 2469 5389 Fredegarius
2522 5338 2641 5388 cap.
2696 5319 3196 5386 llifllincmarus,
3232 5319 3592 5386 Frodoardus,

2009 5396 2208 5463 aliique
2233 5403 2479 5448 auctores
2530 5404 2809 5453 testantur.
2857 5393 3019 5446 Porro
3051 5391 3321 5463 ministerii
3347 5391 3588 5445 ecclesia-

2006 5460 2130 5518 stici
2152 5463 2365 5518 nomine
2416 5478 2619 5518 sacram
2658 5463 2897 5517 CCCICaliB
2940 5460 3356 5529 suppellecdlem
3392 5462 3585 5516 intelli-

2007 5536 2220 5603 gchaut,
2255 5544 2311 5587 ut
2340 5549 2403 5588 ex
2446 5533 2803 5600 compluribus
2832 5531 3071 5601 Gregorii
3094 5530 3297 5603 ipsius,
3332 5533 3586 5603 aliorum-

2009 5602 2111 5671 que
2133 5617 2406 5658 auctorum
2445 5605 2571 5657 locis
2612 5611 2853 5666 constat,
2886 5618 3019 5670 quos
3055 5602 3252 5655 videsis
3290 5603 3423 5655 libro
3453 5602 3575 5671 liLi-

2009 5670 2193 5745 turgite
2220 5675 2499 5728 Gallienum
2527 5672 2813 5745 blgthiﬂonit
2842 5673 3031 5737 nostri,
3056 5688 3174 5739 cap.
3197 5675 3259 5745 7._
3279 5670 3580 5745 Lugendum

2011 5761 2071 5799 ea
2098 5740 2163 5800 de
2188 5760 2244 5800 re
2271 5746 2408 5798 beati
2457 5743 2633 5796 Aredti
2665 5742 3097 5809 Testamentum,
3124 5740 3263 5813 quod
3292 5743 3344 5794 in
3370 5748 3586 5811 Appen-

2013 5820 2128 5872 dzce
2151 5817 2407 5877 integrum
2440 5816 2790 5880 j'l‘nlt'lelllus.
