4006 6182
370 297 479 354 523

1365 294 1425 352 s.
1467 276 1799 353 cnsaomi
1835 291 2140 351 nrtscort
2178 295 2604 353 runoususrs

3528 305 3630 360 ‘22!

359 413 437 467 ait
457 408 648 467 nuntio
679 433 693 470 :
724 411 960 497 Sequere
1001 423 1098 466 nos
1127 422 1296 479 usque
1326 407 1677 476 Suessiones,
1722 410 1845 479 quia
1873 410 1944 465 ibi
1976 414 2025 473 Α
2052 411 2185 481 ejus.
2212 413 2454 480 Quicum
2486 430 2603 468 eam
2626 414 2884 470 vidissent
2911 414 3210 486 elegantem
3240 426 3400 487 alque
3420 422 3634 489 sapien-

361 514 552 560 cuncta
583 519 701 573 quae
725 504 984 574 acquisita
1006 511 1168 571 sunt,
1194 502 1477 558 dividemla
1500 511 1678 558 erunt.
1707 502 1947 573 Cumque

361 596 490 650 mihi
519 611 611 651 vas
634 596 763 652 illud
795 610 914 649 sors
946 593 1175 657 dederit,
1215 608 1332 663 quae
1359 607 1492 662 papa
1542 593 1731 662 poscit,
1779 592 1948 647 adim-

362 686 559 755 pleam.
599 685 812 741 Dehinc
859 684 1149 740 adveniens
1176 684 1514 748 Suessionas,
1557 691 1752 739 cuncto
1780 698 1949 739 onere

363 778 557 848 praeda:
601 778 652 833 in
684 778 919 832 medium
954 777 1125 847 posito
1150 817 1164 842 ,
1192 779 1266 830 ait
1286 790 1377 830 rex
1414 792 1425 827 :
1464 775 1610 845 Rogo
1635 790 1751 843 vos,
1774 789 1808 829 ο
1835 776 1948 830 for-

362 873 554 927 tissimi
604 872 957 942 przcliatores,
1008 880 1065 925 ut
1106 871 1295 924 saltem
1343 867 1472 922 mihi
1503 882 1595 922 vas
1647 867 1785 922 istud
1815 868 1949 938 (hoc

362 964 508 1019 enim
538 964 606 1018 de
632 978 795 1018 urceo
824 976 983 1031 supra
1020 970 1316 1015 memorato
1355 959 1588 1031 dicebat)
1637 970 1788 1015 extra
1828 974 1950 1030 par-

362 1064 469 1110 tem
493 1055 791 1110 concedere
823 1071 927 1109 non
971 1054 1237 1108 abnuatis.
1294 1053 1420 1107 llaec
1446 1067 1571 1123 rege
1614 1053 1847 1118 dicente,
1875 1052 1949 1107 illi

361 1160 589 1215 quorum
615 1154 731 1200 erat
760 1159 912 1199 mens
947 1144 1158 1209 sanior,
1200 1142 1349 1197 aiunt
1391 1160 1403 1197 :
1448 1142 1671 1210 Omnia,
1720 1142 1951 1213 glorioso

360 1250 479 1303 rex,
508 1252 628 1307 quae
649 1236 917 1290 cernimus
949 1245 1035 1289 tua
1067 1244 1192 1289 sunt
1228 1252 1240 1285 :
1281 1234 1376 1289 sed
1402 1244 1455 1288 et
1484 1249 1581 1289 nos
1618 1234 1717 1302 ipsi
1748 1245 1836 1289 tuo
1862 1249 1950 1289 su-

361 1346 482 1385 mus
510 1330 748 1385 dominio
799 1329 1087 1400 subjugati.
1118 1328 1269 1384 Nunc
1299 1328 1443 1399 quod
1501 1328 1598 1383 tibi
1648 1328 1953 1400 beneplaci-

362 1431 475 1477 tum
498 1420 735 1488 videtur,
771 1420 930 1476 facito
961 1440 974 1474 :
1010 1421 1184 1475 nullus
1222 1420 1365 1474 enim
1420 1418 1670 1489 potestati
1717 1427 1821 1474 tua:
1862 1436 1949 1476 re-

360 1515 551 1570 sistere
605 1515 768 1571 valet.
824 1514 958 1568 Cum
1015 1513 1092 1567 illi
1160 1513 1278 1568 haec
1325 1513 1398 1568 ita
1445 1513 1752 1579 dixissent,
1814 1529 1950 1571 unus

361 1605 514 1671 levis,
547 1606 756 1662 invidus
803 1621 866 1661 ac
897 1605 1069 1661 facilis
1119 1615 1176 1672 ιι,
1206 1621 1326 1660 cum
1379 1621 1515 1662 voce
1562 1621 1773 1675 magna,
1834 1608 1947 1662 ele-

360 1708 535 1751 vatam
567 1697 850 1767 bipennem
896 1712 1055 1752 urceo
1084 1695 1339 1766 impulit,
1371 1696 1555 1751 dicens
1594 1712 1605 1748 :
1643 1696 1782 1750 Nihil
1825 1696 1949 1753 hinc

2058 513 2185 570 tem,
2234 514 2289 559 et
2312 507 2693 575 cognovissent
2736 507 2878 575 quod
2927 507 2994 562 de
3037 508 3182 577 regio
3226 520 3372 565 esset
3412 526 3633 580 genere,

2054 597 2431 652 nuntiaverunt
2478 598 2592 653 hare
2633 599 3011 655 Chlodovecho
3050 603 3184 671 regi.
3242 602 3352 658 Nec
3395 613 3634 661 moratus

2051 689 2171 753 ille,
2200 690 2264 744 ad
2289 691 2681 747 Gundnbadum
2713 693 3033 764 legationem
3064 696 3278 766 dirigit,
3308 710 3427 752 eam
3449 697 3551 752 sibi
3580 698 3634 755 in

2052 782 2395 837 tnatrimonio
2449 795 2632 849 tetens
2684 802 2697 838 :
2745 788 2887 854 quod
2929 787 3017 841 ille
3040 802 3291 845 recusare
3338 801 3629 858 metuens,

2052 872 2270 926 tradidit
2297 888 2414 928 eam
2442 874 2605 939 viris;
2636 876 2817 945 illique
2842 878 3168 944 accipientes
3216 880 3446 947 puellam
3481 921 3496 945 ,
3524 883 3634 951 regi

2052 964 2288 1018 velocius
2318 976 2726 1033 reprmsentant.
2777 968 2891 1036 Qua
2924 970 3056 1036 visa,
3089 985 3181 1025 rex
3219 972 3373 1026 valde
3398 973 3634 1043 gavisus,

2051 1068 2149 1108 sun
2169 1069 2286 1109 eam
2316 1056 2565 1127 conjugio
2600 1058 2845 1127 sociavit,
2873 1062 3076 1117 habens
3110 1063 3220 1133 jam
3243 1063 3309 1119 de
3339 1064 3639 1121 concubina

2053 1144 2242 1210 ﬁlium,
2272 1148 2490 1203 nontine
2510 1149 2919 1210 Theodericum.

2123 1320 2316 1376 XXIX.
2353 1322 2518 1394 lgitur
2564 1322 2592 1361 ιι
2624 1340 2715 1380 rex
2755 1339 2822 1381 ex
2867 1325 3247 1382 Chrotecbilde
3301 1330 3483 1399 regina
3543 1329 3639 1386 ha-

2054 1412 2169 1467 buit
2209 1414 2375 1469 ﬁlium
2426 1415 2842 1487 primogenitum
2877 1435 2889 1470 :
2931 1434 3091 1488 quem
3120 1435 3241 1474 cum
3291 1422 3484 1476 mulier
3512 1421 3653 1489 bar»

2054 1501 2213 1558 tismo
2262 1519 2583 1562 consecrare
2635 1507 2842 1575 vellet,
2869 1509 3196 1577 praedicabat
3236 1512 3449 1571 assidue
3496 1514 3637 1580 viro,

2052 1593 2240 1650 dicens
2270 1612 2284 1649 :
2317 1598 2457 1650 Nihil
2503 1609 2629 1653 sunt
2667 1600 2739 1654 dii
2770 1615 2904 1670 quos
2932 1603 3128 1669 colitis,
3172 1604 3263 1674 qui
3296 1620 3469 1675 neque
3492 1606 3638 1673 sibi,

2057 1702 2231 1756 neque
2276 1687 2396 1742 aliis
2436 1699 2685 1759 poterunt
2741 1693 3026 1749 subvenire
3056 1710 3068 1746 :
3102 1704 3228 1749 sunt
3266 1697 3409 1751 enim
3440 1705 3533 1751 aut
3570 1712 3638 1752 ex

359 1790 617 1853 accipies,
664 1790 767 1844 nisi
793 1804 911 1858 quae
959 1789 1052 1843 tibi
1091 1803 1212 1843 sors
1264 1803 1393 1843 vera
1434 1789 1672 1857 largitur.
1702 1787 1781 1842 Ad
1834 1787 1945 1843 hate

2058 1774 2252 1847 lapide,
2319 1790 2493 1835 autex
2525 1781 2691 1851 ligno,
2725 1791 2817 1837 aut
2842 1801 2904 1839 ex
2954 1786 3171 1843 metallo
3200 1787 3378 1855 aliquo
3422 1790 3637 1858 sculpti.

364 1882 747 1952 obstupefactis
790 1882 1057 1947 omnibus,
1092 1896 1184 1935 rex
1220 1879 1465 1950 iujuriam
1497 1895 1647 1934 suam
1681 1880 1953 1950 patientiae

359 1973 577 2028 lenitate
620 1974 880 2038 coercuit,
927 1982 1316 2042 acceptumque
1369 1987 1586 2026 urceum
1620 1976 1807 2027 nuntio
1856 1990 1949 2030 ec-

359 2064 663 2119 clesiastico
713 2063 943 2118 reddidit
978 2104 993 2127 ,
1038 2078 1258 2118 servans
1301 2063 1539 2116 abditum
1596 2064 1695 2117 sub
1737 2073 1952 2132 pectore

365 2158 581 2210 vulnus.
625 2156 919 2210 Transacto
959 2169 1088 2210 vero
1136 2169 1312 2212 anno,
1362 2152 1523 2223 jussit
1556 2169 1769 2209 omnem
1827 2172 1950 2212 cum

358 2263 630 2303 armorum
665 2256 922 2316 apparatu
946 2246 1198 2302 advenire
1229 2246 1572 2315 phalangam,
1613 2258 1949 2303 ostensuram

359 2340 413 2394 in
438 2338 639 2409 Campo
661 2339 852 2393 Martio
873 2336 902 2376 δ
932 2353 1149 2392 suorum
1175 2351 1445 2391 armorum
1471 2338 1721 2393 nitorem.
1756 2339 1947 2393 Verum

359 2431 449 2487 ubi
492 2438 717 2485 cunctos
757 2428 989 2483 circuire
1037 2427 1333 2492 deliberat,
1366 2427 1512 2483 venit
1557 2426 1624 2482 ad
1654 2428 1799 2484 urcei
1833 2443 1947 2497 per-

359 2536 632 2577 cussorem
658 2562 675 2590 ,
705 2521 791 2574 cui
815 2519 889 2574 ait
920 2537 935 2573 :
968 2517 1153 2574 Nullus
1194 2528 1301 2573 tam
1333 2519 1530 2573 inculta
1553 2559 1569 2586 ,
1595 2530 1651 2574 ut
1691 2530 1766 2587 tu,
1799 2520 1950 2576 detu-

359 2613 421 2668 lit
450 2628 597 2667 arma
632 2629 647 2665 :
696 2627 817 2667 nam
851 2626 1021 2679 neque
1069 2610 1162 2664 tibi
1194 2609 1366 2675 basta,
1410 2624 1583 2680 neque
1612 2609 1836 2680 gladius,
1861 2626 1951 2665 nc-

359 2720 463 2775 que
489 2706 693 2759 securis
727 2714 750 2742 °
775 2713 858 2760 est
878 2702 1045 2769 utilis;
1071 2712 1126 2757 et
1153 2701 1542 2769 apprehensam
1571 2701 1805 2756 securim
1827 2700 1947 2771 ejus

354 2803 413 2857 in
458 2810 653 2856 terram
694 2799 913 2867 dejecit.
955 2798 1021 2851 At
1068 2796 1160 2851 ille
1183 2809 1303 2850 cum
1338 2794 1609 2865 paululum
1658 2794 1947 2850 inclinatus

362 2895 543 2950 fuisset
586 2891 651 2946 ad
683 2888 1042 2961 colligendum
1070 2901 1213 2953 eam,
1261 2901 1357 2941 rex
1403 2885 1624 2941 elevatis
1674 2886 1943 2955 manibus,

358 2981 586 3037 securim
616 2994 768 3035 suam
798 2980 959 3047 capiti
989 2977 1105 3048 ejus
1131 2976 1342 3032 deﬁxit.
1373 2975 1482 3041 Sic,
1508 2976 1695 3045 inquit.
1726 2984 1781 3030 tu
1802 2978 1944 3047 apud

357 3074 681 3131 Suessionas
736 3071 790 3125 in
828 3085 992 3125 urceo
1026 3070 1116 3124 illo
1163 3069 1357 3123 fecisti.
1393 3068 1510 3135 Quo
1548 3078 1780 3129 mortuo,
1814 3070 1943 3123 reli-

2059 1867 2285 1921 Nomina
2325 1884 2453 1924 vero
2500 1887 2619 1940 quae
2660 1873 2740 1928 eis
2790 1874 3092 1944 indidistis,
3142 1877 3420 1932 hominum
3468 1880 3636 1948 fuere,

2054 1974 2159 2013 non
2208 1960 2433 2016 deorum
2474 1962 2519 2033 ί,
2554 1977 2611 2018 ιιι
2638 1965 2899 2021 Saturnus
2927 2006 2944 2032 ,
3002 1969 3091 2038 qui
3124 1969 3254 2035 ﬁlio,
3298 1986 3368 2026 ne
3412 1986 3443 2025 a
3470 1987 3638 2042 regno

2053 2051 2595 2127 depelleretur,'per
2643 2059 2819 2130 fugam
2853 2061 3070 2130 elapsus
3097 2062 3375 2131 asseritur;
3422 2074 3480 2118 ut
3524 2068 3638 2135 ipse

2053 2141 2262 2211 Jupiter
2296 2146 2535 2201 omnium
2580 2157 2887 2217 stuprorum
2938 2152 3315 2221 spurcissimus
3362 2166 3636 2225 perpetra-

2055 2246 2157 2301 tor,
2185 2239 2480 2293 incestator
2526 2241 2787 2311 virorum,
2835 2245 3253 2315 propinquarum
3293 2246 3521 2317 derisor,
3545 2251 3634 2318 qui

2053 2344 2154 2384 nec
2179 2330 2248 2384 ab
2296 2331 2462 2399 ipsius
2491 2335 2701 2389 sororis
2731 2338 2958 2405 propriae
2990 2339 3158 2407 potuit
3210 2340 3478 2396 abstinere
3507 2357 3636 2396 con-

2051 2418 2254 2485 cubitu,
2281 2429 2336 2473 ut
2367 2421 2479 2491 ipsa
2509 2421 2581 2476 ait
2614 2440 2628 2477 :
2660 2422 2902 2496 Iovisque
2934 2437 2983 2479 et
3004 2445 3148 2481 soror
3172 2440 3218 2482 et
3246 2431 3635 2504 conjux(Virg.

2052 2507 2269 2563 .IEneid.
2305 2511 2396 2565 lib.
2427 2512 2503 2583 ι).
2562 2513 2700 2581 Quid
2750 2515 2891 2572 Mars
2937 2518 3333 2590 Mercuriusque
3382 2523 3489 2593 ει
3538 2537 3635 2591 po-

2054 2604 2250 2659 tuere?
2303 2605 2404 2671 Qui
2458 2611 2635 2676 potius
2688 2618 2814 2665 sunt
2855 2612 3074 2682 magicis
3114 2615 3317 2669 artibus
3376 2614 3634 2685 praediti,

2050 2708 2211 2762 quam
2252 2695 2417 2751 divini
2476 2701 2711 2755 numinis
2765 2705 3056 2771 potentiam
3104 2705 3357 2761 habuere.
3403 2707 3509 2763 Sed
3546 2708 3640 2765 ille

2051 2790 2220 2858 magis
2246 2792 2351 2844 coli
2380 2792 2560 2858 debet,
2590 2795 2683 2864 qui
2707 2796 2905 2851 cmlum
2931 2807 2986 2852 et
3009 2807 3227 2864 terram,
3262 2815 3409 2855 mare
3438 2810 3490 2856 et
3520 2817 3639 2857 om-

2051 2881 2137 2936 nia
2168 2897 2286 2951 quae
2314 2883 2370 2939 in
2399 2885 2479 2939 eis
2526 2896 2649 2940 sunt
2672 2928 2688 2955 ,
2719 2890 2884 2944 verbo
2913 2906 2978 2945 ex
3023 2905 3125 2946 non
3155 2893 3486 2947 exstantibus
3516 2909 3640 2962 pro-

2051 2973 2297 3039 creavit;
2346 2976 2435 3045 qui
2490 2977 2660 3032 solem
2715 2979 2894 3035 lucere
2929 2980 3079 3048 fecit,
3137 2992 3193 3036 et
3235 2985 3427 3039 coelum
3468 2986 3639 3041 stellis

2051 3064 2296 3133 ornavit;
2328 3068 2415 3137 qui
2447 3084 2613 3139 aquas
2656 3071 2962 3140 reptilibus,
3013 3083 3184 3130 terras
3229 3077 3592 3133 animantibus
3618 3121 3638 3149 ,

358 3181 494 3237 quos
519 3163 811 3223 abscedere
864 3163 1051 3233 jubet,
1105 3176 1353 3231 magnum
1396 3160 1497 3216 sibi
1530 3176 1624 3231 per
1663 3161 1799 3217 hanc
1819 3176 1946 3217 cau-
1976 3180 2021 3244 ρ
2053 3170 2177 3211 aera
2230 3157 2526 3214 volatilibus
2567 3161 2915 3233 adimplevit;
2956 3166 3112 3235 cujus
3144 3175 3274 3221 nutu
3323 3177 3479 3223 teme
3529 3169 3638 3224 fru-

357 3274 470 3315 sam
518 3258 763 3313 titmrem
814 3266 1075 3310 statuens.
1124 3254 1286 3309 Multa
1315 3249 1342 3288 ἀ
1371 3253 1530 3312 bella.
1586 3254 1946 3321 victoriasque

358 3353 501 3406 fecit.
526 3350 656 3405 Nam
682 3350 891 3405 decimo
922 3350 1070 3420 regni
1102 3348 1181 3402 sui
1207 3362 1381 3413 anno,
1425 3347 1711 3417 Thoringis
1743 3348 1943 3402 bellum

358 3442 536 3498 intulit
569 3482 585 3507 ,
609 3441 936 3510 eosdemque
964 3440 1075 3493 suis
1102 3438 1392 3494 ditionibus
1415 3438 1745 3509 subjugavit.

428 3530 803 3604 szXVlll.
865 3531 985 3585 Fuit
1030 3538 1208 3585 autem
1252 3539 1310 3583 et
1363 3530 1726 3586 Gundeuchus
1778 3541 1802 3569 ο
1848 3547 1941 3586 rex

360 3625 797 3694 Burgundionum
822 3667 836 3692 ,
868 3638 930 3677 ex
956 3636 1151 3694 genere
1180 3623 1487 3677 Athanarici
1519 3626 1658 3693 regis
1690 3637 1947 3694 persecu-

360 3716 511 3783 toris,
541 3715 608 3771 de
636 3730 742 3786 quo
770 3729 933 3783 supra
986 3715 1346 3770 meminimus.
1390 3716 1526 3771 lluic
1574 3715 1787 3771 fuerunt
1813 3732 1943 3786 qua-

359 3822 481 3866 tuor
530 3811 646 3877 lilii,
702 3808 1105 3875 Gundobadus,
1164 3810 1539 3880 Godegiselus,
1607 3810 1945 3881 Chilpericus

360 3912 412 3959 et
439 3901 795 3958 Godomarus.
828 3901 988 3971 Igitur
1022 3900 1385 3956 Gundobadus
1425 3900 1787 3971 Chilpericum
1840 3903 1946 3958 fra-

360 4007 494 4053 trem
521 4010 675 4049 suum
708 3995 973 4049 interfecit
1002 3994 1180 4064 gladio
1202 4034 1217 4059 ,
1242 4010 1575 4063 uxoremque
1602 3996 1750 4065 ejus,
1776 3996 1940 4066 ligato

358 4091 424 4143 ad
452 4089 650 4144 collum
700 4086 912 4154 lapide,
944 4088 1097 4155 aquis
1145 4086 1427 4141 immersit.
1462 4087 1631 4154 llujus
1654 4088 1785 4144 duas
1811 4089 1945 4143 ﬁlias

359 4184 548 4238 exsilio
588 4181 1003 4237 condemnavit:
1045 4196 1270 4249 quarum
1320 4182 1519 4246 senior,
1551 4191 1753 4235 mutata
1796 4193 1945 4237 veste

359 4278 572 4331 Cbrona
621 4273 676 4341 ί,
706 4275 887 4342 junior
931 4272 1326 4328 Chrotechildis
1358 4282 1383 4321 ε
1416 4275 1727 4329 vocabatur.
1776 4274 1945 4331 Porro

361 4371 792 4433 Chlodovecltus,
841 4369 965 4421 dttm
1010 4368 1331 4438 legationem
1368 4368 1426 4433 in
1463 4369 1817 4437 Bnrgundiam
1844 4385 1945 4424 saa-

360 4467 479 4534 pius
509 4464 691 4530 mittit,
741 4461 1136 4516 Cltrotechildis
1184 4462 1358 4530 puella
1407 4462 1724 4528 reperitura
1753 4461 1943 4531 legatis

432 4629 458 4656 ⁸
489 4618 687 4673 Chrsn.
710 4618 827 4672 cum
847 4619 999 4674 Colb.
1020 4660 1035 4685 ,
1068 4635 1198 4673 unus
1222 4617 1457 4673 Francus
1485 4619 1627 4673 levis.
1658 4620 1760 4675 Alii
1789 4620 1940 4689 editi,

362 4690 670 4745 cerebrosus.

435 4760 459 4797 ιι
484 4759 790 4829 Conventus
822 4758 1146 4812 Francorum
1196 4762 1273 4814 sic
1319 4760 1597 4815 dicebatur
1621 4802 1636 4825 ,
1666 4759 1806 4829 quod
1837 4761 1947 4815 sin—

366 4830 503 4900 gulis
533 4828 689 4881 annis
718 4828 822 4881 kal.
862 4830 1032 4882 Martii
1066 4830 1175 4882 ﬁeri
1222 4832 1424 4883 soleret
1470 4833 1519 4884 in
1570 4846 1761 4900 campo
1787 4872 1801 4894 ,
1832 4847 1941 4899 quo

365 4914 555 4955 omnes
604 4900 766 4951 armis
815 4900 1058 4951 instructi
1112 4902 1368 4954 accedere
1421 4900 1709 4955 debebant.
1750 4902 1939 4954 Postea

365 4976 585 5040 Campus
617 4969 787 5042 Maius
825 4968 1000 5022 dictus
1025 4979 1105 5022 est
1139 5008 1153 5031 ,
1200 4985 1262 5024 ex
1297 4986 1400 5040 quo
1429 4986 1457 5023 a
1479 4970 1704 5042 Pippino
1738 4972 1788 5025 in
1826 4971 1935 5025 kal.

366 5044 484 5100 Maii
511 5040 796 5094 translatus
828 5046 926 5092 est.

440 5123 461 5151 ε
497 5112 633 5165 Editi
666 5110 923 5180 plerique,
954 5108 1207 5179 bipennis,
1236 5118 1291 5164 et
1316 5109 1394 5164 sic
1424 5108 1557 5164 infra
1590 5111 1673 5165 ubi
1702 5113 1939 5168 occurrit

365 5196 398 5236 Υ
414 5198 468 5235 )Χ
498 5199 705 5235 securis.

430 5251 457 5287 ά
484 5255 571 5305 Sic
596 5251 781 5316 Curb.,
808 5266 855 5306 at
891 5249 999 5310 alii,
1036 5248 1203 5303 Multa
1238 5248 1418 5302 deinde
1454 5251 1604 5315 bella,
1636 5264 1739 5307 etc.
1774 5253 1935 5307 Chlo—

364 5316 562 5376 duveus
583 5322 883 5392 Thuringos
903 5322 1138 5376 devictos
1167 5320 1471 5374 tributarios
1501 5323 1642 5389 fecit,
1676 5335 1727 5376 ut
1750 5336 1938 5378 auctor

365 5392 647 5445 Gestorum
689 5394 1010 5447 Francorum
1058 5392 1217 5445 refert
1257 5408 1272 5445 :
1307 5404 1427 5443 nam
1476 5403 1529 5445 et
1574 5396 1932 5461 postmodum,

366 5462 524 5514 etiam
552 5471 777 5516 testante
800 5462 1075 5532 Gregorio,
1094 5462 1348 5532 Thuriugi
1366 5476 1489 5514 suos
1513 5478 1662 5531 reges
1680 5464 1935 5520 habuere.

442 5540 465 5568 °
498 5532 654 5585 Dt-est
686 5533 784 5585 hoc
805 5531 963 5600 caput
996 5534 1046 5586 iu
1081 5534 1281 5586 ΙιυΙΙον.
1310 5531 1658 5587 Gundeuchus
1687 5534 1935 5589 scribitur

367 5601 420 5655 in
450 5602 610 5656 (ωτι).
639 5615 693 5657 et
730 5602 865 5655 alis.
897 5603 1144 5657 Nonnulli
1180 5604 1374 5656 habent
1410 5602 1750 5657 Gttndivicus.
1788 5605 1943 5672 Ejus-

367 5674 487 5743 dem
522 5674 609 5725 lilii
643 5674 692 5727 in
724 5672 923 5743 aliquot
950 5673 1106 5727 codd.
1151 5674 1488 5743 appellantur
1531 5673 1939 5740 Gundebal‘dus,

372 5742 666 5799 Cat/resilit:
693 5786 706 5809 ,
745 5758 840 5800 seu
884 5742 1236 5814 Codegisilus,
1268 5743 1563 5815 llilpericus
1592 5786 1605 5810 ,
1652 5756 1755 5800 ctc.
1790 5746 1940 5812 Bcc.,

2050 3248 2224 3315 gibus,
2250 3252 2422 3319 pomis
2446 3252 2684 3319 arbores,
2716 3254 2831 3309 uvis
2874 3256 3048 3311 vineae
3096 3258 3450 3324 decorantur;
3483 3261 3638 3330 cujus

2064 3354 2226 3394 manu
2270 3356 2437 3410 genus
2464 3342 2756 3399 humanum
2795 3354 3032 3401 creatum
3056 3361 3157 3415 eSI;
3181 3354 3331 3418 cujus
3356 3352 3637 3419 largitione

2052 3430 2165 3499 ipsa
2224 3432 2312 3486 illa
2339 3445 2584 3490 creatura
2614 3439 2789 3493 omnis
2827 3438 3027 3494 homini
3058 3455 3178 3507 suo,
3206 3458 3363 3512 quem
3413 3446 3636 3511 creavit,

2049 3530 2105 3576 et
2148 3523 2406 3593 obsequio
2458 3535 2513 3581 et
2545 3527 2805 3584 beneﬁcio
2853 3530 3155 3587 famulatur.
3204 3533 3308 3589 Sed
3350 3551 3470 3590 cum
3522 3537 3637 3592 lucc

2049 3617 2229 3685 regina
2258 3617 2499 3685 diceret,
2531 3620 2836 3677 nullatenus
2866 3622 2932 3677 ad
2958 3624 3285 3679 credendum
3326 3627 3467 3693 regis
3511 3628 3637 3682 ani-

2049 3708 2168 3763 mus
2216 3711 2569 3779 movebatur,
2616 3713 2709 3768 sed
2740 3715 2994 3771 dicebat:
3051 3716 3283 3772 Deorum
3330 3730 3635 3775 nostrorum

2042 3799 2288 3869 jussione
2334 3814 2525 3859 cuncta
2574 3814 2825 3861 creantur
2873 3821 2934 3862 ac
2970 3808 3277 3877 prodeunt;
3335 3812 3474 3865 Deus
3503 3827 3636 3867 vero

2047 3907 2227 3951 veSter
2253 3897 2383 3952 nihil
2412 3913 2567 3967 posse
2607 3899 3011 3964 manifestatur,
3056 3910 3110 3957 et
3149 3902 3289 3971 quod
3333 3904 3498 3973 magis
3525 3915 3633 3973 est,

2048 4002 2146 4041 nec
2170 3988 2234 4044 de
2259 3989 2480 4044 deorum
2527 4005 2724 4057 genere
2752 4004 2872 4047 esse
2904 3993 3174 4060 probatur.
3216 3993 3421 4050 Interea
3450 3998 3634 4067 regina

2052 4077 2229 4132 fidelis
2280 4080 2447 4134 ﬁlium
2488 4080 2553 4134 ad
2584 4082 2906 4149 baptismum
2951 4082 3209 4137 exhibet:
3264 4085 3511 4140 adornari
3544 4103 3635 4141 ec-

2046 4170 2265 4225 clesiam
2318 4174 2451 4228 velis
2496 4174 2735 4243 prmcipit
2769 4185 2928 4244 atque
2981 4174 3233 4241 cortinis,
3264 4193 3370 4247 quo
3422 4177 3635 4236 facilius

2046 4263 2130 4316 vel
2164 4262 2263 4316 hoc
2293 4265 2547 4334 mysterio
2580 4277 2594 4315 ι
2645 4275 3030 4334 provocaretur
3059 4268 3123 4321 ad
3156 4268 3479 4325 credendum
3501 4314 3515 4338 ,
3542 4274 3635 4342 qui

2048 4362 2188 4418 flecti
2246 4365 2624 4433 prtedicatione
2676 4381 2782 4421 non
2835 4374 3065 4435 poterat.
3109 4368 3415 4438 Baptizatus
3452 4385 3633 4430 autem
3678 4360 3683 4365 ’

2048 4471 2215 4526 puer,
2268 4473 2426 4528 quem
2469 4458 2803 4528 lngomerem
2836 4457 2864 4497 ιι
2922 4456 3324 4531 vocitaverunt,
3372 4465 3425 4520 in
3467 4466 3633 4538 ipsis,

2047 4614 2453 4688 Gundebaudns.
2484 4617 2560 4671 De
2588 4617 2893 4672 Athanarici
2926 4618 3296 4685 persecutione
3322 4634 3479 4688 supra
3502 4634 3553 4673 c.
3576 4621 3633 4674 4.

2126 4686 2144 4724 ε
2178 4688 2265 4742 Sic
2290 4689 2585 4754 appellatur
2633 4690 2684 4741 in
2709 4690 2893 4752 Corb.,
2945 4689 3112 4742 Palat.
3148 4698 3202 4743 et
3228 4686 3404 4752 Colb.,
3436 4692 3632 4757 quibus

2050 4757 2339 4829 concordat
2368 4757 2481 4811 Vita
2507 4767 2707 4812 sancta:
2736 4758 3037 4822 Cltlotildis,
3070 4759 3157 4812 ubi
3191 4776 3339 4813 num.
3369 4760 3404 4812 2
3435 4761 3634 4829 legitur

2053 4830 2276 4888 Chrona.
2307 4828 2446 4883 Szec.
2479 4844 2492 4881 l
2521 4832 2641 4881 Act.
2671 4830 2769 4886 SS.
2817 4829 2945 4883 0rd.
2996 4830 3346 4883 Benedictini.
3382 4828 3509 4885 Bec.’
3553 4841 3632 4884 ta-

2053 4914 2174 4953 men
2207 4908 2260 4952 et
2290 4898 2478 4967 Regm.
2508 4915 2628 4951 cum
2677 4899 2945 4967 plerisque
2982 4899 3143 4953 editis
3199 4901 3416 4965 habent,
3452 4900 3615 4955 Μηίων

2048 4986 2179 5023 runa
2202 4986 2220 5032 ;
2247 4971 2357 5031 alii,
2391 4969 2609 5022 Corona.
2648 4968 2847 5022 Dicitur
2896 4971 2946 5023 in
2997 4969 3301 5040 Fredegarii
3336 4972 3579 5037 Epitome
3612 5014 3628 5038 ,

2046 5055 2166 5104 cap.
2194 5042 2256 5093 i7
2290 5040 2593 5094 Sedeleuba.
2623 5041 2693 5093 De
2716 5055 2818 5102 qua
2843 5041 3014 5107 agitur
3039 5041 3088 5092 in
3120 5040 3368 5095 Chronici
3388 5056 3509 5107 cap.
3535 5042 3628 5099 22.

2044 5109 2324 5165 (Ihlotildis
2353 5117 2407 5163 et
2433 5110 2662 5163 Chronm
2685 5119 2907 5163 matrem
2942 5111 3279 5179 Agrippinam
3305 5114 3628 5180 appellatam

2048 5180 2232 5241 fuisse.
2281 5181 2346 5234 de
2375 5195 2475 5249 qua
2522 5180 2776 5237 Sidonius
2814 5180 2905 5233 lib.
2967 5195 3033 5247 ν,
3064 5182 3222 5250 θρίδι.
3258 5182 3285 5233 7
3309 5223 3324 5250 ,
3380 5183 3633 5237 observat

2046 5254 2113 5308 Sa
2123 5267 2267 5305 vare.

2120 5331 2145 5369 tt
2180 5322 2325 5375 Alias
2347 5317 2691 5374 Chrolc/zildt's
2713 5363 2728 5385 ,
2773 5320 3113 5390 CItrotigeldis
3137 5362 3151 5379 .
3204 5321 3469 5375 Rodieldis
3493 5363 3507 5386 ,
3532 5337 3633 5379 seu

2045 5392 2397 5457 Chrodieldis,
2453 5390 2753 5446 Clu'otitdis.
2810 5392 2981 5448 Hodie
3023 5394 3181 5463 vulgo
3228 5394 3479 5448 scribitur
3508 5393 3633 5450 Clo-

2046 5463 2210 5520 ttldis.

2118 5533 2142 5569 δ
2176 5534 2332 5587 Deest
2359 5531 2459 5586 hoc
2482 5541 2635 5599 caput
2665 5532 2717 5586 in
2739 5532 2859 5587 cod.
2892 5533 3024 5588 Bell.

2124 5602 2139 5641 ί
2167 5602 2253 5676 Sic
2284 5604 2413 5676 edit.
2456 5604 2607 5669 Bad.,
2630 5605 2915 5676 atczeteri,
2944 5604 3172 5659 homines
3209 5609 3367 5676 fuere,
3400 5623 3501 5661 nun
3529 5606 3629 5664 dii.

2126 5678 2137 5723 l
2188 5672 2320 5727 Cod.
2353 5673 2540 5742 liegut.
2571 5674 2873 5728 ministerio.

2120 5752 2143 5781 ι
2185 5745 2392 5797 Cassiu.
2422 5760 2541 5799 cum
2584 5744 2785 5813 aliquot
2808 5746 2960 5813 edit.,
2997 5745 3333 5818 lgnamcrem.
