4008 6184
473 294 575 350 ΞΞἹ

1469 276 1530 332 S.
1572 263 1905 330 GREGORH
1949 257 2252 318 EPISCOPI
2285 248 2716 311 TURONENSlS

3646 232 3743 288 228

475 410 863 474 mrdwlesque
885 398 1121 454 maculas
1145 394 1257 467 8a
1274 400 1451 464 genus
1473 387 1773 457 antiquitus
1800 391 1823 419 ι
1856 375 2060 437 recenti
2092 374 2139 432 Α
2167 383 2347 424 meutn
2380 362 2674 436 praebueris
2713 356 2964 414 solatium
2994 354 3040 419 ί,
3074 360 3129 407 ιιι
3157 365 3279 407 eum
3307 348 3452 404 bello
3482 345 3749 401 interlice-

2355 469 2366 474 -
2418 460 2454 474 ιν
2532 472 2546 474 _
2567 473 2587 474 η
2610 470 2656 474 μ-
2690 452 2874 474 -22--_-
2902 448 3096 474 -n--:m
3155 444 3413 474 ουέῑιιιιιιτη
3449 436 3544 474 eihi
3604 436 3749 474 ntroin

479 499 637 555 latice
666 495 960 550 deleturus.
994 485 1093 541 Cui
1124 486 1369 554 ingresso
1399 480 1464 535 ad
1496 477 1817 547 baptismum
1849 479 2066 524 sanctus

483 591 574 645 Dei
604 588 680 642 sic
705 586 820 640 iniit
847 597 941 636 ore
971 578 1199 631 facundo
1226 594 1238 627 :
1270 574 1412 628 Mitis
1436 572 1645 640 depone
1673 566 1833 628 colla,
1862 562 2068 618 Sicam—

485 686 578 737 her
600 681 629 719 ιι
664 697 676 731 :
707 677 870 730 adora
918 672 1059 741 quod
1111 667 1435 731 incendisti,
1470 661 1699 719 incende
1743 658 1885 728 quod
1933 658 2067 708 ado-

485 774 631 827 rasti.
671 768 793 821 Erat
825 765 965 819 enim
992 771 1207 815 sanctus
1230 755 1506 826 Remigius
1530 753 1814 821 episcopus
1838 745 2068 815 egregite

487 861 743 923 scienti:c,
776 867 830 911 et
878 853 1162 909 rhetoricis
1205 849 1452 918 adprime
1504 845 1740 899 imbutus
1772 839 1964 894 studiis
1995 846 2016 872 ο
2052 852 2067 889 :

500 955 592 1010 sed
626 962 680 1008 et
725 949 1007 1005 sanctitate
1052 946 1122 1000 ita
1171 944 1446 1013 praelatus,
1480 948 1538 993 ut
1591 935 1762 992 sancti
1810 927 2071 1005 Sylvestri

489 1045 774 1101 virtutibus
799 1052 1121 1111 mquaretur.
1156 1038 1252 1089 Est
1273 1035 1415 1088 enim
1442 1045 1581 1085 nunc
1613 1030 1745 1083 liber
1771 1026 1901 1080 Vita:
1932 1028 2070 1088 ejus,

494 1142 581 1209 qui
615 1154 735 1193 eum
790 1140 969 1189 narrat
999 1140 1263 1185 mortuum
1293 1126 1604 1181 suscitasse.
1642 1122 1805 1192 Igitur
1835 1136 1926 1173 rex
1959 1130 2073 1170 om—

493 1232 817 1297 nipotentem
855 1227 1017 1279 Deum
1050 1223 1102 1277 iu
1133 1220 1397 1276 Triuit-tte
1424 1216 1725 1278 confessus,
1775 1210 2073 1281 baptizatus

498 1332 581 1377 est
612 1322 662 1375 in
708 1320 923 1374 nomine
976 1315 1170 1377 Patris,
1216 1324 1269 1366 et
1316 1308 1474 1372 Filii,
1503 1315 1557 1360 et
1587 1304 1821 1371 Spiritus
1861 1299 2071 1365 sancti,

509 1414 882 1475 delibutusqne
915 1423 1077 1461 sacro
1107 1404 1397 1458 chrismate
1446 1414 1565 1452 cum
1598 1395 1871 1463 signaculo
1899 1392 2075 1447 crucis

496 1505 715 1559 Christi.
752 1502 826 1555 De
854 1498 1090 1553 ext-rcitu
1116 1509 1247 1549 vero
1275 1494 1392 1561 ejus
1416 1487 1666 1560 baptizati
1695 1495 1819 1539 sunt
1847 1483 2076 1553 amplius

496 1600 592 1650 tria
629 1593 816 1649 millia.
852 1589 1119 1658 Baptizata
1162 1598 1238 1641 est
1270 1595 1323 1639 et
1373 1597 1527 1635 seror
1557 1578 1673 1648 ejus
1707 1576 1997 1631 Albolledis
2024 1568 2073 1639 d;

495 1705 613 1757 quin
633 1702 735 1741 non
759 1694 875 1753 post
903 1684 1124 1737 multum
1152 1688 1361 1745 tempus
1393 1675 1639 1741 migravit
1671 1670 1733 1723 ad
1762 1669 2072 1722 Dominum:

497 1797 591 1846 pro
615 1794 717 1848 qua
765 1792 884 1830 cum
930 1789 1026 1827 rex
1059 1770 1488 1831 contristaretur,
1540 1772 1755 1818 sanctus
1807 1757 2080 1827 Remigius

495 1868 908 1925 consolatoriam
960 1863 1105 1917 misit
1152 1861 1200 1916 ei
1249 1859 1571 1929 epistolam,
1617 1870 1738 1923 quae
1779 1850 1880 1905 hoc
1921 1847 2082 1903 modo

497 1962 727 2030 sumpsit
770 1958 1099 2013 exordium:
1150 1972 1168 2003 ι
1220 1952 1512 2019 Angit-mc
1551 1956 1606 2001 et
1631 1945 1760 2000 satis
1808 1957 1894 1996 tne
1940 1939 2086 2009 angit

499 2064 691 2108 vestra:
716 2064 875 2106 causa
904 2045 1149 2109 tristitiae,
1174 2042 1314 2113 quod
1345 2042 1501 2096 bontc
1532 2034 1805 2092 memoriae
1835 2043 2087 2101 germana

502 2156 679 2201 vestra
711 2142 923 2197 transiit
973 2137 1287 2193 Albolledis.
1336 2132 1439 2187 Sed
1483 2131 1550 2185 de
1602 2129 1699 2182 hac
1729 2142 1788 2180 re
1822 2119 2088 2178 consolari

510 2249 814 2307 possumus,
843 2232 965 2302 quia
1021 2230 1140 2284 talis
1187 2229 1255 2281 de
1307 2226 1408 2279 hoc
1452 2221 1652 2276 mundo
1702 2216 1983 2288 migravit,
2030 2222 2089 2268 ut

508 2326 708 2396 suspici
733 2325 899 2393 magis
929 2322 1120 2376 debeat
1146 2332 1303 2389 quam
1330 2316 1437 2386 35
1464 2312 1683 2382 lugeri.»
1712 2308 1981 2364 Conversa
2007 2314 2091 2360 est

504 2422 646 2475 enim
674 2429 727 2474 et
753 2418 852 2471 alia
885 2430 1038 2469 soror
1060 2413 1201 2481 ejus,
1232 2405 1631 2464 Lanthechildis
1656 2413 1679 2441 ε
1708 2404 1946 2467 nomine,
1970 2414 2091 2469 qua:

509 2512 561 2564 in
597 2509 849 2562 haeresim
881 2504 1203 2557 Arianorum
1232 2499 1434 2567 dilapsa
1468 2496 1663 2561 fuerat,
1697 2508 1815 2563 qua:
1846 2491 2090 2546 confessa

510 2602 770 2671 aqualem
818 2596 1008 2650 Filium
1058 2593 1199 2647 Patri
1247 2599 1302 2645 et
1349 2588 1607 2659 Spiritum
1651 2580 2094 2649 sanctum,chri-

512 2703 681 2747 8111313
714 2701 816 2745 (εει.

586 2784 809 2840 XXXII.
849 2782 1000 2836 Tunc
1043 2778 1409 2836 Gundobadus
1436 2785 1490 2832 et
1516 2774 1869 2845 Godegiselus
1903 2772 2096 2829 fratres

515 2893 736 2948 regnum
783 2874 925 2930 circa
976 2872 1295 2926 Rhodanum
1350 2878 1441 2922 aut
1495 2870 1701 2923 Ararim
1749 2881 1871 2921 cunt
1913 2865 2096 2920 Massi-

520 2970 675 3024 liensi
708 2965 980 3038 provincia
1029 2963 1352 3019 retinebant.
1387 2962 1553 3015 Erant
1591 2969 1767 3013 autem
1817 2971 1922 3012 tam
1979 2958 2094 3024 illi,

518 3076 677 3130 quam
706 3057 884 3129 populi
914 3070 1119 3120 eorum,
1153 3055 1363 3108 Arianae
1392 3063 1554 3106 secta:
1583 3050 1827 3119 subjecti.
1858 3048 2099 3118 Cumque

520 3117 580 3208 se
611 3117 841 3210 iniicetn
875 3117 1266 3218 itnpugnarent,
1304 3143 1528 3198 audiens
1568 3117 1917 3210 Godegiselus
1943 3117 2101 3195 Cblo-
2129 3124 2175 3186 C
2211 3117 2448 3173 "abem"
2492 3124 2667 3169 lamt'n

521 3245 744 3301 dovechi
794 3244 937 3313 regis
988 3239 1263 3302 victorias,
1295 3237 1440 3292 misit
1485 3236 1551 3291 ad
1595 3250 1720 3291 eum
1778 3235 2099 3306 legationem

521 3339 750 3405 occulte,
782 3337 966 3392 dicens
993 3350 1011 3391 :
1040 3334 1097 3391 Si
1150 3331 1283 3387 mibi
1308 3332 1376 3386 ad
1424 3328 1852 3400 persequendum
1884 3329 2101 3384 fratrem

527 3494 633 3567 iam
664 3492 958 3567 invaluzsse
986 3488 1290 3567 opinionem
1322 3486 1392 3542 de
1431 3485 1700 3567 baptizata
1744 3484 1929 3540 Roma:
1970 3484 2107 3541 Con-

527 3557 762 3619 stantino
795 3579 887 3625 per
914 3557 1126 3614 beatum
1154 3559 1499 3617 Silvestrum.
1530 3557 1783 3623 lepraque
1809 3560 1924 3625 ejus
1955 3573 2108 3611 mun-

528 3638 672 3690 data.
695 3634 796 3688 Sed
820 3642 875 3685 et
893 3632 949 3684 S.
975 3629 1219 3685 Silvestri
1242 3639 1356 3681 acta
1386 3629 1437 3681 in
1462 3628 1683 3681 Decreto
1706 3626 1880 3682 Gclasi
1905 3627 2111 3682 irecen-

529 3715 735 3761 sentur.
773 3703 939 3756 Porro
970 3705 1019 3755 in
1050 3701 1232 3755 codice
1254 3698 1409 3768 Reg.,
1436 3708 1552 3766 post
1579 3698 1693 3752 haec
1715 3698 1873 3752 verba
1895 3716 1927 3752 a
1945 3701 2113 3767 ponti-

531 3779 626 3844 ﬁce
660 3774 927 3842 baptizari,
953 3787 1051 3826 una
1076 3772 1185 3844 fere
1207 3771 1393 3840 pagina
1420 3784 1584 3844 vacua
1613 3769 1931 3838 relinquitur
1955 3787 1967 3824 :
2001 3778 2112 3823 tum

531 3841 763 3915 sequens
788 3845 990 3910 incipit,
1022 3842 1173 3913 quasi
1207 3851 1413 3895 textum
1435 3842 1805 3915 continuatum
1837 3854 1931 3909 per
1955 3841 2114 3894 verba

533 3908 829 3985 sequentia,
866 3908 1104 3969 Procedit
1130 3915 1212 3985 hic
1241 3927 1397 3985 nouus
1428 3908 1819 3985 Constantinus,
1840 3908 1968 3977 qua:
1995 3927 2115 3964 cum

534 3983 710 4043 medio
723 3989 911 4058 capitis
932 3983 1202 4058 sequentis
1224 3983 1615 4058 coniunguntur
1637 3984 1712 4033 sic
1725 3984 2114 4050 prosequendo,

532 4061 695 4126 inquit
724 4051 836 4114 cuin
860 4051 1079 4112 exercitu
1107 4071 1216 4107 meo
1244 4051 1634 4126 tibiauxilium,
1662 4060 1767 4105 etc.

609 4140 635 4166 ⁸
673 4132 765 4185 Sic
791 4128 951 4182 Corb.
983 4135 1038 4180 et
1070 4127 1232 4195 lleg.;
1265 4123 1385 4190 alii,
1417 4123 2047 4195 gestorumanitiquorunt.

609 4200 636 4239 δ
679 4203 756 4257 De
785 4193 1185 4255 Sicambrorum
1213 4203 1373 4263 gente
1419 4194 1590 4246 fusius
1616 4193 1725 4263 agit
1756 4194 2039 4248 Bruwerus
2068 4195 2122 4249 in

539 4272 680 4327 notis
706 4275 770 4325 ad
801 4284 1015 4324 carmen
1044 4266 1078 4319 4
1106 4267 1222 4319 libri
1256 4280 1306 4318 vt
1334 4264 1627 4317 Fortunati.

612 4354 639 4381 ι
684 4342 816 4396 Vide
845 4338 1167 4407 Apollinaris
1194 4335 1411 4407 Sidonii
1429 4334 1706 4407 epiStolam
1737 4336 1769 4389 7
1801 4334 1921 4390 libri
1946 4352 2025 4403 ιι,
2056 4337 2125 4391 ad

540 4413 715 4481 ipsum
744 4405 1044 4477 Remigium
1074 4406 1350 4461 directam.
1383 4405 1461 4459 De
1492 4405 1681 4481 eodem
1714 4407 1898 4481 Avitus
1926 4409 1977 4481 in
2004 4409 2127 4461 (Jol-

542 4475 739 4539 latione
764 4475 1137 4549 episcbporum
1168 4491 1346 4530 coram
1380 4475 1864 4549 rege_Gund0bado
1893 4495 1907 4533 :
1933 4476 2112 4531 Provi.

541 4556 687 4608 dente
714 4545 935 4606 Domino
957 4545 960 4546 ν
982 4548 1222 4602 Ecclesia:
1255 4561 1383 4609 sum,
1429 4556 1475 4599 et
1508 4545 1790 4617 inspirante
1827 4565 1920 4617 pro
1963 4554 2126 4605 δαιαιε

541 4627 697 4677 totius
727 4623 886 4693 gentis
918 4636 1004 4674 cor
1030 4620 1200 4672 damni
1231 4616 1480 4693 Remigii,
1511 4619 1599 4686 qui
1627 4618 1809 4686 ubique
1828 4616 2017 4673 altaria
2039 4623 2128 4675 de.

542 4689 765 4748 struebat
781 4692 1058 4753 idolorum,
1081 4699 1128 4743 et
1148 4705 1313 4742 rerum
1330 4689 1485 4757 ﬁdem
1507 4696 1733 4753 potenter
1760 4705 1874 4743 cum
1898 4692 2129 4745 multitu-

542 4766 661 4818 dine
684 4765 945 4833 signcrutn
965 4760 1330 4833 antpli/t'fabat,
1345 4760 1548 4833 factum
1569 4769 1640 4833 est
1663 4768 1716 4811 ut
1739 4762 1961 4829 episwpi
1976 4800 1993 4828 ,
2019 4775 2128 4817 etc.

552 4835 643 4889 Sic
691 4829 851 4888 citam
902 4832 1100 4887 exteris
1150 4829 1375 4899 Remigii
1425 4829 1753 4897 apestolatus
1800 4840 1856 4885 ut
1879 4832 1942 4885 lis
1990 4841 2126 4886 erat.

545 4904 681 4960 Nihil
715 4919 872 4971 porro
902 4908 1148 4971 superest
1174 4915 1238 4954 ex
1282 4900 1403 4971 ejus
1430 4900 1667 4967 scriptis,
1704 4910 1898 4969 printer
1924 4902 2131 4971 aliquot

547 4970 840 5044 epistolas;
875 4988 997 5044 nam
1029 4970 1408 5044 commentarii
1442 4971 1495 5024 in
1528 4985 1735 5044 sacrant
1769 4970 2120 5042 Scripturatn,

548 5040 638 5117 qui
679 5045 837 5113 vulgo
868 5043 984 5117 ipsi
1021 5043 1347 5117 tribuuntur,
1383 5040 1721 5117 sunt_ipsius
1753 5040 1909 5117 relate
1956 5040 2124 5098 multo

549 5112 892 5173 recentiores.
930 5114 1044 5167 Vita
1073 5124 1247 5168 autem
1278 5114 1411 5181 ejus.
1442 5128 1470 5165 a
1501 5112 1755 5180 Gregorio
1778 5112 1865 5167 hic
1895 5115 2126 5181 laudata,

547 5205 666 5256 qua:
695 5204 723 5241 a
754 5186 1047 5242 Fortunato
1086 5184 1354 5250 descripta
1384 5183 1829 5256 creditur,_etiam
1860 5200 2000 5240 nunc
2026 5202 2129 5241 ex-

548 5253 673 5323 stat,
705 5259 800 5313 sed
824 5259 1035 5311 brevior
1058 5266 1141 5311 est
1165 5270 1325 5326 quam
1356 5261 1414 5307 ut
1444 5253 1756 5326 tamexitnii
1780 5255 1873 5309 viri
1897 5297 1912 5321 ,
1945 5272 2129 5326 regum

553 5345 603 5382 et
636 5328 810 5397 gentis
832 5336 1027 5381 nostrae
1056 5323 1317 5397 apostoli,
1347 5323 1512 5397 gestis
1532 5323 1897 5397 describendis
1920 5323 2131 5396 par—sit,

555 5401 608 5453 in
636 5394 736 5467 qua
768 5412 834 5451 ne
865 5413 1028 5451 unum
1058 5394 1270 5463 quidem
1302 5395 1520 5467 verbum
1550 5394 1970 5467 defrancoruin
1998 5394 2130 5453 con;

553 5464 817 5531 verSione,
854 5477 945 5520 aut
986 5468 1274 5522 Chlodovci
1308 5465 1588 5533 baptismo.
1625 5464 1760 5521 Hinc
1790 5474 1981 5521 mirum
2028 5486 2130 5525 non

553 5549 656 5602 est,
690 5537 736 5592 si
758 5537 1043 5606 Gregorius
1070 5540 1218 5607 plura
1246 5539 1315 5593 de
1344 5538 1427 5591 his
1450 5535 1610 5591 rebus
1639 5551 1742 5591 non
1765 5539 1977 5593 dixerit.
2006 5541 2136 5596 Pro-

557 5610 800 5662 lixiorem
827 5607 1040 5676 Scripsit
1071 5609 1410 5675 llincmarus,
1442 5607 1723 5675 nullusque
1752 5611 1920 5665 lenne
1946 5623 2135 5668 auctor

553 5679 779 5743 exstitit,
812 5680 900 5748 qui
930 5681 1071 5734 hunc
1098 5678 1496 5743 sanctissimum
1536 5677 1707 5735 virum
1748 5682 1995 5740 laudibus
2026 5700 2131 5742 non

559 5750 716 5806 fuerit
744 5760 1076 5822 prosccutus.

2168 479 2248 531 re,
2280 469 2373 514 aut
2400 460 2468 514 de
2496 470 2661 527 regno
2683 452 2879 522 ejicere
2902 448 3121 519 possim,
3155 444 3415 499 tributum
3449 436 3568 505 tibi,
3603 436 3751 507 quale

2169 563 2222 627 tq
2276 554 2388 621 ipse
2417 548 2551 603 velis
2595 545 2874 615 injungere
2903 581 2918 605 ,
2964 538 3119 592 annis
3167 535 3393 603 singulis
3437 531 3747 586 dissolvunt.

2172 623 2325 714 Quod
2377 634 2468 697 ille
2495 641 2722 694 libenter
2751 633 3042 703 accipiens,
3077 628 3337 682 auxilium
3367 624 3417 678 ei
3458 623 3757 691 ubicunque

2176 737 2474 792 necessitas
2506 736 2768 801 posceret,
2804 722 3133 795 repromisit.
3169 720 3234 774 Et
3283 727 3487 773 statuto
3522 730 3756 784 tempore

2172 838 2359 883 contra
2384 821 2772 879 Gundobadum
2797 817 3091 871 exercitum
3112 811 3421 866 commovit.
3448 810 3564 875 Quo
3581 806 3756 859 audito

2173 920 2554 983 Gumlobadus,
2597 917 2847 987 ignorans
2877 913 3057 967 dolum
3093 901 3289 972 fratris,
3328 905 3472 960 tnisit
3521 899 3585 955 ad
3616 916 3755 964 eum,

2174 1016 2357 1069 dieens
2388 1029 2402 1067 :
2436 1010 2565 1064 Veni
2598 1010 2649 1061 in
2690 1006 3013 1075 adjutorium
3060 1017 3235 1057 meum
3264 1041 3277 1064 ,
3334 1000 3455 1066 quia
3490 994 3678 1050 Franci
3705 1008 3760 1047 se

2185 1112 2526 1160 c0mtnovent
2554 1107 2739 1153 contra
2769 1112 2886 1163 nos,
2918 1105 2970 1150 et
3001 1095 3274 1162 regionem
3304 1098 3540 1143 nostram
3570 1085 3761 1138 adeunt

2181 1204 2237 1249 ut
2269 1208 2386 1245 eam
2414 1189 2626 1259 capiant
2659 1205 2671 1240 :
2700 1187 2929 1254 ideoque
2979 1186 3148 1238 simus
3180 1180 3461 1235 unanimes
3509 1177 3763 1232 adversus

2179 1295 2397 1355 gentem
2452 1280 2726 1335 inimicam
2781 1276 2972 1340 nobis,
3014 1290 3079 1328 ne
3124 1268 3354 1341 separati
3401 1269 3467 1323 ab
3502 1267 3760 1332 invicem,

2186 1375 2325 1445 quod
2379 1372 2497 1427 alite
2545 1379 2733 1439 gentes
2785 1382 2955 1437 passte
2987 1374 3111 1418 sunt
3142 1363 3495 1434 peritranms.
3542 1360 3609 1413 At
3640 1358 3763 1410 ille:

2183 1466 2407 1528 Vadam,
2443 1462 2640 1531 inquit,
2673 1476 2793 1514 cum
2825 1455 3061 1512 exercitu
3095 1470 3235 1519 meo,
3286 1463 3339 1508 et
3371 1452 3464 1506 tibi
3512 1451 3764 1508 auxilium

2182 1556 2454 1630 prwbebo.
2491 1554 2878 1619 Moventesque
2910 1548 3065 1603 simul
3109 1548 3159 1600 hi
3193 1558 3302 1601 tres
3352 1535 3642 1600 exercitum
3668 1589 3681 1613 ,
3714 1544 3765 1599 id

2182 1663 2264 1708 est
2293 1648 2701 1706 Chlodovechus
2728 1658 2913 1702 contra
2946 1641 3357 1708 Gunduhadum,
3389 1653 3442 1696 et
3472 1641 3766 1711 Godegise-

2112 1764 2159 1823 Β
2186 1744 2295 1798 lum
2328 1753 2353 1789 ε
2379 1758 2498 1795 cum
2532 1740 2676 1795 onmi
2720 1740 3076 1792 instrumento
3107 1733 3270 1798 belli,
3302 1734 3366 1786 ad
3396 1742 3650 1800 castrum,
3682 1735 3764 1787 cui

2186 1834 2413 1889 Divione
2460 1846 2656 1885 nomen
2703 1840 2815 1893 est,
2878 1836 3257 1897 pervenerunt.
3307 1822 3769 1892 Conlligentestue

2185 1944 2346 1998 super
2373 1928 2629 1983 Oscaram
2661 1921 2690 1959 ιι
2720 1922 2963 1985 (luvium,
3012 1918 3362 1988 Godegiselus
3392 1916 3768 1973 Chlodovecho

2187 2018 2552 2088 caujungitur,
2586 2029 2651 2069 ac
2680 2025 2906 2082 uterque
2950 2013 3225 2067 exercitus
3255 2006 3567 2065 Gundebadi
3607 2023 3769 2076 popu-

2187 2110 2295 2165 lum
2326 2108 2526 2164 atterit.
2559 2107 2627 2160 At
2672 2104 2761 2159 ille
2789 2102 2972 2159 dolum
3026 2096 3228 2167 fratris,
3259 2117 3415 2170 quem
3450 2116 3555 2154 non
3599 2099 3771 2167 suspi-

2190 2204 2451 2262 cabatur,
2500 2198 2787 2252 advertens
2818 2240 2832 2263 ,
2885 2204 3029 2264 terga
3074 2193 3263 2258 dedit,
3310 2193 3591 2260 togamque
3635 2189 3771 2257 iniit,

2192 2286 2686 2356 Rhodanitidesque
2728 2284 2869 2353 ripas
2900 2284 3012 2354 86
3059 2282 3384 2352 paludesque
3422 2294 3732 2350 percurrens
3755 2318 3770 2342 ,

2193 2380 2527 2436 Avenionem
2560 2377 2745 2432 urbem
2793 2376 3109 2444 ingreditur.
3143 2373 3498 2444 Gedegiselus
3526 2386 3652 2426 vero
3680 2371 3775 2425 ob-

2193 2482 2337 2528 tenta
2371 2469 2630 2532 victoria,
2678 2468 2943 2538 promissa
2983 2465 3361 2521 Chlodovecho
3411 2465 3583 2533 aliqua
3632 2471 3775 2533 parte

2195 2565 2342 2635 regni
2374 2564 2489 2633 sui,
2519 2577 2638 2617 cum
2690 2575 2821 2630 pace
2864 2558 3155 2622 discessit,
3197 2556 3776 2625 Viennamque.trium-

2197 2662 2391 2732 phans,
2427 2670 2676 2728 tanquam
2725 2654 2767 2708 si
2812 2652 2922 2723 jam
2982 2662 3151 2707 letum
3195 2650 3493 2723 poss'deret
3535 2662 3776 2718 regnum,

2199 2751 2512 2822 ingreditur.
2563 2750 2754 2803 Auctis
2782 2742 2956 2800 adhuc
3001 2740 3407 2798 Chlodovechus
3435 2756 3527 2796 rex
3558 2741 3780 2804 viribus,

2201 2853 2321 2913 post
2349 2839 2739 2895 Gundobadum
2783 2837 2939 2903 abiit,
2982 2845 3040 2890 ut
3086 2850 3208 2890 eum
3242 2831 3308 2888 de
3348 2834 3562 2886 civitate
3607 2838 3780 2886 extra-

2200 2946 2346 2990 ctum
2379 2932 2732 2987 interimeret.
2761 2927 2915 2995 Quod
2949 2927 3039 2981 ille
3069 2927 3317 2989 audiens,
3350 2939 3547 2993 pavore
3579 2932 3783 2991 perter-

2204 3028 2355 3090 ritus,
2395 3023 2670 3079 metuebat
2714 3037 2781 3075 ne
2827 3019 2879 3075 ei
2929 3034 3075 3073 tnors
3123 3022 3404 3087 repentina
3450 3014 3785 3069 succederet.

2717 3126 2900 3167 secnm
2932 3112 3105 3165 virum
3158 3109 3417 3164 illustrem
3469 3106 3710 3192 Aridamn
3745 3100 3786 3171 ί,

2204 3235 2479 3280 strenuum
2517 3232 2678 3292 atque
2709 3218 3025 3289 sapientem,
3058 3215 3124 3271 ad
3155 3232 3314 3286 quem
3346 3214 3412 3269 ad
3448 3229 3507 3270 se
3549 3215 3788 3270 accersi~

2208 3332 2320 3381 tum
2346 3322 2420 3378 ait
2444 3340 2458 3378 :
2480 3320 2691 3376 Vallant
2712 3334 2798 3374 tne
2821 3317 3055 3387 undique
3068 3317 3349 3386 angustiae,
3370 3328 3421 3371 et
3442 3316 3566 3386 quid
3600 3313 3790 3372 faciam

2282 3502 2310 3542 ἀ
2350 3502 2528 3564 Colb.,
2559 3511 2615 3555 et
2644 3499 2777 3555 infra
2822 3497 3094 3566 Albﬂedis.
3146 3496 3436 3566 Epistulam
3490 3497 3576 3550 hic
3606 3495 3795 3549 lauda-

2216 3586 2343 3634 tatn.
2378 3590 2439 3629 ex
2462 3588 2562 3640 qua
2601 3569 3091 3640 patetAlholledvm
3118 3569 3479 3640 virginitatem
3506 3582 3655 3621 suam
3688 3567 3799 3621 Deo

2213 3658 2579 3704 consecrasse.
2603 3639 2661 3695 in
2706 3640 3016 3709 Appendire
3044 3639 3339 3693 referemus
3368 3641 3651 3709 integram.

2290 3727 2314 3755 ε
2357 3716 2447 3771 Sic
2473 3712 2633 3767 Curb.
2660 3730 2674 3778 ;
2705 3706 2803 3765 alii
2824 3710 3096 3763 Lantildis.
3120 3710 3297 3763 Solius
3323 3706 3720 3763 chrismationis
3744 3706 3798 3761 in

2221 3789 2542 3845 Ariauontnt
2591 3782 3026 3839 teconriliatione
3074 3780 3314 3834 meminit
3356 3782 3552 3849 passim
3597 3780 3801 3845 Grego.

2219 3860 2351 3919 rius,
2386 3856 2520 3927 sicut
2550 3868 2655 3927 nec,
2697 3852 2853 3927 hodie
2901 3851 3327 3927 in_conlere_ndo
3360 3848 3798 3927 conﬁrmationis

2221 3924 2580 3989 sacramento,
2612 3925 2694 3976 vix
2739 3923 2913 3987 aliqua
2960 3922 3017 3975 lit
3065 3920 3262 3974 mentio
3293 3920 3647 3988 itnpnsitionis
3686 3932 3806 3970 ma-

2224 4014 2412 4058 nuum,
2443 4011 2560 4065 qua:
2586 4005 2760 4049 tamen
2786 3993 3007 4046 omnino
3031 3992 3334 4065 necessaria
3361 4001 3444 4065 est
3468 4006 3483 4055 ;
3507 3990 3584 4043 sic
3604 4002 3655 4043 et
3678 4001 3806 4065 tunc

2224 4059 2620 4133 impositiunem
2654 4080 2905 4117 manuunt
2951 4072 3144 4130 prreter
3169 4062 3603 4116 chrisinationeut
3643 4059 3805 4111 adhi-

2226 4131 2389 4195 bitam
2422 4136 2587 4191 fuisse
2616 4146 2762 4189 extra
2795 4134 3013 4187 dubium
3040 4133 3266 4193 videtur,
3299 4148 3364 4186 ne
3391 4134 3433 4186 si
3466 4134 3657 4197 aliquis
3685 4131 3811 4181 alts-

2227 4225 2333 4281 que
2363 4224 2424 4263 ea
2456 4208 2739 4281 abluaeresi
2771 4208 2991 4281 veniens
3013 4204 3361 4271 reciperetur,
3389 4213 3636 4281 tanquam
3662 4210 3811 4281 (aura

2229 4272 2429 4335 (Sumam
2456 4277 2681 4346 culpam,
2715 4277 2788 4330 uti
2839 4276 3073 4343 loquitur
3105 4278 3382 4346 Augustin.
3420 4273 3509 4327 lib.
3544 4288 3573 4346 v
3602 4272 3671 4325 de
3703 4272 3809 4322 ita-

2232 4350 2425 4421 ptismo
2454 4341 2639 4421 contra
2686 4341 3007 4421 Donatistas.
3036 4359 3154 4421 cap.
3309 4359 3417 4397 esse
3448 4341 3809 4421 judicaretur.

2242 4414 2369 4475 Vide
2413 4420 2674 4474 Morinum
2716 4418 2783 4471 de
2825 4417 3140 4471 l’mnitentia
3185 4414 3277 4467 Μ).
3326 4430 3408 4481 tx,
3453 4429 3573 4483 cap.
3618 4415 3705 4478 lU,
3759 4420 3813 4464 et

2156 4504 2204 4564 υ
2233 4491 2663 4564 Cointiutnﬂtom.
2699 4489 2715 4541 Ι
2748 4489 2935 4564 Annal.
2971 4486 3163 4563 eccles.
3196 4484 3389 4564 Franc.

2306 4561 2326 4602 ί
2371 4562 2460 4617 Sic
2487 4561 2648 4614 Corb.
2679 4570 2732 4613 et
2766 4559 2923 4623 llec.;
2956 4556 3161 4621 θέωνι-ἱ,
3190 4557 3464 4609 auxilium.
3500 4555 3567 4608 Et
3592 4554 3814 4622 quidem

2232 4633 2344 4689 l‘ere
2372 4646 2586 4696 semper
2616 4646 2713 4700 pro
2740 4628 2939 4683 auxilio
2976 4628 3030 4681 in
3070 4628 3454 4682 vetustioribus
3493 4641 3623 4679 mss.
3662 4628 3804 4677 sola-

2231 4706 2359 4757 tium
2394 4703 2638 4756 habetur.

2307 4784 2332 4821 ε
2372 4774 2460 4830 Sic
2504 4772 2688 4835 Corb.,
2722 4770 2845 4825 Bee.
2892 4779 2946 4823 et
2984 4768 3137 4838 Reg.,
3191 4769 3380 4823 melius
3404 4782 3560 4838 quam
3592 4766 3777 4819 caueri
3802 4805 3819 4828 ,

2233 4846 2321 4915 qui
2355 4844 2553 4915 habent
2577 4841 2943 4915 Godegiselut:
2961 4837 3110 4915 Tunc
3138 4841 3280 4895 enim
3311 4837 3646 4915 dtto_lratres
3677 4850 3820 4890 con-

2229 4910 2400 4985 juncti
2431 4913 2589 4969 simul
2618 4911 3271 4985 adversusChlodoveum
3312 4910 3645 4970 videbantur,
3677 4922 3823 4961 non-

2229 4982 2356 5041 dum
2384 4985 2595 5039 detecta
2625 4983 2917 5051 Godegisili
2947 4982 3273 5051 proditione.

2303 5077 2333 5117 ιι
2372 5078 2515 5135 Edit.
2549 5077 2675 5131 Bad.
2707 5077 2960 5131 mendose
2991 5074 3219 5129 Isaram.
3252 5076 3445 5129 Oscara
3488 5086 3679 5141 nempe
3712 5069 3820 5123 ilu-

2242 5151 2360 5204 vius
2402 5160 2484 5203 est
2532 5148 2875 5216 Burgundim,
2930 5148 3085 5216 vulgo
3126 5145 3326 5199 Ousclte
3352 5185 3367 5209 ,
3395 5145 3483 5213 qui
3534 5142 3824 5216 lltvionem

2234 5224 2444 5290 aliaque
2476 5220 2596 5290 loca
2623 5214 3109 5290 praeterlapsus,'ad
3140 5219 3196 5273 S.
3230 5217 3489 5290 .loanoem
3516 5214 3825 5290 de__l.atona

2237 5293 2290 5346 in
2322 5284 2529 5345 Ararim
2573 5289 2778 5344 deﬂuit.
2831 5288 2955 5342 lltcc
2984 5297 3195 5349 autem,
3230 5286 3461 5339 Patricio
3489 5297 3540 5339 et
3587 5284 3834 5354 Hypatio

2240 5378 2407 5489 8055.,
2429 5361 2491 5441 id
2519 5371 2599 5415 est
2628 5376 2769 5413 anno
2804 5358 2929 5427 500,
2959 5359 3247 5428 contigisse
3293 5359 3480 5411 scribit
3520 5356 3720 5409 Marius
3769 5354 3836 5407 in

2288 5438 2531 5486 tirontco.

2288 5434 2531 5486 hronico.

2316 5524 2333 5563 ί
2379 5524 2469 5580 Sic
2514 5523 2625 5577 fere
2661 5538 2849 5577 omnes
2892 5535 3061 5586 ntss.;
3094 5520 3223 5575 editi
3249 5534 3377 5575 vero
3422 5518 3661 5587 plerique
3697 5531 3841 5571 cntu

2242 5597 2388 5661 Bec.,
2424 5595 2688 5649 Aradium.
2736 5594 2786 5647 ls
2812 5604 2915 5663 est,
2966 5592 3019 5647 ni
3067 5590 3245 5657 fallor,
3277 5591 3745 5663 quiAntetnoratur
3773 5587 3845 5663 in

2237 5657 2523 5722 collatione
2557 5657 2933 5732 episcOporum
2984 5678 3165 5717 Coram
3211 5657 3336 5730 regie
3366 5657 3850 5732 Gundobadoude

2240 5753 2343 5811 qua
2368 5736 2504 5793 infra
2533 5729 2606 5792 ad
2630 5729 2755 5807 cap.
2782 5733 2871 5792 3i.
2908 5733 3028 5793 Vid.
3061 5729 3290 5804 Fredng
3319 5732 3552 5803 Epitom.
3578 5743 3692 5801 cap.
3724 5729 3830 5784 ts.
