4006 6182
394 269 487 326 €99

1287 238 1602 327 uisionis
1645 262 2088 324 FltANCORUM.
2132 267 2327 322 uasa
2371 267 2749 326 secuxous.

3556 278 3662 334 9.30

388 384 595 449 ignoro,
624 380 746 451 quia
779 390 1041 437 venerunt
1070 382 1122 436 hi
1159 382 1375 438 Barbari
1405 399 1564 451 super
1592 398 1711 448 nos,
1740 392 1796 437 ut
1819 382 1973 436 nobis
2002 387 2049 440 Α
2080 380 2213 435 urbe
2241 421 2255 446 ,
2295 380 2380 434 cui
2427 381 2495 436 de
2533 382 2851 452 aquteductu
2901 400 3027 441 cura
3074 388 3342 443 manebat.
3396 386 3487 446 ille
3534 409 3665 449 vero

386 472 727 540 interemptis
774 475 1046 538 regionem
1094 482 1258 528 totam
1298 484 1561 528 evertant.
1595 474 1677 527 Ad
1710 473 1826 527 bzec
1857 473 1976 527 Ari-

384 564 503 619 dius
534 566 610 617 ait
641 582 651 615 :
678 564 902 633 Oportet
934 573 986 618 te
1016 565 1190 620 lenire
1220 565 1481 620 feritatem
1516 565 1748 619 hominis
1777 566 1933 634 hujus
1955 606 1971 632 ,

395 670 463 708 ne
498 669 710 723 pereas.
745 656 895 710 Nunc
927 670 1056 725 ergo
1084 655 1129 709 si
1160 656 1331 724 placet
1360 657 1411 709 in
1453 656 1620 712 oculis
1654 658 1785 724 tuis,
1816 672 1915 725 ego
1944 673 1973 709 a

383 753 438 799 te
469 744 671 814 fugere,
706 756 759 799 et
791 745 857 799 ad
888 762 1009 801 cum
1034 746 1263 802 transire
1288 748 1586 801 consimulo
1611 765 1625 813 ;
1651 764 1876 815 cumque
1906 748 1973 803 ad

385 851 509 892 eum
541 852 845 905 accessero,
877 853 978 908 ego
1011 840 1197 893 faciam
1227 848 1285 893 ut
1314 856 1486 910 neque
1514 851 1596 909 te,
1630 856 1803 909 neque
1836 843 1973 897 hanc

392 940 598 982 evertat
624 938 651 966 ⁸
682 930 976 997 regionem.
1009 930 1258 995 Tantum,
1292 938 1346 983 ut
1377 930 1515 999 quod
1551 931 1639 984 tibi
1674 947 1768 999 per
1796 947 1971 987 meum

384 1019 667 1072 consilium
697 1018 1101 1074 demandaverit
1129 1021 1351 1088 implere
1377 1023 1617 1088 studeas,
1648 1024 1817 1078 donec
1842 1040 1973 1077 cau-

384 1125 494 1162 sam
531 1122 674 1163 tuam
710 1111 966 1165 Dominus
1000 1125 1306 1180 prosperam
1357 1113 1531 1168 facere
1556 1129 1647 1168 sua
1676 1117 1871 1184 pietate
1895 1116 1973 1169 di-

386 1209 600 1269 gnetur.
637 1201 705 1255 Et
736 1202 861 1255 ille:
889 1202 1125 1258 rat-iam.
1157 1203 1346 1271 inquit,
1383 1220 1714 1274 quacunque
1755 1207 1973 1259 manda-

388 1293 549 1346 veris.
587 1293 710 1345 llatc
738 1308 803 1346 eo
849 1292 1082 1357 dicente,
1114 1294 1417 1350 valedicens
1446 1297 1658 1351 Aridius
1686 1298 1968 1367 discessit,

386 1396 436 1435 et
490 1383 558 1435 ad
610 1382 1051 1438 Chlodovechum
1098 1400 1277 1456 regem
1324 1386 1533 1451 abiens,
1557 1389 1829 1444 ait:Ecce
1872 1406 1972 1459 ego

382 1478 599 1532 humilis
629 1494 814 1532 servus
839 1477 866 1516 δ
902 1490 1042 1543 tuus,
1074 1480 1312 1549 piissime
1341 1496 1466 1548 rex,
1499 1482 1564 1535 ad
1611 1492 1751 1537 tuam
1786 1496 1972 1552 poten-

392 1570 520 1620 tiam
555 1568 735 1633 venio,
766 1568 1074 1638 relinquens
1101 1570 1247 1623 illum
1288 1570 1642 1625 miserrimum
1688 1571 1970 1630 Gundeba-

379 1659 527 1713 dum.
567 1659 720 1726 Quod
769 1661 813 1714 si
846 1676 932 1715 me
977 1661 1145 1729 pietas
1190 1672 1274 1715 tua
1326 1664 1597 1732 respicere
1642 1677 1664 1704 ο
1697 1666 1964 1738 dignatur,

2077 470 2377 539 indignans,
2408 473 2549 542 quod
2584 476 2739 528 fuerit
2767 476 2975 544 ejectus
3017 479 3087 533 ab
3112 481 3246 535 urbe
3279 497 3402 535 cuin
3431 488 3662 549 ca‘teris,

2075 564 2141 617 ad
2173 564 2562 620 Gundobadum
2600 567 2913 624 furibundus
2951 572 3116 641 vadit,
3148 574 3391 629 indicans
3437 578 3665 645 qualiter

2075 657 2346 711 civitatem
2381 657 2705 727 irrumpens,
2740 661 2998 717 ultionem
3030 677 3308 721 exerceret
3340 669 3391 720 in
3418 668 3660 725 fratrem.

2074 749 2171 804 illo
2197 766 2407 819 quoque
2436 752 2594 817 duce,
2627 755 2865 809 exercitu
2897 772 2992 824 per
3021 759 3393 827 aqumductum
3425 760 3655 829 directo,

2075 844 2258 899 multis
2294 861 2415 899 cum
2447 846 2635 901 ferreis
2677 849 2918 905 vectibus
2950 852 3390 919 prmeedentihus,
3426 864 3542 909 erat
3569 871 3664 910 au-

2074 944 2181 989 tem
2215 936 2542 1000 spiraculum
2583 939 2723 993 illius
2755 941 2930 1009 lapide
2960 958 3151 1011 magno
3181 945 3517 1010 conclusum,
3549 962 3657 1016 quo

2073 1040 2195 1080 cum
2226 1028 2469 1082 vectibus
2500 1030 2606 1083 illis
2634 1046 2728 1099 per
2757 1032 3122 1101 magisterium
3153 1036 3376 1090 artilicis
3421 1039 3658 1107 repulso,

2072 1116 2339 1171 civitatem
2369 1118 2668 1174 introeunt:
2696 1124 2808 1192 88
2837 1123 3050 1193 illisque
3078 1125 3146 1179 de
3179 1142 3331 1180 muro
3357 1129 3658 1195 sagittanti-

2075 1206 2194 1270 bus,
2230 1207 2281 1261 hi
2314 1218 2457 1279 terga
2489 1217 2825 1278 praeveniunt
2853 1211 2897 1268 ί.
2931 1214 3062 1269 Dato
3089 1226 3264 1271 autem
3295 1218 3362 1271 de
3391 1221 3564 1274 medio
3585 1222 3661 1275 ci-

2073 1298 2249 1351 vitatis
2290 1314 2423 1353 sono
2465 1301 2703 1357 buccina;
2729 1344 2744 1369 ,
2795 1304 3107 1361 obsidentes
3161 1319 3340 1375 portas
3389 1312 3655 1382 capiunt,

2072 1390 2376 1455 apertisque
2408 1394 2607 1460 pariter
2653 1395 3040 1463 ingrediuntur.
3072 1398 3314 1469 Cumque
3356 1402 3496 1458 inter
3524 1406 3657 1458 duas

2076 1479 2169 1531 has
2199 1483 2344 1536 acies
2378 1486 2601 1553 pnpnlns
2634 1487 2780 1541 urbis
2814 1489 2880 1541 ab
2912 1500 3139 1561 utroque
3162 1495 3401 1549 exercitu
3427 1497 3656 1552 caedere-

2074 1578 2182 1634 tur,
2209 1572 2559 1643 Gudegiselns
2586 1578 2651 1631 ad
2683 1580 2963 1635 ecclesiam
2990 1582 3359 1640 haereticorum
3391 1589 3652 1660 confugit,

2073 1661 2250 1730 ibique
2274 1680 2393 1719 cun:
2420 1668 2675 1739 episcopo
2708 1673 2905 1726 Ariano
2939 1674 3248 1731 interfectus
3279 1690 3382 1734 est.
3418 1681 3656 1751 Denique

384 1751 652 1818 integrum
707 1749 757 1802 in
806 1766 893 1805 me
944 1751 1200 1830 famulum
1243 1760 1405 1823 atque
1437 1754 1671 1824 ﬁdelem,
1703 1767 1758 1812 et
1786 1768 1838 1814 tu
1865 1802 1879 1824 ,
1913 1773 1964 1816 et
1997 1752 2045 1812 B
2077 1751 2264 1806 FraDCi
2290 1793 2306 1818 ν
2339 1757 2427 1839 ιιμί
2475 1760 2612 1826 apud
2646 1760 3020 1831 Godegiselum
3068 1778 3259 1835 erant,
3296 1772 3345 1825 in
3392 1788 3549 1827 unam
3572 1749 3658 1830 ﬁse

379 1844 580 1911 posteri
615 1842 689 1896 tui
723 1843 1007 1898 habebitis.
1036 1843 1207 1911 Quem
1237 1845 1331 1900 ille
1375 1848 1771 1916 promptissime
1815 1853 1965 1907 colli-

382 1948 535 2002 gens,
566 1948 749 1987 secum
776 1934 996 1988 retinuit
1024 1953 1037 1989 :
1066 1944 1183 1989 erat
1210 1937 1355 1991 enim
1382 1938 1647 2004 jocundus
1668 1939 1721 1995 in
1752 1942 1961 2009 fabulis,

384 2034 641 2077 strenuus
681 2024 731 2077 in
778 2024 1036 2090 consiliis,
1066 2024 1242 2093 justus
1288 2026 1340 2080 in
1366 2026 1604 2095 iudiciis,
1639 2039 1693 2083 et
1734 2032 1784 2084 in
1819 2047 1967 2086 cem-

381 2118 549 2169 misso
577 2114 773 2169 ﬁdelis.
811 2116 1046 2185 Denique
1073 2116 1453 2173 Chlodovecho
1478 2134 1596 2174 cum
1638 2123 1783 2175 omni
1811 2138 1965 2178 εχει-ο

380 2209 485 2262 ritu
515 2207 659 2263 circa
688 2223 869 2263 muros
900 2208 1046 2263 urbis
1076 2210 1364 2275 residente,
1396 2213 1505 2282 87
1536 2212 1611 2267 ait
1633 2214 1848 2269 Aridius
1872 2234 1885 2269 :
1911 2218 1965 2272 Si

382 2300 687 2367 dignanter,
739 2313 771 2351 ο
802 2314 917 2363 rex,
948 2299 1118 2368 gloria
1148 2300 1481 2355 celsltudinis
1513 2312 1615 2357 tua:
1642 2318 1842 2373 paucos
1868 2306 1967 2360 hu-

380 2390 622 2442 militatis
651 2404 782 2443 meae
808 2404 1083 2445 sermones
1117 2392 1242 2445 velit
1287 2393 1555 2461 accipere,
1585 2395 1813 2451 consilio
1843 2398 1967 2453 licet

380 2496 488 2533 non
522 2480 746 2550 egeatis,
772 2489 949 2535 tamen
982 2480 1086 2537 lide
1116 2482 1315 2552 integra
1343 2483 1685 2553 ministrabo;
1717 2486 1964 2556 idemque

387 2573 465 2625 κει
512 2572 606 2626 tibi
659 2587 990 2643 congruum,
1025 2574 1110 2629 vel
1160 2572 1464 2630 civitatibus
1510 2576 1647 2643 erit,
1699 2593 1793 2647 per
1832 2594 1964 2649 quas

382 2664 613 2718 transire
649 2662 933 2718 deliberas.
982 2662 1111 2729 Cur,
1146 2665 1361 2737 inquit,
1395 2667 1598 2723 retines
1629 2668 1959 2737 exercitum,

382 2772 503 2810 eum
536 2756 661 2812 loco
690 2757 999 2812 ﬁrmissimo
1046 2767 1169 2815 tuus
1213 2759 1444 2816 resideat
1487 2762 1769 2817 inimicus?
1798 2764 1967 2832 Depo-

384 2849 583 2917 pularis
615 2864 794 2919 agros,
823 2859 973 2920 prata
1010 2852 1274 2920 depascis,
1307 2854 1490 2909 vineas
1516 2856 1752 2912 dissecas
1776 2852 1823 2923 ά,
1868 2857 1967 2911 oli-

383 2951 496 2997 leta
546 2942 813 3006 succidis,
847 2957 1142 3013 omnesque
1192 2946 1430 3016 regionis
1477 2950 1682 3007 fructus
1727 2953 1960 3009 evertis:

384 3033 593 3086 interim
626 3043 680 3087 et
710 3032 782 3087 illi
814 3046 1012 3088 nocere
1058 3048 1162 3091 non
1192 3039 1474 3105 przevales.
1506 3039 1651 3096 Mitte
1681 3044 1853 3111 potius
1885 3043 1961 3098 le-

2070 1843 2254 1898 turrim
2286 1860 2633 1918 congregant.
2668 1852 3028 1909 Gnndobadus
3063 1873 3240 1914 autem
3262 1864 3441 1931 jussit,
3474 1884 3539 1920 ne
3565 1871 3655 1923 ttni

2068 1935 2281 2004 quidem
2315 1954 2377 1991 ex
2418 1940 2546 2007 ipsis
2574 1942 2784 2012 aliquid
2816 1958 3134 2003 noceretur:
3170 1955 3261 2006 sed
3294 1958 3657 2024 apprehensus

2066 2039 2161 2080 eos
2192 2026 2400 2082 Tniosaz
2430 2030 2480 2083 in
2513 2035 2764 2088 exsilium
2792 2037 2856 2089 ad
2890 2039 3159 2097 Alaricum
3190 2059 3369 2113 regem
3402 2057 3655 2105 transmi-

2067 2118 2159 2183 sit,
2192 2119 2487 2177 iiiterl'ectis
2533 2126 2894 2192 senatoribus,
2947 2130 3528 2207 Burgundionibnsqne
3559 2146 3650 2212 qui

2064 2211 2385 2282 Golegiselo
2413 2231 2823 2278 consenserant.
2876 2225 2995 2294 lpse
3035 2244 3163 2284 vero
3212 2235 3487 2304 regionem
3533 2211 3654 2293 oin-

2071 2316 2212 2364 nem,
2245 2319 2365 2372 quaa
2417 2323 2556 2362 nunc
2603 2311 2908 2380 Burgundia
2936 2316 3152 2389 dicitur,
3186 2323 3236 2376 in
3288 2340 3386 2380 suo
3416 2329 3653 2385 dominio

2068 2396 2408 2449 restauravit.
2466 2398 2928 2470 Burgundionibus
2982 2408 3181 2480 leges!
3211 2416 3453 2472 mitiores
3502 2420 3652 2476 insti-

2066 2492 2185 2555 tuit,
2218 2506 2285 2545 ne
2318 2492 2589 2551 Romanos
2617 2501 3004 2567 Opprimerent.

2135 2658 2375 2719 XXXIV.
2412 2663 2544 2721 Cum
2574 2678 2750 2727 autem
2795 2677 3135 2744 cognovisset
3169 2685 3498 2741 assertiones
3540 2688 3651 2744 haz-

2064 2752 2352 2808 reticorum
2386 2756 2519 2811 nihil
2550 2774 2696 2824 esse,
2732 2778 2761 2816 a
2792 2777 2982 2822 sancto
3012 2769 3169 2825 Avito
3203 2775 3455 2845 episcopo
3488 2778 3649 2835 Vien-

2065 2845 2217 2898 nensi
2244 2841 2294 2910 ³³,
2325 2848 2595 2904 Christum
2628 2853 2823 2910 Filium
2874 2858 2967 2923 Dei
3014 2872 3067 2915 et
3100 2862 3357 2932 Spiritum
3391 2841 3649 2930 sanctum

2063 2936 2325 3003 aequalem
2365 2939 2509 2994 Patri
2538 2942 2840 3013 confessus,
2876 2950 3014 3004 clam
3047 2962 3105 3006 ut
3132 2955 3522 3016 chrismaretur
3549 2978 3647 3017 ex-

2064 3028 2235 3096 petiit.
2259 3030 2357 3085 Cui
2377 3033 2452 3086 ait
2470 3037 2723 3091 sacerdos
2747 3055 2764 3093 :
2788 3041 2842 3095 Si
2870 3057 2995 3097 vere
3023 3046 3221 3115 credis,
3248 3052 3388 3119 quod
3414 3067 3511 3108 nos
3539 3055 3650 3125 ipse

381 3126 669 3193 gationem,
696 3135 751 3180 et
782 3126 1036 3181 tributum
1060 3168 1076 3194 ,
1109 3131 1249 3198 quod
1283 3131 1377 3185 tibi
1406 3134 1560 3188 annis
1597 3136 1822 3206 singulis
1848 3137 1948 3192 dis-

2071 3117 2326 3175 Dominus
2352 3122 2566 3179 edocuit
2611 3129 2777 3184 debes
2817 3148 3110 3203 exsequere
3151 3137 3193 3191 ί.
3224 3116 3313 3193 Ait
3338 3156 3515 3197 autem
3541 3116 3646 3213 ,ISi

386 3219 595 3283 solvat,
628 3218 877 3286 impone;
908 3228 967 3273 ut
1008 3227 1061 3273 et
1091 3220 1236 3290 regio
1265 3222 1410 3277 salva
1454 3224 1542 3291 sit,
1576 3235 1629 3281 et
1671 3234 1724 3281 ιιι
1769 3230 1963 3286 tributa

381 3308 695 3362 dissolventi
747 3318 1003 3377 perpetuo
1046 3309 1379 3368 domineris:
1408 3316 1549 3383 quod
1596 3318 1641 3371 si
1688 3320 1961 3387 uoluerit,

386 3409 507 3453 tunc
536 3402 679 3469 quod
712 3401 923 3457 libuerit
964 3400 1148 3457 facies.
1181 3405 1299 3472 Quo
1327 3408 1554 3462 consilio
1584 3424 1676 3465 rex
1719 3422 1960 3482 accepto,

382 3494 585 3546 hostem
614 3501 639 3529 θ
670 3493 845 3547 redire
870 3493 1023 3562 jubet
1050 3494 1116 3548 ad
1166 3499 1402 3566 prOpria.
1433 3497 1580 3553 Tunc
1610 3501 1768 3555 missa
1818 3504 1965 3572 lega-

382 3584 524 3639 tione
555 3585 621 3637 ad
669 3584 1084 3652 Gundobadum,
1112 3598 1171 3640 ut
1201 3588 1248 3642 ei
1282 3604 1376 3656 per
1402 3592 1642 3660 singulos
1674 3608 1842 3649 annos
1872 3596 1965 3648 tri-

384 3676 504 3729 b'ita
538 3676 789 3745 imposita
836 3677 1059 3733 reddere
1107 3680 1317 3745 debeat,
1347 3682 1518 3751 jubet.
1563 3687 1630 3739 At
1684 3686 1771 3741 ille
1817 3688 1963 3742 etde

389 3771 643 3838 prazsenti
674 3769 853 3829 solvit,
881 3778 934 3824 et
958 3771 1213 3841 deinceps
1239 3773 1536 3828 soluturum
1569 3790 1692 3831 esse
1728 3792 1787 3833 se
1834 3794 1963 3847 pro-

385 3860 560 3913 mittit.
601 3904 607 3909 .

449 3950 689 4005 XXXIII.
732 3951 975 4008 Posthtec
1022 3955 1306 4023 resumptis
1354 3955 1579 4023 viribus,
1623 3956 1731 4026 jam
1779 3959 1960 4029 deSpi-

380 4048 520 4103 ciens
557 4052 669 4118 regi
704 4050 1081 4104 Chlodovecho
1114 4052 1301 4105 tributa
1334 4053 1593 4120 promissa
1643 4056 1956 4123 dissolvere,

380 4152 559 4194 contra
591 4142 965 4212 Godegiselum
1010 4145 1228 4199 fratrem
1277 4160 1429 4199 suum
1475 4150 1767 4204 exercitum
1814 4167 1961 4207 com-

384 4234 569 4300 movit,
613 4250 843 4302 eumque
886 4236 1023 4303 apud
1071 4237 1325 4290 Viennam
1375 4238 1645 4295 civitatem
1694 4239 1958 4299 inclusum

380 4325 607 4379 obsedit.
650 4325 839 4379 Verum
871 4326 958 4378 ubi
994 4328 1189 4381 minori
1221 4331 1420 4399 populo
1443 4331 1694 4387 alimenta
1725 4335 1960 4392 deiicere

376 4426 671 4493 meper-unt,
703 4418 897 4471 timens
919 4415 1293 4488 Godegiselus,
1321 4438 1387 4479 ne
1413 4424 1478 4478 ad
1508 4439 1567 4479 se
1593 4442 1764 4497 usque
1792 4432 1957 4487 fames

2067 3211 2183 3280 quis
2213 3228 2291 3267 me
2314 3220 2578 3283 confessus
2622 3223 2779 3289 fuerit
2806 3238 2980 3277 coram
3013 3226 3335 3296 hominibus,
3378 3238 3649 3303 conﬁtebor

2068 3313 2118 3354 et
2147 3317 2239 3373 ego
2268 3322 2382 3359 eum
2410 3323 2582 3362 coram
2612 3308 2772 3365 Patre
2798 3330 2931 3381 meo,
2973 3319 3061 3386 qui
3113 3330 3188 3373 est
3217 3322 3269 3374 in
3301 3324 3462 3378 cretis.
3496 3326 3597 3392 Qui
3624 3331 3639 3380 l

2066 3404 2233 3448 autem
2276 3402 2530 3466 negaverit
2574 3416 2653 3453 me
2681 3417 2853 3456 coram
2888 3406 3214 3476 hominibus,
3250 3415 3442 3483 negabo
3471 3427 3518 3470 et
3558 3435 3650 3490 ego

2065 3501 2181 3539 eum
2205 3503 2375 3542 coram
2412 3490 2565 3545 Patre
2594 3511 2707 3549 meo
2726 3498 2810 3565 qui
2834 3508 2904 3552 est
2931 3500 2984 3554 in
3009 3501 3151 3556 caelis
3181 3504 3396 3576 (Matth.
3428 3526 3479 3575 x,
3510 3513 3579 3567 52
3604 3521 3657 3567 et

2066 3575 2183 3646 55).
2220 3579 2309 3634 Sic
2337 3591 2392 3636 et
2419 3584 2548 3653 ipsis
2588 3589 2786 3644 sanctis
2830 3605 2894 3644 ac
2922 3593 3131 3649 dilectis
3163 3575 3275 3654 suis
3318 3600 3489 3657 beatis
3518 3620 3649 3675 apo-

2066 3670 2215 3722 stolis
2244 3669 2292 3735 k,
2324 3689 2445 3727 cum
2479 3676 2545 3730 de
2593 3677 2784 3734 futura.-
2831 3687 3218 3749 persecutionis
3258 3669 3646 3752 tentationibus

2066 3757 2305 3824 doceret,
2341 3762 2651 3833 insinuavit,
2685 3771 2907 3829 dicens:
2932 3774 3193 3834 Attendite
3220 3784 3359 3837 vobis
3384 3786 3447 3839 ab
3474 3787 3646 3844 Immi-

2066 3848 2234 3903 nibus.
2288 3851 2513 3908 Tradent
2569 3858 2701 3910 enim
2751 3875 2836 3913 ros
2878 3864 2929 3916 in
2996 3869 3247 3940 conciliis,
3300 3885 3345 3927 et
3386 3876 3438 3929 in
3495 3897 3645 3949 syna-

2063 3942 2207 4010 gogis
2247 3945 2355 3997 suis
2403 3949 2737 4018 ﬂagellabant
2765 3968 2873 4018 vos,
2913 3964 2961 4009 et
3001 3970 3119 4013 ante
3165 3978 3304 4033 reges
3333 3978 3379 4019 et
3409 3942 3647 4038 prwiides

2064 4032 2263 4085 stabilis
2277 4045 2483 4103 prapter
2500 4054 2578 4089 me
2590 4040 2639 4091 in
2664 4042 3009 4098 testimonium
3030 4049 3156 4114 illis,
3182 4032 3233 4104 et
3249 4032 3480 4111 omnibus
3500 4057 3516 4098 ¹
3536 4078 3647 4129 gen-

2064 4121 2198 4174 tibus
2229 4122 2443 4193 (Matt/t.
2472 4142 2524 4192 x,
2562 4127 2677 4197 17).
2700 4130 2778 4184 Tn
2812 4148 2936 4187 vero
2960 4150 3079 4191 cum
3109 4140 3187 4195 sis
3208 4156 3321 4208 rex,
3363 4158 3413 4200 et
3444 4164 3470 4199 a
3497 4121 3645 4206 nullo

2064 4214 2399 4280 apprehendi
2448 4216 2723 4286 formidas,
2773 4224 3093 4282 seditionem
3127 4236 3369 4298 pavescis
3422 4240 3645 4305 populi,

2064 4319 2132 4358 ne
2162 4305 2469 4362 Creatorem
2498 4312 2736 4366 omnium
2788 4315 2841 4368 in
2874 4320 3085 4385 publico
3114 4322 3351 4380 fatearis.
3388 4328 3645 4400 Relinque

2064 4395 2201 4451 hanc
2229 4399 2532 4469 stultitiam,
2560 4412 2615 4456 et
2638 4405 2777 4475 quod
2809 4410 2972 4463 corde
3002 4420 3054 4464 te
3101 4412 3237 4467 dicis
3264 4418 3374 4486 89
3402 4395 3644 4489 credere,

374 4487 774 4571 extenderetnr,
802 4509 961 4575 jussit
990 4487 1184 4577 expelli
1225 4487 1462 4570 minores
1500 4487 1777 4587 populi-ab
1803 4524 1952 4580 urbe.
1986 4494 2032 4554 Ι)
2061 4500 2155 4587 ore
2184 4487 2362 4587 piare].
2404 4490 2661 4587 in.P_lebe'
2696 4495 2784 4587 Si?
2812 4499 3009 4552 etenim
3040 4509 3093 4553 et
3140 4504 3328 4559 bemus
3356 4511 3643 4579 ΑΡ⁰⁵¹⁰¹¹¹⁸

340 4614 345 4615 ί
381 4600 493 4661 Quo
524 4596 665 4651 facto
708 4600 963 4668 expulsus
992 4610 1076 4657 est
1123 4603 1270 4659 inter
1298 4618 1524 4662 caeteros
1553 4610 1744 4666 artifex
1773 4613 1859 4669 ille
1888 4617 1954 4671 ab

442 4737 477 4807 ﬁ
497 4728 596 4784 llic
614 4731 828 4807 omissis
854 4732 1056 4802 aliquot
1074 4736 1357 4807 capitibus,
1383 4742 1650 4797 nonnullis
1670 4745 1830 4800 etiam
1857 4748 1953 4804 de-

377 4799 533 4863 tritis,
560 4802 681 4854 cod.
718 4802 920 4859 Bellov.
942 4799 1156 4859 textum
1190 4799 1433 4864 resumit.

440 4868 466 4907 ι’
506 4870 563 4923 ln
596 4871 725 4926 Bell.
758 4881 811 4926 et
848 4874 975 4929 Bec.
1007 4878 1160 4931 deest
1183 4894 1376 4935 servus.

445 4948 467 5016 ξ
514 4941 731 5016 aliquot
757 4945 945 5011 scripti
975 4955 1028 5000 et
1055 4949 1169 5011 ed.,
1202 4951 1449 5016 recipere.

442 5007 467 5045 ἀ
492 5010 601 5091 _Sic
622 5007 774 5091 mssa
793 5007 984 5091 omnes
1011 5007 1203 5091 praeter
1232 5007 1381 5091 Colb.
1414 5024 1501 5091 qui
1527 5023 1689 5081 habet
1721 5027 1946 5086 deseras.

374 5080 617 5159 Plerique
647 5084 774 5138 editi
797 5100 921 5159 cum
952 5080 1097 5159 Bec._.
1131 5089 1372 5159 dissipas.

444 5160 469 5188 '
508 5153 598 5207 Sic
641 5169 772 5209 mss.
815 5156 946 5210 Bell.
973 5166 1027 5211 et
1055 5153 1269 5226 Corb.;'
1299 5170 1350 5214 at
1391 5162 1479 5218 alii
1518 5165 1713 5221 habent
1756 5170 1948 5225 hostem

374 5225 554 5296 patriae
595 5226 786 5290 redire,
818 5237 925 5281 etc.
958 5228 1059 5282 Sed
1108 5230 1193 5283 hic
1232 5225 1390 5286 hostis
1435 5237 1652 5291 nomine
1683 5244 1950 5296 exercitus

373 5294 631 5370 signatur,
660 5311 817 5363 quem
835 5307 1109 5370 nostrates
1144 5304 1507 5370 superioribus
1522 5310 1732 5364 saeculis
1761 5294 1950 5367 verna:-

373 5366 488 5437 cule
519 5366 670 5437 t‘host
693 5369 963 5437 appellare
992 5366 1399 5428 consueverant.

443 5432 463 5470 ί
503 5432 883 5506 ᾼΙῖιιιιοιίἰιες.
917 5451 970 5495 et
998 5443 1108 5506 ed.,
1144 5454 1398 5505 premunt.

439 5512 463 5550 ε
501 5505 672 5576 Leges
696 5507 799 5561 ille
825 5512 987 5565 etiam
1020 5528 1160 5568 nunc
1187 5516 1255 5567 ab
1280 5515 1586 5574 institutore
1618 5535 1810 5578 nomen
1860 5523 1949 5578 ha-

373 5572 516 5650 bent,
537 5572 706 5650 vulgo
737 5580 811 5634 les
842 5578 1149 5638 Gombettes.
1200 5584 1307 5638 Lex
1332 5572 1945 5650 Gundebada'invéaroii

377 5644 547 5726 biagni
576 5644 995 5726 Capitularibus,
1043 5664 1097 5708 et
1125 5656 1272 5726 apud
1303 5644 1646 5726 Agobardum
1678 5644 1945 5721 Quirinii:

379 5714 731 5776 Habentur—in
754 5721 942 5780 codice
965 5714 1138 5794 legum
1160 5714 1529 5801 antiquarum,
1736 5714 1949 5806 {Junii

2061 4578 2138 4633 ait
2164 4595 2180 4633 :
2204 4579 2368 4635 Corde
2396 4574 2621 4637 creditur
2659 4587 2724 4639 ad
2747 4584 3000 4651 justitiam
3024 4636 3039 4660 ,
3072 4612 3157 4650 ore
3188 4611 3358 4655 autem
3392 4574 3644 4675 confessio

2055 4751 2338 4841 junis'feci't
2360 4755 2660 4841 Eridericus
2687 4760 3133 4841 bindenbrogius.

2128 4818 2157 4903 ξι
2201 4825 2254 4876 ln
2298 4826 2591 4910 Coll-alioue
2635 4818 2841 4888 scilicet
2889 4818 3289 4904 {inmitti—{inter
3335 4850 3628 4910 catholicos

2058 4900 2341 4991 episcopos
2371 4906 2423 4991 ξι
2451 4900 2696 4991 Avienus,
2732 4900 2994 4991 prmsente
3027 4928 3155 4991 rege
3182 4900 3635 4991 etregninprn‘c‘e:

2058 4965 2226 5055 ribus,
2262 4965 2500 5055 μιξέῗηί
2537 4965 2922 5055 habita,'quam
2966 4965 3639 5055 ιηιηῗἰτιἋρἶῖἔίἱιιὲέΤᾲ

2056 5032 2312 5115 feremus.
2346 5037 2476 5093 Vide
2504 5049 2560 5094 et
2584 5032 2824 5112 ejusdem
2867 5056 2925 5105 δ.
2959 5032 3099 5107 Aviti

2056 5104 2423 5159 Strmondum.

2101 5120 2423 5163 Irmondum.

2134 5172 2695 5269 :“Sicmt‘e‘orhanellz,
2725 5187 2842 5269 Cas.
2876 5200 2927 5244 et
2954 5192 3108 5261 Bec.;
3146 5206 3198 5249 at
3230 5197 3429 5269 Begm.
3476 5204 3638 5265 habet

2059 5244 2461 5326 debes__exsequi.
2493 5244 2692 5309 Czrteri'
2714 5259 2961 5314 omittunt
2994 5244 3174 5318 vocem
3202 5244 3369 5323 debes):

2135 5317 2149 5365 i
2201 5317 2328 5405 Huic
2366 5317 2555 5405 usque
2590 5326 2655 5378 ad
2699 5328 2775 5405 sic
2814 5344 2860 5382 et
2903 5334 3081 5405 ipsos,
3125 5317 3540 5401 nonﬂlia'hentur
3585 5352 3636 5405 in

2060 5384 2261 5488 ῐξεηξιςιιὁ
2281 5398 2343 5472 ει.
2367 5384 2515 5488 sed”
2545 5398 2593 5488 i'n
2624 5399 2847 5488 quibus,
2869 5384 2986 5482 cu'tn
3026 5384 3638 5488 frequen!iaus'tiiii‘epts':

2056 5460 2519 5542 nitidil‘Scriptnrte
2548 5460 2684 5542 loca,
2714 5480 2771 5519 ut
2800 5460 3079 5534 plurimum
3112 5460 3455 5542 tinnitu—nini;

2132 5527 2364 5624 “millollb;
2379 5549 2498 5588 cum
2532 5527 2810 5624 plerisque
2830 5542 3009 5624 editis,
3228 5527 3236 5531 ‘
3410 5527 3635 5615 lianctos

2055 5614 2116 5653 ac
2136 5601 2358 5676 dilectos
2387 5621 2507 5676 suos
2534 5601 3010 5676 bealosiapostolos.

2134 5669 2849 5767 ξ’Χῗξιιιζήζιέὺξιξ.ι1ςεδιόξιι
2881 5669 3147 5759 plerisque
3193 5706 3323 5751 mss.
3375 5706 3429 5754 et
3474 5699 3630 5767 edit.,

2053 5742 2149 5798 sed
2181 5741 2405 5800 habetur
2435 5744 2487 5799 in
2517 5741 2920 5809 vetustioribus.
