4008 6184
362 276 462 332 251

1392 261 1450 316 S.
1495 253 1825 314 GREGORII
1868 247 2172 307 EPISCOPI
2211 238 2656 301 TURONENSIS
2700 280 2703 283 λ

3532 232 3632 285 ἓῦἳ

369 398 426 465 ﬁt
454 396 522 447 ad
558 389 772 446 salutem
793 395 821 424 ι
851 385 1028 456 (llam.
1077 396 1131 443 x,
1169 375 1280 448 Hk).
1312 374 1402 430 Sic
1431 384 1485 429 et
1518 370 1779 440 Propheta
1828 366 1941 420 ait:
1972 368 2020 423 Α
2049 378 2166 416 rum
2199 360 2383 416 feritas
2414 368 2595 426 portas
2630 359 2874 424 ingressa
2904 387 2918 409 .
2949 360 3047 465 per
3077 356 3264 465 tp‘tant,
3295 357 3353 403 ut
3382 349 3636 419 scripsit,

372 455 660 555 'Conﬁtebor
690 480 800 545 tibi,
828 455 1063 537 Domine,
1090 472 1143 524 in
1171 468 1403 522 Ecclesia
1433 480 1642 535 magna,
1672 461 1725 514 in
1758 455 1949 529 populo

371 551 511 651 graui
558 572 780 631 laudabo
828 581 874 621 te
918 564 1144 635 (Psalm.
1194 574 1377 623 xxxrv,
1435 554 1548 625 18).
1600 554 1661 608 Et
1714 551 1946 604 iterum:

371 643 657 737 bariﬁtebor
685 662 773 716 tibi
796 661 848 712 in
872 658 1093 729 populis,
1126 652 1360 714 Domine,
1388 646 1643 717 psalmum
1669 643 1834 695 dicam
1856 655 1954 692 uo.

372 732 493 818 mini
525 770 612 813 tuo
660 756 791 808 inter
821 760 987 822 gentes
1013 745 1235 816 (Psalm.
1268 757 1374 806 LVI,
1401 740 1512 807 10).
1546 738 1786 793 Metuens
1812 732 1954 788 enim

376 855 649 924 populum,
681 862 714 901 0
746 861 868 907 rex,
902 842 1114 912 ignoras
1144 840 1264 906 quia
1302 837 1469 890 satius
1500 840 1602 893 est,
1633 840 1686 884 ut
1720 825 1954 896 populus

374 922 627 1015 sequatur
656 940 811 993 ﬁdem
845 946 1010 999 tuam,
1044 946 1201 1001 quam
1232 940 1285 983 tu
1333 924 1629 982 inlirmitati
1659 922 1841 975 faveas
1866 933 1959 987 po-

381 1036 596 1109 pulari?
630 1035 708 1087 Tu
739 1032 883 1087 enim
911 1044 969 1082 es
995 1036 1153 1096 caput
1180 1022 1389 1095 populi,
1420 1036 1522 1073 non
1556 1016 1781 1086 populus
1802 1019 1961 1080 caput

379 1106 552 1186 tuum.
582 1126 634 1182 Si
663 1124 805 1179 enim
850 1120 916 1173 ad
965 1119 1166 1173 bellum
1203 1111 1577 1183 proﬁciscaris,
1615 1120 1667 1161 tu
1699 1106 1961 1176 praecedis

377 1232 633 1278 catervas
655 1217 913 1280 hostium,
944 1221 1000 1265 et
1032 1212 1139 1265 illa:
1182 1224 1288 1279 quo
1317 1206 1514 1260 abieris
1542 1202 1961 1271 subsequuntur.

386 1313 540 1369 Unde
570 1308 760 1364 melius
788 1315 891 1370 est,
922 1313 980 1357 ut
1008 1314 1060 1356 te
1090 1298 1426 1371 praecedente
1452 1302 1782 1365 cognoscant
1824 1290 1971 1345 veri-

383 1415 567 1468 tatem,
593 1417 750 1472 quam
780 1407 830 1452 te
865 1402 1119 1465 pereunte
1146 1398 1493 1462 permaneant
1522 1388 1572 1441 in
1597 1400 1804 1441 errore.
1829 1382 1961 1435 Nam

384 1497 525 1550 Deus
576 1509 679 1546 non
722 1488 968 1543 irridetur
1015 1484 1162 1554 (Gal.
1211 1497 1285 1545 vr,
1338 1479 1394 1551 7)
1426 1497 1437 1532 :
1467 1494 1566 1532 nec
1611 1477 1753 1531 enim
1804 1472 1973 1542 diligit

384 1586 561 1649 illum,
593 1582 681 1650 qui
716 1587 934 1649 propter
965 1586 1235 1628 terrenum
1272 1583 1493 1637 regnum
1527 1581 1646 1620 eum
1676 1580 1779 1618 non
1808 1561 1973 1616 conli-

385 1685 524 1730 tetur
554 1674 606 1726 in
635 1671 854 1725 sarculo.
885 1667 989 1722 Ista
1040 1664 1128 1718 ille
1157 1662 1365 1716 ratione
1399 1655 1676 1719 confusus,
1710 1670 1879 1724 usque
1907 1653 1972 1708 ad

2052 452 2238 506 urbem
2288 449 2418 503 nihil
2463 456 2707 502 metuens
2749 441 3056 500 oberrabttt.
3101 439 3343 509 Cumque
3394 447 3507 495 haec
3543 458 3638 512 per

2053 543 2177 597 anni
2222 541 2481 596 circulum
2527 546 2862 609 gererentur,
2895 532 3311 590 advenientibus
3361 532 3637 591 Paschalis

2055 635 2419 690 solemuitatis
2448 632 2659 700 diebus,
2693 630 3039 699 exspectabat
3081 628 3504 684 misericordiam
3547 628 3641 683 Dei

2057 728 2211 797 plebs
2236 734 2344 780 tota
2373 725 2587 788 devote,
2611 734 2667 778 ut
2695 725 2778 779 vel
2810 723 2897 777 hic
2924 738 3131 792 magnae
3153 723 3508 778 solemnitatis
3530 724 3644 779 dies

2059 818 2184 873 huic
2213 816 2406 873 terrori
2451 816 2737 870 terminum
2768 814 2943 869 daiet.
2990 814 3095 870 Sed
3145 815 3198 868 in
3249 814 3364 881 ipsa
3396 814 3645 883 gloriosae

2061 911 2233 964 noctis
2256 908 2457 978 vigilia,
2481 908 2608 962 dum
2637 906 2915 960 Missarum
2940 906 3339 960 celebrarentur
3364 906 3644 971 Solemnia,

2063 1002 2241 1057 subito
2286 1001 2541 1072 palatium
2590 999 2766 1068 regale
2807 999 3265 1052 intramuraneum
3297 997 3481 1051 divino
3528 997 3649 1065 igne

2065 1092 2426 1155 succenditur,
2463 1104 2656 1159 pavore
2688 1090 2938 1143 omnibus
2986 1087 3321 1157 perterritis,
3370 1100 3425 1143 et
3471 1090 3643 1142 eccle-

2068 1184 2205 1237 siam
2239 1182 2503 1251 egressis,
2536 1180 2877 1235 credentibus
2906 1194 2971 1233 ne
2998 1191 3082 1232 aut
3115 1180 3216 1233 hoc
3243 1178 3498 1233 incendio
3524 1178 3649 1231 urbs

2071 1282 2181 1329 tota
2200 1280 2633 1337 consumeretur,
2656 1280 2746 1325 aut
2771 1281 2917 1325 certe
2941 1270 3179 1338 disrupta
3205 1270 3392 1323 tellure
3416 1269 3650 1324 dehisce-

2070 1376 2176 1431 ret,
2207 1374 2424 1420 sanctus
2472 1363 2727 1419 sacerdos
2780 1371 3080 1431 prostratus
3131 1370 3254 1415 ante
3300 1364 3489 1425 altare,
3533 1375 3651 1415 cum

2071 1458 2272 1529 gemitu
2303 1467 2357 1512 et
2388 1456 2642 1526 lacrymis
2689 1454 2897 1509 Domini
2931 1454 3355 1508 misericordiam
3388 1456 3655 1522 impreca-

2081 1556 2189 1602 tur.
2222 1548 2359 1615 Quid
2392 1548 2581 1617 plura?
2614 1547 2912 1616 penetravit
2941 1547 3151 1600 excelsa
3183 1546 3290 1615 poli
3330 1546 3503 1600 oratio
3531 1562 3660 1613 pon-

2078 1639 2237 1694 tiﬁcis
2265 1640 2486 1708 inclyti,
2520 1638 2873 1705 restinxitque
2898 1637 3093 1691 domus
3118 1636 3422 1691 incendium
3454 1635 3656 1691 ﬂumen

386 1766 584 1819 exitum
614 1762 739 1815 vitae
769 1775 878 1814 sua:
907 1759 959 1811 in
1005 1756 1105 1809 hac
1134 1752 1337 1807 insania
1368 1749 1719 1820 perduravit,
1750 1762 1849 1801 nec
1877 1762 1977 1813 pu-
2009 1738 2056 1798 Β
2085 1731 2469 1800 Ι¹Γοί¹υθηῑίυ¹¹¹
2518 1730 2897 1799 lacrymarum-
2926 1728 3165 1797 culmi“
3208 1728 3319 1781 hinc
3356 1737 3662 1797 θεθτθιιιιιτ.

388 1856 527 1911 blice
553 1851 910 1921 aequalitatem
941 1845 1227 1902 Trinitatis
1257 1842 1424 1897 voluit
1462 1840 1728 1894 conﬁteri.
1778 1838 1976 1907 Magna:

390 1945 532 2000 enim
575 1941 837 1996 facundia:
880 1946 997 1993 erat
1044 1945 1170 1989 tunc
1217 1932 1473 2002 temporis
1519 1931 1705 1985 beatus
1746 1930 1973 1983 Avitus:

396 2053 627 2106 namque
656 2036 962 2101 iusurgente
991 2027 1181 2083 hazresi
1214 2026 1355 2095 apud
1388 2024 1571 2079 urbem
1601 2021 1978 2078 Constantino-

393 2130 705 2199 politanam,
729 2135 835 2177 tam
860 2123 947 2176 illa
973 2136 1131 2191 quam
1158 2116 1426 2187 Entyches
1452 2114 1499 2180 ι’,
1525 2129 1682 2184 quam
1708 2114 1797 2167 illa
1819 2127 1978 2181 quam

394 2216 661 2273 Sabellins
705 2213 930 2275 docuit,
984 2210 1036 2263 id
1067 2219 1152 2265 est
1202 2208 1332 2261 nihil
1381 2206 1678 2271 divinitatis
1730 2204 1982 2259 habuisse

398 2307 684 2361 Dominum
714 2312 955 2358 nostrum
984 2301 1166 2356 Jesum
1191 2298 1489 2363 Christum,
1518 2302 1741 2365 rogante
1766 2295 1983 2350 Gundo-

396 2399 536 2454 bado
566 2411 714 2467 rege,
764 2393 879 2464 ipse
909 2403 1095 2447 contra
1131 2405 1224 2447 eas
1270 2389 1506 2458 scripsit.
1539 2388 1762 2442 Exstant
1789 2386 1983 2442 exinde

395 2506 536 2549 nunc
565 2490 704 2560 apud
732 2504 828 2543 nos
861 2486 1102 2556 epistolae
1127 2485 1468 2539 admirabiles
1492 2526 1507 2549 ,
1541 2498 1661 2552 qum
1688 2482 1829 2537 sicut
1858 2491 1983 2535 tunc

396 2583 641 2639 hzcresim
668 2585 1071 2651 oppresserunt,
1105 2577 1176 2632 ita
1208 2591 1348 2631 nunc
1374 2576 1668 2630 Ecclesiam
1715 2574 1806 2628 Dei
1854 2571 1984 2627 aedi-

399 2679 562 2731 ﬁcant
591 2686 636 2728 ε.
666 2674 893 2743 Scripsit
920 2673 1063 2727 enim
1095 2670 1447 2726 Humiliarutn
1474 2668 1666 2723 librum
1711 2681 1873 2721 unum
1915 2665 1985 2720 de

400 2767 585 2823 mundi
617 2766 899 2834 principio,
945 2773 1000 2818 et
1042 2763 1110 2817 de
1157 2762 1387 2817 diversis
1426 2761 1544 2814 aliis
1588 2757 1985 2813 conditionibus

404 2861 573 2916 libros
604 2875 721 2926 sex,
750 2872 907 2912 versu
951 2854 1385 2925 compaginatus;
1421 2853 1772 2919 Epistolarum
1821 2849 1986 2904 libros

402 2968 615 3018 novem,
656 2954 794 3007 inter
821 2964 955 3020 quas
997 2946 1324 3017 supradictae
1353 2944 1697 3000 continentur
1720 2941 1984 3011 epistolae.

403 3048 585 3104 Refert
610 3046 753 3101 enim
800 3043 853 3099 in
879 3040 1112 3112 quadam
1163 3038 1407 3104 homilia,
1439 3050 1598 3107 quam
1629 3033 1697 3090 de
1737 3033 1987 3103 [legatio-

2079 1824 2545 1893 appropinquante
2575 1823 2925 1885 Ascensione,
2960 1814 3031 1873 ut.
3062 1818 3165 1889 jam
3195 1820 3455 1886 diximus,
3508 1823 3663 1889 maje-

2080 1918 2236 1975 SIatis
2266 1916 2587 1983 dominicae,
2621 1914 2812 1969 indixit
2853 1914 3061 1984 populis
3097 1914 3405 1982 jejunium,
3437 1914 3665 1969 instituit

2084 2009 2275 2065 orandi
2327 2007 2566 2074 modum,
2611 2007 2803 2061 edendi
2853 2006 3049 2060 seriem
3081 2004 3389 2074 °.erogaudi
3439 2006 3658 2060 hilarem

2088 2101 2569 2171 dispensationem.
2614 2098 2962 2152 Cessantibus
2993 2112 3208 2167 quoque
3235 2096 3428 2150 exinde
3457 2096 3666 2151 terrori-

2084 2195 2205 2260 bus,
2236 2208 2333 2262 per
2355 2201 2586 2246 cunctas
2613 2187 2914 2258 provincias
2935 2189 3182 2257 dispersa
3208 2188 3331 2242 lacti
3356 2187 3515 2253 fama,
3541 2203 3669 2243 cun-

2083 2294 2200 2341 ctos
2238 2283 2544 2338 sacerdotes
2591 2280 2787 2334 imitari
2833 2279 3190 2343 commonuit,
3234 2279 3377 2348 quod
3421 2279 3670 2335 sacerdos

2086 2375 2213 2429 fecit
2243 2388 2307 2429 ex
2340 2374 2443 2427 ﬁde
2474 2388 2486 2425 :
2515 2387 2636 2442 quae
2660 2386 2829 2439 usque
2858 2386 3002 2426 nunc
3024 2371 3077 2424 in
3105 2370 3306 2425 Christi
3338 2373 3552 2427 nomine
3580 2388 3671 2443 per

2084 2472 2275 2521 o‘mnes
2321 2463 2590 2519 Ecclesias
2619 2462 2671 2517 in
2718 2462 3137 2531 compunctione
3171 2462 3353 2518 cordis
3379 2471 3435 2517 et
3470 2464 3669 2518 contri.

2088 2558 2239 2612 tione
2276 2555 2498 2624 Spiritus
2523 2554 2850 2621 Celebratur.

2158 2649 2373 2707 XXXV.
2418 2648 2581 2719 Igitur
2608 2647 2851 2701 Alaricus
2900 2662 2993 2702 rex
3025 2645 3378 2711 Gotthornm,
3426 2663 3547 2702 cum
3591 2647 3675 2703 vi-

2086 2741 2241 2796 deret
2268 2739 2699 2794 Chlodovechum
2729 2754 2906 2809 regem
2928 2746 3115 2808 gentes
3142 2738 3355 2793 assidue
3383 2739 3672 2805 debellare,

2088 2834 2290 2903 legatos
2317 2830 2384 2886 ad
2415 2846 2538 2886 eum
2586 2830 2787 2901 dirigit,
2817 2829 3003 2885 dicens
3028 2846 3042 2883 :
3071 2829 3126 2885 Si
3155 2830 3320 2885 frater
3354 2828 3373 2869 ί
3404 2847 3554 2885 meus
3581 2846 3673 2887 ve-

2090 2924 2188 2992 lit,
2222 2925 2493 2982 insederat
2534 2925 2714 2979 animo
2746 2934 2802 2978 ut
2832 2938 2929 2978 nos
2968 2922 3081 2978 Deo
3116 2924 3348 2993 propitio
3377 2926 3581 2994 pariter
3602 2926 3677 2981 vi-

2089 3020 2361 3075 deremus.
2387 3020 2494 3091 91
2522 3017 2674 3085 Quod
2705 3014 3115 3071 Chlodovechus
3143 3030 3248 3069 non
3282 3031 3540 3085 respuens
3560 3058 3575 3082 ,
3610 3017 3678 3073 ad

404 3142 561 3196 nibus
580 3139 814 3207 scripsit,
841 3136 934 3189 ltas
956 3135 1099 3203 ipsas
1118 3132 1458 3200 negationes,
1483 3144 1613 3199 quas
1632 3137 1755 3182 ante
1782 3129 1984 3182 Ascen-

2099 3129 2208 3169 sum
2231 3114 2397 3168 venit.
2429 3110 2823 3181 Conjunclique
2850 3109 2903 3163 in
2941 3108 3114 3163 insula
3146 3108 3385 3178 Ligeris,
3416 3126 3535 3181 qua:
3563 3117 3680 3165 erat

406 3234 574 3288 sionis
604 3231 885 3286 dominica:
927 3226 1250 3296 triumphum
1277 3224 1633 3289 celebramus,
1660 3236 1690 3273 a
1725 3221 1984 3274 Mamerto

406 3327 573 3395 ipsius
599 3324 915 3379 Viennensis
940 3321 1049 3392 90
1075 3320 1221 3373 urbis
1248 3319 1503 3386 episcopo
1528 3313 1576 3379 ά,
1615 3314 1698 3367 cui
1724 3322 1777 3367 et
1811 3311 1895 3365 hic
1919 3326 1985 3366 eo

411 3428 651 3485 tempore
700 3423 948 3483 praeerat,
995 3411 1264 3464 institutas
1313 3406 1498 3469 fuisse,
1546 3404 1851 3458 dum'urbs
1898 3403 1984 3457 illa

409 3509 592 3562 multis
635 3515 926 3560 terreretur
966 3501 1241 3571 prodigiis.
1293 3499 1423 3553 Nam
1478 3506 1634 3551 terra:
1683 3505 1829 3550 motu
1879 3496 1988 3549 fre-

408 3608 639 3669 quenter
668 3594 1162 3667 quatiebatur:sed
1209 3602 1263 3645 et
1309 3604 1592 3645 cervorum
1635 3597 1794 3657 atque
1844 3588 1992 3657 lupo-

478 3699 504 3725 ι
551 3688 778 3743 Bellum.
817 3689 873 3739 in
901 3684 1139 3737 salutem.

482 3758 510 3797 ι)
553 3756 834 3818 Nonnulli,
871 3753 1096 3813 Eutices,
1128 3761 1215 3804 aut
1247 3750 1481 3815 Eutiois;
1521 3748 1759 3815 plerique
1808 3747 1995 3802 Euthi-

413 3848 523 3883 cus.
565 3828 698 3882 Bell.
726 3835 781 3880 et
811 3828 957 3890 Bec.,
989 3834 1092 3876 tam
1126 3824 1300 3885 illam,
1351 3836 1507 3889 quam
1542 3819 1781 3873 Eutiches
1820 3837 1997 3886 quam-

413 3918 510 3969 que
539 3899 816 3969 Sabellius.
851 3894 1155 3969 Legeudum
1186 3892 1321 3969 forte
1352 3891 1662 3969 Nestorius,
1698 3907 1793 3969 pro
1819 3890 2000 3945 δαρει-

419 3959 536 4025 lius.
570 3968 723 4023 Nulla
751 3959 1011 4020 tantcn'in
1035 3964 1259 4033 cpistola
1286 3961 1322 4033 2
1349 3962 1413 4015 ad
1437 3959 1854 4033 Gundebadnm,
1878 3975 1997 4033 qua:

424 4054 533 4096 tota
565 4048 651 4094 est
676 4040 743 4093 de
771 4039 867 4091 hac
892 4052 979 4093 re.
1023 4030 1251 4089 Nestorii
1284 4032 1342 4086 ﬁt
1374 4030 1606 4095 mentio,
1640 4030 1759 4085 licet
1786 4031 1859 4085 ibi
1885 4030 2001 4098 ejus

418 4126 659 4177 errores,
701 4124 834 4178 Quos
891 4108 1050 4160 etiam
1090 4102 1734 4178 quandoqueAEutyt-heti
1780 4102 2000 4166 tribuit,

421 4185 536 4237 fuse
560 4171 794 4244 refellat;
830 4180 945 4231 vide
969 4187 1021 4230 et
1046 4171 1205 4244 epist.
1237 4171 1271 4225 5
1298 4184 1352 4228 et
1379 4171 1471 4225 28.
1511 4171 2005 4244 Certegpersevera-

418 4256 495 4307 vit
523 4254 574 4306 in
615 4242 900 4306 Gallicana:
939 4242 1192 4300 Ecclesia:
1234 4244 1480 4299 Patribns
1507 4242 1633 4296 illud
1671 4242 1790 4313 fidei
1821 4243 2007 4296 ortho-

422 4330 580 4379 doxa:
618 4323 850 4377 studium
872 4360 887 4381 ,
922 4320 1010 4387 qui
1042 4319 1095 4371 in
1122 4315 1359 4387 concilio
1380 4314 1748 4387 Aurelianensi
1775 4328 1833 4387 _v,
1866 4328 2007 4366 anno

424 4396 552 4460 549,
577 4409 779 4448 canone
809 4392 862 4458 l,
894 4383 1205 4460 Eutychetis
1235 4396 1288 4441 et
1316 4384 1546 4439 Nestorii
1571 4398 1731 4460 prava
1756 4383 2004 4460 dogmata

2082 3203 2233 3275 juxta
2262 3205 2437 3258 vicum
2476 3202 2886 3257 Ambaciensem
2921 3210 2945 3245 κ
2979 3200 3230 3255 territorii
3278 3201 3421 3256 urbis
3452 3200 3681 3257 Turoni-

2087 3311 2197 3365 (ιω,
2239 3295 2399 3350 simul
2433 3295 2625 3358 locuti,
2675 3293 3021 3349 comedentes
3057 3293 3253 3361 pariter
3301 3308 3364 3347 ac
3405 3292 3678 3359 bibentes,

2089 3387 2354 3459 promissa
2383 3386 2483 3441 sibi
2512 3385 2742 3439 amicitia
2774 3384 2978 3455 paciﬁci
3014 3384 3397 3437 discessaunt.

2161 3481 2403 3539 XXXVI.
2448 3479 2595 3534 Multi
2619 3478 2727 3549 jam
2762 3486 2886 3531 tunc
2907 3491 2972 3531 ex
3005 3475 3189 3531 Galliis
3222 3476 3419 3530 habere
3448 3476 3683 3533 Francos

2093 3578 2340 3633 dominos
2378 3588 2588 3628 summo
2617 3570 2885 3626 desiderio
2914 3569 3221 3639 cupiebant.
3255 3568 3408 3623 Unde
3432 3566 3456 3604 ι·
3489 3571 3684 3626 factum

2171 3690 2193 3718 °
2237 3676 2503 3734 Freherus
2548 3673 3041 3744 legendutnputat
3070 3671 3281 3744 legendi
3326 3671 3531 3744 seriem.
3587 3671 3684 3727 Hic

2097 3748 2390 3818 Gregorius
2438 3739 2736 3818 notat'tres
2781 3741 3017 3818 religiosi
3062 3739 3252 3818 jejunii
3316 3742 3684 3818 conditiones,

2098 3811 2292 3893 quibus
2338 3819 2427 3871 ﬁat
2472 3815 2644 3893 "Idle.-
2682 3811 3001 3893 ltogatiiines
3047 3812 3280 3880 appellat
3324 3811 3439 3881 ipse
3480 3813 3674 3866 Avitus

2102 3885 2424 3964 festivitatem
2444 3885 2872 3964 operosissimum.

2176 3960 2196 4000 ί
2243 3961 2406 4015 Vetus
2431 3952 2540 4018 est,
2589 3955 2759 4009 sacris
2791 3952 3117 4021 Scripturis,
3149 3961 3203 4006 et
3248 3952 3470 4006 vetustis
3499 3960 3688 4006 aui-to-

2102 4032 2253 4089 ribus
2290 4028 2608 4099 approbata,
2657 4039 2776 4093 quae
2816 4025 2976 4078 etiam
3020 4037 3161 4099 nunc
3192 4032 3530 4099 perseverat,
3557 4037 3588 4076 c
3626 4039 3688 4099 of

2104 4092 2377 4164 suetudo,
2397 4107 2456 4152 ut
2482 4110 2637 4164 reges
2678 4092 2801 4148 sese
2831 4101 3014 4164 mutuo
3058 4093 3251 4147 fratres
3292 4093 3471 4164 dicant
3502 4110 3514 4144 :
3543 4092 3687 4164 quod

2102 4174 2213 4241 jam
2245 4162 2358 4225 viri»
2388 4162 2584 4241 erudiii
2618 4180 2736 4241 non
2765 4163 2945 4241 semel
2974 4165 3349 4241 observarunt.
3403 4162 3581 4241 _Cujus_
3607 4163 3687 4217 rei

2107 4234 2364 4307 exempla
2387 4238 2665 4308 proferunt
2689 4235 2786 4289 viri
2810 4234 3026 4308 clariss.
3068 4234 3371 4308 Stephanus
3395 4234 3648 4308 ΔΒειμιιιίιιε
3668 4275 3685 4299 ,

2107 4324 2164 4370 et
2184 4305 2336 4368 Gisb.
2366 4305 2606 4379 Cuperus
2627 4309 2687 4379 _i_n
2711 4306 2853 4379 notis
2875 4307 2939 4379 ad
2961 4318 3083 4379 cap.
3110 4307 3140 4355 8
3170 4305 3436 4379 Lactantii
3458 4305 3525 4379 de
3552 4308 3694 4358 Mor-

2114 4384 2255 4439 tibus
2286 4373 2518 4452 persec.,
2542 4388 2599 4452 e_t_
2626 4376 2962 4452 thibillouius
2990 4374 3085 4452 lib.
3112 4389 3150 4430 tt
3180 4376 3245 4428 de
3287 4373 3366 4429 Re
3387 4375 3691 4452 diploinat_.,

584 4444 1046 4519 exsecrationibus
1084 4458 1399 4511 damnarunt
1431 4465 1486 4510 et
1530 4444 2012 4509 anatheutatizave-
2038 4474 2089 4535 Ι)
2112 4470 2233 4522 cap.
2259 4444 2328 4535 2:,
2364 4466 2511 4505 num.
2536 4446 2621 4535 i_5.
2650 4447 2766 4535 ligo
2792 4444 3693 4535 νει-0191.ἀειιιοεῑγξιξοξυπιιιιράο

422 4547 567 4591 runt.

500 4617 521 4645 ο
566 4607 767 4660 Praeter
810 4602 1068 4670 epistolas
1106 4597 1175 4654 88
1199 4638 1213 4662 ,
1247 4596 1457 4670 aliquot
1486 4595 1548 4651 S.
1582 4592 2005 4670 Avitiopuscula

426 4677 596 4731 edidit
629 4675 690 4729 V.
719 4675 800 4728 Cl.
831 4664 941 4727 Jac.
973 4664 1420 4733 Sirmoudus,’et
1446 4667 1583 4722 inter
1614 4668 1700 4721 illa
1729 4664 2005 4721 homiliam

431 4750 499 4801 de
544 4744 925 4814 ltogationibus
954 4742 1575 4814 _|ti(:_latnlatam,_quam
1618 4738 1863 4814 etiamin
1889 4744 2001 4814 _v_et.

429 4834 533 4872 nis.
559 4806 878 4881 reperimus.
909 4810 1155 4880 Ejusdem
1186 4810 1289 4881 vita
1318 4806 1543 4881 habetur
1574 4820 1703 4863 tom.
1739 4806 2001 4881 l_Bi_l_)li_ot.

431 4904 580 4942 novae
608 4874 826 4940 Labbei.
858 4874 1001 4936 Illius
1027 4894 1153 4933 vero
1182 4878 1372 4933 festum
1401 4880 1700 4933 celebratur
1728 4878 1815 4932 die
1845 4874 1879 4929 5
1908 4874 2008 4930 Fe-

432 4956 663 5022 bruarii,
694 4958 759 5010 ad
790 4969 947 5022 quem
987 4950 1129 5005 diem
1172 4952 1320 5019 plura
1357 4950 1425 5005 de
1454 4964 1521 5004 eo
1562 4950 1763 5004 habent
1793 4948 2008 5002 Bollan-

430 5029 595 5084 diani.

507 5100 531 5135 ά
572 5098 715 5153 Idem
759 5106 982 5151 testatur
1024 5092 1275 5150 Sidonius
1303 5091 1395 5146 lib.
1426 5106 1478 5150 ν.
1508 5092 1665 5159 epist.
1696 5087 1785 5152 Μ,
1832 5096 1888 5142 et
1916 5085 2007 5159 lib.

434 5185 508 5222 vtt
530 5211 544 5233 ,
578 5170 735 5238 epist.
781 5168 838 5229 1;
885 5166 1152 5219 Cazsarius
1182 5165 1409 5238 Arelat.,
1449 5157 1673 5238 homilia
1704 5159 1803 5225 5'5,
1834 5168 1889 5213 et
1922 5157 2012 5238 alii

436 5230 631 5307 passim
662 5249 938 5299 auctores,
991 5240 1078 5303 qui
1112 5230 1546 5307 sunset-misum.
1580 5232 1711 5286 Vide
1738 5242 1793 5285 et
1819 5230 2011 5307 concil.

436 5301 705 5363 Aurelian.
754 5325 798 5372 ι,
827 5323 948 5362 can.
973 5301 1066 5370 '27,
1096 5316 1200 5360 etc.
1233 5305 1452 5372 Quoties
1479 5314 1654 5357 autem
1680 5312 1733 5355 et
1766 5316 1873 5370 quo
1911 5301 2014 5354 ritu

439 5384 647 5439 tierent,
679 5380 759 5431 vel
796 5379 920 5446 quid
956 5379 1036 5433 ltis
1058 5378 1247 5430 diebus
1280 5392 1328 5428 ιιι
1356 5374 1579 5446 ecclesia
1604 5374 2016 5446 lege_ret_ur,__ex-

437 5450 584 5518 punit
612 5442 951 5502 Mabillonius
981 5458 1162 5503 noster
1192 5447 1329 5500 libro
1357 5461 1391 5498 ll
1435 5443 1762 5518 tle_Lilurgia
1783 5442 2016 5518 Gallica-

440 5514 537 5585 na,
572 5535 690 5587 pag.
730 5519 860 5581 152,
906 5520 957 5573 in
992 5519 1133 5573 notis
1180 5520 1244 5571 ad
1285 5532 1434 5570 nutu.
1480 5514 1549 5587 55
1589 5526 1645 5587 et
1685 5528 1838 5582 seqq.
1877 5514 2016 5587 duos

440 5582 759 5644 Lectionarii
800 5589 1087 5654 Gallicani,
1131 5587 1220 5658 qui
1256 5589 1348 5641 toti
1377 5582 2023 5658 suntdelingationmus.

440 5660 680 5714 Mamerti
720 5659 912 5715 festum
953 5652 1163 5714 colitur'
1185 5659 1274 5712 die
1304 5659 1359 5712 ll
1395 5658 1541 5712 Maii.
1585 5655 1720 5711 Vide
1754 5652 1889 5709 infra
1920 5654 2014 5708 lib.

440 5729 507 5788 de
534 5731 716 5786 Mtrac.
744 5731 911 5786 sancti
939 5729 1132 5786 Juliani
1152 5768 1168 5792 .
1200 5743 1319 5794 cap.
1346 5727 1399 5783 2.

2113 4514 2273 4598 gente
2299 4514 2507 4590 loquar,
2554 4514 2781 4598 laudabo
2824 4531 2890 4598 ex
2934 4516 3028 4598 lib.
3071 4530 3101 4598 ι,
3134 4516 3372 4569 Marcelli
3412 4514 3692 4598 formulam

2114 4585 2308 4653 lienam
2326 4635 2342 4658 ,
2367 4585 2485 4661 quae.
2514 4599 2598 4645 est
2626 4587 2897 4661 [ridiculus
2932 4587 3001 4661 ad
3018 4585 3190 4661 alium
3212 4601 3388 4661 regem
3412 4602 3527 4661 cum
3552 4587 3697 4661 ιρρα-

2115 4670 2183 4722 tio
2215 4655 2495 4735 dirigitur;
2518 4655 3124 4735 sicauteminscribitur
3152 4674 3167 4711 :
3201 4655 3694 4735 Qontino‘g-loriosa,

2111 4746 2264 4808 atque
2293 4726 2759 4806 p'rwcellentissimo
2794 4727 2977 4798 fratri,
3022 4726 3102 4780 illi
3132 4727 3270 4797 regi,
3313 4727 3367 4780 iu
3398 4726 3494 4780 Dei
3524 4726 3697 4780 nomi-

2106 4826 2170 4863 ne
2196 4808 2284 4861 ille
2310 4820 2418 4858 rex.

2184 4889 2210 4926 s
2250 4877 2474 4936 Chesn.,
2522 4869 2987 4925 Ambaciacemem.
3018 4866 3283 4937 Oppidum
3332 4867 3471 4923 istud
3532 4866 3698 4921 etiam

2119 4964 2263 5005 nunc
2294 4945 2507 5000 celebre
2536 4954 2652 5005 est,
2693 4940 2853 5009 vulgo
2879 4937 3147 5004 Amboise,
3189 4938 3388 4993 dictum
3411 4978 3427 5002 ,
3473 4937 3539 4991 ad
3567 4952 3700 5009 con-

2119 5020 2346 5075 ﬂuentes
2376 5015 2580 5083 Ligeris
2611 5023 2666 5067 et
2696 5007 3004 5083 Amatissas,
3057 5009 3337 5083 I'Aumasse,
3371 5010 3564 5083 situm.
3621 5007 3700 5083 [te

2121 5074 2225 5145 hoc
2253 5074 2566 5155 oiipidovsicg
2591 5081 2825 5150 loquitur
2854 5074 3101 5155 Severus
3114 5079 3476 5155 Sulpic._dial.
3510 5080 3543 5155 {’3
3575 5094 3590 5130 :
3630 5074 3700 5130 In

2119 5164 2227 5216 vico
2260 5150 2570 5211 Ambatieusi
2590 5194 2604 5220 ,
2634 5154 2685 5205 id
2714 5160 2787 5203 est
2827 5150 3037 5203 castello
3065 5152 3153 5204 illo
3189 5150 3367 5213 veteri,
3399 5150 3534 5219 quod
3561 5165 3703 5201 niam:

2119 5238 2352 5301 frequens
2381 5227 2636 5279 habitatur
2662 5240 2692 5301 ᾳ
2725 5221 2998 5301 fratribus,
3030 5229 3134 5274 etc.
3170 5220 3293 5301 llaec
3324 5236 3432 5301 ipsa
3463 5220 3698 5298 creditur

2119 5290 2241 5357 esse
2270 5300 2440 5354 insula
2461 5338 2476 5363 ,
2508 5312 2629 5363 qua:
2668 5290 2934 5361 hodieque
2976 5306 3142 5363 prope
3174 5290 3480 5363 Anthiciatn
3514 5290 3703 5363 visitur

2118 5372 2401 5427 arboribus
2430 5359 2654 5430 consita,
2686 5359 3044 5432 vulgo‘insula
3071 5363 3253 5417 Sancti
3282 5361 3501 5415 Joannis
3530 5359 3699 5432 dicta.

2191 5441 2220 5480 δ
2265 5440 2413 5496 Unde
2441 5448 2493 5491 et
2514 5453 2632 5504 qua:
2661 5430 2955 5503 sequuntur
2980 5434 3045 5485 ad
3070 5443 3227 5501 caput
3253 5430 3706 5504 sequensdesunt

2120 5515 2174 5570 in
2202 5512 2363 5568 Corb.
2395 5519 2450 5564 et
2475 5498 2604 5562 Bell.
2631 5498 2972 5573 Quintianum
3005 5518 3108 5557 non
3136 5498 3242 5557 nisi
3272 5498 3392 5571 post
3412 5498 3707 5573 Clitodovei

2122 5585 2326 5639 obitum
2355 5597 2385 5637 e
2415 5594 2513 5634 sua
2543 5570 2674 5631 sede
2703 5576 2913 5644 pulsum
2958 5573 3123 5629 fuisse
3160 5570 3437 5628 contendit
3466 5570 3708 5625 Valesius

2124 5655 2218 5712 lib.
2251 5668 2300 5709 τι
2330 5666 2511 5709 rerum
2536 5647 2808 5714 Francic.,
2838 5661 3018 5716 quem,
3049 5645 3096 5702 si
3122 5645 3288 5712 lubet,
3321 5644 3559 5701 consule.
