  <div class='ocr_page' id='page_1' title='image "/cluster/home/n/w/nwhite01/storage/ocr_20150623/71/hvd.32044054758750/122.png"; bbox 0 0 4006 6182; ppageno 0'>
   <div class='ocr_carea' id='block_1_1' title="bbox 212 246 2637 356">
    <p class='ocr_par' dir='ltr' id='par_1_1' title="bbox 212 246 2637 356">
     <span class='ocr_line' id='line_1_1' title="bbox 212 246 2637 356; baseline 0.002 -7"><span class='ocrx_word' id='word_1_1' title='bbox 212 246 215 249; x_wconf 38' lang='grc'><em>’</em></span> <span class='ocrx_word' id='word_1_2' title='bbox 296 292 379 351; x_wconf 60' lang='lat' dir='ltr'><strong>ea</strong></span> <span class='ocrx_word' id='word_1_3' title='bbox 1162 287 1480 355; x_wconf 76' lang='lat' dir='ltr'><strong>HISTORIA</strong></span> <span class='ocrx_word' id='word_1_4' title='bbox 1522 292 1967 351; x_wconf 70' lang='lat' dir='ltr'><strong>rnanconuu.</strong></span> <span class='ocrx_word' id='word_1_5' title='bbox 2013 294 2217 353; x_wconf 75' lang='lat' dir='ltr'><strong>LIBER</strong></span> <span class='ocrx_word' id='word_1_6' title='bbox 2260 296 2637 356; x_wconf 72' lang='lat' dir='ltr'><strong>ssconnus.</strong></span> 
     </span>
    </p>
   </div>
   <div class='ocr_carea' id='block_1_2' title="bbox 3435 302 3541 355">
    <p class='ocr_par' dir='ltr' id='par_1_2' title="bbox 3435 302 3541 355">
     <span class='ocr_line' id='line_1_2' title="bbox 3435 302 3541 355; baseline -0.019 0"><span class='ocrx_word' id='word_1_7' title='bbox 3435 302 3541 355; x_wconf 63' lang='grc' dir='ltr'><strong>ΞΜ</strong></span> 
     </span>
    </p>
   </div>
   <div class='ocr_carea' id='block_1_3' title="bbox 288 406 3548 482">
    <p class='ocr_par' dir='ltr' id='par_1_3' title="bbox 288 406 3548 482">
     <span class='ocr_line' id='line_1_3' title="bbox 288 406 3548 482; baseline -0 -13"><span class='ocrx_word' id='word_1_8' title='bbox 288 421 381 479; x_wconf 84' lang='lat' dir='ltr'><strong>est,</strong></span> <span class='ocrx_word' id='word_1_9' title='bbox 428 416 486 467; x_wconf 85' lang='lat' dir='ltr'><strong>ut</strong></span> <span class='ocrx_word' id='word_1_10' title='bbox 522 409 841 478; x_wconf 76' lang='lat' dir='ltr'><strong>Quintianus</strong></span> <span class='ocrx_word' id='word_1_11' title='bbox 888 409 1259 466; x_wconf 74' lang='lat' dir='ltr'><strong>Rutbenorum</strong></span> <span class='ocrx_word' id='word_1_12' title='bbox 1299 413 1583 480; x_wconf 82' lang='lat' dir='ltr'><strong>episcopus</strong></span> <span class='ocrx_word' id='word_1_13' title='bbox 1615 426 1711 482; x_wconf 87' lang='lat' dir='ltr'><strong>per</strong></span> <span class='ocrx_word' id='word_1_14' title='bbox 1750 409 1931 469; x_wconf 78' lang='lat' dir='ltr'><strong>hoc&#39;A</strong></span> <span class='ocrx_word' id='word_1_15' title='bbox 1960 407 2087 472; x_wconf 83' lang='lat' dir='ltr'><strong>libi,</strong></span> <span class='ocrx_word' id='word_1_16' title='bbox 2135 409 2269 464; x_wconf 88' lang='lat' dir='ltr'><strong>meis</strong></span> <span class='ocrx_word' id='word_1_17' title='bbox 2317 410 2562 464; x_wconf 86' lang='lat' dir='ltr'><strong>manibus</strong></span> <span class='ocrx_word' id='word_1_18' title='bbox 2595 411 2806 465; x_wconf 78' lang='lat' dir='ltr'><strong>tradere</strong></span> <span class='ocrx_word' id='word_1_19' title='bbox 2847 409 3166 477; x_wconf 82' lang='lat' dir='ltr'><strong>decrevisti,</strong></span> <span class='ocrx_word' id='word_1_20' title='bbox 3207 406 3261 467; x_wconf 85' lang='lat' dir='ltr'><strong>in</strong></span> <span class='ocrx_word' id='word_1_21' title='bbox 3308 411 3548 482; x_wconf 86' lang='lat' dir='ltr'><strong>ingressu</strong></span> 
     </span>
    </p>
   </div>
   <div class='ocr_carea' id='block_1_4' title="bbox 286 502 1858 573">
    <p class='ocr_par' dir='ltr' id='par_1_4' title="bbox 286 502 1858 573">
     <span class='ocr_line' id='line_1_4' title="bbox 286 502 1858 573; baseline -0.001 -13"><span class='ocrx_word' id='word_1_22' title='bbox 286 504 445 560; x_wconf 86' lang='lat' dir='ltr'><strong>odium</strong></span> <span class='ocrx_word' id='word_1_23' title='bbox 476 505 545 559; x_wconf 79' lang='lat' dir='ltr'><strong>ab</strong></span> <span class='ocrx_word' id='word_1_24' title='bbox 572 504 704 558; x_wconf 88' lang='lat' dir='ltr'><strong>urbe</strong></span> <span class='ocrx_word' id='word_1_25' title='bbox 727 503 1104 573; x_wconf 66' lang='lat' dir='ltr'><strong>depelleretur.</strong></span> <span class='ocrx_word' id='word_1_26' title='bbox 1141 503 1398 558; x_wconf 77' lang='lat' dir='ltr'><strong>Dicebant</strong></span> <span class='ocrx_word' id='word_1_27' title='bbox 1432 503 1574 559; x_wconf 89' lang='lat' dir='ltr'><strong>enim</strong></span> <span class='ocrx_word' id='word_1_28' title='bbox 1599 504 1645 557; x_wconf 88' lang='lat' dir='ltr'><strong>ei</strong></span> <span class='ocrx_word' id='word_1_29' title='bbox 1682 520 1694 555; x_wconf 92' lang='lat'><strong>:</strong></span> <span class='ocrx_word' id='word_1_30' title='bbox 1726 502 1858 571; x_wconf 85' lang='lat' dir='ltr'><strong>Quia</strong></span> 
     </span>
    </p>
   </div>
   <div class='ocr_carea' id='block_1_5' title="bbox 284 593 1859 663">
    <p class='ocr_par' dir='ltr' id='par_1_5' title="bbox 284 593 1859 663">
     <span class='ocr_line' id='line_1_5' title="bbox 284 593 1859 663; baseline -0.001 -13"><span class='ocrx_word' id='word_1_31' title='bbox 284 596 589 650; x_wconf 84' lang='lat' dir='ltr'><strong>desiderium</strong></span> <span class='ocrx_word' id='word_1_32' title='bbox 632 603 778 648; x_wconf 91' lang='lat' dir='ltr'><strong>tuum</strong></span> <span class='ocrx_word' id='word_1_33' title='bbox 810 603 929 659; x_wconf 89' lang='lat' dir='ltr'><strong>est,</strong></span> <span class='ocrx_word' id='word_1_34' title='bbox 977 605 1033 646; x_wconf 91' lang='lat' dir='ltr'><strong>ut</strong></span> <span class='ocrx_word' id='word_1_35' title='bbox 1063 593 1387 648; x_wconf 74' lang='lat' dir='ltr'><strong>Francorum</strong></span> <span class='ocrx_word' id='word_1_36' title='bbox 1415 595 1710 648; x_wconf 85' lang='lat' dir='ltr'><strong>dominatio</strong></span> <span class='ocrx_word' id='word_1_37' title='bbox 1739 609 1859 663; x_wconf 84' lang='lat' dir='ltr'><strong>pns-</strong></span> 
     </span>
    </p>
   </div>
   <div class='ocr_carea' id='block_1_6' title="bbox 281 685 1860 753">
    <p class='ocr_par' dir='ltr' id='par_1_6' title="bbox 281 685 1860 753">
     <span class='ocr_line' id='line_1_6' title="bbox 281 685 1860 753; baseline -0.002 -11"><span class='ocrx_word' id='word_1_38' title='bbox 281 688 434 743; x_wconf 76' lang='lat' dir='ltr'><strong>sideat</strong></span> <span class='ocrx_word' id='word_1_39' title='bbox 461 697 659 741; x_wconf 86' lang='lat' dir='ltr'><strong>terrain</strong></span> <span class='ocrx_word' id='word_1_40' title='bbox 705 688 861 741; x_wconf 87' lang='lat' dir='ltr'><strong>bane.</strong></span> <span class='ocrx_word' id='word_1_41' title='bbox 914 686 1041 740; x_wconf 84' lang='lat' dir='ltr'><strong>Post</strong></span> <span class='ocrx_word' id='word_1_42' title='bbox 1084 685 1199 741; x_wconf 90' lang='lat' dir='ltr'><strong>dies</strong></span> <span class='ocrx_word' id='word_1_43' title='bbox 1244 694 1419 740; x_wconf 89' lang='lat' dir='ltr'><strong>autem</strong></span> <span class='ocrx_word' id='word_1_44' title='bbox 1462 699 1689 753; x_wconf 89' lang='lat' dir='ltr'><strong>paucos,</strong></span> <span class='ocrx_word' id='word_1_45' title='bbox 1740 692 1860 739; x_wconf 89' lang='lat' dir='ltr'><strong>orto</strong></span> 
     </span>
    </p>
   </div>
   <div class='ocr_carea' id='block_1_7' title="bbox 277 776 1859 848">
    <p class='ocr_par' dir='ltr' id='par_1_7' title="bbox 277 776 1859 848">
     <span class='ocr_line' id='line_1_7' title="bbox 277 776 1859 848; baseline -0.003 -11"><span class='ocrx_word' id='word_1_46' title='bbox 277 784 401 837; x_wconf 85' lang='lat' dir='ltr'><strong>inter</strong></span> <span class='ocrx_word' id='word_1_47' title='bbox 426 796 551 835; x_wconf 88' lang='lat' dir='ltr'><strong>eum</strong></span> <span class='ocrx_word' id='word_1_48' title='bbox 580 790 634 835; x_wconf 92' lang='lat' dir='ltr'><strong>et</strong></span> <span class='ocrx_word' id='word_1_49' title='bbox 660 781 811 835; x_wconf 85' lang='lat' dir='ltr'><strong>cives</strong></span> <span class='ocrx_word' id='word_1_50' title='bbox 840 780 1124 845; x_wconf 86' lang='lat' dir='ltr'><strong>seandalo,</strong></span> <span class='ocrx_word' id='word_1_51' title='bbox 1151 778 1378 833; x_wconf 85' lang='lat' dir='ltr'><strong>Gotthos</strong></span> <span class='ocrx_word' id='word_1_52' title='bbox 1397 779 1489 848; x_wconf 87' lang='lat' dir='ltr'><strong>qui</strong></span> <span class='ocrx_word' id='word_1_53' title='bbox 1522 779 1574 833; x_wconf 91' lang='lat' dir='ltr'><strong>in</strong></span> <span class='ocrx_word' id='word_1_54' title='bbox 1600 779 1696 832; x_wconf 91' lang='lat' dir='ltr'><strong>hac</strong></span> <span class='ocrx_word' id='word_1_55' title='bbox 1724 776 1859 835; x_wconf 85' lang='lat' dir='ltr'><strong>urbe</strong></span> 
     </span>
    </p>
   </div>
   <div class='ocr_carea' id='block_1_8' title="bbox 279 871 1856 940">
    <p class='ocr_par' dir='ltr' id='par_1_8' title="bbox 279 871 1856 940">
     <span class='ocr_line' id='line_1_8' title="bbox 279 871 1856 940; baseline -0.003 -12"><span class='ocrx_word' id='word_1_56' title='bbox 279 873 633 936; x_wconf 84' lang='lat' dir='ltr'><strong>morabantur,</strong></span> <span class='ocrx_word' id='word_1_57' title='bbox 660 872 897 939; x_wconf 85' lang='lat' dir='ltr'><strong>suspicio</strong></span> <span class='ocrx_word' id='word_1_58' title='bbox 921 871 1123 940; x_wconf 86' lang='lat' dir='ltr'><strong>attigit,</strong></span> <span class='ocrx_word' id='word_1_59' title='bbox 1154 872 1602 940; x_wconf 78' lang='lat' dir='ltr'><strong>exprobrantibus</strong></span> <span class='ocrx_word' id='word_1_60' title='bbox 1630 872 1856 936; x_wconf 48' lang='lat' dir='ltr'><strong>civibus,</strong></span> 
     </span>
    </p>
   </div>
   <div class='ocr_carea' id='block_1_9' title="bbox 277 962 1856 1034">
    <p class='ocr_par' dir='ltr' id='par_1_9' title="bbox 277 962 1856 1034">
     <span class='ocr_line' id='line_1_9' title="bbox 277 962 1856 1034; baseline -0.001 -16"><span class='ocrx_word' id='word_1_61' title='bbox 277 963 403 1032; x_wconf 87' lang='lat' dir='ltr'><strong>quod</strong></span> <span class='ocrx_word' id='word_1_62' title='bbox 434 963 567 1018; x_wconf 82' lang='lat' dir='ltr'><strong>velit</strong></span> <span class='ocrx_word' id='word_1_63' title='bbox 588 978 649 1017; x_wconf 89' lang='lat' dir='ltr'><strong>se</strong></span> <span class='ocrx_word' id='word_1_64' title='bbox 679 964 1010 1018; x_wconf 84' lang='lat' dir='ltr'><strong>Francorum</strong></span> <span class='ocrx_word' id='word_1_65' title='bbox 1046 962 1337 1017; x_wconf 87' lang='lat' dir='ltr'><strong>ditionibus</strong></span> <span class='ocrx_word' id='word_1_66' title='bbox 1368 963 1689 1034; x_wconf 81' lang='lat' dir='ltr'><strong>subjugare;</strong></span> <span class='ocrx_word' id='word_1_67' title='bbox 1723 979 1856 1019; x_wconf 84' lang='lat' dir='ltr'><strong>cou-</strong></span> 
     </span>
    </p>
   </div>
   <div class='ocr_carea' id='block_1_10' title="bbox 276 1054 1855 1127">
    <p class='ocr_par' dir='ltr' id='par_1_10' title="bbox 276 1054 1855 1127">
     <span class='ocr_line' id='line_1_10' title="bbox 276 1054 1855 1127; baseline 0.001 -18"><span class='ocrx_word' id='word_1_68' title='bbox 276 1055 492 1124; x_wconf 84' lang='lat' dir='ltr'><strong>silioque</strong></span> <span class='ocrx_word' id='word_1_69' title='bbox 517 1065 741 1121; x_wconf 89' lang='lat' dir='ltr'><strong>accepto</strong></span> <span class='ocrx_word' id='word_1_70' title='bbox 764 1094 778 1117; x_wconf 93' lang='lat'><strong>,</strong></span> <span class='ocrx_word' id='word_1_71' title='bbox 808 1054 1177 1123; x_wconf 79' lang='lat' dir='ltr'><strong>cogitaverunt</strong></span> <span class='ocrx_word' id='word_1_72' title='bbox 1202 1069 1322 1109; x_wconf 91' lang='lat' dir='ltr'><strong>eum</strong></span> <span class='ocrx_word' id='word_1_73' title='bbox 1354 1054 1631 1123; x_wconf 78' lang='lat' dir='ltr'><strong>perfodere</strong></span> <span class='ocrx_word' id='word_1_74' title='bbox 1659 1058 1855 1127; x_wconf 82' lang='lat' dir='ltr'><strong>gladio.</strong></span> 
     </span>
    </p>
   </div>
   <div class='ocr_carea' id='block_1_11' title="bbox 276 1137 1855 1215">
    <p class='ocr_par' dir='ltr' id='par_1_11' title="bbox 276 1137 1855 1215">
     <span class='ocr_line' id='line_1_11' title="bbox 276 1137 1855 1215; baseline 0.001 -13"><span class='ocrx_word' id='word_1_75' title='bbox 276 1137 410 1209; x_wconf 82' lang='lat' dir='ltr'><strong>Quod</strong></span> <span class='ocrx_word' id='word_1_76' title='bbox 440 1161 565 1201; x_wconf 89' lang='lat' dir='ltr'><strong>cum</strong></span> <span class='ocrx_word' id='word_1_77' title='bbox 590 1146 708 1200; x_wconf 86' lang='lat' dir='ltr'><strong>viro</strong></span> <span class='ocrx_word' id='word_1_78' title='bbox 740 1146 835 1201; x_wconf 87' lang='lat' dir='ltr'><strong>Dei</strong></span> <span class='ocrx_word' id='word_1_79' title='bbox 867 1147 1167 1201; x_wconf 88' lang='lat' dir='ltr'><strong>nuntiatum</strong></span> <span class='ocrx_word' id='word_1_80' title='bbox 1194 1147 1411 1215; x_wconf 84' lang='lat' dir='ltr'><strong>luisset,</strong></span> <span class='ocrx_word' id='word_1_81' title='bbox 1442 1148 1511 1204; x_wconf 88' lang='lat' dir='ltr'><strong>de</strong></span> <span class='ocrx_word' id='word_1_82' title='bbox 1540 1158 1695 1204; x_wconf 83' lang='lat' dir='ltr'><strong>nocte</strong></span> <span class='ocrx_word' id='word_1_83' title='bbox 1723 1164 1855 1204; x_wconf 90' lang='lat' dir='ltr'><strong>cou-</strong></span> 
     </span>
    </p>
   </div>
   <div class='ocr_carea' id='block_1_12' title="bbox 273 1232 1857 1308">
    <p class='ocr_par' dir='ltr' id='par_1_12' title="bbox 273 1232 1857 1308">
     <span class='ocr_line' id='line_1_12' title="bbox 273 1232 1857 1308; baseline 0.002 -16"><span class='ocrx_word' id='word_1_84' title='bbox 273 1251 493 1308; x_wconf 77' lang='lat' dir='ltr'><strong>surgens</strong></span> <span class='ocrx_word' id='word_1_85' title='bbox 520 1253 643 1292; x_wconf 92' lang='lat' dir='ltr'><strong>cum</strong></span> <span class='ocrx_word' id='word_1_86' title='bbox 676 1232 1005 1292; x_wconf 72' lang='lat' dir='ltr'><strong>fidelissimis</strong></span> <span class='ocrx_word' id='word_1_87' title='bbox 1033 1238 1295 1294; x_wconf 83' lang='lat' dir='ltr'><strong>ministris</strong></span> <span class='ocrx_word' id='word_1_88' title='bbox 1324 1238 1435 1293; x_wconf 83' lang='lat' dir='ltr'><strong>suis</strong></span> <span class='ocrx_word' id='word_1_89' title='bbox 1455 1281 1469 1305; x_wconf 90' lang='lat'><strong>,</strong></span> <span class='ocrx_word' id='word_1_90' title='bbox 1495 1241 1563 1294; x_wconf 90' lang='lat' dir='ltr'><strong>ab</strong></span> <span class='ocrx_word' id='word_1_91' title='bbox 1590 1240 1719 1296; x_wconf 87' lang='lat' dir='ltr'><strong>urbe</strong></span> <span class='ocrx_word' id='word_1_92' title='bbox 1751 1242 1857 1295; x_wconf 76' lang='lat' dir='ltr'><strong>llu-</strong></span> 
     </span>
    </p>
   </div>
   <div class='ocr_carea' id='block_1_13' title="bbox 272 1324 1856 1397">
    <p class='ocr_par' dir='ltr' id='par_1_13' title="bbox 272 1324 1856 1397">
     <span class='ocr_line' id='line_1_13' title="bbox 272 1324 1856 1397; baseline 0.003 -18"><span class='ocrx_word' id='word_1_93' title='bbox 272 1324 417 1379; x_wconf 86' lang='lat' dir='ltr'><strong>thena</strong></span> <span class='ocrx_word' id='word_1_94' title='bbox 451 1325 739 1395; x_wconf 78' lang='lat' dir='ltr'><strong>egrediens</strong></span> <span class='ocrx_word' id='word_1_95' title='bbox 760 1366 777 1392; x_wconf 88' lang='lat'><strong>,</strong></span> <span class='ocrx_word' id='word_1_96' title='bbox 812 1329 1087 1380; x_wconf 74' lang='lat' dir='ltr'><strong>Arvernos</strong></span> <span class='ocrx_word' id='word_1_97' title='bbox 1116 1325 1353 1381; x_wconf 80' lang='lat' dir='ltr'><strong>advenit.</strong></span> <span class='ocrx_word' id='word_1_98' title='bbox 1400 1327 1582 1397; x_wconf 82' lang='lat' dir='ltr'><strong>Ibique</strong></span> <span class='ocrx_word' id='word_1_99' title='bbox 1610 1344 1639 1382; x_wconf 88' lang='lat' dir='ltr'><strong>a</strong></span> <span class='ocrx_word' id='word_1_100' title='bbox 1670 1342 1856 1385; x_wconf 89' lang='lat' dir='ltr'><strong>sancto</strong></span> 
     </span>
    </p>
   </div>
   <div class='ocr_carea' id='block_1_14' title="bbox 273 1415 1853 1487">
    <p class='ocr_par' dir='ltr' id='par_1_14' title="bbox 273 1415 1853 1487">
     <span class='ocr_line' id='line_1_14' title="bbox 273 1415 1853 1487; baseline 0.004 -18"><span class='ocrx_word' id='word_1_101' title='bbox 273 1415 511 1471; x_wconf 82' lang='lat' dir='ltr'><strong>Eulrasio</strong></span> <span class='ocrx_word' id='word_1_102' title='bbox 539 1418 828 1486; x_wconf 89' lang='lat' dir='ltr'><strong>episcopo,</strong></span> <span class='ocrx_word' id='word_1_103' title='bbox 875 1417 964 1485; x_wconf 85' lang='lat' dir='ltr'><strong>qui</strong></span> <span class='ocrx_word' id='word_1_104' title='bbox 1010 1417 1279 1483; x_wconf 87' lang='lat' dir='ltr'><strong>quondam</strong></span> <span class='ocrx_word' id='word_1_105' title='bbox 1322 1418 1630 1487; x_wconf 85' lang='lat' dir='ltr'><strong>Aprunculo</strong></span> <span class='ocrx_word' id='word_1_106' title='bbox 1674 1421 1853 1475; x_wconf 75' lang='lat' dir='ltr'><strong>Divio-</strong></span> 
     </span>
    </p>
   </div>
   <div class='ocr_carea' id='block_1_15' title="bbox 272 1506 1857 1580">
    <p class='ocr_par' dir='ltr' id='par_1_15' title="bbox 272 1506 1857 1580">
     <span class='ocr_line' id='line_1_15' title="bbox 272 1506 1857 1580; baseline 0.003 -19"><span class='ocrx_word' id='word_1_107' title='bbox 272 1508 411 1563; x_wconf 89' lang='lat' dir='ltr'><strong>nensi</strong></span> <span class='ocrx_word' id='word_1_108' title='bbox 460 1516 833 1571; x_wconf 74' lang='lat' dir='ltr'><strong>successvrat,</strong></span> <span class='ocrx_word' id='word_1_109' title='bbox 880 1506 1108 1576; x_wconf 83' lang='lat' dir='ltr'><strong>benigne</strong></span> <span class='ocrx_word' id='word_1_110' title='bbox 1145 1519 1428 1578; x_wconf 86' lang='lat' dir='ltr'><strong>susceptus</strong></span> <span class='ocrx_word' id='word_1_111' title='bbox 1475 1523 1585 1576; x_wconf 89' lang='lat' dir='ltr'><strong>est,</strong></span> <span class='ocrx_word' id='word_1_112' title='bbox 1630 1512 1857 1580; x_wconf 77' lang='lat' dir='ltr'><strong>largitis-</strong></span> 
     </span>
    </p>
   </div>
   <div class='ocr_carea' id='block_1_16' title="bbox 269 1597 1852 1671">
    <p class='ocr_par' dir='ltr' id='par_1_16' title="bbox 269 1597 1852 1671">
     <span class='ocr_line' id='line_1_16' title="bbox 269 1597 1852 1671; baseline 0.005 -21"><span class='ocrx_word' id='word_1_113' title='bbox 269 1612 360 1665; x_wconf 90' lang='lat' dir='ltr'><strong>que</strong></span> <span class='ocrx_word' id='word_1_114' title='bbox 385 1598 432 1651; x_wconf 88' lang='lat' dir='ltr'><strong>ei</strong></span> <span class='ocrx_word' id='word_1_115' title='bbox 487 1606 595 1651; x_wconf 88' lang='lat' dir='ltr'><strong>tam</strong></span> <span class='ocrx_word' id='word_1_116' title='bbox 645 1597 891 1651; x_wconf 89' lang='lat' dir='ltr'><strong>domibus</strong></span> <span class='ocrx_word' id='word_1_117' title='bbox 939 1613 1098 1667; x_wconf 84' lang='lat' dir='ltr'><strong>quant</strong></span> <span class='ocrx_word' id='word_1_118' title='bbox 1146 1601 1289 1668; x_wconf 80' lang='lat' dir='ltr'><strong>agris</strong></span> <span class='ocrx_word' id='word_1_119' title='bbox 1336 1608 1391 1654; x_wconf 89' lang='lat' dir='ltr'><strong>et</strong></span> <span class='ocrx_word' id='word_1_120' title='bbox 1419 1600 1628 1671; x_wconf 87' lang='lat' dir='ltr'><strong>vineis,</strong></span> <span class='ocrx_word' id='word_1_121' title='bbox 1672 1618 1852 1658; x_wconf 87' lang='lat' dir='ltr'><strong>secum</strong></span> 
     </span>
    </p>
   </div>
   <div class='ocr_carea' id='block_1_17' title="bbox 266 1689 1855 1759">
    <p class='ocr_par' dir='ltr' id='par_1_17' title="bbox 266 1689 1855 1759">
     <span class='ocr_line' id='line_1_17' title="bbox 266 1689 1855 1759; baseline 0.006 -16"><span class='ocrx_word' id='word_1_122' title='bbox 266 1689 511 1754; x_wconf 81' lang='lat' dir='ltr'><strong>retinuit,</strong></span> <span class='ocrx_word' id='word_1_123' title='bbox 542 1689 730 1744; x_wconf 90' lang='lat' dir='ltr'><strong>dicens</strong></span> <span class='ocrx_word' id='word_1_124' title='bbox 772 1708 787 1743; x_wconf 89' lang='lat'><strong>:</strong></span> <span class='ocrx_word' id='word_1_125' title='bbox 820 1690 1029 1745; x_wconf 88' lang='lat' dir='ltr'><strong>Sullicit</strong></span> <span class='ocrx_word' id='word_1_126' title='bbox 1069 1692 1225 1759; x_wconf 88' lang='lat' dir='ltr'><strong>hujus</strong></span> <span class='ocrx_word' id='word_1_127' title='bbox 1257 1694 1478 1749; x_wconf 73' lang='lat' dir='ltr'><strong>facultas</strong></span> <span class='ocrx_word' id='word_1_128' title='bbox 1520 1696 1773 1752; x_wconf 76' lang='lat' dir='ltr'><strong>Ecclesiae</strong></span> <span class='ocrx_word' id='word_1_129' title='bbox 1800 1707 1855 1752; x_wconf 86' lang='lat' dir='ltr'><strong>ut</strong></span> 
     </span>
    </p>
   </div>
   <div class='ocr_carea' id='block_1_18' title="bbox 1967 496 3545 577">
    <p class='ocr_par' dir='ltr' id='par_1_18' title="bbox 1967 496 3545 577">
     <span class='ocr_line' id='line_1_18' title="bbox 1967 496 3545 577; baseline 0.006 -25"><span class='ocrx_word' id='word_1_130' title='bbox 1967 496 2203 553; x_wconf 63' lang='lat' dir='ltr'><strong>basilicas</strong></span> <span class='ocrx_word' id='word_1_131' title='bbox 2251 500 2424 555; x_wconf 90' lang='lat' dir='ltr'><strong>sncti</strong></span> <span class='ocrx_word' id='word_1_132' title='bbox 2472 501 2679 556; x_wconf 83' lang='lat' dir='ltr'><strong>Martini</strong></span> <span class='ocrx_word' id='word_1_133' title='bbox 2711 502 2932 572; x_wconf 86' lang='lat' dir='ltr'><strong>dignare</strong></span> <span class='ocrx_word' id='word_1_134' title='bbox 2976 504 3240 577; x_wconf 88' lang='lat' dir='ltr'><strong>propitius</strong></span> <span class='ocrx_word' id='word_1_135' title='bbox 3283 507 3545 571; x_wconf 84' lang='lat' dir='ltr'><strong>revelare,</strong></span> 
     </span>
    </p>
   </div>
   <div class='ocr_carea' id='block_1_19' title="bbox 1963 592 3550 663">
    <p class='ocr_par' dir='ltr' id='par_1_19' title="bbox 1963 592 3550 663">
     <span class='ocr_line' id='line_1_19' title="bbox 1963 592 3550 663; baseline 0.008 -23"><span class='ocrx_word' id='word_1_136' title='bbox 1963 596 2022 640; x_wconf 90' lang='lat' dir='ltr'><strong>ut</strong></span> <span class='ocrx_word' id='word_1_137' title='bbox 2048 602 2364 657; x_wconf 88' lang='lat' dir='ltr'><strong>cognoscam</strong></span> <span class='ocrx_word' id='word_1_138' title='bbox 2384 636 2397 659; x_wconf 84' lang='lat'><strong>,</strong></span> <span class='ocrx_word' id='word_1_139' title='bbox 2430 592 2550 661; x_wconf 92' lang='lat' dir='ltr'><strong>quia</strong></span> <span class='ocrx_word' id='word_1_140' title='bbox 2584 593 2846 660; x_wconf 87' lang='lat' dir='ltr'><strong>propitius</strong></span> <span class='ocrx_word' id='word_1_141' title='bbox 2873 594 3176 663; x_wconf 80' lang='lat' dir='ltr'><strong>dignaberis</strong></span> <span class='ocrx_word' id='word_1_142' title='bbox 3203 610 3326 652; x_wconf 81' lang='lat' dir='ltr'><strong>esse</strong></span> <span class='ocrx_word' id='word_1_143' title='bbox 3346 595 3550 652; x_wconf 74' lang='lat' dir='ltr'><strong>fatuulo</strong></span> 
     </span>
    </p>
   </div>
   <div class='ocr_carea' id='block_1_20' title="bbox 1967 683 3551 755">
    <p class='ocr_par' dir='ltr' id='par_1_20' title="bbox 1967 683 3551 755">
     <span class='ocr_line' id='line_1_20' title="bbox 1967 683 3551 755; baseline 0.008 -23"><span class='ocrx_word' id='word_1_144' title='bbox 1967 687 2076 733; x_wconf 87' lang='lat' dir='ltr'><strong>tuo.</strong></span> <span class='ocrx_word' id='word_1_145' title='bbox 2113 683 2499 739; x_wconf 83' lang='lat' dir='ltr'><strong>Maturantibus</strong></span> <span class='ocrx_word' id='word_1_146' title='bbox 2530 695 2707 740; x_wconf 89' lang='lat' dir='ltr'><strong>autem</strong></span> <span class='ocrx_word' id='word_1_147' title='bbox 2742 688 2955 755; x_wconf 89' lang='lat' dir='ltr'><strong>pueris,</strong></span> <span class='ocrx_word' id='word_1_148' title='bbox 2986 696 3039 740; x_wconf 86' lang='lat' dir='ltr'><strong>et</strong></span> <span class='ocrx_word' id='word_1_149' title='bbox 3071 688 3137 741; x_wconf 90' lang='lat' dir='ltr'><strong>ad</strong></span> <span class='ocrx_word' id='word_1_150' title='bbox 3178 688 3355 743; x_wconf 88' lang='lat' dir='ltr'><strong>locum</strong></span> <span class='ocrx_word' id='word_1_151' title='bbox 3396 706 3551 745; x_wconf 84' lang='lat' dir='ltr'><strong>accc-</strong></span> 
     </span>
    </p>
   </div>
   <div class='ocr_carea' id='block_1_21' title="bbox 1961 772 3550 851">
    <p class='ocr_par' dir='ltr' id='par_1_21' title="bbox 1961 772 3550 851">
     <span class='ocr_line' id='line_1_21' title="bbox 1961 772 3550 851; baseline 0.006 -24"><span class='ocrx_word' id='word_1_152' title='bbox 1961 772 2213 828; x_wconf 88' lang='lat' dir='ltr'><strong>deutibus</strong></span> <span class='ocrx_word' id='word_1_153' title='bbox 2238 774 2388 843; x_wconf 81' lang='lat' dir='ltr'><strong>juxta</strong></span> <span class='ocrx_word' id='word_1_154' title='bbox 2422 776 2703 844; x_wconf 81' lang='lat' dir='ltr'><strong>imperium</strong></span> <span class='ocrx_word' id='word_1_155' title='bbox 2740 779 2880 848; x_wconf 88' lang='lat' dir='ltr'><strong>regis</strong></span> <span class='ocrx_word' id='word_1_156' title='bbox 2902 820 2915 843; x_wconf 88' lang='lat'><strong>,</strong></span> <span class='ocrx_word' id='word_1_157' title='bbox 2948 779 3073 833; x_wconf 90' lang='lat' dir='ltr'><strong>dum</strong></span> <span class='ocrx_word' id='word_1_158' title='bbox 3097 791 3336 835; x_wconf 81' lang='lat' dir='ltr'><strong>sanctam</strong></span> <span class='ocrx_word' id='word_1_159' title='bbox 3370 783 3550 851; x_wconf 87' lang='lat' dir='ltr'><strong>ingre-</strong></span> 
     </span>
    </p>
   </div>
   <div class='ocr_carea' id='block_1_22' title="bbox 1962 864 3548 940">
    <p class='ocr_par' dir='ltr' id='par_1_22' title="bbox 1962 864 3548 940">
     <span class='ocr_line' id='line_1_22' title="bbox 1962 864 3548 940; baseline 0.007 -22"><span class='ocrx_word' id='word_1_160' title='bbox 1962 864 2217 919; x_wconf 88' lang='lat' dir='ltr'><strong>derentur</strong></span> <span class='ocrx_word' id='word_1_161' title='bbox 2248 866 2523 923; x_wconf 84' lang='lat' dir='ltr'><strong>basilicam</strong></span> <span class='ocrx_word' id='word_1_162' title='bbox 2543 910 2557 934; x_wconf 90' lang='lat'><strong>,</strong></span> <span class='ocrx_word' id='word_1_163' title='bbox 2600 871 2737 923; x_wconf 83' lang='lat' dir='ltr'><strong>hanc</strong></span> <span class='ocrx_word' id='word_1_164' title='bbox 2787 870 3132 939; x_wconf 83' lang='lat' dir='ltr'><strong>autiphonain</strong></span> <span class='ocrx_word' id='word_1_165' title='bbox 3162 887 3224 925; x_wconf 87' lang='lat' dir='ltr'><strong>ex</strong></span> <span class='ocrx_word' id='word_1_166' title='bbox 3255 875 3548 940; x_wconf 76' lang='lat' dir='ltr'><strong>ltttpl‘OVlSO</strong></span> 
     </span>
    </p>
   </div>
   <div class='ocr_carea' id='block_1_23' title="bbox 1962 956 3546 1030">
    <p class='ocr_par' dir='ltr' id='par_1_23' title="bbox 1962 956 3546 1030">
     <span class='ocr_line' id='line_1_23' title="bbox 1962 956 3546 1030; baseline 0.006 -22"><span class='ocrx_word' id='word_1_167' title='bbox 1962 956 2301 1023; x_wconf 84' lang='lat' dir='ltr'><strong>primicerius</strong></span> <span class='ocrx_word' id='word_1_168' title='bbox 2354 959 2442 1027; x_wconf 87' lang='lat' dir='ltr'><strong>qui</strong></span> <span class='ocrx_word' id='word_1_169' title='bbox 2487 969 2632 1025; x_wconf 89' lang='lat' dir='ltr'><strong>erat,</strong></span> <span class='ocrx_word' id='word_1_170' title='bbox 2668 962 2923 1029; x_wconf 81' lang='lat' dir='ltr'><strong>imposuit</strong></span> <span class='ocrx_word' id='word_1_171' title='bbox 2954 970 2978 999; x_wconf 84' lang='lat'><strong><em>°</em></strong></span> <span class='ocrx_word' id='word_1_172' title='bbox 3015 980 3028 1014; x_wconf 89' lang='lat'><strong>:</strong></span> <span class='ocrx_word' id='word_1_173' title='bbox 3073 961 3396 1017; x_wconf 66' lang='lat' dir='ltr'><strong>Prwcinxisti</strong></span> <span class='ocrx_word' id='word_1_174' title='bbox 3442 981 3546 1030; x_wconf 73' lang='lat' dir='ltr'><strong>me,</strong></span> 
     </span>
    </p>
   </div>
   <div class='ocr_carea' id='block_1_24' title="bbox 1958 1046 3548 1125">
    <p class='ocr_par' dir='ltr' id='par_1_24' title="bbox 1958 1046 3548 1125">
     <span class='ocr_line' id='line_1_24' title="bbox 1958 1046 3548 1125; baseline 0.006 -26"><span class='ocrx_word' id='word_1_175' title='bbox 1958 1046 2066 1117; x_wconf 76' lang='lat'><strong>93</strong></span> <span class='ocrx_word' id='word_1_176' title='bbox 2108 1047 2359 1118; x_wconf 75' lang='lat' dir='ltr'><strong>Domine,</strong></span> <span class='ocrx_word' id='word_1_177' title='bbox 2394 1052 2576 1106; x_wconf 79' lang='lat' dir='ltr'><strong>virtute</strong></span> <span class='ocrx_word' id='word_1_178' title='bbox 2604 1055 2672 1105; x_wconf 78' lang='lat' dir='ltr'><strong>ad</strong></span> <span class='ocrx_word' id='word_1_179' title='bbox 2710 1052 2897 1107; x_wconf 80' lang='lat' dir='ltr'><strong>bellum</strong></span> <span class='ocrx_word' id='word_1_180' title='bbox 2948 1068 2967 1108; x_wconf 92' lang='lat'><strong><em>:</em></strong></span> <span class='ocrx_word' id='word_1_181' title='bbox 3006 1055 3349 1125; x_wconf 81' lang='lat' dir='ltr'><strong>supplantasti</strong></span> <span class='ocrx_word' id='word_1_182' title='bbox 3374 1057 3548 1109; x_wconf 81' lang='lat' dir='ltr'><strong>insur-</strong></span> 
     </span>
    </p>
   </div>
   <div class='ocr_carea' id='block_1_25' title="bbox 1960 1143 3551 1213">
    <p class='ocr_par' dir='ltr' id='par_1_25' title="bbox 1960 1143 3551 1213">
     <span class='ocr_line' id='line_1_25' title="bbox 1960 1143 3551 1213; baseline 0.004 -19"><span class='ocrx_word' id='word_1_183' title='bbox 1960 1150 2130 1213; x_wconf 79' lang='lat' dir='ltr'><strong>gentes</strong></span> <span class='ocrx_word' id='word_1_184' title='bbox 2158 1143 2212 1196; x_wconf 85' lang='lat' dir='ltr'><strong>in</strong></span> <span class='ocrx_word' id='word_1_185' title='bbox 2242 1160 2321 1197; x_wconf 87' lang='lat' dir='ltr'><strong>me</strong></span> <span class='ocrx_word' id='word_1_186' title='bbox 2348 1146 2526 1198; x_wconf 82' lang='lat' dir='ltr'><strong>subtus</strong></span> <span class='ocrx_word' id='word_1_187' title='bbox 2549 1162 2654 1211; x_wconf 87' lang='lat' dir='ltr'><strong>me,</strong></span> <span class='ocrx_word' id='word_1_188' title='bbox 2686 1156 2733 1200; x_wconf 86' lang='lat' dir='ltr'><strong>et</strong></span> <span class='ocrx_word' id='word_1_189' title='bbox 2760 1146 3082 1200; x_wconf 78' lang='lat' dir='ltr'><strong>inimicorum</strong></span> <span class='ocrx_word' id='word_1_190' title='bbox 3110 1164 3340 1201; x_wconf 75' lang='lat' dir='ltr'><strong>meorum</strong></span> <span class='ocrx_word' id='word_1_191' title='bbox 3365 1147 3551 1202; x_wconf 75' lang='lat' dir='ltr'><strong>dedisti</strong></span> 
     </span>
    </p>
   </div>
   <div class='ocr_carea' id='block_1_26' title="bbox 1960 1233 3549 1311">
    <p class='ocr_par' dir='ltr' id='par_1_26' title="bbox 1960 1233 3549 1311">
     <span class='ocr_line' id='line_1_26' title="bbox 1960 1233 3549 1311; baseline 0.005 -24"><span class='ocrx_word' id='word_1_192' title='bbox 1960 1233 2088 1287; x_wconf 74' lang='lat' dir='ltr'><strong>mihi</strong></span> <span class='ocrx_word' id='word_1_193' title='bbox 2115 1236 2324 1289; x_wconf 83' lang='lat' dir='ltr'><strong>dorsum</strong></span> <span class='ocrx_word' id='word_1_194' title='bbox 2342 1278 2357 1301; x_wconf 91' lang='lat'><strong>,</strong></span> <span class='ocrx_word' id='word_1_195' title='bbox 2384 1246 2431 1290; x_wconf 84' lang='lat' dir='ltr'><strong>et</strong></span> <span class='ocrx_word' id='word_1_196' title='bbox 2462 1239 2687 1292; x_wconf 81' lang='lat' dir='ltr'><strong>odientes</strong></span> <span class='ocrx_word' id='word_1_197' title='bbox 2712 1255 2789 1293; x_wconf 84' lang='lat' dir='ltr'><strong>me</strong></span> <span class='ocrx_word' id='word_1_198' title='bbox 2814 1240 3169 1307; x_wconf 83' lang='lat' dir='ltr'><strong>disperdidiin</strong></span> <span class='ocrx_word' id='word_1_199' title='bbox 3198 1238 3218 1311; x_wconf 96' lang='lat'>(</span> <span class='ocrx_word' id='word_1_200' title='bbox 3241 1238 3385 1294; x_wconf 84' lang='lat' dir='ltr'><strong>Psal.</strong></span> <span class='ocrx_word' id='word_1_201' title='bbox 3419 1256 3549 1304; x_wconf 74' lang='grc' dir='ltr'>ιινιι,</span> 
     </span>
    </p>
   </div>
   <div class='ocr_carea' id='block_1_27' title="bbox 1959 1325 3550 1398">
    <p class='ocr_par' dir='ltr' id='par_1_27' title="bbox 1959 1325 3550 1398">
     <span class='ocr_line' id='line_1_27' title="bbox 1959 1325 3550 1398; baseline 0.003 -17"><span class='ocrx_word' id='word_1_202' title='bbox 1959 1325 2050 1391; x_wconf 71' lang='grc' dir='ltr'><strong>ιθ,</strong></span> <span class='ocrx_word' id='word_1_203' title='bbox 2082 1326 2195 1395; x_wconf 62' lang='lat' dir='ltr'><strong>Al).</strong></span> <span class='ocrx_word' id='word_1_204' title='bbox 2243 1328 2396 1394; x_wconf 79' lang='lat' dir='ltr'><strong>Quod</strong></span> <span class='ocrx_word' id='word_1_205' title='bbox 2446 1330 2787 1398; x_wconf 78' lang='lat' dir='ltr'><strong>psallentium</strong></span> <span class='ocrx_word' id='word_1_206' title='bbox 2832 1329 2850 1368; x_wconf 74' lang='grc' dir='ltr'>ί</span> <span class='ocrx_word' id='word_1_207' title='bbox 2885 1331 3194 1397; x_wconf 83' lang='lat' dir='ltr'><strong>audientes,</strong></span> <span class='ocrx_word' id='word_1_208' title='bbox 3240 1342 3295 1385; x_wconf 89' lang='lat' dir='ltr'><strong>et.</strong></span> <span class='ocrx_word' id='word_1_209' title='bbox 3324 1331 3550 1387; x_wconf 75' lang='lat' dir='ltr'><strong>Domino</strong></span> 
     </span>
    </p>
   </div>
   <div class='ocr_carea' id='block_1_28' title="bbox 1958 1420 3549 1493">
    <p class='ocr_par' dir='ltr' id='par_1_28' title="bbox 1958 1420 3549 1493">
     <span class='ocr_line' id='line_1_28' title="bbox 1958 1420 3549 1493; baseline 0.003 -21"><span class='ocrx_word' id='word_1_210' title='bbox 1958 1420 2161 1488; x_wconf 82' lang='lat' dir='ltr'><strong>gratias</strong></span> <span class='ocrx_word' id='word_1_211' title='bbox 2182 1430 2434 1490; x_wconf 82' lang='lat' dir='ltr'><strong>agentes,</strong></span> <span class='ocrx_word' id='word_1_212' title='bbox 2467 1433 2522 1478; x_wconf 89' lang='lat' dir='ltr'><strong>et</strong></span> <span class='ocrx_word' id='word_1_213' title='bbox 2552 1432 2677 1476; x_wconf 86' lang='lat' dir='ltr'><strong>vota</strong></span> <span class='ocrx_word' id='word_1_214' title='bbox 2704 1422 2861 1477; x_wconf 86' lang='lat' dir='ltr'><strong>beato</strong></span> <span class='ocrx_word' id='word_1_215' title='bbox 2892 1424 3188 1478; x_wconf 78' lang='lat' dir='ltr'><strong>confessori</strong></span> <span class='ocrx_word' id='word_1_216' title='bbox 3234 1424 3549 1493; x_wconf 62' lang='lat' dir='ltr'><strong>promitteno</strong></span> 
     </span>
    </p>
   </div>
   <div class='ocr_carea' id='block_1_29' title="bbox 1959 1513 3550 1586">
    <p class='ocr_par' dir='ltr' id='par_1_29' title="bbox 1959 1513 3550 1586">
     <span class='ocr_line' id='line_1_29' title="bbox 1959 1513 3550 1586; baseline 0.002 -21"><span class='ocrx_word' id='word_1_217' title='bbox 1959 1520 2040 1567; x_wconf 89' lang='lat' dir='ltr'><strong>tes</strong></span> <span class='ocrx_word' id='word_1_218' title='bbox 2064 1555 2078 1579; x_wconf 92' lang='lat'><strong>,</strong></span> <span class='ocrx_word' id='word_1_219' title='bbox 2115 1513 2220 1567; x_wconf 69' lang='lat' dir='ltr'><strong>laeti</strong></span> <span class='ocrx_word' id='word_1_220' title='bbox 2254 1514 2638 1569; x_wconf 69' lang='lat' dir='ltr'><strong>nuntiaverunt</strong></span> <span class='ocrx_word' id='word_1_221' title='bbox 2684 1519 2817 1586; x_wconf 83' lang='lat' dir='ltr'><strong>regi.</strong></span> <span class='ocrx_word' id='word_1_222' title='bbox 2861 1515 3025 1569; x_wconf 88' lang='lat' dir='ltr'><strong>Porro</strong></span> <span class='ocrx_word' id='word_1_223' title='bbox 3056 1516 3143 1569; x_wconf 85' lang='lat' dir='ltr'><strong>ille</strong></span> <span class='ocrx_word' id='word_1_224' title='bbox 3189 1532 3309 1569; x_wconf 90' lang='lat' dir='ltr'><strong>cum</strong></span> <span class='ocrx_word' id='word_1_225' title='bbox 3341 1515 3405 1570; x_wconf 83' lang='lat' dir='ltr'><strong>ad</strong></span> <span class='ocrx_word' id='word_1_226' title='bbox 3446 1515 3550 1568; x_wconf 77' lang='lat' dir='ltr'><strong>llu-</strong></span> 
     </span>
    </p>
   </div>
   <div class='ocr_carea' id='block_1_30' title="bbox 1957 1606 3551 1678">
    <p class='ocr_par' dir='ltr' id='par_1_30' title="bbox 1957 1606 3551 1678">
     <span class='ocr_line' id='line_1_30' title="bbox 1957 1606 3551 1678; baseline 0.004 -21"><span class='ocrx_word' id='word_1_227' title='bbox 1957 1606 2098 1658; x_wconf 81' lang='lat' dir='ltr'><strong>vium</strong></span> <span class='ocrx_word' id='word_1_228' title='bbox 2135 1606 2465 1676; x_wconf 85' lang='lat' dir='ltr'><strong>Viugenuam</strong></span> <span class='ocrx_word' id='word_1_229' title='bbox 2497 1617 2523 1654; x_wconf 77' lang='grc' dir='ltr'>ις</span> <span class='ocrx_word' id='word_1_230' title='bbox 2552 1622 2673 1660; x_wconf 91' lang='lat' dir='ltr'><strong>cum</strong></span> <span class='ocrx_word' id='word_1_231' title='bbox 2701 1607 2947 1663; x_wconf 83' lang='lat' dir='ltr'><strong>exercitu</strong></span> <span class='ocrx_word' id='word_1_232' title='bbox 2996 1608 3333 1673; x_wconf 82' lang='lat' dir='ltr'><strong>advenisset,</strong></span> <span class='ocrx_word' id='word_1_233' title='bbox 3356 1610 3412 1664; x_wconf 78' lang='lat' dir='ltr'><strong>in</strong></span> <span class='ocrx_word' id='word_1_234' title='bbox 3442 1625 3551 1678; x_wconf 76' lang='lat' dir='ltr'><strong>quo</strong></span> 
     </span>
    </p>
   </div>
   <div class='ocr_carea' id='block_1_31' title="bbox 1957 1694 3550 1771">
    <p class='ocr_par' dir='ltr' id='par_1_31' title="bbox 1957 1694 3550 1771">
     <span class='ocr_line' id='line_1_31' title="bbox 1957 1694 3550 1771; baseline 0.005 -24"><span class='ocrx_word' id='word_1_235' title='bbox 1957 1694 2080 1748; x_wconf 85' lang='lat' dir='ltr'><strong>loco</strong></span> <span class='ocrx_word' id='word_1_236' title='bbox 2109 1711 2229 1748; x_wconf 89' lang='lat' dir='ltr'><strong>eum</strong></span> <span class='ocrx_word' id='word_1_237' title='bbox 2274 1700 2502 1752; x_wconf 86' lang='lat' dir='ltr'><strong>transire</strong></span> <span class='ocrx_word' id='word_1_238' title='bbox 2532 1699 2755 1753; x_wconf 83' lang='lat' dir='ltr'><strong>deberet</strong></span> <span class='ocrx_word' id='word_1_239' title='bbox 2800 1700 3015 1767; x_wconf 88' lang='lat' dir='ltr'><strong>penitus</strong></span> <span class='ocrx_word' id='word_1_240' title='bbox 3046 1701 3329 1771; x_wconf 78' lang='lat' dir='ltr'><strong>ignorabat</strong></span> <span class='ocrx_word' id='word_1_241' title='bbox 3360 1718 3373 1753; x_wconf 91' lang='lat'><strong>:</strong></span> <span class='ocrx_word' id='word_1_242' title='bbox 3400 1702 3550 1755; x_wconf 84' lang='lat' dir='ltr'><strong>intu-</strong></span> 
     </span>
    </p>
   </div>
   <div class='ocr_carea' id='block_1_32' title="bbox 267 1782 3538 1862">
    <p class='ocr_par' dir='ltr' id='par_1_32' title="bbox 267 1782 3538 1862">
     <span class='ocr_line' id='line_1_32' title="bbox 267 1782 3538 1862; baseline 0.005 -33"><span class='ocrx_word' id='word_1_243' title='bbox 267 1790 548 1849; x_wconf 82' lang='lat' dir='ltr'><strong>utrumque</strong></span> <span class='ocrx_word' id='word_1_244' title='bbox 590 1782 853 1835; x_wconf 74' lang='lat' dir='ltr'><strong>sustineat</strong></span> <span class='ocrx_word' id='word_1_245' title='bbox 882 1800 895 1836; x_wconf 89' lang='lat'><strong>:</strong></span> <span class='ocrx_word' id='word_1_246' title='bbox 940 1792 1142 1836; x_wconf 89' lang='lat' dir='ltr'><strong>tantum</strong></span> <span class='ocrx_word' id='word_1_247' title='bbox 1174 1784 1407 1840; x_wconf 85' lang='lat' dir='ltr'><strong>cliaritas</strong></span> <span class='ocrx_word' id='word_1_248' title='bbox 1456 1802 1613 1855; x_wconf 88' lang='lat' dir='ltr'><strong>quam</strong></span> <span class='ocrx_word' id='word_1_249' title='bbox 1663 1788 1849 1845; x_wconf 86' lang='lat' dir='ltr'><strong>beatus</strong></span> <span class='ocrx_word' id='word_1_250' title='bbox 1885 1805 1928 1862; x_wconf 73' lang='grc' dir='ltr'><strong>Β</strong></span> <span class='ocrx_word' id='word_1_251' title='bbox 1957 1796 2162 1838; x_wconf 76' lang='lat' dir='ltr'><strong>mucrat</strong></span> <span class='ocrx_word' id='word_1_252' title='bbox 2193 1786 2334 1840; x_wconf 86' lang='lat' dir='ltr'><strong>enim</strong></span> <span class='ocrx_word' id='word_1_253' title='bbox 2361 1788 2429 1841; x_wconf 86' lang='lat' dir='ltr'><strong>ab</strong></span> <span class='ocrx_word' id='word_1_254' title='bbox 2454 1789 2797 1843; x_wconf 81' lang='lat' dir='ltr'><strong>inundatione</strong></span> <span class='ocrx_word' id='word_1_255' title='bbox 2828 1790 3146 1858; x_wconf 84' lang='lat' dir='ltr'><strong>pluviarum.</strong></span> <span class='ocrx_word' id='word_1_256' title='bbox 3177 1791 3419 1861; x_wconf 76' lang='lat' dir='ltr'><strong>Curaque</strong></span> <span class='ocrx_word' id='word_1_257' title='bbox 3448 1792 3538 1847; x_wconf 84' lang='lat' dir='ltr'><strong>illa</strong></span> 
     </span>
    </p>
   </div>
   <div class='ocr_carea' id='block_1_33' title="bbox 266 1872 1848 1940">
    <p class='ocr_par' dir='ltr' id='par_1_33' title="bbox 266 1872 1848 1940">
     <span class='ocr_line' id='line_1_33' title="bbox 266 1872 1848 1940; baseline 0.005 -14"><span class='ocrx_word' id='word_1_258' title='bbox 266 1872 548 1939; x_wconf 79' lang='lat' dir='ltr'><strong>Apostolus</strong></span> <span class='ocrx_word' id='word_1_259' title='bbox 574 1872 824 1940; x_wconf 61' lang='lat' dir='ltr'><strong>prrdicat</strong></span> <span class='ocrx_word' id='word_1_260' title='bbox 846 1913 859 1937; x_wconf 94' lang='lat'><strong>,</strong></span> <span class='ocrx_word' id='word_1_261' title='bbox 886 1883 1199 1940; x_wconf 81' lang='lat' dir='ltr'><strong>permaneat</strong></span> <span class='ocrx_word' id='word_1_262' title='bbox 1228 1876 1365 1931; x_wconf 89' lang='lat' dir='ltr'><strong>inter</strong></span> <span class='ocrx_word' id='word_1_263' title='bbox 1394 1880 1704 1934; x_wconf 85' lang='lat' dir='ltr'><strong>sacerdotes</strong></span> <span class='ocrx_word' id='word_1_264' title='bbox 1736 1880 1848 1934; x_wconf 87' lang='lat' dir='ltr'><strong>Dei.</strong></span> 
     </span>
    </p>
   </div>
   <div class='ocr_carea' id='block_1_34' title="bbox 264 1961 1850 2041">
    <p class='ocr_par' dir='ltr' id='par_1_34' title="bbox 264 1961 1850 2041">
     <span class='ocr_line' id='line_1_34' title="bbox 264 1961 1850 2041; baseline 0.006 -23"><span class='ocrx_word' id='word_1_265' title='bbox 264 1961 361 2018; x_wconf 86' lang='lat' dir='ltr'><strong>Sed</strong></span> <span class='ocrx_word' id='word_1_266' title='bbox 386 1969 444 2018; x_wconf 75' lang='lat' dir='ltr'><strong>et</strong></span> <span class='ocrx_word' id='word_1_267' title='bbox 491 1962 865 2032; x_wconf 78' lang='lat' dir='ltr'><strong>Lugdunensis</strong></span> <span class='ocrx_word' id='word_1_268' title='bbox 915 1968 1196 2036; x_wconf 79' lang='lat' dir='ltr'><strong>cpi&#39;sropus</strong></span> <span class='ocrx_word' id='word_1_269' title='bbox 1236 1966 1455 2038; x_wconf 87' lang='lat' dir='ltr'><strong>largitus</strong></span> <span class='ocrx_word' id='word_1_270' title='bbox 1485 1980 1569 2025; x_wconf 91' lang='lat' dir='ltr'><strong>est</strong></span> <span class='ocrx_word' id='word_1_271' title='bbox 1596 1971 1645 2026; x_wconf 89' lang='lat' dir='ltr'><strong>ei</strong></span> <span class='ocrx_word' id='word_1_272' title='bbox 1677 1972 1850 2041; x_wconf 88' lang='lat' dir='ltr'><strong>aliqua</strong></span> 
     </span>
    </p>
   </div>
   <div class='ocr_carea' id='block_1_35' title="bbox 267 2054 1851 2127">
    <p class='ocr_par' dir='ltr' id='par_1_35' title="bbox 267 2054 1851 2127">
     <span class='ocr_line' id='line_1_35' title="bbox 267 2054 1851 2127; baseline 0.007 -21"><span class='ocrx_word' id='word_1_273' title='bbox 267 2054 618 2123; x_wconf 85' lang='lat' dir='ltr'><strong>possessionis</strong></span> <span class='ocrx_word' id='word_1_274' title='bbox 653 2056 900 2111; x_wconf 67' lang='lat' dir='ltr'><strong>ecclesia:</strong></span> <span class='ocrx_word' id='word_1_275' title='bbox 930 2072 1073 2124; x_wconf 67' lang='lat' dir='ltr'><strong>sum,</strong></span> <span class='ocrx_word' id='word_1_276' title='bbox 1117 2075 1273 2127; x_wconf 87' lang='lat' dir='ltr'><strong>quam</strong></span> <span class='ocrx_word' id='word_1_277' title='bbox 1304 2060 1357 2113; x_wconf 89' lang='lat' dir='ltr'><strong>iu</strong></span> <span class='ocrx_word' id='word_1_278' title='bbox 1391 2062 1636 2115; x_wconf 83' lang='lat' dir='ltr'><strong>Arverno</strong></span> <span class='ocrx_word' id='word_1_279' title='bbox 1684 2063 1851 2118; x_wconf 88' lang='lat' dir='ltr'><strong>habe-</strong></span> 
     </span>
    </p>
   </div>
   <div class='ocr_carea' id='block_1_36' title="bbox 269 2145 1851 2225">
    <p class='ocr_par' dir='ltr' id='par_1_36' title="bbox 269 2145 1851 2225">
     <span class='ocr_line' id='line_1_36' title="bbox 269 2145 1851 2225; baseline 0.006 -26"><span class='ocrx_word' id='word_1_280' title='bbox 269 2145 366 2201; x_wconf 83' lang='lat' dir='ltr'><strong>bat.</strong></span> <span class='ocrx_word' id='word_1_281' title='bbox 399 2145 623 2215; x_wconf 81' lang='lat' dir='ltr'><strong>Reliqua</strong></span> <span class='ocrx_word' id='word_1_282' title='bbox 648 2162 777 2202; x_wconf 83' lang='lat' dir='ltr'><strong>vero</strong></span> <span class='ocrx_word' id='word_1_283' title='bbox 807 2148 874 2201; x_wconf 89' lang='lat' dir='ltr'><strong>de</strong></span> <span class='ocrx_word' id='word_1_284' title='bbox 920 2158 1105 2203; x_wconf 84' lang='lat' dir='ltr'><strong>sancto</strong></span> <span class='ocrx_word' id='word_1_285' title='bbox 1138 2150 1458 2218; x_wconf 86' lang='lat' dir='ltr'><strong>Quintiano,</strong></span> <span class='ocrx_word' id='word_1_286' title='bbox 1491 2161 1599 2206; x_wconf 86' lang='lat' dir='ltr'><strong>tam</strong></span> <span class='ocrx_word' id='word_1_287' title='bbox 1644 2153 1851 2225; x_wconf 65' lang='lat' dir='ltr'><strong>insidias</strong></span> 
     </span>
    </p>
   </div>
   <div class='ocr_carea' id='block_1_37' title="bbox 265 2239 1851 2315">
    <p class='ocr_par' dir='ltr' id='par_1_37' title="bbox 265 2239 1851 2315">
     <span class='ocr_line' id='line_1_37' title="bbox 265 2239 1851 2315; baseline 0.006 -25"><span class='ocrx_word' id='word_1_288' title='bbox 265 2255 386 2307; x_wconf 87' lang='lat' dir='ltr'><strong>quas</strong></span> <span class='ocrx_word' id='word_1_289' title='bbox 420 2239 672 2307; x_wconf 84' lang='lat' dir='ltr'><strong>pertulit,</strong></span> <span class='ocrx_word' id='word_1_290' title='bbox 704 2255 863 2311; x_wconf 90' lang='lat' dir='ltr'><strong>quam</strong></span> <span class='ocrx_word' id='word_1_291' title='bbox 894 2240 983 2295; x_wconf 86' lang='lat' dir='ltr'><strong>illa</strong></span> <span class='ocrx_word' id='word_1_292' title='bbox 1015 2256 1134 2312; x_wconf 68' lang='lat' dir='ltr'><strong>quae</strong></span> <span class='ocrx_word' id='word_1_293' title='bbox 1162 2256 1256 2309; x_wconf 92' lang='lat' dir='ltr'><strong>per</strong></span> <span class='ocrx_word' id='word_1_294' title='bbox 1283 2258 1407 2297; x_wconf 81' lang='lat' dir='ltr'><strong>eum</strong></span> <span class='ocrx_word' id='word_1_295' title='bbox 1439 2243 1698 2299; x_wconf 83' lang='lat' dir='ltr'><strong>Dominus</strong></span> <span class='ocrx_word' id='word_1_296' title='bbox 1726 2261 1851 2315; x_wconf 79' lang='lat' dir='ltr'><strong>opo~</strong></span> 
     </span>
    </p>
   </div>
   <div class='ocr_carea' id='block_1_38' title="bbox 265 2330 1847 2405">
    <p class='ocr_par' dir='ltr' id='par_1_38' title="bbox 265 2330 1847 2405">
     <span class='ocr_line' id='line_1_38' title="bbox 265 2330 1847 2405; baseline 0.003 -21"><span class='ocrx_word' id='word_1_297' title='bbox 265 2331 358 2384; x_wconf 88' lang='lat' dir='ltr'><strong>rari</strong></span> <span class='ocrx_word' id='word_1_298' title='bbox 385 2330 637 2399; x_wconf 88' lang='lat' dir='ltr'><strong>dignatus</strong></span> <span class='ocrx_word' id='word_1_299' title='bbox 665 2342 778 2400; x_wconf 78' lang='lat' dir='ltr'><strong>est,</strong></span> <span class='ocrx_word' id='word_1_300' title='bbox 811 2331 1010 2400; x_wconf 89' lang='lat' dir='ltr'><strong>scripta</strong></span> <span class='ocrx_word' id='word_1_301' title='bbox 1040 2341 1163 2387; x_wconf 89' lang='lat' dir='ltr'><strong>sunt</strong></span> <span class='ocrx_word' id='word_1_302' title='bbox 1196 2332 1246 2387; x_wconf 92' lang='lat' dir='ltr'><strong>in</strong></span> <span class='ocrx_word' id='word_1_303' title='bbox 1280 2333 1419 2390; x_wconf 91' lang='lat' dir='ltr'><strong>libro</strong></span> <span class='ocrx_word' id='word_1_304' title='bbox 1464 2333 1602 2389; x_wconf 73' lang='lat' dir='ltr'><strong>Vita:</strong></span> <span class='ocrx_word' id='word_1_305' title='bbox 1653 2335 1770 2405; x_wconf 88' lang='lat' dir='ltr'><strong>ejus</strong></span> <span class='ocrx_word' id='word_1_306' title='bbox 1798 2346 1847 2389; x_wconf 73' lang='grc' dir='ltr'><strong>ο.</strong></span> 
     </span>
    </p>
   </div>
   <div class='ocr_carea' id='block_1_39' title="bbox 331 2420 1847 2496">
    <p class='ocr_par' dir='ltr' id='par_1_39' title="bbox 331 2420 1847 2496">
     <span class='ocr_line' id='line_1_39' title="bbox 331 2420 1847 2496; baseline 0.005 -22"><span class='ocrx_word' id='word_1_307' title='bbox 331 2420 597 2477; x_wconf 74' lang='lat' dir='ltr'><strong>XXXVII.</strong></span> <span class='ocrx_word' id='word_1_308' title='bbox 642 2422 806 2491; x_wconf 82' lang='lat' dir='ltr'><strong>igitur</strong></span> <span class='ocrx_word' id='word_1_309' title='bbox 834 2421 1246 2478; x_wconf 83' lang='lat' dir='ltr'><strong>Chlodovcchus</strong></span> <span class='ocrx_word' id='word_1_310' title='bbox 1294 2425 1401 2496; x_wconf 77' lang='grc'><strong>92</strong></span> <span class='ocrx_word' id='word_1_311' title='bbox 1442 2440 1536 2480; x_wconf 90' lang='lat' dir='ltr'><strong>rex</strong></span> <span class='ocrx_word' id='word_1_312' title='bbox 1580 2428 1653 2481; x_wconf 87' lang='lat' dir='ltr'><strong>ait</strong></span> <span class='ocrx_word' id='word_1_313' title='bbox 1691 2428 1847 2483; x_wconf 88' lang='lat' dir='ltr'><strong>suis:</strong></span> 
     </span>
    </p>
   </div>
   <div class='ocr_carea' id='block_1_40' title="bbox 272 2510 1852 2587">
    <p class='ocr_par' dir='ltr' id='par_1_40' title="bbox 272 2510 1852 2587">
     <span class='ocr_line' id='line_1_40' title="bbox 272 2510 1852 2587; baseline 0.004 -21"><span class='ocrx_word' id='word_1_314' title='bbox 272 2510 430 2569; x_wconf 75' lang='lat' dir='ltr'><strong>Valde</strong></span> <span class='ocrx_word' id='word_1_315' title='bbox 459 2514 692 2570; x_wconf 88' lang='lat' dir='ltr'><strong>moleste</strong></span> <span class='ocrx_word' id='word_1_316' title='bbox 721 2512 868 2581; x_wconf 76' lang='lat' dir='ltr'><strong>fero,</strong></span> <span class='ocrx_word' id='word_1_317' title='bbox 897 2515 1039 2585; x_wconf 88' lang='lat' dir='ltr'><strong>quod</strong></span> <span class='ocrx_word' id='word_1_318' title='bbox 1086 2515 1139 2570; x_wconf 88' lang='lat' dir='ltr'><strong>bi</strong></span> <span class='ocrx_word' id='word_1_319' title='bbox 1183 2516 1368 2573; x_wconf 83' lang='lat' dir='ltr'><strong>Ariani</strong></span> <span class='ocrx_word' id='word_1_320' title='bbox 1396 2526 1605 2587; x_wconf 84' lang='lat' dir='ltr'><strong>partem</strong></span> <span class='ocrx_word' id='word_1_321' title='bbox 1635 2528 1852 2575; x_wconf 86' lang='lat' dir='ltr'><strong>teneant</strong></span> 
     </span>
    </p>
   </div>
   <div class='ocr_carea' id='block_1_41' title="bbox 262 2604 1850 2682">
    <p class='ocr_par' dir='ltr' id='par_1_41' title="bbox 262 2604 1850 2682">
     <span class='ocr_line' id='line_1_41' title="bbox 262 2604 1850 2682; baseline 0.004 -21"><span class='ocrx_word' id='word_1_322' title='bbox 262 2604 571 2661; x_wconf 82' lang='lat' dir='ltr'><strong>Galliarum.</strong></span> <span class='ocrx_word' id='word_1_323' title='bbox 608 2607 804 2663; x_wconf 86' lang='lat' dir='ltr'><strong>Eamus</strong></span> <span class='ocrx_word' id='word_1_324' title='bbox 834 2606 859 2646; x_wconf 68' lang='grc' dir='ltr'><strong>ι</strong></span> <span class='ocrx_word' id='word_1_325' title='bbox 889 2622 1011 2663; x_wconf 89' lang='lat' dir='ltr'><strong>cum</strong></span> <span class='ocrx_word' id='word_1_326' title='bbox 1046 2610 1135 2663; x_wconf 88' lang='lat' dir='ltr'><strong>Dei</strong></span> <span class='ocrx_word' id='word_1_327' title='bbox 1166 2609 1463 2679; x_wconf 88' lang='lat' dir='ltr'><strong>adjutorio,</strong></span> <span class='ocrx_word' id='word_1_328' title='bbox 1490 2621 1545 2666; x_wconf 88' lang='lat' dir='ltr'><strong>et</strong></span> <span class='ocrx_word' id='word_1_329' title='bbox 1586 2616 1850 2682; x_wconf 82' lang='lat' dir='ltr'><strong>Superatis</strong></span> 
     </span>
    </p>
   </div>
   <div class='ocr_carea' id='block_1_42' title="bbox 257 2700 1850 2775">
    <p class='ocr_par' dir='ltr' id='par_1_42' title="bbox 257 2700 1850 2775">
     <span class='ocr_line' id='line_1_42' title="bbox 257 2700 1850 2775; baseline 0.002 -19"><span class='ocrx_word' id='word_1_330' title='bbox 257 2701 557 2772; x_wconf 81' lang='lat' dir='ltr'><strong>I&#39;edigamus</strong></span> <span class='ocrx_word' id='word_1_331' title='bbox 580 2711 776 2756; x_wconf 88' lang='lat' dir='ltr'><strong>terram</strong></span> <span class='ocrx_word' id='word_1_332' title='bbox 810 2700 863 2756; x_wconf 92' lang='lat' dir='ltr'><strong>in</strong></span> <span class='ocrx_word' id='word_1_333' title='bbox 889 2702 1147 2757; x_wconf 76' lang='lat' dir='ltr'><strong>ditionem</strong></span> <span class='ocrx_word' id='word_1_334' title='bbox 1179 2711 1439 2758; x_wconf 85' lang='lat' dir='ltr'><strong>nostram.</strong></span> <span class='ocrx_word' id='word_1_335' title='bbox 1472 2703 1714 2775; x_wconf 87' lang='lat' dir='ltr'><strong>Cumque</strong></span> <span class='ocrx_word' id='word_1_336' title='bbox 1737 2705 1850 2775; x_wconf 79' lang='lat' dir='ltr'><strong>pla—</strong></span> 
     </span>
    </p>
   </div>
   <div class='ocr_carea' id='block_1_43' title="bbox 256 2796 1850 2863">
    <p class='ocr_par' dir='ltr' id='par_1_43' title="bbox 256 2796 1850 2863">
     <span class='ocr_line' id='line_1_43' title="bbox 256 2796 1850 2863; baseline 0.002 -13"><span class='ocrx_word' id='word_1_337' title='bbox 256 2797 450 2851; x_wconf 75' lang='lat' dir='ltr'><strong>coisset</strong></span> <span class='ocrx_word' id='word_1_338' title='bbox 474 2797 729 2850; x_wconf 77' lang='lat' dir='ltr'><strong>omnibus</strong></span> <span class='ocrx_word' id='word_1_339' title='bbox 757 2796 842 2849; x_wconf 86' lang='lat' dir='ltr'><strong>hic</strong></span> <span class='ocrx_word' id='word_1_340' title='bbox 867 2810 1048 2851; x_wconf 90' lang='lat' dir='ltr'><strong>sermo</strong></span> <span class='ocrx_word' id='word_1_341' title='bbox 1067 2837 1083 2863; x_wconf 93' lang='lat'><strong>,</strong></span> <span class='ocrx_word' id='word_1_342' title='bbox 1112 2805 1381 2851; x_wconf 89' lang='lat' dir='ltr'><strong>commoto</strong></span> <span class='ocrx_word' id='word_1_343' title='bbox 1407 2796 1645 2852; x_wconf 86' lang='lat' dir='ltr'><strong>exercitu</strong></span> <span class='ocrx_word' id='word_1_344' title='bbox 1678 2797 1850 2853; x_wconf 85' lang='lat' dir='ltr'><strong>Picta-</strong></span> 
     </span>
    </p>
   </div>
   <div class='ocr_carea' id='block_1_44' title="bbox 257 2886 1849 2957">
    <p class='ocr_par' dir='ltr' id='par_1_44' title="bbox 257 2886 1849 2957">
     <span class='ocr_line' id='line_1_44' title="bbox 257 2886 1849 2957; baseline 0.002 -15"><span class='ocrx_word' id='word_1_345' title='bbox 257 2890 332 2943; x_wconf 82' lang='lat' dir='ltr'><strong>vis</strong></span> <span class='ocrx_word' id='word_1_346' title='bbox 360 2887 595 2957; x_wconf 79' lang='lat' dir='ltr'><strong>dirigit:</strong></span> <span class='ocrx_word' id='word_1_347' title='bbox 646 2886 718 2941; x_wconf 91' lang='lat' dir='ltr'><strong>ibi</strong></span> <span class='ocrx_word' id='word_1_348' title='bbox 765 2887 908 2943; x_wconf 91' lang='lat' dir='ltr'><strong>enim</strong></span> <span class='ocrx_word' id='word_1_349' title='bbox 950 2896 1074 2941; x_wconf 83' lang='lat' dir='ltr'><strong>tunc</strong></span> <span class='ocrx_word' id='word_1_350' title='bbox 1118 2887 1363 2942; x_wconf 82' lang='lat' dir='ltr'><strong>Alaricus</strong></span> <span class='ocrx_word' id='word_1_351' title='bbox 1394 2890 1849 2945; x_wconf 87' lang='lat' dir='ltr'><strong>conuuorabatur.</strong></span> 
     </span>
    </p>
   </div>
   <div class='ocr_carea' id='block_1_45' title="bbox 255 2978 1851 3050">
    <p class='ocr_par' dir='ltr' id='par_1_45' title="bbox 255 2978 1851 3050">
     <span class='ocr_line' id='line_1_45' title="bbox 255 2978 1851 3050; baseline -0.001 -13"><span class='ocrx_word' id='word_1_352' title='bbox 255 2979 358 3037; x_wconf 85' lang='lat' dir='ltr'><strong>Sed</strong></span> <span class='ocrx_word' id='word_1_353' title='bbox 379 2978 638 3050; x_wconf 85' lang='lat' dir='ltr'><strong>quoniam</strong></span> <span class='ocrx_word' id='word_1_354' title='bbox 686 2993 805 3047; x_wconf 87' lang='lat' dir='ltr'><strong>pars</strong></span> <span class='ocrx_word' id='word_1_355' title='bbox 847 2978 1079 3033; x_wconf 88' lang='lat' dir='ltr'><strong>hostium</strong></span> <span class='ocrx_word' id='word_1_356' title='bbox 1113 2994 1209 3045; x_wconf 90' lang='lat' dir='ltr'><strong>per</strong></span> <span class='ocrx_word' id='word_1_357' title='bbox 1245 2980 1574 3035; x_wconf 89' lang='lat' dir='ltr'><strong>territorium</strong></span> <span class='ocrx_word' id='word_1_358' title='bbox 1618 2979 1851 3036; x_wconf 61' lang='lat' dir='ltr'><strong>Turonia</strong></span> 
     </span>
    </p>
   </div>
   <div class='ocr_carea' id='block_1_46' title="bbox 253 3069 1849 3139">
    <p class='ocr_par' dir='ltr' id='par_1_46' title="bbox 253 3069 1849 3139">
     <span class='ocr_line' id='line_1_46' title="bbox 253 3069 1849 3139; baseline -0.001 -13"><span class='ocrx_word' id='word_1_359' title='bbox 253 3085 372 3126; x_wconf 88' lang='lat' dir='ltr'><strong>cum</strong></span> <span class='ocrx_word' id='word_1_360' title='bbox 407 3069 705 3135; x_wconf 87' lang='lat' dir='ltr'><strong>transibat,</strong></span> <span class='ocrx_word' id='word_1_361' title='bbox 749 3085 847 3139; x_wconf 93' lang='lat' dir='ltr'><strong>pro</strong></span> <span class='ocrx_word' id='word_1_362' title='bbox 892 3069 1197 3125; x_wconf 85' lang='lat' dir='ltr'><strong>reverentia</strong></span> <span class='ocrx_word' id='word_1_363' title='bbox 1236 3069 1379 3126; x_wconf 89' lang='lat' dir='ltr'><strong>beati</strong></span> <span class='ocrx_word' id='word_1_364' title='bbox 1437 3071 1649 3127; x_wconf 80' lang='lat' dir='ltr'><strong>Martini</strong></span> <span class='ocrx_word' id='word_1_365' title='bbox 1701 3071 1849 3128; x_wconf 88' lang='lat' dir='ltr'><strong>dedit</strong></span> 
     </span>
    </p>
   </div>
   <div class='ocr_carea' id='block_1_47' title="bbox 1958 1876 3549 1949">
    <p class='ocr_par' dir='ltr' id='par_1_47' title="bbox 1958 1876 3549 1949">
     <span class='ocr_line' id='line_1_47' title="bbox 1958 1876 3549 1949; baseline 0.001 -18"><span class='ocrx_word' id='word_1_366' title='bbox 1958 1886 2115 1931; x_wconf 86' lang='lat' dir='ltr'><strong>nocte</strong></span> <span class='ocrx_word' id='word_1_367' title='bbox 2141 1876 2423 1932; x_wconf 89' lang='lat' dir='ltr'><strong>Dominum</strong></span> <span class='ocrx_word' id='word_1_368' title='bbox 2449 1877 2772 1947; x_wconf 86' lang='lat' dir='ltr'><strong>deprecatus</strong></span> <span class='ocrx_word' id='word_1_369' title='bbox 2800 1880 3013 1944; x_wconf 84' lang='lat' dir='ltr'><strong>luisset,</strong></span> <span class='ocrx_word' id='word_1_370' title='bbox 3042 1890 3100 1935; x_wconf 93' lang='lat' dir='ltr'><strong>ut</strong></span> <span class='ocrx_word' id='word_1_371' title='bbox 3126 1882 3177 1936; x_wconf 87' lang='lat' dir='ltr'><strong>ei</strong></span> <span class='ocrx_word' id='word_1_372' title='bbox 3207 1882 3398 1937; x_wconf 81' lang='lat' dir='ltr'><strong>vadum</strong></span> <span class='ocrx_word' id='word_1_373' title='bbox 3442 1898 3549 1949; x_wconf 81' lang='lat' dir='ltr'><strong>quo</strong></span> 
     </span>
    </p>
   </div>
   <div class='ocr_carea' id='block_1_48' title="bbox 1956 1965 3549 2039">
    <p class='ocr_par' dir='ltr' id='par_1_48' title="bbox 1956 1965 3549 2039">
     <span class='ocr_line' id='line_1_48' title="bbox 1956 1965 3549 2039; baseline 0.003 -19"><span class='ocrx_word' id='word_1_374' title='bbox 1956 1965 2185 2020; x_wconf 89' lang='lat' dir='ltr'><strong>transire</strong></span> <span class='ocrx_word' id='word_1_375' title='bbox 2229 1969 2395 2035; x_wconf 83' lang='lat' dir='ltr'><strong>possit</strong></span> <span class='ocrx_word' id='word_1_376' title='bbox 2456 1969 2766 2035; x_wconf 81' lang='lat' dir='ltr'><strong>dignaretur</strong></span> <span class='ocrx_word' id='word_1_377' title='bbox 2823 1970 3142 2039; x_wconf 85' lang='lat' dir='ltr'><strong>ostendere,</strong></span> <span class='ocrx_word' id='word_1_378' title='bbox 3196 1986 3352 2025; x_wconf 89' lang='lat' dir='ltr'><strong>mane</strong></span> <span class='ocrx_word' id='word_1_379' title='bbox 3406 1972 3549 2025; x_wconf 78' lang='lat' dir='ltr'><strong>lucto</strong></span> 
     </span>
    </p>
   </div>
   <div class='ocr_carea' id='block_1_49' title="bbox 1952 2059 3542 2128">
    <p class='ocr_par' dir='ltr' id='par_1_49' title="bbox 1952 2059 3542 2128">
     <span class='ocr_line' id='line_1_49' title="bbox 1952 2059 3542 2128; baseline 0.001 -16"><span class='ocrx_word' id='word_1_380' title='bbox 1952 2071 2116 2112; x_wconf 83' lang='lat' dir='ltr'><strong>cerva</strong></span> <span class='ocrx_word' id='word_1_381' title='bbox 2150 2060 2301 2111; x_wconf 70' lang='lat' dir='ltr'><strong>mira:</strong></span> <span class='ocrx_word' id='word_1_382' title='bbox 2340 2059 2724 2128; x_wconf 85' lang='lat' dir='ltr'><strong>magnitudinis</strong></span> <span class='ocrx_word' id='word_1_383' title='bbox 2764 2067 2890 2114; x_wconf 89' lang='lat' dir='ltr'><strong>ante</strong></span> <span class='ocrx_word' id='word_1_384' title='bbox 2919 2074 3012 2115; x_wconf 83' lang='lat' dir='ltr'><strong>eos</strong></span> <span class='ocrx_word' id='word_1_385' title='bbox 3056 2068 3185 2115; x_wconf 81' lang='lat' dir='ltr'><strong>nutu</strong></span> <span class='ocrx_word' id='word_1_386' title='bbox 3217 2061 3307 2116; x_wconf 87' lang='lat' dir='ltr'><strong>Dei</strong></span> <span class='ocrx_word' id='word_1_387' title='bbox 3339 2063 3542 2117; x_wconf 78' lang='lat' dir='ltr'><strong>ﬂumen</strong></span> 
     </span>
    </p>
   </div>
   <div class='ocr_carea' id='block_1_50' title="bbox 1951 2148 3546 2221">
    <p class='ocr_par' dir='ltr' id='par_1_50' title="bbox 1951 2148 3546 2221">
     <span class='ocr_line' id='line_1_50' title="bbox 1951 2148 3546 2221; baseline 0.003 -19"><span class='ocrx_word' id='word_1_388' title='bbox 1951 2148 2268 2217; x_wconf 77' lang='lat' dir='ltr'><strong>ingreditur,</strong></span> <span class='ocrx_word' id='word_1_389' title='bbox 2326 2148 2525 2219; x_wconf 85' lang='lat' dir='ltr'><strong>illaque</strong></span> <span class='ocrx_word' id='word_1_390' title='bbox 2574 2151 2835 2215; x_wconf 68' lang='lat' dir='ltr'><strong>vallante,</strong></span> <span class='ocrx_word' id='word_1_391' title='bbox 2886 2151 3112 2220; x_wconf 71' lang='lat' dir='ltr'><strong>papulas</strong></span> <span class='ocrx_word' id='word_1_392' title='bbox 3168 2168 3273 2221; x_wconf 89' lang='lat' dir='ltr'><strong>quo</strong></span> <span class='ocrx_word' id='word_1_393' title='bbox 3312 2156 3546 2221; x_wconf 85' lang='lat' dir='ltr'><strong>transire</strong></span> 
     </span>
    </p>
   </div>
   <div class='ocr_carea' id='block_1_51' title="bbox 1953 2241 3543 2313">
    <p class='ocr_par' dir='ltr' id='par_1_51' title="bbox 1953 2241 3543 2313">
     <span class='ocr_line' id='line_1_51' title="bbox 1953 2241 3543 2313; baseline 0.004 -21"><span class='ocrx_word' id='word_1_394' title='bbox 1953 2241 2151 2308; x_wconf 87' lang='lat' dir='ltr'><strong>possit,</strong></span> <span class='ocrx_word' id='word_1_395' title='bbox 2183 2241 2422 2310; x_wconf 87' lang='lat' dir='ltr'><strong>agnovit.</strong></span> <span class='ocrx_word' id='word_1_396' title='bbox 2457 2241 2718 2297; x_wconf 83' lang='lat' dir='ltr'><strong>Veniente</strong></span> <span class='ocrx_word' id='word_1_397' title='bbox 2743 2252 2922 2299; x_wconf 83' lang='lat' dir='ltr'><strong>autem</strong></span> <span class='ocrx_word' id='word_1_398' title='bbox 2952 2258 3076 2313; x_wconf 86' lang='lat' dir='ltr'><strong>rege</strong></span> <span class='ocrx_word' id='word_1_399' title='bbox 3105 2246 3244 2313; x_wconf 84' lang='lat' dir='ltr'><strong>apud</strong></span> <span class='ocrx_word' id='word_1_400' title='bbox 3275 2244 3543 2307; x_wconf 71' lang='lat' dir='ltr'><strong>Pictavis.</strong></span> 
     </span>
    </p>
   </div>
   <div class='ocr_carea' id='block_1_52' title="bbox 1954 2330 3546 2407">
    <p class='ocr_par' dir='ltr' id='par_1_52' title="bbox 1954 2330 3546 2407">
     <span class='ocr_line' id='line_1_52' title="bbox 1954 2330 3546 2407; baseline 0.006 -23"><span class='ocrx_word' id='word_1_401' title='bbox 1954 2331 2079 2385; x_wconf 86' lang='lat' dir='ltr'><strong>dum</strong></span> <span class='ocrx_word' id='word_1_402' title='bbox 2104 2330 2320 2385; x_wconf 87' lang='lat' dir='ltr'><strong>eminus</strong></span> <span class='ocrx_word' id='word_1_403' title='bbox 2347 2331 2398 2386; x_wconf 93' lang='lat' dir='ltr'><strong>iu</strong></span> <span class='ocrx_word' id='word_1_404' title='bbox 2423 2332 2669 2389; x_wconf 85' lang='lat' dir='ltr'><strong>tentoriis</strong></span> <span class='ocrx_word' id='word_1_405' title='bbox 2696 2345 3140 2402; x_wconf 85' lang='lat' dir='ltr'><strong>commoraretur,</strong></span> <span class='ocrx_word' id='word_1_406' title='bbox 3176 2336 3375 2406; x_wconf 85' lang='lat' dir='ltr'><strong>phariis</strong></span> <span class='ocrx_word' id='word_1_407' title='bbox 3394 2339 3546 2407; x_wconf 83' lang='lat' dir='ltr'><strong>ignea</strong></span> 
     </span>
    </p>
   </div>
   <div class='ocr_carea' id='block_1_53' title="bbox 1944 2422 3545 2497">
    <p class='ocr_par' dir='ltr' id='par_1_53' title="bbox 1944 2422 3545 2497">
     <span class='ocr_line' id='line_1_53' title="bbox 1944 2422 3545 2497; baseline 0.007 -21"><span class='ocrx_word' id='word_1_408' title='bbox 1944 2422 2018 2478; x_wconf 88' lang='lat' dir='ltr'><strong>de</strong></span> <span class='ocrx_word' id='word_1_409' title='bbox 2051 2424 2269 2485; x_wconf 86' lang='lat' dir='ltr'><strong>basilica</strong></span> <span class='ocrx_word' id='word_1_410' title='bbox 2310 2424 2479 2480; x_wconf 85' lang='lat' dir='ltr'><strong>sancti</strong></span> <span class='ocrx_word' id='word_1_411' title='bbox 2525 2424 2712 2482; x_wconf 80' lang='lat' dir='ltr'><strong>Hilarii</strong></span> <span class='ocrx_word' id='word_1_412' title='bbox 2757 2440 3013 2497; x_wconf 85' lang='lat' dir='ltr'><strong>egressa,</strong></span> <span class='ocrx_word' id='word_1_413' title='bbox 3062 2429 3167 2482; x_wconf 60' lang='lat' dir='ltr'><strong>visa</strong></span> <span class='ocrx_word' id='word_1_414' title='bbox 3212 2438 3294 2483; x_wconf 77' lang='lat' dir='ltr'><strong>est</strong></span> <span class='ocrx_word' id='word_1_415' title='bbox 3330 2431 3379 2484; x_wconf 91' lang='lat' dir='ltr'><strong>ei</strong></span> <span class='ocrx_word' id='word_1_416' title='bbox 3426 2441 3545 2488; x_wconf 86' lang='lat' dir='ltr'><strong>tau-</strong></span> 
     </span>
    </p>
   </div>
   <div class='ocr_carea' id='block_1_54' title="bbox 1952 2516 3544 2583">
    <p class='ocr_par' dir='ltr' id='par_1_54' title="bbox 1952 2516 3544 2583">
     <span class='ocr_line' id='line_1_54' title="bbox 1952 2516 3544 2583; baseline 0.006 -18"><span class='ocrx_word' id='word_1_417' title='bbox 1952 2527 2109 2580; x_wconf 77' lang='lat' dir='ltr'><strong>quam</strong></span> <span class='ocrx_word' id='word_1_418' title='bbox 2132 2530 2293 2583; x_wconf 90' lang='lat' dir='ltr'><strong>super</strong></span> <span class='ocrx_word' id='word_1_419' title='bbox 2318 2530 2378 2571; x_wconf 91' lang='lat' dir='ltr'><strong>se</strong></span> <span class='ocrx_word' id='word_1_420' title='bbox 2403 2516 2658 2571; x_wconf 76' lang='lat' dir='ltr'><strong>advenire</strong></span> <span class='ocrx_word' id='word_1_421' title='bbox 2676 2556 2690 2581; x_wconf 92' lang='lat'><strong>,</strong></span> <span class='ocrx_word' id='word_1_422' title='bbox 2723 2518 2928 2573; x_wconf 87' lang='lat' dir='ltr'><strong>scilicet</strong></span> <span class='ocrx_word' id='word_1_423' title='bbox 2948 2528 3004 2573; x_wconf 91' lang='lat' dir='ltr'><strong>ut</strong></span> <span class='ocrx_word' id='word_1_424' title='bbox 3029 2520 3229 2574; x_wconf 89' lang='lat' dir='ltr'><strong>lumine</strong></span> <span class='ocrx_word' id='word_1_425' title='bbox 3252 2520 3391 2575; x_wconf 80' lang='lat' dir='ltr'><strong>beati</strong></span> <span class='ocrx_word' id='word_1_426' title='bbox 3418 2535 3544 2577; x_wconf 86' lang='lat' dir='ltr'><strong>cou-</strong></span> 
     </span>
    </p>
   </div>
   <div class='ocr_carea' id='block_1_55' title="bbox 1954 2601 3543 2676">
    <p class='ocr_par' dir='ltr' id='par_1_55' title="bbox 1954 2601 3543 2676">
     <span class='ocr_line' id='line_1_55' title="bbox 1954 2601 3543 2676; baseline 0.008 -21"><span class='ocrx_word' id='word_1_427' title='bbox 1954 2601 2175 2658; x_wconf 82' lang='lat' dir='ltr'><strong>l‘essoris</strong></span> <span class='ocrx_word' id='word_1_428' title='bbox 2221 2604 2433 2674; x_wconf 87' lang='lat' dir='ltr'><strong>adjutus</strong></span> <span class='ocrx_word' id='word_1_429' title='bbox 2490 2605 2708 2674; x_wconf 86' lang='lat' dir='ltr'><strong>Hilarii,</strong></span> <span class='ocrx_word' id='word_1_430' title='bbox 2760 2606 2977 2663; x_wconf 84' lang='lat' dir='ltr'><strong>liberius</strong></span> <span class='ocrx_word' id='word_1_431' title='bbox 3028 2607 3309 2665; x_wconf 74' lang='lat' dir='ltr'><strong>liaereticas</strong></span> <span class='ocrx_word' id='word_1_432' title='bbox 3366 2612 3543 2676; x_wconf 83' lang='lat' dir='ltr'><strong>acies.</strong></span> 
     </span>
    </p>
   </div>
   <div class='ocr_carea' id='block_1_56' title="bbox 1953 2698 3539 2769">
    <p class='ocr_par' dir='ltr' id='par_1_56' title="bbox 1953 2698 3539 2769">
     <span class='ocr_line' id='line_1_56' title="bbox 1953 2698 3539 2769; baseline 0.004 -20"><span class='ocrx_word' id='word_1_433' title='bbox 1953 2706 2138 2750; x_wconf 91' lang='lat' dir='ltr'><strong>contra</strong></span> <span class='ocrx_word' id='word_1_434' title='bbox 2167 2711 2301 2766; x_wconf 79' lang='lat' dir='ltr'><strong>quas</strong></span> <span class='ocrx_word' id='word_1_435' title='bbox 2326 2712 2471 2766; x_wconf 59' lang='lat' dir='ltr'><strong>saepe</strong></span> <span class='ocrx_word' id='word_1_436' title='bbox 2500 2698 2639 2754; x_wconf 89' lang='lat' dir='ltr'><strong>idem</strong></span> <span class='ocrx_word' id='word_1_437' title='bbox 2671 2699 2921 2754; x_wconf 86' lang='lat' dir='ltr'><strong>sacerdos</strong></span> <span class='ocrx_word' id='word_1_438' title='bbox 2947 2715 3042 2769; x_wconf 84' lang='lat' dir='ltr'><strong>pro</strong></span> <span class='ocrx_word' id='word_1_439' title='bbox 3067 2698 3169 2755; x_wconf 85' lang='lat' dir='ltr'><strong>tide</strong></span> <span class='ocrx_word' id='word_1_440' title='bbox 3198 2702 3539 2769; x_wconf 78' lang='lat' dir='ltr'><strong>conﬂixerat,</strong></span> 
     </span>
    </p>
   </div>
   <div class='ocr_carea' id='block_1_57' title="bbox 1950 2778 3627 2862">
    <p class='ocr_par' dir='ltr' id='par_1_57' title="bbox 1950 2778 3627 2862">
     <span class='ocr_line' id='line_1_57' title="bbox 1950 2778 3627 2862; baseline 0.005 -20"><span class='ocrx_word' id='word_1_441' title='bbox 1950 2788 2251 2845; x_wconf 88' lang='lat' dir='ltr'><strong>debellaret</strong></span> <span class='ocrx_word' id='word_1_442' title='bbox 2276 2787 2324 2842; x_wconf 72' lang='grc' dir='ltr'>ιι.</span> <span class='ocrx_word' id='word_1_443' title='bbox 2352 2789 2697 2845; x_wconf 86' lang='lat' dir='ltr'><strong>Contestatus</strong></span> <span class='ocrx_word' id='word_1_444' title='bbox 2726 2800 2806 2845; x_wconf 90' lang='lat' dir='ltr'><strong>est</strong></span> <span class='ocrx_word' id='word_1_445' title='bbox 2844 2801 3022 2846; x_wconf 87' lang='lat' dir='ltr'><strong>autem</strong></span> <span class='ocrx_word' id='word_1_446' title='bbox 3052 2793 3198 2847; x_wconf 91' lang='lat' dir='ltr'><strong>omni</strong></span> <span class='ocrx_word' id='word_1_447' title='bbox 3243 2795 3541 2862; x_wconf 79' lang='lat' dir='ltr'><strong>exercitui,</strong></span> <span class='ocrx_word' id='word_1_448' title='bbox 3624 2778 3627 2781; x_wconf 21' lang='lat' dir='ltr'><strong>I</strong></span> 
     </span>
    </p>
   </div>
   <div class='ocr_carea' id='block_1_58' title="bbox 1953 2878 3539 2953">
    <p class='ocr_par' dir='ltr' id='par_1_58' title="bbox 1953 2878 3539 2953">
     <span class='ocr_line' id='line_1_58' title="bbox 1953 2878 3539 2953; baseline 0.003 -19"><span class='ocrx_word' id='word_1_449' title='bbox 1953 2889 2009 2934; x_wconf 90' lang='lat' dir='ltr'><strong>ut</strong></span> <span class='ocrx_word' id='word_1_450' title='bbox 2038 2896 2135 2935; x_wconf 89' lang='lat' dir='ltr'><strong>nec</strong></span> <span class='ocrx_word' id='word_1_451' title='bbox 2163 2878 2234 2934; x_wconf 92' lang='lat' dir='ltr'><strong>ibi</strong></span> <span class='ocrx_word' id='word_1_452' title='bbox 2264 2880 2480 2950; x_wconf 89' lang='lat' dir='ltr'><strong>quidem</strong></span> <span class='ocrx_word' id='word_1_453' title='bbox 2506 2890 2596 2934; x_wconf 90' lang='lat' dir='ltr'><strong>aut</strong></span> <span class='ocrx_word' id='word_1_454' title='bbox 2631 2881 2682 2935; x_wconf 92' lang='lat' dir='ltr'><strong>in</strong></span> <span class='ocrx_word' id='word_1_455' title='bbox 2714 2880 2794 2935; x_wconf 85' lang='lat' dir='ltr'><strong>via</strong></span> <span class='ocrx_word' id='word_1_456' title='bbox 2823 2883 3054 2951; x_wconf 81' lang='lat' dir='ltr'><strong>aliquem</strong></span> <span class='ocrx_word' id='word_1_457' title='bbox 3088 2880 3107 2920; x_wconf 78' lang='grc' dir='ltr'>ί</span> <span class='ocrx_word' id='word_1_458' title='bbox 3138 2882 3539 2953; x_wconf 87' lang='lat' dir='ltr'><strong>exspoliarent,</strong></span> 
     </span>
    </p>
   </div>
   <div class='ocr_carea' id='block_1_59' title="bbox 1952 2971 2845 3042">
    <p class='ocr_par' dir='ltr' id='par_1_59' title="bbox 1952 2971 2845 3042">
     <span class='ocr_line' id='line_1_59' title="bbox 1952 2971 2845 3042; baseline 0 -17"><span class='ocrx_word' id='word_1_459' title='bbox 1952 2980 2043 3025; x_wconf 84' lang='lat' dir='ltr'><strong>aut</strong></span> <span class='ocrx_word' id='word_1_460' title='bbox 2069 2986 2157 3026; x_wconf 89' lang='lat' dir='ltr'><strong>res</strong></span> <span class='ocrx_word' id='word_1_461' title='bbox 2186 2971 2493 3042; x_wconf 82' lang='lat' dir='ltr'><strong>cujusquam</strong></span> <span class='ocrx_word' id='word_1_462' title='bbox 2522 2972 2845 3040; x_wconf 87' lang='lat' dir='ltr'><strong>diriperent.</strong></span> 
     </span>
    </p>
   </div>
   <div class='ocr_carea' id='block_1_60' title="bbox 2024 3062 3538 3133">
    <p class='ocr_par' dir='ltr' id='par_1_60' title="bbox 2024 3062 3538 3133">
     <span class='ocr_line' id='line_1_60' title="bbox 2024 3062 3538 3133; baseline 0.005 -18"><span class='ocrx_word' id='word_1_463' title='bbox 2024 3062 2153 3115; x_wconf 82' lang='lat' dir='ltr'><strong>Erat</strong></span> <span class='ocrx_word' id='word_1_464' title='bbox 2173 3072 2347 3116; x_wconf 91' lang='lat' dir='ltr'><strong>autem</strong></span> <span class='ocrx_word' id='word_1_465' title='bbox 2377 3062 2430 3115; x_wconf 90' lang='lat' dir='ltr'><strong>in</strong></span> <span class='ocrx_word' id='word_1_466' title='bbox 2465 3062 2547 3116; x_wconf 89' lang='lat' dir='ltr'><strong>his</strong></span> <span class='ocrx_word' id='word_1_467' title='bbox 2578 3063 2767 3118; x_wconf 88' lang='lat' dir='ltr'><strong>diebus</strong></span> <span class='ocrx_word' id='word_1_468' title='bbox 2809 3064 2890 3118; x_wconf 89' lang='lat' dir='ltr'><strong>vir</strong></span> <span class='ocrx_word' id='word_1_469' title='bbox 2922 3062 3204 3118; x_wconf 82' lang='lat' dir='ltr'><strong>laudabilis</strong></span> <span class='ocrx_word' id='word_1_470' title='bbox 3239 3066 3538 3133; x_wconf 73' lang='lat' dir='ltr'><strong>sanctitatis</strong></span> 
     </span>
    </p>
   </div>
   <div class='ocr_carea' id='block_1_61' title="bbox 251 3149 3529 3243">
    <p class='ocr_par' dir='ltr' id='par_1_61' title="bbox 251 3149 3529 3243">
     <span class='ocr_line' id='line_1_61' title="bbox 251 3149 3529 3243; baseline 0.001 -25"><span class='ocrx_word' id='word_1_471' title='bbox 251 3164 524 3228; x_wconf 86' lang='lat' dir='ltr'><strong>edictum,</strong></span> <span class='ocrx_word' id='word_1_472' title='bbox 561 3172 619 3216; x_wconf 84' lang='lat' dir='ltr'><strong>ut</strong></span> <span class='ocrx_word' id='word_1_473' title='bbox 667 3161 843 3216; x_wconf 85' lang='lat' dir='ltr'><strong>nullus</strong></span> <span class='ocrx_word' id='word_1_474' title='bbox 873 3161 939 3215; x_wconf 89' lang='lat' dir='ltr'><strong>de</strong></span> <span class='ocrx_word' id='word_1_475' title='bbox 984 3161 1203 3228; x_wconf 74' lang='lat' dir='ltr'><strong>regione</strong></span> <span class='ocrx_word' id='word_1_476' title='bbox 1234 3162 1323 3215; x_wconf 87' lang='lat' dir='ltr'><strong>illa</strong></span> <span class='ocrx_word' id='word_1_477' title='bbox 1350 3160 1494 3216; x_wconf 90' lang='lat' dir='ltr'><strong>aliud</strong></span> <span class='ocrx_word' id='word_1_478' title='bbox 1526 3177 1682 3230; x_wconf 88' lang='lat' dir='ltr'><strong>quam</strong></span> <span class='ocrx_word' id='word_1_479' title='bbox 1729 3163 1851 3218; x_wconf 83' lang='lat' dir='ltr'><strong>her—</strong></span> <span class='ocrx_word' id='word_1_480' title='bbox 1876 3149 2258 3243; x_wconf 66' lang='lat' dir='ltr'><strong>qMaxelllius</strong></span> <span class='ocrx_word' id='word_1_481' title='bbox 2307 3151 2492 3217; x_wconf 67' lang='lat' dir='ltr'><strong>abbas.</strong></span> <span class='ocrx_word' id='word_1_482' title='bbox 2543 3152 2819 3206; x_wconf 68' lang='grc' dir='ltr'><strong>τεειθυευε</strong></span> <span class='ocrx_word' id='word_1_483' title='bbox 2869 3153 2920 3207; x_wconf 77' lang='lat' dir='ltr'><strong>in</strong></span> <span class='ocrx_word' id='word_1_484' title='bbox 2965 3154 3291 3209; x_wconf 67' lang='lat' dir='ltr'><strong>monaslerio</strong></span> <span class='ocrx_word' id='word_1_485' title='bbox 3337 3169 3436 3211; x_wconf 74' lang='lat' dir='ltr'><strong>SUO</strong></span> <span class='ocrx_word' id='word_1_486' title='bbox 3473 3157 3529 3211; x_wconf 74' lang='lat' dir='ltr'><strong>Ol</strong></span> 
     </span>
    </p>
   </div>
   <div class='ocr_carea' id='block_1_62' title="bbox 254 3252 1848 3322">
    <p class='ocr_par' dir='ltr' id='par_1_62' title="bbox 254 3252 1848 3322">
     <span class='ocr_line' id='line_1_62' title="bbox 254 3252 1848 3322; baseline 0.001 -15"><span class='ocrx_word' id='word_1_487' title='bbox 254 3253 438 3309; x_wconf 88' lang='lat' dir='ltr'><strong>barum</strong></span> <span class='ocrx_word' id='word_1_488' title='bbox 464 3253 718 3308; x_wconf 84' lang='lat' dir='ltr'><strong>alimenta</strong></span> <span class='ocrx_word' id='word_1_489' title='bbox 748 3267 1050 3322; x_wconf 80' lang='lat' dir='ltr'><strong>aquamque</strong></span> <span class='ocrx_word' id='word_1_490' title='bbox 1078 3264 1450 3320; x_wconf 70' lang='lat' dir='ltr'><strong>praesumeret.</strong></span> <span class='ocrx_word' id='word_1_491' title='bbox 1495 3252 1720 3320; x_wconf 85' lang='lat' dir='ltr'><strong>Quidam</strong></span> <span class='ocrx_word' id='word_1_492' title='bbox 1749 3270 1848 3310; x_wconf 89' lang='lat' dir='ltr'><strong>au-</strong></span> 
     </span>
    </p>
   </div>
   <div class='ocr_carea' id='block_1_63' title="bbox 253 3341 1848 3414">
    <p class='ocr_par' dir='ltr' id='par_1_63' title="bbox 253 3341 1848 3414">
     <span class='ocr_line' id='line_1_63' title="bbox 253 3341 1848 3414; baseline 0 -14"><span class='ocrx_word' id='word_1_493' title='bbox 253 3353 362 3401; x_wconf 88' lang='lat' dir='ltr'><strong>tern</strong></span> <span class='ocrx_word' id='word_1_494' title='bbox 409 3345 482 3399; x_wconf 89' lang='lat' dir='ltr'><strong>de</strong></span> <span class='ocrx_word' id='word_1_495' title='bbox 525 3346 796 3407; x_wconf 87' lang='lat' dir='ltr'><strong>exercitu,</strong></span> <span class='ocrx_word' id='word_1_496' title='bbox 830 3342 1045 3397; x_wconf 87' lang='lat' dir='ltr'><strong>invento</strong></span> <span class='ocrx_word' id='word_1_497' title='bbox 1076 3341 1351 3412; x_wconf 85' lang='lat' dir='ltr'><strong>cujusdam</strong></span> <span class='ocrx_word' id='word_1_498' title='bbox 1409 3346 1660 3414; x_wconf 83' lang='lat' dir='ltr'><strong>pauperis</strong></span> <span class='ocrx_word' id='word_1_499' title='bbox 1704 3345 1848 3411; x_wconf 83' lang='lat' dir='ltr'><strong>leno,</strong></span> 
     </span>
    </p>
   </div>
   <div class='ocr_carea' id='block_1_64' title="bbox 250 3432 1848 3505">
    <p class='ocr_par' dir='ltr' id='par_1_64' title="bbox 250 3432 1848 3505">
     <span class='ocr_line' id='line_1_64' title="bbox 250 3432 1848 3505; baseline 0.001 -15"><span class='ocrx_word' id='word_1_500' title='bbox 250 3436 321 3491; x_wconf 73' lang='lat' dir='ltr'><strong>ait</strong></span> <span class='ocrx_word' id='word_1_501' title='bbox 352 3452 367 3492; x_wconf 88' lang='lat'>:</span> <span class='ocrx_word' id='word_1_502' title='bbox 393 3436 585 3491; x_wconf 82' lang='lat' dir='ltr'><strong>Nonne</strong></span> <span class='ocrx_word' id='word_1_503' title='bbox 616 3450 709 3489; x_wconf 85' lang='lat' dir='ltr'><strong>rex</strong></span> <span class='ocrx_word' id='word_1_504' title='bbox 762 3432 983 3490; x_wconf 86' lang='lat' dir='ltr'><strong>herbam</strong></span> <span class='ocrx_word' id='word_1_505' title='bbox 1012 3443 1216 3489; x_wconf 88' lang='lat' dir='ltr'><strong>tantum</strong></span> <span class='ocrx_word' id='word_1_506' title='bbox 1255 3437 1505 3505; x_wconf 58' lang='lat' dir='ltr'><strong>praesumi</strong></span> <span class='ocrx_word' id='word_1_507' title='bbox 1537 3437 1848 3503; x_wconf 87' lang='lat' dir='ltr'><strong>mandavit,</strong></span> 
     </span>
    </p>
   </div>
   <div class='ocr_carea' id='block_1_65' title="bbox 251 3524 1849 3595">
    <p class='ocr_par' dir='ltr' id='par_1_65' title="bbox 251 3524 1849 3595">
     <span class='ocr_line' id='line_1_65' title="bbox 251 3524 1849 3595; baseline 0.001 -14"><span class='ocrx_word' id='word_1_508' title='bbox 251 3532 305 3582; x_wconf 86' lang='lat' dir='ltr'><strong>et</strong></span> <span class='ocrx_word' id='word_1_509' title='bbox 332 3527 464 3581; x_wconf 83' lang='lat' dir='ltr'><strong>nihil</strong></span> <span class='ocrx_word' id='word_1_510' title='bbox 499 3526 684 3580; x_wconf 87' lang='lat' dir='ltr'><strong>aliud?</strong></span> <span class='ocrx_word' id='word_1_511' title='bbox 729 3524 797 3579; x_wconf 88' lang='lat' dir='ltr'><strong>Et</strong></span> <span class='ocrx_word' id='word_1_512' title='bbox 828 3525 958 3593; x_wconf 86' lang='lat' dir='ltr'><strong>hoc,</strong></span> <span class='ocrx_word' id='word_1_513' title='bbox 989 3525 1194 3595; x_wconf 81' lang='lat' dir='ltr'><strong>inquit,</strong></span> <span class='ocrx_word' id='word_1_514' title='bbox 1232 3526 1395 3581; x_wconf 85' lang='lat' dir='ltr'><strong>herba</strong></span> <span class='ocrx_word' id='word_1_515' title='bbox 1428 3535 1533 3582; x_wconf 76' lang='lat' dir='ltr'><strong>e~t.</strong></span> <span class='ocrx_word' id='word_1_516' title='bbox 1562 3527 1849 3594; x_wconf 73' lang='lat' dir='ltr'><strong>Non,euim</strong></span> 
     </span>
    </p>
   </div>
   <div class='ocr_carea' id='block_1_66' title="bbox 253 3615 1854 3687">
    <p class='ocr_par' dir='ltr' id='par_1_66' title="bbox 253 3615 1854 3687">
     <span class='ocr_line' id='line_1_66' title="bbox 253 3615 1854 3687; baseline -0.002 -12"><span class='ocrx_word' id='word_1_517' title='bbox 253 3619 454 3675; x_wconf 84' lang='lat' dir='ltr'><strong>erimus</strong></span> <span class='ocrx_word' id='word_1_518' title='bbox 484 3616 916 3686; x_wconf 81' lang='lat' dir='ltr'><strong>transgressores</strong></span> <span class='ocrx_word' id='word_1_519' title='bbox 950 3615 1207 3687; x_wconf 57' lang='lat' dir='ltr'><strong>praecepti</strong></span> <span class='ocrx_word' id='word_1_520' title='bbox 1238 3616 1355 3685; x_wconf 80' lang='lat' dir='ltr'><strong>ejus</strong></span> <span class='ocrx_word' id='word_1_521' title='bbox 1374 3659 1387 3682; x_wconf 93' lang='lat'><strong>,</strong></span> <span class='ocrx_word' id='word_1_522' title='bbox 1431 3619 1475 3671; x_wconf 87' lang='lat' dir='ltr'><strong>si</strong></span> <span class='ocrx_word' id='word_1_523' title='bbox 1504 3632 1620 3671; x_wconf 85' lang='lat' dir='ltr'><strong>eam</strong></span> <span class='ocrx_word' id='word_1_524' title='bbox 1652 3633 1854 3686; x_wconf 71' lang='lat' dir='ltr'><strong>prazsu-</strong></span> 
     </span>
    </p>
   </div>
   <div class='ocr_carea' id='block_1_67' title="bbox 256 3707 1852 3779">
    <p class='ocr_par' dir='ltr' id='par_1_67' title="bbox 256 3707 1852 3779">
     <span class='ocr_line' id='line_1_67' title="bbox 256 3707 1852 3779; baseline -0.002 -14"><span class='ocrx_word' id='word_1_525' title='bbox 256 3712 466 3765; x_wconf 76' lang='lat' dir='ltr'><strong>niimus.</strong></span> <span class='ocrx_word' id='word_1_526' title='bbox 492 3710 741 3779; x_wconf 81' lang='lat' dir='ltr'><strong>Cumque</strong></span> <span class='ocrx_word' id='word_1_527' title='bbox 773 3709 877 3762; x_wconf 74' lang='lat' dir='ltr'><strong>vim</strong></span> <span class='ocrx_word' id='word_1_528' title='bbox 910 3707 1109 3763; x_wconf 83' lang='lat' dir='ltr'><strong>iaciens</strong></span> <span class='ocrx_word' id='word_1_529' title='bbox 1155 3707 1407 3776; x_wconf 86' lang='lat' dir='ltr'><strong>pauperi,</strong></span> <span class='ocrx_word' id='word_1_530' title='bbox 1444 3708 1623 3762; x_wconf 86' lang='lat' dir='ltr'><strong>leuum</strong></span> <span class='ocrx_word' id='word_1_531' title='bbox 1658 3709 1852 3763; x_wconf 86' lang='lat' dir='ltr'><strong>virtute</strong></span> 
     </span>
    </p>
   </div>
   <div class='ocr_carea' id='block_1_68' title="bbox 262 3797 1853 3868">
    <p class='ocr_par' dir='ltr' id='par_1_68' title="bbox 262 3797 1853 3868">
     <span class='ocr_line' id='line_1_68' title="bbox 262 3797 1853 3868; baseline -0.001 -13"><span class='ocrx_word' id='word_1_532' title='bbox 262 3802 472 3857; x_wconf 90' lang='lat' dir='ltr'><strong>tulisset</strong></span> <span class='ocrx_word' id='word_1_533' title='bbox 501 3812 556 3866; x_wconf 71' lang='grc' dir='ltr'><strong>ο,</strong></span> <span class='ocrx_word' id='word_1_534' title='bbox 590 3801 786 3854; x_wconf 79' lang='lat' dir='ltr'><strong>factum</strong></span> <span class='ocrx_word' id='word_1_535' title='bbox 821 3797 1062 3868; x_wconf 85' lang='lat' dir='ltr'><strong>pervenit</strong></span> <span class='ocrx_word' id='word_1_536' title='bbox 1109 3798 1174 3852; x_wconf 90' lang='lat' dir='ltr'><strong>ad</strong></span> <span class='ocrx_word' id='word_1_537' title='bbox 1209 3813 1408 3867; x_wconf 85' lang='lat' dir='ltr'><strong>regem.</strong></span> <span class='ocrx_word' id='word_1_538' title='bbox 1452 3798 1569 3866; x_wconf 87' lang='lat' dir='ltr'><strong>Quo</strong></span> <span class='ocrx_word' id='word_1_539' title='bbox 1604 3799 1747 3854; x_wconf 90' lang='lat' dir='ltr'><strong>dicto</strong></span> <span class='ocrx_word' id='word_1_540' title='bbox 1778 3800 1853 3855; x_wconf 87' lang='lat' dir='ltr'><strong>ci-</strong></span> 
     </span>
    </p>
   </div>
   <div class='ocr_carea' id='block_1_69' title="bbox 253 3889 1848 3963">
    <p class='ocr_par' dir='ltr' id='par_1_69' title="bbox 253 3889 1848 3963">
     <span class='ocr_line' id='line_1_69' title="bbox 253 3889 1848 3963; baseline -0.001 -16"><span class='ocrx_word' id='word_1_541' title='bbox 253 3893 353 3947; x_wconf 86' lang='lat' dir='ltr'><strong>tius</strong></span> <span class='ocrx_word' id='word_1_542' title='bbox 379 3893 562 3963; x_wconf 70' lang='lat' dir='ltr'><strong>gladio</strong></span> <span class='ocrx_word' id='word_1_543' title='bbox 593 3900 872 3960; x_wconf 87' lang='lat' dir='ltr'><strong>perempto</strong></span> <span class='ocrx_word' id='word_1_544' title='bbox 892 3930 904 3952; x_wconf 90' lang='lat'><strong>,</strong></span> <span class='ocrx_word' id='word_1_545' title='bbox 932 3892 1005 3942; x_wconf 91' lang='lat' dir='ltr'><strong>ait</strong></span> <span class='ocrx_word' id='word_1_546' title='bbox 1032 3906 1046 3942; x_wconf 88' lang='lat'><strong>:</strong></span> <span class='ocrx_word' id='word_1_547' title='bbox 1079 3889 1148 3943; x_wconf 87' lang='lat' dir='ltr'><strong>Et</strong></span> <span class='ocrx_word' id='word_1_548' title='bbox 1176 3891 1265 3945; x_wconf 88' lang='lat' dir='ltr'><strong>ubi</strong></span> <span class='ocrx_word' id='word_1_549' title='bbox 1292 3889 1396 3944; x_wconf 90' lang='lat' dir='ltr'><strong>erit</strong></span> <span class='ocrx_word' id='word_1_550' title='bbox 1426 3903 1548 3958; x_wconf 79' lang='lat' dir='ltr'><strong>Spes</strong></span> <span class='ocrx_word' id='word_1_551' title='bbox 1578 3890 1848 3960; x_wconf 65' lang='lat' dir='ltr'><strong>victoriae,</strong></span> 
     </span>
    </p>
   </div>
   <div class='ocr_carea' id='block_1_70' title="bbox 228 3976 1849 4050">
    <p class='ocr_par' dir='ltr' id='par_1_70' title="bbox 228 3976 1849 4050">
     <span class='ocr_line' id='line_1_70' title="bbox 228 3976 1849 4050; baseline -0.001 -14"><span class='ocrx_word' id='word_1_552' title='bbox 228 3985 293 4037; x_wconf 82' lang='lat' dir='ltr'><strong>si</strong></span> <span class='ocrx_word' id='word_1_553' title='bbox 329 3984 519 4038; x_wconf 73' lang='lat' dir='ltr'><strong>beatus</strong></span> <span class='ocrx_word' id='word_1_554' title='bbox 548 3981 810 4036; x_wconf 76' lang='lat' dir='ltr'><strong>Martinus</strong></span> <span class='ocrx_word' id='word_1_555' title='bbox 853 3979 1143 4035; x_wconf 81' lang='lat' dir='ltr'><strong>oll‘euditur</strong></span> <span class='ocrx_word' id='word_1_556' title='bbox 1171 3976 1239 4034; x_wconf 66' lang='grc' dir='ltr'><strong>εἳ</strong></span> <span class='ocrx_word' id='word_1_557' title='bbox 1270 3980 1519 4050; x_wconf 87' lang='lat' dir='ltr'><strong>Satisque</strong></span> <span class='ocrx_word' id='word_1_558' title='bbox 1547 3981 1645 4035; x_wconf 79' lang='lat' dir='ltr'><strong>{uit</strong></span> <span class='ocrx_word' id='word_1_559' title='bbox 1689 3995 1849 4036; x_wconf 76' lang='lat' dir='ltr'><strong>exer-</strong></span> 
     </span>
    </p>
   </div>
   <div class='ocr_carea' id='block_1_71' title="bbox 249 4067 1851 4143">
    <p class='ocr_par' dir='ltr' id='par_1_71' title="bbox 249 4067 1851 4143">
     <span class='ocr_line' id='line_1_71' title="bbox 249 4067 1851 4143; baseline 0 -16"><span class='ocrx_word' id='word_1_560' title='bbox 249 4075 373 4128; x_wconf 83' lang='lat' dir='ltr'><strong>citui</strong></span> <span class='ocrx_word' id='word_1_561' title='bbox 414 4073 545 4128; x_wconf 87' lang='lat' dir='ltr'><strong>nihil</strong></span> <span class='ocrx_word' id='word_1_562' title='bbox 580 4071 804 4126; x_wconf 89' lang='lat' dir='ltr'><strong>ulterius</strong></span> <span class='ocrx_word' id='word_1_563' title='bbox 837 4070 906 4125; x_wconf 91' lang='lat' dir='ltr'><strong>ab</strong></span> <span class='ocrx_word' id='word_1_564' title='bbox 956 4067 1055 4124; x_wconf 87' lang='lat' dir='ltr'><strong>hac</strong></span> <span class='ocrx_word' id='word_1_565' title='bbox 1084 4071 1303 4140; x_wconf 79' lang='lat' dir='ltr'><strong>regione</strong></span> <span class='ocrx_word' id='word_1_566' title='bbox 1335 4086 1683 4139; x_wconf 65' lang='lat' dir='ltr'><strong>prinsumere.</strong></span> <span class='ocrx_word' id='word_1_567' title='bbox 1732 4070 1851 4143; x_wconf 84' lang='lat' dir='ltr'><strong>Ipse</strong></span> 
     </span>
    </p>
   </div>
   <div class='ocr_carea' id='block_1_72' title="bbox 248 4162 1847 4230">
    <p class='ocr_par' dir='ltr' id='par_1_72' title="bbox 248 4162 1847 4230">
     <span class='ocr_line' id='line_1_72' title="bbox 248 4162 1847 4230; baseline 0.001 -13"><span class='ocrx_word' id='word_1_568' title='bbox 248 4180 377 4220; x_wconf 85' lang='lat' dir='ltr'><strong>vero</strong></span> <span class='ocrx_word' id='word_1_569' title='bbox 409 4182 507 4220; x_wconf 78' lang='lat' dir='ltr'><strong>rex</strong></span> <span class='ocrx_word' id='word_1_570' title='bbox 536 4164 735 4219; x_wconf 82' lang='lat' dir='ltr'><strong>direxit</strong></span> <span class='ocrx_word' id='word_1_571' title='bbox 760 4166 978 4217; x_wconf 83' lang='lat' dir='ltr'><strong>nuntios</strong></span> <span class='ocrx_word' id='word_1_572' title='bbox 1008 4162 1072 4216; x_wconf 90' lang='lat' dir='ltr'><strong>ad</strong></span> <span class='ocrx_word' id='word_1_573' title='bbox 1108 4162 1246 4216; x_wconf 88' lang='lat' dir='ltr'><strong>beati</strong></span> <span class='ocrx_word' id='word_1_574' title='bbox 1280 4162 1584 4228; x_wconf 87' lang='lat' dir='ltr'><strong>basilicam,</strong></span> <span class='ocrx_word' id='word_1_575' title='bbox 1616 4164 1803 4225; x_wconf 80' lang='lat' dir='ltr'><strong>dicens</strong></span> <span class='ocrx_word' id='word_1_576' title='bbox 1833 4191 1847 4230; x_wconf 75' lang='grc' dir='ltr'>ε</span> 
     </span>
    </p>
   </div>
   <div class='ocr_carea' id='block_1_73' title="bbox 248 4250 1851 4324">
    <p class='ocr_par' dir='ltr' id='par_1_73' title="bbox 248 4250 1851 4324">
     <span class='ocr_line' id='line_1_73' title="bbox 248 4250 1851 4324; baseline -0.001 -14"><span class='ocrx_word' id='word_1_577' title='bbox 248 4256 361 4324; x_wconf 87' lang='lat' dir='ltr'><strong>lte,</strong></span> <span class='ocrx_word' id='word_1_578' title='bbox 407 4266 464 4312; x_wconf 85' lang='lat' dir='ltr'><strong>et</strong></span> <span class='ocrx_word' id='word_1_579' title='bbox 496 4257 724 4310; x_wconf 74' lang='lat' dir='ltr'><strong>forsitan</strong></span> <span class='ocrx_word' id='word_1_580' title='bbox 767 4252 985 4322; x_wconf 84' lang='lat' dir='ltr'><strong>aliquod</strong></span> <span class='ocrx_word' id='word_1_581' title='bbox 1036 4250 1273 4306; x_wconf 78' lang='lat' dir='ltr'><strong>victoria:</strong></span> <span class='ocrx_word' id='word_1_582' title='bbox 1304 4252 1600 4320; x_wconf 77' lang='lat' dir='ltr'><strong>auSpicium</strong></span> <span class='ocrx_word' id='word_1_583' title='bbox 1641 4255 1710 4308; x_wconf 87' lang='lat' dir='ltr'><strong>ab</strong></span> <span class='ocrx_word' id='word_1_584' title='bbox 1735 4255 1851 4309; x_wconf 71' lang='lat' dir='ltr'><strong>inde</strong></span> 
     </span>
    </p>
   </div>
   <div class='ocr_carea' id='block_1_74' title="bbox 247 4343 1851 4413">
    <p class='ocr_par' dir='ltr' id='par_1_74' title="bbox 247 4343 1851 4413">
     <span class='ocr_line' id='line_1_74' title="bbox 247 4343 1851 4413; baseline 0 -13"><span class='ocrx_word' id='word_1_585' title='bbox 247 4356 435 4401; x_wconf 87' lang='lat' dir='ltr'><strong>sancta</strong></span> <span class='ocrx_word' id='word_1_586' title='bbox 464 4345 793 4409; x_wconf 63' lang='lat' dir='ltr'><strong>suscipiens.</strong></span> <span class='ocrx_word' id='word_1_587' title='bbox 839 4343 990 4397; x_wconf 87' lang='lat' dir='ltr'><strong>Tunc</strong></span> <span class='ocrx_word' id='word_1_588' title='bbox 1029 4344 1167 4396; x_wconf 89' lang='lat' dir='ltr'><strong>datis</strong></span> <span class='ocrx_word' id='word_1_589' title='bbox 1211 4343 1553 4411; x_wconf 76' lang='lat' dir='ltr'><strong>muneribus,</strong></span> <span class='ocrx_word' id='word_1_590' title='bbox 1581 4361 1699 4413; x_wconf 67' lang='lat' dir='ltr'><strong>qua:</strong></span> <span class='ocrx_word' id='word_1_591' title='bbox 1730 4347 1851 4400; x_wconf 87' lang='lat' dir='ltr'><strong>loco</strong></span> 
     </span>
    </p>
   </div>
   <div class='ocr_carea' id='block_1_75' title="bbox 250 4432 1847 4504">
    <p class='ocr_par' dir='ltr' id='par_1_75' title="bbox 250 4432 1847 4504">
     <span class='ocr_line' id='line_1_75' title="bbox 250 4432 1847 4504; baseline 0 -13"><span class='ocrx_word' id='word_1_592' title='bbox 250 4447 438 4493; x_wconf 83' lang='lat' dir='ltr'><strong>sancto</strong></span> <span class='ocrx_word' id='word_1_593' title='bbox 469 4436 820 4501; x_wconf 87' lang='lat' dir='ltr'><strong>exhibereut,</strong></span> <span class='ocrx_word' id='word_1_594' title='bbox 856 4435 929 4487; x_wconf 86' lang='lat' dir='ltr'><strong>ait</strong></span> <span class='ocrx_word' id='word_1_595' title='bbox 960 4451 974 4487; x_wconf 89' lang='lat'><strong>:</strong></span> <span class='ocrx_word' id='word_1_596' title='bbox 1004 4434 1060 4488; x_wconf 88' lang='lat' dir='ltr'><strong>Si</strong></span> <span class='ocrx_word' id='word_1_597' title='bbox 1098 4442 1176 4502; x_wconf 91' lang='lat' dir='ltr'><strong>tu,</strong></span> <span class='ocrx_word' id='word_1_598' title='bbox 1206 4433 1447 4498; x_wconf 89' lang='lat' dir='ltr'><strong>Domine,</strong></span> <span class='ocrx_word' id='word_1_599' title='bbox 1478 4434 1687 4504; x_wconf 88' lang='lat' dir='ltr'><strong>adjutor</strong></span> <span class='ocrx_word' id='word_1_600' title='bbox 1716 4432 1847 4491; x_wconf 85' lang='lat' dir='ltr'><strong>milii</strong></span> 
     </span>
    </p>
   </div>
   <div class='ocr_carea' id='block_1_76' title="bbox 1960 3243 3539 3320">
    <p class='ocr_par' dir='ltr' id='par_1_76' title="bbox 1960 3243 3539 3320">
     <span class='ocr_line' id='line_1_76' title="bbox 1960 3243 3539 3320; baseline 0.005 -22"><span class='ocrx_word' id='word_1_601' title='bbox 1960 3243 2051 3298; x_wconf 89' lang='lat' dir='ltr'><strong>Dei</strong></span> <span class='ocrx_word' id='word_1_602' title='bbox 2103 3243 2348 3297; x_wconf 90' lang='lat' dir='ltr'><strong>timorem</strong></span> <span class='ocrx_word' id='word_1_603' title='bbox 2403 3244 2539 3297; x_wconf 78' lang='lat' dir='ltr'><strong>inira</strong></span> <span class='ocrx_word' id='word_1_604' title='bbox 2589 3244 2875 3299; x_wconf 86' lang='lat' dir='ltr'><strong>terminum</strong></span> <span class='ocrx_word' id='word_1_605' title='bbox 2928 3245 3315 3302; x_wconf 85' lang='lat' dir='ltr'><strong>Pictavensem.</strong></span> <span class='ocrx_word' id='word_1_606' title='bbox 3372 3247 3539 3320; x_wconf 83' lang='lat' dir='ltr'><strong>Cujus</strong></span> 
     </span>
    </p>
   </div>
   <div class='ocr_carea' id='block_1_77' title="bbox 1956 3334 3542 3409">
    <p class='ocr_par' dir='ltr' id='par_1_77' title="bbox 1956 3334 3542 3409">
     <span class='ocr_line' id='line_1_77' title="bbox 1956 3334 3542 3409; baseline 0.005 -20"><span class='ocrx_word' id='word_1_607' title='bbox 1956 3334 2266 3389; x_wconf 84' lang='lat' dir='ltr'><strong>monasterii</strong></span> <span class='ocrx_word' id='word_1_608' title='bbox 2298 3349 2491 3389; x_wconf 85' lang='lat' dir='ltr'><strong>nomen</strong></span> <span class='ocrx_word' id='word_1_609' title='bbox 2523 3334 2737 3390; x_wconf 83' lang='lat' dir='ltr'><strong>lectioni</strong></span> <span class='ocrx_word' id='word_1_610' title='bbox 2772 3351 2874 3390; x_wconf 90' lang='lat' dir='ltr'><strong>non</strong></span> <span class='ocrx_word' id='word_1_611' title='bbox 2904 3334 3210 3403; x_wconf 86' lang='lat' dir='ltr'><strong>indidimtis,</strong></span> <span class='ocrx_word' id='word_1_612' title='bbox 3234 3341 3359 3409; x_wconf 77' lang='lat' dir='ltr'><strong>qu’a</strong></span> <span class='ocrx_word' id='word_1_613' title='bbox 3392 3341 3542 3397; x_wconf 79' lang='lat' dir='ltr'><strong>locus</strong></span> 
     </span>
    </p>
   </div>
   <div class='ocr_carea' id='block_1_78' title="bbox 1956 3426 3536 3495">
    <p class='ocr_par' dir='ltr' id='par_1_78' title="bbox 1956 3426 3536 3495">
     <span class='ocr_line' id='line_1_78' title="bbox 1956 3426 3536 3495; baseline 0.005 -15"><span class='ocrx_word' id='word_1_614' title='bbox 1956 3426 2043 3481; x_wconf 90' lang='lat' dir='ltr'><strong>ille</strong></span> <span class='ocrx_word' id='word_1_615' title='bbox 2074 3440 2238 3495; x_wconf 90' lang='lat' dir='ltr'><strong>usque</strong></span> <span class='ocrx_word' id='word_1_616' title='bbox 2273 3426 2431 3480; x_wconf 84' lang='lat' dir='ltr'><strong>hodie</strong></span> <span class='ocrx_word' id='word_1_617' title='bbox 2455 3427 2652 3481; x_wconf 86' lang='lat' dir='ltr'><strong>t‘eltula</strong></span> <span class='ocrx_word' id='word_1_618' title='bbox 2683 3430 2849 3482; x_wconf 87' lang='lat' dir='ltr'><strong>sancti</strong></span> <span class='ocrx_word' id='word_1_619' title='bbox 2876 3429 3130 3484; x_wconf 65' lang='lat' dir='ltr'><strong>Maxentii</strong></span> <span class='ocrx_word' id='word_1_620' title='bbox 3160 3440 3396 3486; x_wconf 63' lang='lat' dir='ltr'><strong>vocatur.</strong></span> <span class='ocrx_word' id='word_1_621' title='bbox 3428 3430 3536 3488; x_wconf 88' lang='lat' dir='ltr'><strong>Cu-</strong></span> 
     </span>
    </p>
   </div>
   <div class='ocr_carea' id='block_1_79' title="bbox 1912 3512 3527 3591">
    <p class='ocr_par' dir='ltr' id='par_1_79' title="bbox 1912 3512 3527 3591">
     <span class='ocr_line' id='line_1_79' title="bbox 1912 3512 3527 3591; baseline 0.009 -27"><span class='ocrx_word' id='word_1_622' title='bbox 1912 3512 1915 3517; x_wconf 83' lang='lat'>&#39;</span> <span class='ocrx_word' id='word_1_623' title='bbox 1948 3518 2039 3591; x_wconf 68' lang='lat' dir='ltr'><strong>jus</strong></span> <span class='ocrx_word' id='word_1_624' title='bbox 2063 3516 2307 3570; x_wconf 86' lang='lat' dir='ltr'><strong>monachi</strong></span> <span class='ocrx_word' id='word_1_625' title='bbox 2336 3528 2455 3571; x_wconf 85' lang='lat' dir='ltr'><strong>cum</strong></span> <span class='ocrx_word' id='word_1_626' title='bbox 2481 3517 2708 3572; x_wconf 88' lang='lat' dir='ltr'><strong>hostium</strong></span> <span class='ocrx_word' id='word_1_627' title='bbox 2731 3532 2961 3573; x_wconf 80' lang='lat' dir='ltr'><strong>eiuieum</strong></span> <span class='ocrx_word' id='word_1_628' title='bbox 2990 3536 3150 3575; x_wconf 89' lang='lat' dir='ltr'><strong>unum</strong></span> <span class='ocrx_word' id='word_1_629' title='bbox 3176 3522 3245 3576; x_wconf 80' lang='lat' dir='ltr'><strong>ad</strong></span> <span class='ocrx_word' id='word_1_630' title='bbox 3275 3534 3527 3579; x_wconf 88' lang='lat' dir='ltr'><strong>monasto</strong></span> 
     </span>
    </p>
   </div>
   <div class='ocr_carea' id='block_1_80' title="bbox 1956 3607 3541 3680">
    <p class='ocr_par' dir='ltr' id='par_1_80' title="bbox 1956 3607 3541 3680">
     <span class='ocr_line' id='line_1_80' title="bbox 1956 3607 3541 3680; baseline 0.004 -18"><span class='ocrx_word' id='word_1_631' title='bbox 1956 3607 2091 3663; x_wconf 85' lang='lat' dir='ltr'><strong>rium</strong></span> <span class='ocrx_word' id='word_1_632' title='bbox 2122 3618 2405 3663; x_wconf 88' lang='lat' dir='ltr'><strong>cernerent</strong></span> <span class='ocrx_word' id='word_1_633' title='bbox 2435 3609 2811 3679; x_wconf 89' lang='lat' dir='ltr'><strong>propinquare,</strong></span> <span class='ocrx_word' id='word_1_634' title='bbox 2836 3610 3084 3666; x_wconf 87' lang='lat' dir='ltr'><strong>abbatem</strong></span> <span class='ocrx_word' id='word_1_635' title='bbox 3111 3624 3358 3680; x_wconf 75' lang='lat' dir='ltr'><strong>exorant,</strong></span> <span class='ocrx_word' id='word_1_636' title='bbox 3390 3624 3447 3668; x_wconf 90' lang='lat' dir='ltr'><strong>ut</strong></span> <span class='ocrx_word' id='word_1_637' title='bbox 3471 3614 3541 3669; x_wconf 86' lang='lat' dir='ltr'><strong>do</strong></span> 
     </span>
    </p>
   </div>
   <div class='ocr_carea' id='block_1_81' title="bbox 1953 3700 3539 3777">
    <p class='ocr_par' dir='ltr' id='par_1_81' title="bbox 1953 3700 3539 3777">
     <span class='ocr_line' id='line_1_81' title="bbox 1953 3700 3539 3777; baseline 0.006 -24"><span class='ocrx_word' id='word_1_638' title='bbox 1953 3700 2145 3754; x_wconf 90' lang='lat' dir='ltr'><strong>cellula</strong></span> <span class='ocrx_word' id='word_1_639' title='bbox 2173 3715 2269 3754; x_wconf 90' lang='lat' dir='ltr'><strong>sua</strong></span> <span class='ocrx_word' id='word_1_640' title='bbox 2298 3701 2645 3771; x_wconf 77' lang='lat' dir='ltr'><strong>egrederetur</strong></span> <span class='ocrx_word' id='word_1_641' title='bbox 2672 3702 2736 3756; x_wconf 91' lang='lat' dir='ltr'><strong>ad</strong></span> <span class='ocrx_word' id='word_1_642' title='bbox 2766 3704 3100 3758; x_wconf 85' lang='lat' dir='ltr'><strong>exorandum</strong></span> <span class='ocrx_word' id='word_1_643' title='bbox 3133 3719 3227 3760; x_wconf 86' lang='lat' dir='ltr'><strong>eos</strong></span> <span class='ocrx_word' id='word_1_644' title='bbox 3259 3705 3305 3759; x_wconf 84' lang='lat' dir='ltr'><strong>i.</strong></span> <span class='ocrx_word' id='word_1_645' title='bbox 3341 3707 3539 3777; x_wconf 79' lang='lat' dir='ltr'><strong>Illoque</strong></span> 
     </span>
    </p>
   </div>
   <div class='ocr_carea' id='block_1_82' title="bbox 1954 3792 3537 3868">
    <p class='ocr_par' dir='ltr' id='par_1_82' title="bbox 1954 3792 3537 3868">
     <span class='ocr_line' id='line_1_82' title="bbox 1954 3792 3537 3868; baseline 0.003 -21"><span class='ocrx_word' id='word_1_646' title='bbox 1954 3794 2284 3859; x_wconf 86' lang='lat' dir='ltr'><strong>demorante,</strong></span> <span class='ocrx_word' id='word_1_647' title='bbox 2317 3792 2368 3846; x_wconf 87' lang='lat' dir='ltr'><strong>hi</strong></span> <span class='ocrx_word' id='word_1_648' title='bbox 2398 3792 2586 3848; x_wconf 87' lang='lat' dir='ltr'><strong>timore</strong></span> <span class='ocrx_word' id='word_1_649' title='bbox 2611 3794 2862 3861; x_wconf 83' lang='lat' dir='ltr'><strong>perculsi,</strong></span> <span class='ocrx_word' id='word_1_650' title='bbox 2888 3809 3010 3849; x_wconf 87' lang='lat' dir='ltr'><strong>eum</strong></span> <span class='ocrx_word' id='word_1_651' title='bbox 3037 3805 3222 3864; x_wconf 82' lang='lat' dir='ltr'><strong>aperto</strong></span> <span class='ocrx_word' id='word_1_652' title='bbox 3245 3797 3386 3851; x_wconf 86' lang='lat' dir='ltr'><strong>ostio</strong></span> <span class='ocrx_word' id='word_1_653' title='bbox 3412 3812 3537 3868; x_wconf 84' lang='lat' dir='ltr'><strong>pro-</strong></span> 
     </span>
    </p>
   </div>
   <div class='ocr_carea' id='block_1_83' title="bbox 1914 3868 3535 3957">
    <p class='ocr_par' dir='ltr' id='par_1_83' title="bbox 1914 3868 3535 3957">
     <span class='ocr_line' id='line_1_83' title="bbox 1914 3868 3535 3957; baseline 0.006 -18"><span class='ocrx_word' id='word_1_654' title='bbox 1914 3868 1921 3951; x_wconf 23' lang='grc' dir='ltr'><em>Ῐ</em></span> <span class='ocrx_word' id='word_1_655' title='bbox 1955 3886 2155 3941; x_wconf 89' lang='lat' dir='ltr'><strong>ducunt</strong></span> <span class='ocrx_word' id='word_1_656' title='bbox 2191 3886 2257 3941; x_wconf 88' lang='lat' dir='ltr'><strong>de</strong></span> <span class='ocrx_word' id='word_1_657' title='bbox 2287 3886 2478 3940; x_wconf 85' lang='lat' dir='ltr'><strong>cellula</strong></span> <span class='ocrx_word' id='word_1_658' title='bbox 2501 3885 2611 3957; x_wconf 68' lang='grc'><strong>94</strong></span> <span class='ocrx_word' id='word_1_659' title='bbox 2639 3902 2752 3940; x_wconf 81' lang='lat' dir='ltr'><strong>sua.</strong></span> <span class='ocrx_word' id='word_1_660' title='bbox 2786 3890 2857 3941; x_wconf 82' lang='lat' dir='ltr'><strong>At</strong></span> <span class='ocrx_word' id='word_1_661' title='bbox 2886 3887 2976 3943; x_wconf 87' lang='lat' dir='ltr'><strong>ille</strong></span> <span class='ocrx_word' id='word_1_662' title='bbox 3006 3887 3059 3942; x_wconf 89' lang='lat' dir='ltr'><strong>in</strong></span> <span class='ocrx_word' id='word_1_663' title='bbox 3089 3904 3372 3946; x_wconf 85' lang='lat' dir='ltr'><strong>occursum</strong></span> <span class='ocrx_word' id='word_1_664' title='bbox 3407 3882 3535 3948; x_wconf 86' lang='lat' dir='ltr'><strong>hos-</strong></span> 
     </span>
    </p>
   </div>
   <div class='ocr_carea' id='block_1_84' title="bbox 1914 3980 3539 4052">
    <p class='ocr_par' dir='ltr' id='par_1_84' title="bbox 1914 3980 3539 4052">
     <span class='ocr_line' id='line_1_84' title="bbox 1914 3980 3539 4052; baseline 0.004 -19"><span class='ocrx_word' id='word_1_665' title='bbox 1914 4018 1920 4022; x_wconf 53' lang='grc' dir='ltr'><strong>ι</strong></span> <span class='ocrx_word' id='word_1_666' title='bbox 1958 3980 2108 4044; x_wconf 89' lang='lat' dir='ltr'><strong>tium&#39;,</strong></span> <span class='ocrx_word' id='word_1_667' title='bbox 2129 3982 2277 4047; x_wconf 87' lang='lat' dir='ltr'><strong>quasi</strong></span> <span class='ocrx_word' id='word_1_668' title='bbox 2304 3994 2486 4046; x_wconf 90' lang='lat' dir='ltr'><strong>pacem</strong></span> <span class='ocrx_word' id='word_1_669' title='bbox 2512 3987 2813 4049; x_wconf 83' lang='lat' dir='ltr'><strong>rogaturus,</strong></span> <span class='ocrx_word' id='word_1_670' title='bbox 2842 3983 3012 4051; x_wconf 79' lang='lat' dir='ltr'><strong>pergit</strong></span> <span class='ocrx_word' id='word_1_671' title='bbox 3040 3982 3361 4052; x_wconf 87' lang='lat' dir='ltr'><strong>intrepidus.</strong></span> <span class='ocrx_word' id='word_1_672' title='bbox 3390 3984 3539 4041; x_wconf 88' lang='lat' dir='ltr'><strong>Unus</strong></span> 
     </span>
    </p>
   </div>
   <div class='ocr_carea' id='block_1_85' title="bbox 1954 4069 3539 4143">
    <p class='ocr_par' dir='ltr' id='par_1_85' title="bbox 1954 4069 3539 4143">
     <span class='ocr_line' id='line_1_85' title="bbox 1954 4069 3539 4143; baseline 0.004 -19"><span class='ocrx_word' id='word_1_673' title='bbox 1954 4080 2135 4124; x_wconf 86' lang='lat' dir='ltr'><strong>autem</strong></span> <span class='ocrx_word' id='word_1_674' title='bbox 2161 4084 2227 4124; x_wconf 85' lang='lat' dir='ltr'><strong>ex</strong></span> <span class='ocrx_word' id='word_1_675' title='bbox 2259 4069 2341 4122; x_wconf 90' lang='lat' dir='ltr'><strong>his</strong></span> <span class='ocrx_word' id='word_1_676' title='bbox 2359 4070 2641 4137; x_wconf 85' lang='lat' dir='ltr'><strong>evaginato</strong></span> <span class='ocrx_word' id='word_1_677' title='bbox 2669 4070 2866 4139; x_wconf 85' lang='lat' dir='ltr'><strong>gladio,</strong></span> <span class='ocrx_word' id='word_1_678' title='bbox 2895 4080 2952 4125; x_wconf 84' lang='lat' dir='ltr'><strong>ut</strong></span> <span class='ocrx_word' id='word_1_679' title='bbox 2975 4082 3131 4141; x_wconf 91' lang='lat' dir='ltr'><strong>caput</strong></span> <span class='ocrx_word' id='word_1_680' title='bbox 3152 4074 3267 4142; x_wconf 87' lang='lat' dir='ltr'><strong>ejus</strong></span> <span class='ocrx_word' id='word_1_681' title='bbox 3290 4075 3539 4143; x_wconf 86' lang='lat' dir='ltr'><strong>libraret,</strong></span> 
     </span>
    </p>
   </div>
   <div class='ocr_carea' id='block_1_86' title="bbox 1912 4160 3540 4234">
    <p class='ocr_par' dir='ltr' id='par_1_86' title="bbox 1912 4160 3540 4234">
     <span class='ocr_line' id='line_1_86' title="bbox 1912 4160 3540 4234; baseline 0.003 -18"><span class='ocrx_word' id='word_1_682' title='bbox 1912 4228 1927 4232; x_wconf 17' lang='grc' dir='ltr'><strong>,ν</strong></span> <span class='ocrx_word' id='word_1_683' title='bbox 1955 4175 2146 4216; x_wconf 88' lang='lat' dir='ltr'><strong>manus</strong></span> <span class='ocrx_word' id='word_1_684' title='bbox 2176 4160 2242 4215; x_wconf 85' lang='lat' dir='ltr'><strong>ad</strong></span> <span class='ocrx_word' id='word_1_685' title='bbox 2273 4176 2454 4215; x_wconf 90' lang='lat' dir='ltr'><strong>aurem</strong></span> <span class='ocrx_word' id='word_1_686' title='bbox 2484 4171 2659 4215; x_wconf 89' lang='lat' dir='ltr'><strong>erecta</strong></span> <span class='ocrx_word' id='word_1_687' title='bbox 2691 4162 2936 4231; x_wconf 88' lang='lat' dir='ltr'><strong>diriguit,</strong></span> <span class='ocrx_word' id='word_1_688' title='bbox 2985 4164 3301 4234; x_wconf 84' lang='lat' dir='ltr'><strong>gladiusque</strong></span> <span class='ocrx_word' id='word_1_689' title='bbox 3330 4175 3540 4221; x_wconf 86' lang='lat' dir='ltr'><strong>retror-</strong></span> 
     </span>
    </p>
   </div>
   <div class='ocr_carea' id='block_1_87' title="bbox 1912 4249 3541 4324">
    <p class='ocr_par' dir='ltr' id='par_1_87' title="bbox 1912 4249 3541 4324">
     <span class='ocr_line' id='line_1_87' title="bbox 1912 4249 3541 4324; baseline 0.005 -21"><span class='ocrx_word' id='word_1_690' title='bbox 1912 4299 1919 4303; x_wconf 86' lang='lat'><strong>.</strong></span> <span class='ocrx_word' id='word_1_691' title='bbox 1952 4264 2069 4306; x_wconf 87' lang='lat' dir='ltr'><strong>sum</strong></span> <span class='ocrx_word' id='word_1_692' title='bbox 2099 4250 2224 4305; x_wconf 89' lang='lat' dir='ltr'><strong>ruit.</strong></span> <span class='ocrx_word' id='word_1_693' title='bbox 2259 4254 2328 4303; x_wconf 89' lang='lat' dir='ltr'><strong>At</strong></span> <span class='ocrx_word' id='word_1_694' title='bbox 2364 4250 2479 4319; x_wconf 87' lang='lat' dir='ltr'><strong>ipse</strong></span> <span class='ocrx_word' id='word_1_695' title='bbox 2502 4249 2568 4304; x_wconf 90' lang='lat' dir='ltr'><strong>ad</strong></span> <span class='ocrx_word' id='word_1_696' title='bbox 2600 4250 2763 4318; x_wconf 82' lang='lat' dir='ltr'><strong>pedes</strong></span> <span class='ocrx_word' id='word_1_697' title='bbox 2788 4250 2927 4305; x_wconf 89' lang='lat' dir='ltr'><strong>beati</strong></span> <span class='ocrx_word' id='word_1_698' title='bbox 2969 4254 3067 4306; x_wconf 85' lang='lat' dir='ltr'><strong>viri</strong></span> <span class='ocrx_word' id='word_1_699' title='bbox 3114 4253 3327 4309; x_wconf 89' lang='lat' dir='ltr'><strong>veniam</strong></span> <span class='ocrx_word' id='word_1_700' title='bbox 3374 4254 3541 4324; x_wconf 89' lang='lat' dir='ltr'><strong>depo-</strong></span> 
     </span>
    </p>
   </div>
   <div class='ocr_carea' id='block_1_88' title="bbox 1912 4341 3541 4413">
    <p class='ocr_par' dir='ltr' id='par_1_88' title="bbox 1912 4341 3541 4413">
     <span class='ocr_line' id='line_1_88' title="bbox 1912 4341 3541 4413; baseline 0.005 -18"><span class='ocrx_word' id='word_1_701' title='bbox 1912 4372 1927 4373; x_wconf 45' lang='grc' dir='ltr'>ί</span> <span class='ocrx_word' id='word_1_702' title='bbox 1953 4356 2111 4396; x_wconf 88' lang='lat' dir='ltr'><strong>scens</strong></span> <span class='ocrx_word' id='word_1_703' title='bbox 2142 4342 2422 4396; x_wconf 87' lang='lat' dir='ltr'><strong>sternitur.</strong></span> <span class='ocrx_word' id='word_1_704' title='bbox 2455 4341 2608 4407; x_wconf 88' lang='lat' dir='ltr'><strong>Quod</strong></span> <span class='ocrx_word' id='word_1_705' title='bbox 2640 4342 2886 4397; x_wconf 84' lang='lat' dir='ltr'><strong>videntes</strong></span> <span class='ocrx_word' id='word_1_706' title='bbox 2916 4343 3137 4413; x_wconf 83' lang='lat' dir='ltr'><strong>reliqui,</strong></span> <span class='ocrx_word' id='word_1_707' title='bbox 3171 4360 3291 4400; x_wconf 90' lang='lat' dir='ltr'><strong>cum</strong></span> <span class='ocrx_word' id='word_1_708' title='bbox 3347 4347 3541 4403; x_wconf 88' lang='lat' dir='ltr'><strong>timore</strong></span> 
     </span>
    </p>
   </div>
   <div class='ocr_carea' id='block_1_89' title="bbox 1948 4432 3540 4507">
    <p class='ocr_par' dir='ltr' id='par_1_89' title="bbox 1948 4432 3540 4507">
     <span class='ocr_line' id='line_1_89' title="bbox 1948 4432 3540 4507; baseline 0.005 -21"><span class='ocrx_word' id='word_1_709' title='bbox 1948 4432 2189 4487; x_wconf 88' lang='lat' dir='ltr'><strong>maximo</strong></span> <span class='ocrx_word' id='word_1_710' title='bbox 2229 4433 2294 4487; x_wconf 89' lang='lat' dir='ltr'><strong>ad</strong></span> <span class='ocrx_word' id='word_1_711' title='bbox 2321 4434 2616 4488; x_wconf 79' lang='lat' dir='ltr'><strong>exercitum</strong></span> <span class='ocrx_word' id='word_1_712' title='bbox 2647 4432 2939 4501; x_wconf 73' lang='lat' dir='ltr'><strong>redierunt,</strong></span> <span class='ocrx_word' id='word_1_713' title='bbox 2974 4434 3227 4491; x_wconf 85' lang='lat' dir='ltr'><strong>timentes</strong></span> <span class='ocrx_word' id='word_1_714' title='bbox 3266 4452 3334 4492; x_wconf 89' lang='lat' dir='ltr'><strong>ne</strong></span> <span class='ocrx_word' id='word_1_715' title='bbox 3358 4448 3411 4492; x_wconf 92' lang='lat' dir='ltr'><strong>et</strong></span> <span class='ocrx_word' id='word_1_716' title='bbox 3438 4440 3540 4507; x_wconf 88' lang='lat' dir='ltr'><strong>ipsi</strong></span> 
     </span>
    </p>
   </div>
   <div class='ocr_carea' id='block_1_90' title="bbox 249 4522 3539 4611">
    <p class='ocr_par' dir='ltr' id='par_1_90' title="bbox 249 4522 3539 4611">
     <span class='ocr_line' id='line_1_90' title="bbox 249 4522 3539 4611; baseline -0.001 -25"><span class='ocrx_word' id='word_1_717' title='bbox 249 4545 340 4597; x_wconf 84' lang='lat' dir='ltr'><strong>es,</strong></span> <span class='ocrx_word' id='word_1_718' title='bbox 366 4542 417 4586; x_wconf 86' lang='lat' dir='ltr'><strong>et</strong></span> <span class='ocrx_word' id='word_1_719' title='bbox 442 4540 658 4603; x_wconf 85' lang='lat' dir='ltr'><strong>gentem</strong></span> <span class='ocrx_word' id='word_1_720' title='bbox 686 4528 826 4583; x_wconf 84' lang='lat' dir='ltr'><strong>hanc</strong></span> <span class='ocrx_word' id='word_1_721' title='bbox 847 4527 1178 4581; x_wconf 88' lang='lat' dir='ltr'><strong>incredulam</strong></span> <span class='ocrx_word' id='word_1_722' title='bbox 1197 4565 1213 4591; x_wconf 90' lang='lat'><strong>,</strong></span> <span class='ocrx_word' id='word_1_723' title='bbox 1243 4541 1565 4596; x_wconf 84' lang='lat' dir='ltr'><strong>semperque</strong></span> <span class='ocrx_word' id='word_1_724' title='bbox 1592 4532 1838 4582; x_wconf 66' lang='lat' dir='ltr'><strong>minutam</strong></span> <span class='ocrx_word' id='word_1_725' title='bbox 1872 4549 1924 4608; x_wconf 78' lang='grc' dir='ltr'><strong>Ι)</strong></span> <span class='ocrx_word' id='word_1_726' title='bbox 1951 4524 2149 4594; x_wconf 85' lang='lat' dir='ltr'><strong>pariter</strong></span> <span class='ocrx_word' id='word_1_727' title='bbox 2179 4524 2481 4580; x_wconf 77' lang='lat' dir='ltr'><strong>interirent.</strong></span> <span class='ocrx_word' id='word_1_728' title='bbox 2514 4523 2682 4592; x_wconf 86' lang='lat' dir='ltr'><strong>Hujus</strong></span> <span class='ocrx_word' id='word_1_729' title='bbox 2710 4540 2841 4580; x_wconf 81' lang='lat' dir='ltr'><strong>vero</strong></span> <span class='ocrx_word' id='word_1_730' title='bbox 2880 4524 3158 4580; x_wconf 83' lang='lat' dir='ltr'><strong>brachium</strong></span> <span class='ocrx_word' id='word_1_731' title='bbox 3188 4522 3386 4583; x_wconf 77' lang='lat' dir='ltr'><strong>beatus</strong></span> <span class='ocrx_word' id='word_1_732' title='bbox 3406 4544 3539 4611; x_wconf 82' lang='lat' dir='ltr'><strong>con-</strong></span> 
     </span>
    </p>
   </div>
   <div class='ocr_carea' id='block_1_91' title="bbox 328 4640 1313 4714">
    <p class='ocr_par' dir='ltr' id='par_1_91' title="bbox 328 4640 1313 4714">
     <span class='ocr_line' id='line_1_91' title="bbox 328 4640 1313 4714; baseline -0.009 -14"><span class='ocrx_word' id='word_1_733' title='bbox 328 4655 357 4684; x_wconf 75' lang='grc' dir='ltr'><strong>ι</strong></span> <span class='ocrx_word' id='word_1_734' title='bbox 392 4645 440 4700; x_wconf 85' lang='lat' dir='ltr'><strong>Is</strong></span> <span class='ocrx_word' id='word_1_735' title='bbox 470 4655 551 4701; x_wconf 90' lang='lat' dir='ltr'><strong>est</strong></span> <span class='ocrx_word' id='word_1_736' title='bbox 575 4652 734 4714; x_wconf 86' lang='lat' dir='ltr'><strong>caput</strong></span> <span class='ocrx_word' id='word_1_737' title='bbox 760 4641 789 4714; x_wconf 65' lang='lat' dir='ltr'><strong>l</strong></span> <span class='ocrx_word' id='word_1_738' title='bbox 817 4641 883 4696; x_wconf 86' lang='lat' dir='ltr'><strong>de</strong></span> <span class='ocrx_word' id='word_1_739' title='bbox 913 4640 1050 4694; x_wconf 86' lang='lat' dir='ltr'><strong>Vitis</strong></span> <span class='ocrx_word' id='word_1_740' title='bbox 1079 4642 1313 4695; x_wconf 85' lang='lat' dir='ltr'><strong>Patrum.</strong></span> 
     </span>
    </p>
   </div>
   <div class='ocr_carea' id='block_1_92' title="bbox 326 4713 1839 4771">
    <p class='ocr_par' dir='ltr' id='par_1_92' title="bbox 326 4713 1839 4771">
     <span class='ocr_line' id='line_1_92' title="bbox 326 4713 1839 4771; baseline -0.003 1"><span class='ocrx_word' id='word_1_741' title='bbox 326 4714 355 4754; x_wconf 70' lang='grc' dir='ltr'>δ</span> <span class='ocrx_word' id='word_1_742' title='bbox 397 4718 601 4771; x_wconf 85' lang='lat' dir='ltr'><strong>Bellum</strong></span> <span class='ocrx_word' id='word_1_743' title='bbox 632 4713 770 4767; x_wconf 84' lang='lat' dir='ltr'><strong>istud</strong></span> <span class='ocrx_word' id='word_1_744' title='bbox 802 4713 1008 4766; x_wconf 67' lang='lat' dir='ltr'><strong>let-ibus</strong></span> <span class='ocrx_word' id='word_1_745' title='bbox 1034 4714 1101 4766; x_wconf 85' lang='lat' dir='ltr'><strong>de</strong></span> <span class='ocrx_word' id='word_1_746' title='bbox 1126 4714 1306 4765; x_wconf 86' lang='lat' dir='ltr'><strong>causis</strong></span> <span class='ocrx_word' id='word_1_747' title='bbox 1326 4722 1569 4765; x_wconf 86' lang='lat' dir='ltr'><strong>exortum</strong></span> <span class='ocrx_word' id='word_1_748' title='bbox 1613 4720 1839 4768; x_wconf 82' lang='lat' dir='ltr'><strong>testatur</strong></span> 
     </span>
    </p>
   </div>
   <div class='ocr_carea' id='block_1_93' title="bbox 250 4781 1837 4852">
    <p class='ocr_par' dir='ltr' id='par_1_93' title="bbox 250 4781 1837 4852">
     <span class='ocr_line' id='line_1_93' title="bbox 250 4781 1837 4852; baseline -0.003 -11"><span class='ocrx_word' id='word_1_749' title='bbox 250 4785 622 4842; x_wconf 78' lang='lat' dir='ltr'><strong>Theodericus</strong></span> <span class='ocrx_word' id='word_1_750' title='bbox 663 4782 1131 4852; x_wconf 78' lang='lat' dir='ltr'><strong>Ostrogmthorum</strong></span> <span class='ocrx_word' id='word_1_751' title='bbox 1175 4796 1298 4852; x_wconf 84' lang='lat' dir='ltr'><strong>rex,</strong></span> <span class='ocrx_word' id='word_1_752' title='bbox 1348 4781 1437 4851; x_wconf 86' lang='lat' dir='ltr'><strong>qui</strong></span> <span class='ocrx_word' id='word_1_753' title='bbox 1483 4782 1685 4852; x_wconf 78' lang='lat' dir='ltr'><strong>nullum</strong></span> <span class='ocrx_word' id='word_1_754' title='bbox 1731 4799 1837 4837; x_wconf 88' lang='lat' dir='ltr'><strong>non</strong></span> 
     </span>
    </p>
   </div>
   <div class='ocr_carea' id='block_1_94' title="bbox 249 4850 1834 4926">
    <p class='ocr_par' dir='ltr' id='par_1_94' title="bbox 249 4850 1834 4926">
     <span class='ocr_line' id='line_1_94' title="bbox 249 4850 1834 4926; baseline -0.002 -15"><span class='ocrx_word' id='word_1_755' title='bbox 249 4858 419 4917; x_wconf 85' lang='lat' dir='ltr'><strong>movit</strong></span> <span class='ocrx_word' id='word_1_756' title='bbox 475 4856 758 4926; x_wconf 73' lang='lat' dir='ltr'><strong>lapidem,</strong></span> <span class='ocrx_word' id='word_1_757' title='bbox 796 4850 851 4907; x_wconf 82' lang='lat' dir='ltr'><strong>ut</strong></span> <span class='ocrx_word' id='word_1_758' title='bbox 904 4851 1417 4926; x_wconf 25' lang='lat' dir='ltr'><strong>ipsumtdatis‘ad</strong></span> <span class='ocrx_word' id='word_1_759' title='bbox 1469 4850 1834 4926; x_wconf 62' lang='lat' dir='ltr'><strong>Chlodoveum</strong></span> 
     </span>
    </p>
   </div>
   <div class='ocr_carea' id='block_1_95' title="bbox 249 4921 1833 4997">
    <p class='ocr_par' dir='ltr' id='par_1_95' title="bbox 249 4921 1833 4997">
     <span class='ocr_line' id='line_1_95' title="bbox 249 4921 1833 4997; baseline -0.003 -17"><span class='ocrx_word' id='word_1_760' title='bbox 249 4930 494 4997; x_wconf 81' lang='lat' dir='ltr'><strong>aliosque</strong></span> <span class='ocrx_word' id='word_1_761' title='bbox 528 4921 685 4996; x_wconf 70' lang='lat' dir='ltr'><strong>reges</strong></span> <span class='ocrx_word' id='word_1_762' title='bbox 729 4925 951 4997; x_wconf 67' lang='lat' dir='ltr'><strong>litteris,</strong></span> <span class='ocrx_word' id='word_1_763' title='bbox 1000 4923 1279 4997; x_wconf 77' lang='lat' dir='ltr'><strong>utiSsisqne</strong></span> <span class='ocrx_word' id='word_1_764' title='bbox 1332 4921 1700 4997; x_wconf 40' lang='lat' dir='ltr'><strong>legationibus</strong></span> <span class='ocrx_word' id='word_1_765' title='bbox 1733 4925 1833 4997; x_wconf 76' lang='lat' dir='ltr'><strong>ini-</strong></span> 
     </span>
    </p>
   </div>
   <div class='ocr_carea' id='block_1_96' title="bbox 246 4992 1833 5069">
    <p class='ocr_par' dir='ltr' id='par_1_96' title="bbox 246 4992 1833 5069">
     <span class='ocr_line' id='line_1_96' title="bbox 246 4992 1833 5069; baseline -0.005 -15"><span class='ocrx_word' id='word_1_766' title='bbox 246 4992 483 5068; x_wconf 73' lang='lat' dir='ltr'><strong>pedtret.</strong></span> <span class='ocrx_word' id='word_1_767' title='bbox 506 4992 645 5051; x_wconf 72' lang='lat' dir='ltr'><strong>Vide</strong></span> <span class='ocrx_word' id='word_1_768' title='bbox 666 4993 1253 5069; x_wconf 69' lang='lat' dir='ltr'><strong>apudCassiodor_._tib.</strong></span> <span class='ocrx_word' id='word_1_769' title='bbox 1285 5009 1361 5059; x_wconf 87' lang='grc' dir='ltr'>ιιι,</span> <span class='ocrx_word' id='word_1_770' title='bbox 1385 4995 1539 5069; x_wconf 58' lang='lat' dir='ltr'><strong>epist.</strong></span> <span class='ocrx_word' id='word_1_771' title='bbox 1565 4992 1673 5069; x_wconf 74' lang='lat'><strong>2,5</strong></span> <span class='ocrx_word' id='word_1_772' title='bbox 1696 5003 1752 5069; x_wconf 85' lang='lat' dir='ltr'><strong>et</strong></span> <span class='ocrx_word' id='word_1_773' title='bbox 1779 4995 1833 5069; x_wconf 66' lang='grc'><strong>4.</strong></span> 
     </span>
    </p>
   </div>
   <div class='ocr_carea' id='block_1_97' title="bbox 324 5065 1838 5129">
    <p class='ocr_par' dir='ltr' id='par_1_97' title="bbox 324 5065 1838 5129">
     <span class='ocr_line' id='line_1_97' title="bbox 324 5065 1838 5129; baseline -0.003 -5"><span class='ocrx_word' id='word_1_774' title='bbox 324 5080 352 5108; x_wconf 69' lang='grc' dir='ltr'>ε</span> <span class='ocrx_word' id='word_1_775' title='bbox 391 5069 485 5124; x_wconf 87' lang='lat' dir='ltr'><strong>Sic</strong></span> <span class='ocrx_word' id='word_1_776' title='bbox 515 5083 649 5122; x_wconf 81' lang='lat' dir='ltr'><strong>mss.</strong></span> <span class='ocrx_word' id='word_1_777' title='bbox 679 5066 1031 5129; x_wconf 81' lang='lat' dir='ltr'><strong>vetustiores;</strong></span> <span class='ocrx_word' id='word_1_778' title='bbox 1080 5066 1166 5118; x_wconf 85' lang='lat' dir='ltr'><strong>alii</strong></span> <span class='ocrx_word' id='word_1_779' title='bbox 1196 5078 1314 5117; x_wconf 92' lang='lat' dir='ltr'><strong>cum</strong></span> <span class='ocrx_word' id='word_1_780' title='bbox 1363 5065 1549 5128; x_wconf 83' lang='lat' dir='ltr'><strong>editis,</strong></span> <span class='ocrx_word' id='word_1_781' title='bbox 1580 5065 1628 5117; x_wconf 80' lang='lat' dir='ltr'><strong>vi</strong></span> <span class='ocrx_word' id='word_1_782' title='bbox 1661 5066 1838 5119; x_wconf 80' lang='lat' dir='ltr'><strong>abstn-</strong></span> 
     </span>
    </p>
   </div>
   <div class='ocr_carea' id='block_1_98' title="bbox 242 5140 415 5195">
    <p class='ocr_par' dir='ltr' id='par_1_98' title="bbox 242 5140 415 5195">
     <span class='ocr_line' id='line_1_98' title="bbox 242 5140 415 5195; baseline -0.023 0"><span class='ocrx_word' id='word_1_783' title='bbox 242 5140 415 5195; x_wconf 76' lang='lat' dir='ltr'><strong>(isset.</strong></span> 
     </span>
    </p>
   </div>
   <div class='ocr_carea' id='block_1_99' title="bbox 316 5203 1829 5270">
    <p class='ocr_par' dir='ltr' id='par_1_99' title="bbox 316 5203 1829 5270">
     <span class='ocr_line' id='line_1_99' title="bbox 316 5203 1829 5270; baseline -0.001 -7"><span class='ocrx_word' id='word_1_784' title='bbox 316 5208 347 5247; x_wconf 74' lang='grc' dir='ltr'><strong><em>ἀ</em></strong></span> <span class='ocrx_word' id='word_1_785' title='bbox 391 5207 586 5270; x_wconf 87' lang='lat' dir='ltr'><strong>Corb.,</strong></span> <span class='ocrx_word' id='word_1_786' title='bbox 645 5207 690 5259; x_wconf 90' lang='lat' dir='ltr'><strong>si</strong></span> <span class='ocrx_word' id='word_1_787' title='bbox 745 5204 888 5260; x_wconf 81' lang='lat' dir='ltr'><strong>beato</strong></span> <span class='ocrx_word' id='word_1_788' title='bbox 936 5204 1157 5257; x_wconf 77' lang='lat' dir='ltr'><strong>Murrina</strong></span> <span class='ocrx_word' id='word_1_789' title='bbox 1199 5203 1528 5270; x_wconf 71' lang='lat' dir='ltr'><strong>offendimus,</strong></span> <span class='ocrx_word' id='word_1_790' title='bbox 1582 5203 1829 5261; x_wconf 72' lang='lat' dir='ltr'><strong>familiari</strong></span> 
     </span>
    </p>
   </div>
   <div class='ocr_carea' id='block_1_100' title="bbox 241 5276 1349 5350">
    <p class='ocr_par' dir='ltr' id='par_1_100' title="bbox 241 5276 1349 5350">
     <span class='ocr_line' id='line_1_100' title="bbox 241 5276 1349 5350; baseline -0.006 -17"><span class='ocrx_word' id='word_1_791' title='bbox 241 5280 392 5350; x_wconf 83' lang='lat' dir='ltr'><strong>apud</strong></span> <span class='ocrx_word' id='word_1_792' title='bbox 426 5278 747 5350; x_wconf 74' lang='lat' dir='ltr'><strong>Gregorium</strong></span> <span class='ocrx_word' id='word_1_793' title='bbox 788 5290 1005 5330; x_wconf 89' lang='lat' dir='ltr'><strong>casuum</strong></span> <span class='ocrx_word' id='word_1_794' title='bbox 1038 5276 1349 5350; x_wconf 81' lang='lat' dir='ltr'><strong>mutatione.</strong></span> 
     </span>
    </p>
   </div>
   <div class='ocr_carea' id='block_1_101' title="bbox 320 5346 1827 5414">
    <p class='ocr_par' dir='ltr' id='par_1_101' title="bbox 320 5346 1827 5414">
     <span class='ocr_line' id='line_1_101' title="bbox 320 5346 1827 5414; baseline 0 -11"><span class='ocrx_word' id='word_1_795' title='bbox 320 5361 351 5389; x_wconf 71' lang='grc' dir='ltr'><strong>ο</strong></span> <span class='ocrx_word' id='word_1_796' title='bbox 391 5350 485 5406; x_wconf 86' lang='lat' dir='ltr'><strong>Sic</strong></span> <span class='ocrx_word' id='word_1_797' title='bbox 531 5347 852 5401; x_wconf 82' lang='lat' dir='ltr'><strong>vetustiores</strong></span> <span class='ocrx_word' id='word_1_798' title='bbox 884 5360 1056 5410; x_wconf 86' lang='lat' dir='ltr'><strong>inss.;</strong></span> <span class='ocrx_word' id='word_1_799' title='bbox 1100 5347 1277 5400; x_wconf 68' lang='lat' dir='ltr'><strong>caeteri</strong></span> <span class='ocrx_word' id='word_1_800' title='bbox 1307 5346 1531 5414; x_wconf 62' lang='lat' dir='ltr'><strong>incepit.</strong></span> <span class='ocrx_word' id='word_1_801' title='bbox 1574 5346 1742 5401; x_wconf 80' lang='lat' dir='ltr'><strong>Porro</strong></span> <span class='ocrx_word' id='word_1_802' title='bbox 1776 5349 1827 5403; x_wconf 86' lang='lat' dir='ltr'><strong>in</strong></span> 
     </span>
    </p>
   </div>
   <div class='ocr_carea' id='block_1_102' title="bbox 238 5417 1829 5491">
    <p class='ocr_par' dir='ltr' id='par_1_102' title="bbox 238 5417 1829 5491">
     <span class='ocr_line' id='line_1_102' title="bbox 238 5417 1829 5491; baseline -0.001 -16"><span class='ocrx_word' id='word_1_803' title='bbox 238 5420 497 5477; x_wconf 77' lang='lat' dir='ltr'><strong>Beclesia</strong></span> <span class='ocrx_word' id='word_1_804' title='bbox 546 5418 782 5491; x_wconf 71' lang='lat' dir='ltr'><strong>Romana</strong></span> <span class='ocrx_word' id='word_1_805' title='bbox 835 5417 1173 5491; x_wconf 62' lang='lat' dir='ltr'><strong>primicerius</strong></span> <span class='ocrx_word' id='word_1_806' title='bbox 1217 5430 1378 5491; x_wconf 58' lang='lat' dir='ltr'><strong>caput</strong></span> <span class='ocrx_word' id='word_1_807' title='bbox 1408 5424 1525 5491; x_wconf 70' lang='lat' dir='ltr'><strong>erat</strong></span> <span class='ocrx_word' id='word_1_808' title='bbox 1556 5418 1829 5491; x_wconf 78' lang='lat' dir='ltr'><strong>inferioris</strong></span> 
     </span>
    </p>
   </div>
   <div class='ocr_carea' id='block_1_103' title="bbox 235 5486 1824 5559">
    <p class='ocr_par' dir='ltr' id='par_1_103' title="bbox 235 5486 1824 5559">
     <span class='ocr_line' id='line_1_103' title="bbox 235 5486 1824 5559; baseline 0.005 -24"><span class='ocrx_word' id='word_1_809' title='bbox 235 5496 405 5546; x_wconf 72' lang='lat' dir='ltr'><strong>chori</strong></span> <span class='ocrx_word' id='word_1_810' title='bbox 428 5532 445 5556; x_wconf 75' lang='lat'><strong>,</strong></span> <span class='ocrx_word' id='word_1_811' title='bbox 487 5488 631 5559; x_wconf 69' lang='lat' dir='ltr'><strong>quod</strong></span> <span class='ocrx_word' id='word_1_812' title='bbox 664 5486 729 5541; x_wconf 62' lang='lat' dir='ltr'><strong>&#39;et</strong></span> <span class='ocrx_word' id='word_1_813' title='bbox 770 5489 821 5541; x_wconf 91' lang='lat' dir='ltr'><strong>in</strong></span> <span class='ocrx_word' id='word_1_814' title='bbox 867 5487 1100 5559; x_wconf 85' lang='lat' dir='ltr'><strong>Ecclesia</strong></span> <span class='ocrx_word' id='word_1_815' title='bbox 1134 5486 1402 5540; x_wconf 66' lang='lat' dir='ltr'><strong>Gallicana</strong></span> <span class='ocrx_word' id='word_1_816' title='bbox 1437 5486 1603 5540; x_wconf 81' lang='lat' dir='ltr'><strong>luisse</strong></span> <span class='ocrx_word' id='word_1_817' title='bbox 1644 5490 1693 5541; x_wconf 91' lang='lat' dir='ltr'><strong>in</strong></span> <span class='ocrx_word' id='word_1_818' title='bbox 1728 5506 1824 5544; x_wconf 82' lang='lat' dir='ltr'><strong>usu</strong></span> 
     </span>
    </p>
   </div>
   <div class='ocr_carea' id='block_1_104' title="bbox 222 5558 1820 5629">
    <p class='ocr_par' dir='ltr' id='par_1_104' title="bbox 222 5558 1820 5629">
     <span class='ocr_line' id='line_1_104' title="bbox 222 5558 1820 5629; baseline -0.001 -15"><span class='ocrx_word' id='word_1_819' title='bbox 222 5558 830 5629; x_wconf 31' lang='lat' dir='ltr'><strong>&#39;tempOre’Chlodovei</strong></span> <span class='ocrx_word' id='word_1_820' title='bbox 880 5558 1055 5629; x_wconf 67' lang='lat' dir='ltr'><strong>colligi</strong></span> <span class='ocrx_word' id='word_1_821' title='bbox 1100 5566 1271 5626; x_wconf 72' lang='lat' dir='ltr'><strong>potest</strong></span> <span class='ocrx_word' id='word_1_822' title='bbox 1298 5572 1361 5611; x_wconf 88' lang='lat' dir='ltr'><strong>ex</strong></span> <span class='ocrx_word' id='word_1_823' title='bbox 1393 5560 1620 5625; x_wconf 89' lang='lat' dir='ltr'><strong>epistola</strong></span> <span class='ocrx_word' id='word_1_824' title='bbox 1650 5562 1820 5613; x_wconf 84' lang='lat' dir='ltr'><strong>snicti</strong></span> 
     </span>
    </p>
   </div>
   <div class='ocr_carea' id='block_1_105' title="bbox 233 5627 1821 5700">
    <p class='ocr_par' dir='ltr' id='par_1_105' title="bbox 233 5627 1821 5700">
     <span class='ocr_line' id='line_1_105' title="bbox 233 5627 1821 5700; baseline -0.002 -14"><span class='ocrx_word' id='word_1_825' title='bbox 233 5627 488 5700; x_wconf 75' lang='lat' dir='ltr'><strong>Remigii</strong></span> <span class='ocrx_word' id='word_1_826' title='bbox 538 5630 607 5682; x_wconf 83' lang='lat' dir='ltr'><strong>ad</strong></span> <span class='ocrx_word' id='word_1_827' title='bbox 649 5627 1339 5700; x_wconf 25' lang='lat' dir='ltr'><strong>FalcouvmJ‘Tunareusem</strong></span> <span class='ocrx_word' id='word_1_828' title='bbox 1366 5629 1700 5700; x_wconf 83' lang='lat' dir='ltr'><strong>episcopum,</strong></span> <span class='ocrx_word' id='word_1_829' title='bbox 1731 5629 1821 5683; x_wconf 87' lang='lat' dir='ltr'><strong>ubi</strong></span> 
     </span>
    </p>
   </div>
   <div class='ocr_carea' id='block_1_106' title="bbox 230 5697 1819 5770">
    <p class='ocr_par' dir='ltr' id='par_1_106' title="bbox 230 5697 1819 5770">
     <span class='ocr_line' id='line_1_106' title="bbox 230 5697 1819 5770; baseline 0.001 -15"><span class='ocrx_word' id='word_1_830' title='bbox 230 5697 608 5770; x_wconf 58' lang='lat' dir='ltr'><strong>mixqu&#39;eritur</strong></span> <span class='ocrx_word' id='word_1_831' title='bbox 662 5698 743 5751; x_wconf 84' lang='lat' dir='ltr'><strong>vir</strong></span> <span class='ocrx_word' id='word_1_832' title='bbox 795 5697 1163 5770; x_wconf 64' lang='lat' dir='ltr'><strong>sanctissimus</strong></span> <span class='ocrx_word' id='word_1_833' title='bbox 1194 5712 1223 5770; x_wconf 72' lang='grc' dir='ltr'>τι</span> <span class='ocrx_word' id='word_1_834' title='bbox 1256 5698 1486 5753; x_wconf 71' lang='lat' dir='ltr'><strong>Falcone</strong></span> <span class='ocrx_word' id='word_1_835' title='bbox 1543 5699 1819 5756; x_wconf 78' lang='lat' dir='ltr'><strong>institutos</strong></span> 
     </span>
    </p>
   </div>
   <div class='ocr_carea' id='block_1_107' title="bbox 232 5767 1814 5841">
    <p class='ocr_par' dir='ltr' id='par_1_107' title="bbox 232 5767 1814 5841">
     <span class='ocr_line' id='line_1_107' title="bbox 232 5767 1814 5841; baseline -0.001 -14"><span class='ocrx_word' id='word_1_836' title='bbox 232 5767 419 5831; x_wconf 70' lang='lat' dir='ltr'><strong>fuisse</strong></span> <span class='ocrx_word' id='word_1_837' title='bbox 438 5773 499 5829; x_wconf 86' lang='lat' dir='ltr'><strong>in</strong></span> <span class='ocrx_word' id='word_1_838' title='bbox 521 5770 913 5838; x_wconf 74' lang='lat' dir='ltr'><strong>blosotnagensi</strong></span> <span class='ocrx_word' id='word_1_839' title='bbox 945 5767 1185 5823; x_wconf 84' lang='lat' dir='ltr'><strong>Ecclesia</strong></span> <span class='ocrx_word' id='word_1_840' title='bbox 1213 5768 1424 5840; x_wconf 71' lang='lat' dir='ltr'><strong>levitas,</strong></span> <span class='ocrx_word' id='word_1_841' title='bbox 1454 5771 1814 5841; x_wconf 81' lang='lat' dir='ltr'><strong>presbyteros,</strong></span> 
     </span>
    </p>
   </div>
   <div class='ocr_carea' id='block_1_108' title="bbox 587 5857 1159 5923">
    <p class='ocr_par' dir='ltr' id='par_1_108' title="bbox 587 5857 1159 5923">
     <span class='ocr_line' id='line_1_108' title="bbox 587 5857 1159 5923; baseline -0.007 0"><span class='ocrx_word' id='word_1_842' title='bbox 587 5863 861 5923; x_wconf 73' lang='grc' dir='ltr'><strong>ΡΑτιιοι..</strong></span> <span class='ocrx_word' id='word_1_843' title='bbox 928 5857 1159 5919; x_wconf 79' lang='lat' dir='ltr'><strong>LXXI.</strong></span> 
     </span>
    </p>
   </div>
   <div class='ocr_carea' id='block_1_109' title="bbox 1442 6007 1480 6025">
    <p class='ocr_par' dir='ltr' id='par_1_109' title="bbox 1442 6007 1480 6025">
     <span class='ocr_line' id='line_1_109' title="bbox 1442 6007 1480 6025; baseline 0 0"><span class='ocrx_word' id='word_1_844' title='bbox 1442 6007 1480 6025; x_wconf 48' lang='grc' dir='ltr'>ς</span> 
     </span>
    </p>
   </div>
   <div class='ocr_carea' id='block_1_110' title="bbox 1944 4636 3541 4701">
    <p class='ocr_par' dir='ltr' id='par_1_110' title="bbox 1944 4636 3541 4701">
     <span class='ocr_line' id='line_1_110' title="bbox 1944 4636 3541 4701; baseline 0.003 -8"><span class='ocrx_word' id='word_1_845' title='bbox 1944 4638 2387 4701; x_wconf 78' lang='lat' dir='ltr'><strong>archidiaconus,</strong></span> <span class='ocrx_word' id='word_1_846' title='bbox 2447 4636 2809 4691; x_wconf 79' lang='lat' dir='ltr'><strong>Primicerium</strong></span> <span class='ocrx_word' id='word_1_847' title='bbox 2837 4639 3028 4693; x_wconf 75' lang='lat' dir='ltr'><strong>schola:</strong></span> <span class='ocrx_word' id='word_1_848' title='bbox 3065 4639 3372 4697; x_wconf 64' lang='lat' dir='ltr'><strong>clarissime</strong></span> <span class='ocrx_word' id='word_1_849' title='bbox 3404 4644 3541 4697; x_wconf 82' lang='lat' dir='ltr'><strong>mili-</strong></span> 
     </span>
    </p>
   </div>
   <div class='ocr_carea' id='block_1_111' title="bbox 1945 4708 3541 4779">
    <p class='ocr_par' dir='ltr' id='par_1_111' title="bbox 1945 4708 3541 4779">
     <span class='ocr_line' id='line_1_111' title="bbox 1945 4708 3541 4779; baseline -0.003 -17"><span class='ocrx_word' id='word_1_850' title='bbox 1945 4713 2124 4777; x_wconf 67' lang='lat' dir='ltr'><strong>nmque</strong></span> <span class='ocrx_word' id='word_1_851' title='bbox 2161 4710 2432 4764; x_wconf 82' lang='lat' dir='ltr'><strong>lectorum.</strong></span> <span class='ocrx_word' id='word_1_852' title='bbox 2476 4708 2606 4763; x_wconf 88' lang='lat' dir='ltr'><strong>Vide</strong></span> <span class='ocrx_word' id='word_1_853' title='bbox 2652 4708 2981 4764; x_wconf 88' lang='lat' dir='ltr'><strong>Glossarium</strong></span> <span class='ocrx_word' id='word_1_854' title='bbox 3029 4710 3244 4779; x_wconf 84' lang='lat' dir='ltr'><strong>Cangii,</strong></span> <span class='ocrx_word' id='word_1_855' title='bbox 3304 4725 3359 4768; x_wconf 83' lang='lat' dir='ltr'><strong>et</strong></span> <span class='ocrx_word' id='word_1_856' title='bbox 3392 4716 3541 4769; x_wconf 74' lang='grc' dir='ltr'>Τιιο.</span> 
     </span>
    </p>
   </div>
   <div class='ocr_carea' id='block_1_112' title="bbox 1945 4778 3540 4848">
    <p class='ocr_par' dir='ltr' id='par_1_112' title="bbox 1945 4778 3540 4848">
     <span class='ocr_line' id='line_1_112' title="bbox 1945 4778 3540 4848; baseline 0.004 -15"><span class='ocrx_word' id='word_1_857' title='bbox 1945 4782 2239 4834; x_wconf 85' lang='lat' dir='ltr'><strong>massinuni</strong></span> <span class='ocrx_word' id='word_1_858' title='bbox 2274 4779 2365 4833; x_wconf 92' lang='lat' dir='ltr'><strong>lib.</strong></span> <span class='ocrx_word' id='word_1_859' title='bbox 2398 4796 2468 4847; x_wconf 90' lang='grc' dir='ltr'>ιι,</span> <span class='ocrx_word' id='word_1_860' title='bbox 2505 4778 2671 4846; x_wconf 84' lang='lat' dir='ltr'><strong>partis</strong></span> <span class='ocrx_word' id='word_1_861' title='bbox 2703 4780 2727 4832; x_wconf 80' lang='grc' dir='ltr'><strong>ι</strong></span> <span class='ocrx_word' id='word_1_862' title='bbox 2766 4780 3075 4848; x_wconf 68' lang='lat' dir='ltr'><strong>Disciplina:</strong></span> <span class='ocrx_word' id='word_1_863' title='bbox 3104 4778 3301 4837; x_wconf 85' lang='lat' dir='ltr'><strong>eccles.</strong></span> <span class='ocrx_word' id='word_1_864' title='bbox 3348 4786 3540 4839; x_wconf 84' lang='lat' dir='ltr'><strong>Latine</strong></span> 
     </span>
    </p>
   </div>
   <div class='ocr_carea' id='block_1_113' title="bbox 1943 4851 3535 4923">
    <p class='ocr_par' dir='ltr' id='par_1_113' title="bbox 1943 4851 3535 4923">
     <span class='ocr_line' id='line_1_113' title="bbox 1943 4851 3535 4923; baseline 0.003 -19"><span class='ocrx_word' id='word_1_865' title='bbox 1943 4853 2121 4916; x_wconf 63' lang='lat' dir='ltr'><strong>editae,</strong></span> <span class='ocrx_word' id='word_1_866' title='bbox 2149 4866 2265 4918; x_wconf 71' lang='lat' dir='ltr'><strong>pag.</strong></span> <span class='ocrx_word' id='word_1_867' title='bbox 2304 4851 2422 4904; x_wconf 76' lang='grc'><strong>105.</strong></span> <span class='ocrx_word' id='word_1_868' title='bbox 2451 4853 2716 4923; x_wconf 60' lang='lat' dir='ltr'><strong>ueterum</strong></span> <span class='ocrx_word' id='word_1_869' title='bbox 2743 4865 2858 4923; x_wconf 85' lang='lat' dir='ltr'><strong>mos</strong></span> <span class='ocrx_word' id='word_1_870' title='bbox 2888 4853 2977 4905; x_wconf 86' lang='lat' dir='ltr'><strong>ille</strong></span> <span class='ocrx_word' id='word_1_871' title='bbox 3008 4866 3111 4921; x_wconf 43' lang='lat' dir='ltr'><strong>iper</strong></span> <span class='ocrx_word' id='word_1_872' title='bbox 3137 4854 3431 4923; x_wconf 65' lang='lat' dir='ltr'><strong>Scriptura:</strong></span> <span class='ocrx_word' id='word_1_873' title='bbox 3454 4872 3535 4908; x_wconf 83' lang='lat' dir='ltr'><strong>sa-</strong></span> 
     </span>
    </p>
   </div>
   <div class='ocr_carea' id='block_1_114' title="bbox 1941 4920 3539 4987">
    <p class='ocr_par' dir='ltr' id='par_1_114' title="bbox 1941 4920 3539 4987">
     <span class='ocr_line' id='line_1_114' title="bbox 1941 4920 3539 4987; baseline 0.003 -13"><span class='ocrx_word' id='word_1_874' title='bbox 1941 4938 2050 4975; x_wconf 82' lang='lat' dir='ltr'><strong>cra:</strong></span> <span class='ocrx_word' id='word_1_875' title='bbox 2094 4922 2350 4976; x_wconf 73' lang='lat' dir='ltr'><strong>lectiones</strong></span> <span class='ocrx_word' id='word_1_876' title='bbox 2380 4936 2466 4977; x_wconf 90' lang='lat' dir='ltr'><strong>res</strong></span> <span class='ocrx_word' id='word_1_877' title='bbox 2496 4920 2700 4974; x_wconf 78' lang='lat' dir='ltr'><strong>futuras</strong></span> <span class='ocrx_word' id='word_1_878' title='bbox 2739 4920 3089 4987; x_wconf 61' lang='lat' dir='ltr'><strong>explorandii,</strong></span> <span class='ocrx_word' id='word_1_879' title='bbox 3134 4920 3343 4978; x_wconf 87' lang='lat' dir='ltr'><strong>solemn</strong></span> <span class='ocrx_word' id='word_1_880' title='bbox 3367 4943 3393 4980; x_wconf 89' lang='lat' dir='ltr'><strong>s</strong></span> <span class='ocrx_word' id='word_1_881' title='bbox 3422 4938 3539 4981; x_wconf 65' lang='lat' dir='ltr'><strong>erat</strong></span> 
     </span>
    </p>
   </div>
   <div class='ocr_carea' id='block_1_115' title="bbox 1944 4992 3539 5062">
    <p class='ocr_par' dir='ltr' id='par_1_115' title="bbox 1944 4992 3539 5062">
     <span class='ocr_line' id='line_1_115' title="bbox 1944 4992 3539 5062; baseline 0.003 -17"><span class='ocrx_word' id='word_1_882' title='bbox 1944 4994 2054 5046; x_wconf 84' lang='lat' dir='ltr'><strong>illis</strong></span> <span class='ocrx_word' id='word_1_883' title='bbox 2082 4993 2416 5059; x_wconf 84' lang='lat' dir='ltr'><strong>temporibus</strong></span> <span class='ocrx_word' id='word_1_884' title='bbox 2437 5034 2449 5055; x_wconf 94' lang='lat'><strong>,</strong></span> <span class='ocrx_word' id='word_1_885' title='bbox 2480 4992 2552 5044; x_wconf 85' lang='lat' dir='ltr'><strong>uti</strong></span> <span class='ocrx_word' id='word_1_886' title='bbox 2574 5006 2641 5045; x_wconf 79' lang='lat' dir='ltr'><strong>ex</strong></span> <span class='ocrx_word' id='word_1_887' title='bbox 2674 4992 2791 5045; x_wconf 88' lang='lat' dir='ltr'><strong>aliis</strong></span> <span class='ocrx_word' id='word_1_888' title='bbox 2821 4992 3063 5061; x_wconf 78' lang='lat' dir='ltr'><strong>Gregorii</strong></span> <span class='ocrx_word' id='word_1_889' title='bbox 3086 4994 3220 5047; x_wconf 69' lang='lat' dir='ltr'><strong>locis</strong></span> <span class='ocrx_word' id='word_1_890' title='bbox 3249 4996 3539 5062; x_wconf 77' lang='lat' dir='ltr'><strong>compluri-</strong></span> 
     </span>
    </p>
   </div>
   <div class='ocr_carea' id='block_1_116' title="bbox 1945 5063 3537 5130">
    <p class='ocr_par' dir='ltr' id='par_1_116' title="bbox 1945 5063 3537 5130">
     <span class='ocr_line' id='line_1_116' title="bbox 1945 5063 3537 5130; baseline 0.002 -14"><span class='ocrx_word' id='word_1_891' title='bbox 1945 5063 2043 5116; x_wconf 89' lang='lat' dir='ltr'><strong>bus</strong></span> <span class='ocrx_word' id='word_1_892' title='bbox 2076 5072 2240 5130; x_wconf 88' lang='lat' dir='ltr'><strong>patet.</strong></span> <span class='ocrx_word' id='word_1_893' title='bbox 2277 5064 2367 5115; x_wconf 85' lang='lat' dir='ltr'><strong>Sic</strong></span> <span class='ocrx_word' id='word_1_894' title='bbox 2394 5066 2556 5116; x_wconf 87' lang='lat' dir='ltr'><strong>etiam</strong></span> <span class='ocrx_word' id='word_1_895' title='bbox 2583 5076 2759 5116; x_wconf 85' lang='lat' dir='ltr'><strong>aetum</strong></span> <span class='ocrx_word' id='word_1_896' title='bbox 2791 5063 2965 5119; x_wconf 63' lang='lat' dir='ltr'><strong>fuerat</strong></span> <span class='ocrx_word' id='word_1_897' title='bbox 2990 5068 3045 5117; x_wconf 86' lang='lat' dir='ltr'><strong>in</strong></span> <span class='ocrx_word' id='word_1_898' title='bbox 3075 5066 3338 5118; x_wconf 78' lang='lat' dir='ltr'><strong>eleCtione</strong></span> <span class='ocrx_word' id='word_1_899' title='bbox 3366 5065 3537 5119; x_wconf 79' lang='lat' dir='ltr'><strong>sancti</strong></span> 
     </span>
    </p>
   </div>
   <div class='ocr_carea' id='block_1_117' title="bbox 1920 5133 3535 5202">
    <p class='ocr_par' dir='ltr' id='par_1_117' title="bbox 1920 5133 3535 5202">
     <span class='ocr_line' id='line_1_117' title="bbox 1920 5133 3535 5202; baseline 0.001 -16"><span class='ocrx_word' id='word_1_900' title='bbox 1920 5133 2319 5199; x_wconf 32' lang='lat' dir='ltr'><strong>,Martini&#39;apud</strong></span> <span class='ocrx_word' id='word_1_901' title='bbox 2358 5135 2627 5187; x_wconf 85' lang='lat' dir='ltr'><strong>Severum</strong></span> <span class='ocrx_word' id='word_1_902' title='bbox 2650 5134 2984 5202; x_wconf 78' lang='lat' dir='ltr'><strong>Sulpicium,</strong></span> <span class='ocrx_word' id='word_1_903' title='bbox 3016 5134 3069 5187; x_wconf 88' lang='lat' dir='ltr'><strong>in</strong></span> <span class='ocrx_word' id='word_1_904' title='bbox 3106 5137 3223 5202; x_wconf 89' lang='lat' dir='ltr'><strong>ejus</strong></span> <span class='ocrx_word' id='word_1_905' title='bbox 3256 5133 3371 5187; x_wconf 84' lang='lat' dir='ltr'><strong>Vita</strong></span> <span class='ocrx_word' id='word_1_906' title='bbox 3412 5150 3535 5201; x_wconf 78' lang='lat' dir='ltr'><strong>cap.</strong></span> 
     </span>
    </p>
   </div>
   <div class='ocr_carea' id='block_1_118' title="bbox 1941 5204 3538 5270">
    <p class='ocr_par' dir='ltr' id='par_1_118' title="bbox 1941 5204 3538 5270">
     <span class='ocr_line' id='line_1_118' title="bbox 1941 5204 3538 5270; baseline 0.003 -15"><span class='ocrx_word' id='word_1_907' title='bbox 1941 5204 1994 5255; x_wconf 88' lang='lat'><strong>7.</strong></span> <span class='ocrx_word' id='word_1_908' title='bbox 2032 5205 2163 5258; x_wconf 80' lang='lat' dir='ltr'><strong>Vide</strong></span> <span class='ocrx_word' id='word_1_909' title='bbox 2191 5216 2246 5260; x_wconf 86' lang='lat' dir='ltr'><strong>et</strong></span> <span class='ocrx_word' id='word_1_910' title='bbox 2277 5206 2435 5257; x_wconf 83' lang='lat' dir='ltr'><strong>vitam</strong></span> <span class='ocrx_word' id='word_1_911' title='bbox 2486 5206 2544 5258; x_wconf 84' lang='lat' dir='ltr'><strong>S.</strong></span> <span class='ocrx_word' id='word_1_912' title='bbox 2577 5204 2907 5270; x_wconf 67' lang='lat' dir='ltr'><strong>Consortiae,</strong></span> <span class='ocrx_word' id='word_1_913' title='bbox 2940 5219 3088 5257; x_wconf 83' lang='lat' dir='ltr'><strong>num.</strong></span> <span class='ocrx_word' id='word_1_914' title='bbox 3121 5208 3152 5256; x_wconf 83' lang='lat'><strong>9</strong></span> <span class='ocrx_word' id='word_1_915' title='bbox 3183 5204 3322 5257; x_wconf 75' lang='lat' dir='ltr'><strong>Suec.</strong></span> <span class='ocrx_word' id='word_1_916' title='bbox 3368 5219 3383 5257; x_wconf 91' lang='grc' dir='ltr'><strong>ι</strong></span> <span class='ocrx_word' id='word_1_917' title='bbox 3432 5204 3538 5259; x_wconf 79' lang='lat' dir='ltr'><strong>De-</strong></span> 
     </span>
    </p>
   </div>
   <div class='ocr_carea' id='block_1_119' title="bbox 1939 5273 2909 5328">
    <p class='ocr_par' dir='ltr' id='par_1_119' title="bbox 1939 5273 2909 5328">
     <span class='ocr_line' id='line_1_119' title="bbox 1939 5273 2909 5328; baseline 0.001 -1"><span class='ocrx_word' id='word_1_918' title='bbox 1939 5274 2063 5328; x_wconf 88' lang='lat' dir='ltr'><strong>ned.</strong></span> <span class='ocrx_word' id='word_1_919' title='bbox 2096 5277 2160 5327; x_wconf 90' lang='lat' dir='ltr'><strong>ad</strong></span> <span class='ocrx_word' id='word_1_920' title='bbox 2188 5290 2311 5327; x_wconf 90' lang='lat' dir='ltr'><strong>ann.</strong></span> <span class='ocrx_word' id='word_1_921' title='bbox 2346 5273 2469 5328; x_wconf 75' lang='grc'><strong>578.</strong></span> <span class='ocrx_word' id='word_1_922' title='bbox 2906 5308 2909 5311; x_wconf 60' lang='grc' dir='ltr'><strong>ι</strong></span> 
     </span>
    </p>
   </div>
   <div class='ocr_carea' id='block_1_120' title="bbox 2012 5342 3536 5416">
    <p class='ocr_par' dir='ltr' id='par_1_120' title="bbox 2012 5342 3536 5416">
     <span class='ocr_line' id='line_1_120' title="bbox 2012 5342 3536 5416; baseline 0.003 -18"><span class='ocrx_word' id='word_1_923' title='bbox 2012 5343 2033 5382; x_wconf 68' lang='grc' dir='ltr'><strong>ι</strong></span> <span class='ocrx_word' id='word_1_924' title='bbox 2081 5346 2295 5414; x_wconf 75' lang='lat' dir='ltr'><strong>llegm.,</strong></span> <span class='ocrx_word' id='word_1_925' title='bbox 2329 5361 2472 5400; x_wconf 85' lang='lat' dir='ltr'><strong>uoces</strong></span> <span class='ocrx_word' id='word_1_926' title='bbox 2512 5342 2863 5416; x_wconf 74' lang='lat' dir='ltr'><strong>psallentium.</strong></span> <span class='ocrx_word' id='word_1_927' title='bbox 2896 5345 3018 5412; x_wconf 85' lang='lat' dir='ltr'><strong>Ed.,</strong></span> <span class='ocrx_word' id='word_1_928' title='bbox 3041 5343 3287 5399; x_wconf 77' lang='lat' dir='ltr'><strong>satellites</strong></span> <span class='ocrx_word' id='word_1_929' title='bbox 3319 5347 3536 5403; x_wconf 72' lang='lat' dir='ltr'><strong>audien-</strong></span> 
     </span>
    </p>
   </div>
   <div class='ocr_carea' id='block_1_121' title="bbox 1938 5426 2853 5557">
    <p class='ocr_par' dir='ltr' id='par_1_121' title="bbox 1938 5426 2853 5557">
     <span class='ocr_line' id='line_1_121' title="bbox 1938 5426 2853 5557; baseline 0.009 -24"><span class='ocrx_word' id='word_1_930' title='bbox 1938 5426 2034 5533; x_wconf 63' lang='lat' dir='ltr'><strong>mi</strong></span> <span class='ocrx_word' id='word_1_931' title='bbox 2076 5485 2159 5557; x_wconf 75' lang='lat' dir='ltr'><strong>De</strong></span> <span class='ocrx_word' id='word_1_932' title='bbox 2192 5486 2295 5557; x_wconf 80' lang='lat' dir='ltr'><strong>hoc</strong></span> <span class='ocrx_word' id='word_1_933' title='bbox 2322 5486 2387 5539; x_wconf 90' lang='lat' dir='ltr'><strong>ad</strong></span> <span class='ocrx_word' id='word_1_934' title='bbox 2415 5502 2538 5557; x_wconf 90' lang='lat' dir='ltr'><strong>cap.</strong></span> <span class='ocrx_word' id='word_1_935' title='bbox 2564 5487 2634 5541; x_wconf 75' lang='grc'><strong>45</strong></span> <span class='ocrx_word' id='word_1_936' title='bbox 2661 5484 2778 5541; x_wconf 80' lang='lat' dir='ltr'><strong>libri</strong></span> <span class='ocrx_word' id='word_1_937' title='bbox 2814 5503 2853 5541; x_wconf 88' lang='lat' dir='ltr'><strong>t.</strong></span> 
     </span>
    </p>
   </div>
   <div class='ocr_carea' id='block_1_122' title="bbox 1920 5556 3499 5621">
    <p class='ocr_par' dir='ltr' id='par_1_122' title="bbox 1920 5556 3499 5621">
     <span class='ocr_line' id='line_1_122' title="bbox 1920 5556 3499 5621; baseline 0.002 -14"><span class='ocrx_word' id='word_1_938' title='bbox 1920 5562 1923 5563; x_wconf 61' lang='grc'><strong><em>⁷</em></strong></span> <span class='ocrx_word' id='word_1_939' title='bbox 2000 5556 2028 5594; x_wconf 72' lang='grc' dir='ltr'><strong>ιι</strong></span> <span class='ocrx_word' id='word_1_940' title='bbox 2073 5556 2205 5611; x_wconf 85' lang='lat' dir='ltr'><strong>Vide</strong></span> <span class='ocrx_word' id='word_1_941' title='bbox 2236 5556 2514 5612; x_wconf 75' lang='lat' dir='ltr'><strong>Ful&#39;lurtat.</strong></span> <span class='ocrx_word' id='word_1_942' title='bbox 2550 5557 2643 5610; x_wconf 86' lang='lat' dir='ltr'><strong>lib.</strong></span> <span class='ocrx_word' id='word_1_943' title='bbox 2676 5570 2714 5610; x_wconf 84' lang='lat' dir='ltr'><strong>lt</strong></span> <span class='ocrx_word' id='word_1_944' title='bbox 2746 5557 2880 5612; x_wconf 85' lang='lat' dir='ltr'><strong>Vitae</strong></span> <span class='ocrx_word' id='word_1_945' title='bbox 2911 5557 2970 5613; x_wconf 86' lang='lat' dir='ltr'><strong>S.</strong></span> <span class='ocrx_word' id='word_1_946' title='bbox 3014 5556 3231 5621; x_wconf 78' lang='lat' dir='ltr'><strong>Hilarii,</strong></span> <span class='ocrx_word' id='word_1_947' title='bbox 3261 5574 3412 5616; x_wconf 87' lang='lat' dir='ltr'><strong>num.</strong></span> <span class='ocrx_word' id='word_1_948' title='bbox 3440 5557 3499 5611; x_wconf 83' lang='grc'>7.</span> 
     </span>
    </p>
   </div>
   <div class='ocr_carea' id='block_1_123' title="bbox 2004 5626 3220 5697">
    <p class='ocr_par' dir='ltr' id='par_1_123' title="bbox 2004 5626 3220 5697">
     <span class='ocr_line' id='line_1_123' title="bbox 2004 5626 3220 5697; baseline 0.002 -17"><span class='ocrx_word' id='word_1_949' title='bbox 2004 5626 2022 5697; x_wconf 56' lang='grc' dir='ltr'>ἐ</span> <span class='ocrx_word' id='word_1_950' title='bbox 2070 5627 2172 5683; x_wconf 81' lang='lat' dir='ltr'><strong>Ed.</strong></span> <span class='ocrx_word' id='word_1_951' title='bbox 2201 5629 2402 5697; x_wconf 87' lang='lat' dir='ltr'><strong>aliquot</strong></span> <span class='ocrx_word' id='word_1_952' title='bbox 2433 5636 2489 5682; x_wconf 90' lang='lat' dir='ltr'><strong>et</strong></span> <span class='ocrx_word' id='word_1_953' title='bbox 2517 5629 2664 5687; x_wconf 89' lang='lat' dir='ltr'><strong>Bec.,</strong></span> <span class='ocrx_word' id='word_1_954' title='bbox 2694 5629 2893 5695; x_wconf 85' lang='lat' dir='ltr'><strong>aliquid</strong></span> <span class='ocrx_word' id='word_1_955' title='bbox 2919 5631 3220 5697; x_wconf 84' lang='lat' dir='ltr'><strong>spoliarent.</strong></span> 
     </span>
    </p>
   </div>
   <div class='ocr_carea' id='block_1_124' title="bbox 2001 5696 3529 5769">
    <p class='ocr_par' dir='ltr' id='par_1_124' title="bbox 2001 5696 3529 5769">
     <span class='ocr_line' id='line_1_124' title="bbox 2001 5696 3529 5769; baseline 0.004 -20"><span class='ocrx_word' id='word_1_956' title='bbox 2001 5696 2015 5749; x_wconf 74' lang='grc' dir='ltr'><strong>ι</strong></span> <span class='ocrx_word' id='word_1_957' title='bbox 2064 5699 2155 5753; x_wconf 90' lang='lat' dir='ltr'><strong>Sic</strong></span> <span class='ocrx_word' id='word_1_958' title='bbox 2188 5696 2339 5764; x_wconf 82' lang='lat' dir='ltr'><strong>Bec.;</strong></span> <span class='ocrx_word' id='word_1_959' title='bbox 2372 5702 2555 5753; x_wconf 72' lang='lat' dir='ltr'><strong>eicteri</strong></span> <span class='ocrx_word' id='word_1_960' title='bbox 2595 5713 2727 5753; x_wconf 91' lang='lat' dir='ltr'><strong>mss.</strong></span> <span class='ocrx_word' id='word_1_961' title='bbox 2761 5709 2814 5752; x_wconf 86' lang='lat' dir='ltr'><strong>et</strong></span> <span class='ocrx_word' id='word_1_962' title='bbox 2841 5696 3051 5769; x_wconf 84' lang='lat' dir='ltr'><strong>aliquot</strong></span> <span class='ocrx_word' id='word_1_963' title='bbox 3092 5700 3202 5766; x_wconf 85' lang='lat' dir='ltr'><strong>ed.,</strong></span> <span class='ocrx_word' id='word_1_964' title='bbox 3236 5699 3305 5755; x_wconf 83' lang='lat' dir='ltr'><strong>ad</strong></span> <span class='ocrx_word' id='word_1_965' title='bbox 3345 5713 3529 5755; x_wconf 75' lang='lat' dir='ltr'><strong>culmo</strong></span> 
     </span>
    </p>
   </div>
   <div class='ocr_carea' id='block_1_125' title="bbox 1921 5770 3100 5836">
    <p class='ocr_par' dir='ltr' id='par_1_125' title="bbox 1921 5770 3100 5836">
     <span class='ocr_line' id='line_1_125' title="bbox 1921 5770 3100 5836; baseline -0.001 -13"><span class='ocrx_word' id='word_1_966' title='bbox 1921 5770 2142 5826; x_wconf 77' lang='lat' dir='ltr'><strong>landum</strong></span> <span class='ocrx_word' id='word_1_967' title='bbox 2168 5788 2255 5825; x_wconf 83' lang='lat' dir='ltr'><strong>eos</strong></span> <span class='ocrx_word' id='word_1_968' title='bbox 2273 5786 2294 5836; x_wconf 89' lang='lat'><em>;</em></span> <span class='ocrx_word' id='word_1_969' title='bbox 2325 5780 2445 5826; x_wconf 75' lang='lat' dir='ltr'><strong>eaet.</strong></span> <span class='ocrx_word' id='word_1_970' title='bbox 2474 5770 2561 5824; x_wconf 90' lang='lat' dir='ltr'><strong>ed.</strong></span> <span class='ocrx_word' id='word_1_971' title='bbox 2596 5771 2974 5825; x_wconf 73' lang='lat' dir='ltr'><strong>consulendum</strong></span> <span class='ocrx_word' id='word_1_972' title='bbox 3001 5774 3100 5827; x_wconf 82' lang='lat' dir='ltr'><strong>eis.</strong></span> 
     </span>
    </p>
   </div>
   <div class='ocr_carea' id='block_1_126' title="bbox 3055 5860 3095 5920">
    <p class='ocr_par' dir='ltr' id='par_1_126' title="bbox 3055 5860 3095 5920">
     <span class='ocr_line' id='line_1_126' title="bbox 3055 5860 3095 5920; baseline 0 0"><span class='ocrx_word' id='word_1_973' title='bbox 3055 5860 3095 5920; x_wconf 91' lang='lat'><strong>8</strong></span> 
     </span>
    </p>
   </div>
  </div>
