4006 6182
373 289 473 346 857

1265 290 1575 349 HISTORIA
1621 289 2064 348 FRANCORUM.
2112 292 2308 348 LIBER
2349 295 2726 352 SECUNDUS.

3523 286 3626 342 233

371 419 403 457 a
446 401 677 457 Turonis
739 400 968 456 Parisios
1000 403 1145 457 venit
1174 422 1185 458 :
1217 405 1393 473 ibique
1443 404 1748 460 cathedram
1801 419 1949 476 regni
1979 407 2028 466 Α
2055 405 2180 469 mei,
2210 413 2412 474 patrem
2441 420 2594 460 suum
2625 401 3026 472 insequebatur,
3059 397 3222 454 verbo
3252 397 3454 458 fetczis,
3481 399 3623 466 quod

370 493 673 549 constituit.
711 491 786 545 lbi
816 502 870 546 et
897 493 1261 550 Tlteudericus
1293 496 1358 549 ad
1389 510 1508 549 cum
1537 496 1703 551 venit.

445 585 689 640 XXXIX.
718 586 951 653 Dcttiqtlc
979 596 1002 622 ι·
1029 587 1290 655 migrante
1313 587 1596 641 Eustochio
1618 587 1950 642 Turonorum

369 678 649 745 episcopo,
690 687 909 731 octavus
942 686 1058 746 post
1110 689 1351 732 sanctum
1394 678 1673 734 Martinuut
1721 679 1953 733 Lit-iuius

370 767 656 823 Turouicis
684 770 965 836 episcopus
1013 769 1306 822 ordinatur.
1341 767 1505 838 Hujus
1554 778 1793 836 tempore
1841 768 1950 822 bel-

370 859 481 912 lum
511 863 757 926 superius
781 860 889 928 96
916 859 1171 927 scriptum
1198 869 1403 926 gestum
1432 868 1534 913 est.
1557 859 1615 911 Et
1640 858 1795 926 hujus
1824 868 1956 912 tem-

369 965 505 1018 pore
529 948 938 1003 Chlodorecbus
982 964 1076 1002 rex
1106 949 1336 1002 Turonis
1367 947 1530 1004 venit.
1566 949 1661 1002 llic
1693 950 1858 1002 fertur
1903 949 1953 1002 in

371 1044 593 1096 Oriente
619 1041 802 1107 fuisse,
834 1056 895 1094 ac
944 1041 1056 1094 loca
1087 1041 1332 1094 visitasse
1380 1049 1708 1104 sanctorum,
1762 1040 1958 1109 ipsam-

369 1148 479 1201 que
509 1131 704 1184 adiisse
737 1131 1183 1198 llierosolyniam,
1217 1139 1272 1184 et
1299 1130 1414 1183 loca
1461 1130 1724 1198 passionis
1756 1144 1819 1183 ac
1872 1143 1959 1183 re-

370 1222 717 1276 surrectionis
744 1221 1056 1287 dominicae,
1111 1236 1228 1291 qua:
1259 1221 1311 1275 in
1358 1221 1660 1291 Evangeliis
1706 1221 1954 1290 legimus,

371 1327 518 1380 sape
557 1312 772 1365 vidisse.

449 1401 559 1455 XL.
593 1398 724 1454 Cum
753 1409 928 1454 autem
960 1397 1367 1454 Clilodovechus
1394 1413 1488 1454 rex
1545 1399 1683 1467 apud
1731 1398 1960 1454 Parisios

371 1498 694 1553 moraretur,
729 1490 869 1543 misit
901 1490 1036 1542 clam
1085 1490 1150 1542 ad
1199 1490 1363 1543 ﬁlium
1409 1489 1680 1558 Sigiberti,
1724 1491 1956 1544 dicens:

373 1584 511 1636 Ecce
543 1592 691 1650 pater
720 1593 838 1632 tuus
868 1581 1062 1642 senuit,
1094 1589 1148 1634 et
1177 1581 1312 1649 pede
1360 1581 1521 1635 debili
1567 1581 1853 1635 claudicat.
1904 1581 1959 1636 Si

372 1675 485 1738 ille,
521 1676 706 1741 inquit,
727 1683 1040 1736 moreretur,
1072 1683 1216 1728 recte
1247 1675 1337 1728 tibi
1365 1689 1484 1727 cum
1516 1676 1747 1728 amicitia
1779 1686 1960 1730 nostra

2055 509 2154 564 ego
2179 512 2298 551 eum
2327 496 2630 552 interficere
2651 496 2827 550 velim.
2851 493 3087 562 Cumque
3109 493 3196 546 ille
3217 506 3310 560 per
3339 489 3624 544 Buconiam

2057 584 2241 638 silvam
2266 587 2488 653 fugeret,
2515 584 2766 638 immissis
2787 597 2945 650 super
2967 595 3086 635 eum
3113 579 3444 641 latrunculis,
3469 580 3628 633 tuorti

2059 673 2274 728 tradidit
2303 685 2358 728 et
2389 677 2602 729 occidit.
2651 676 2766 744 lpse
2789 688 2998 742 quoque
3042 672 3166 725 dum
3201 670 3478 724 thesauros
3516 669 3628 736 ejus

2043 767 2245 833 aperit,
2278 781 2306 818 a
2337 769 2515 820 nescio
2537 782 2640 836 quo
2669 779 2949 833 pet'CDSSttS
2976 763 3190 817 interiit.
3223 761 3328 816 Sed
3353 763 3402 814 in
3429 762 3507 814 his
3536 777 3635 830 ego

2060 875 2390 928 nequaquam
2424 863 2672 916 conscius
2701 876 2842 914 sum.
2875 860 2982 914 Nec
2997 859 3151 912 .enim
3187 872 3399 924 possum
3423 858 3634 924 sangui-

2061 963 2182 1001 nein
2217 959 2494 1016 parentum
2528 965 2770 1003 meorum
2800 948 3072 1003 effundere
3107 965 3118 1000 :
3152 948 3292 1015 quod
3323 947 3432 1001 fieri
3487 947 3636 999 nefas

2060 1048 2160 1091 est.
2185 1039 2286 1092 Sed
2312 1040 2431 1108 quia
2458 1040 2570 1093 haec
2596 1049 2906 1102 evenerunt,
2931 1039 3206 1093 consilium
3229 1038 3377 1092 vibis
3403 1038 3634 1104 prmi-eo.

2060 1128 2102 1180 si
2137 1128 2345 1182 videtur
2373 1139 2670 1198 acceptum,
2705 1129 3075 1184 eonvertim'ni
3100 1128 3165 1181 ad
3191 1142 3297 1192 me,
3331 1137 3386 1180 ut
3407 1128 3504 1180 sub
3519 1142 3636 1180 mea

2061 1217 2178 1270 sitis
2207 1217 2539 1272 defensione.
2571 1219 2638 1272 At
2698 1219 2772 1272 illi
2826 1220 2923 1272 ista
2973 1218 3272 1281 audientes,
3327 1217 3639 1287 plaudentes

2064 1322 2168 1366 tam
2199 1314 2396 1384 parmis
2428 1323 2450 1352 ο
2481 1327 2638 1382 quam
2690 1313 2940 1380 vocibus,
2986 1327 3107 1368 eum
3157 1311 3344 1382 clypeo
3391 1318 3634 1365 evectum

2046 1416 2224 1472 super
2252 1419 2312 1458 se
2358 1419 2537 1473 regem
2592 1405 2942 1458 constituunt.
2995 1403 3342 1472 Regnumque
3390 1401 3639 1472 Sigiberti

2064 1507 2340 1564 acceptum
2371 1511 2491 1550 cum
2526 1495 2826 1557 thesauris,
2860 1495 3002 1562 ipsos
3048 1508 3256 1562 quoque
3296 1507 3413 1548 sita:
3456 1493 3640 1546 ditioni

2064 1586 2270 1640 ascivit.
2306 1585 2682 1639 Prosternebat
2711 1586 2850 1638 enim
2880 1584 3113 1654 quotidie
3143 1583 3280 1638 Deus
3312 1583 3492 1638 hostes
3515 1583 3637 1652 ejus

2064 1678 2163 1730 sub
2194 1691 2352 1730 manu
2384 1677 2574 1745 ipsius,
2605 1685 2660 1729 et
2689 1675 2919 1743 attgeth
2968 1689 3186 1743 regnum
3217 1673 3351 1741 ejus,
3394 1687 3460 1728 eo
3502 1674 3641 1742 quod

373 1782 599 1833 regnum
630 1765 773 1818 illius
800 1765 1136 1820 redderetur.
1168 1766 1282 1830 Qua
1311 1766 1401 1820 ille
1429 1768 1720 1836 cupiditate
1769 1768 1960 1822 seduc-
1993 1783 2040 1839 Β
2071 1767 2371 1821 ambulatet
2401 1776 2545 1821 recto
2574 1765 2735 1821 corde
2760 1781 2940 1822 coram
2964 1781 3051 1832 eo,
3079 1775 3134 1821 et
3163 1766 3361 1821 faceret
3375 1781 3494 1835 qua:
3525 1765 3640 1834 pla-

375 1869 484 1922 tus,
521 1868 721 1927 patrem
751 1858 967 1911 molitur
995 1857 1260 1912 occidere.
1292 1858 1533 1928 Cumque
1581 1860 1668 1914 ille
1709 1875 1958 1928 egressus

374 1950 447 2004 de
475 1949 694 2003 Colonia
716 1949 949 2012 civitate,
976 1957 1242 2003 transacto
1265 1949 1475 2013 Rheno,
1509 1965 1601 2018 per
1624 1951 1909 2004 Buconiatu
1930 1949 1957 1987 δ

375 2045 570 2096 silvam
598 2041 873 2094 ambulare
902 2041 1234 2110 disponeret,
1267 2041 1486 2094 meridie
1519 2042 1569 2093 in
1602 2043 1830 2094 tentorio
1859 2056 1959 2094 suo

373 2135 739 2195 obdormiens,
769 2131 1018 2186 immissis
1045 2148 1201 2199 super
1225 2149 1343 2186 eum
1366 2132 1506 2186 filius
1531 2133 1955 2201 percussoribus,

375 2241 502 2280 eum
530 2224 722 2278 ibidem
755 2222 1039 2285 interfecit,
1077 2232 1324 2291 tanquam
1376 2239 1600 2292 regnum
1646 2225 1786 2276 illius
1837 2239 1960 2292 pos-

372 2329 641 2368 sessurus.
670 2314 772 2369 Sed
797 2314 1000 2383 judicio
1029 2313 1118 2368 Dei
1145 2315 1194 2368 in
1225 2315 1448 2379 foveam,
1485 2331 1640 2369 uuam
1669 2316 1804 2384 patri
1823 2317 1961 2368 .ltos-

375 2405 541 2457 tlitcr
570 2403 734 2468 fodit,
766 2401 972 2456 illtltlll.
1005 2403 1144 2456 Misit
1176 2405 1331 2472 igitur
1362 2404 1576 2458 nuntios
1618 2405 1682 2458 ad
1730 2405 1961 2458 Chlodo-

376 2497 606 2551 verbum
654 2511 853 2564 regem,
886 2495 952 2549 de
1003 2497 1165 2564 patris
1209 2496 1356 2549 obitu
1413 2496 1745 2560 nuntiantes,
1800 2507 1962 2566 atque

376 2589 660 2641 dicentes:
699 2585 854 2639 Pater
884 2601 1032 2639 meus
1064 2595 1302 2640 mortuus
1334 2594 1436 2650 est,
1467 2598 1517 2639 et
1563 2602 1661 2656 ego
1687 2590 1963 2642 thesauros

377 2694 503 2732 cum
547 2692 712 2746 regno
739 2677 852 2745 ejus
883 2690 1044 2745 penes
1076 2691 1160 2730 me
1195 2676 1383 2730 habeo.
1416 2675 1593 2747 Dirige
1625 2685 1742 2731 tuos
1764 2678 1828 2730 ad
1854 2693 1959 2744 mc,

382 2783 438 2825 et
469 2785 530 2824 ea
566 2785 684 2839 quae
715 2769 804 2822 tibi
839 2770 905 2822 de
939 2768 1198 2822 thesauris
1231 2768 1373 2821 illius
1405 2769 1635 2837 plaCcnt,
1688 2771 1826 2822 bona
1871 2783 1964 2823 v0-

383 2863 589 2916 luntate
632 2861 1006 2913 transmittam.
1057 2859 1121 2912 Et
1169 2859 1257 2913 ille
1290 2878 1302 2913 :
1334 2859 1573 2923 Gratias,
1622 2860 1814 2928 inquit,
1860 2869 1964 2913 tuae

385 2953 642 3007 toluntati
672 2967 790 3020 ago,
819 2959 872 3004 et
897 2966 1024 3016 rogo
1048 2960 1100 3003 ut
1133 2950 1467 3004 venientibus
1515 2948 1710 3003 nostris
1759 2949 1965 3017 patefa-

382 3047 520 3108 eias,
551 3055 742 3098 cuncta
789 3043 901 3111 ipse
933 3041 1184 3109 deinceps
1218 3055 1577 3110 possessttrus.
1620 3040 1821 3105 Quibus
1877 3055 1966 3093 ve—

2062 1861 2166 1916 cita
2195 1872 2348 1916 erant
2378 1863 2428 1915 in
2460 1861 2629 1915 oculis
2657 1859 2799 1929 ejus.
3611 1901 3613 1903 .

2135 1951 2272 2005 XLI.
2330 1952 2572 2005 Posthac
2619 1952 2683 2004 ad
2737 1949 3081 2004 Ciiararicum
3131 1962 3309 2017 regem
3358 1944 3385 1984 δ
3430 1946 3636 2018 dirigit.

2064 2042 2286 2107 Quando
2316 2050 2491 2094 autem
2519 2054 2639 2093 cum
2672 2039 2880 2108 Siagrio
2912 2039 3181 2108 pugnavit,
3211 2037 3298 2093 hic
3322 2036 3641 2092 Chararicus

2049 2141 2313 2187 .cvucalus
2335 2131 2400 2184 ad
2425 2131 2674 2185 sclatium
2700 2130 2806 2202 [Αἰ.
2833 2129 3109 2202 auxilium]
3131 2129 3488 2185 Cltlodoveclti
3512 2131 3645 2184 etni-

2047 2238 2167 2278 ,nus
2195 2222 2375 2285 stetit,
2405 2235 2646 2276 neutram
2676 2221 2934 2289 adjuvans
2965 2231 3167 2288 partem
3195 2261 3210 2286 ,
3251 2221 3344 2276 sed
3396 2229 3642 2278 eventum

2068 2319 2146 2370 rei
2179 2326 2522 2385 exspectans,
2553 2325 2606 2370 ut
2638 2317 2721 2370 cui
2753 2316 2990 2372 eveniret
3018 2316 3259 2380 victoria,
3289 2331 3409 2371 cum
3459 2317 3548 2370 illo
3592 2323 3645 2371 et

2069 2408 2154 2462 hic
2181 2406 2466 2462 amicitiam
2486 2408 2781 2477 colligaret.
2809 2408 2888 2461 Ob
2917 2408 3050 2461 hanc
3074 2422 3286 2462 causam
3315 2420 3499 2462 contra
3521 2423 3645 2462 eum

2069 2500 2350 2568 ind'gnaus
2380 2498 2786 2552 Cltlodnvechus
2816 2497 2970 2562 abiit,
3021 2511 3178 2566 quem
3222 2498 3646 2552 circumventum

2051 2591 2205 2645 dolis
2231 2593 2371 2659 ccplt
2398 2605 2517 2645 cum
2549 2591 2676 2652 filio,
2709 2591 3022 2656 vinctosque
3052 2589 3301 2654 totondit,
3351 2597 3406 2643 et
3443 2587 3646 2643 Chara-

2071 2684 2236 2737 ricum
2260 2682 2474 2749 quidem
2504 2682 2899 2751 presbyterum,
2931 2681 3096 2735 lilium
3135 2694 3265 2735 veto
3307 2679 3426 2749 ejus
3468 2681 3648 2735 diaco-

2073 2789 2194 2828 nem
2221 2773 2453 2827 ordinari
2480 2774 2654 2840 jubet.
2683 2773 2930 2841 Cumque
2955 2773 3068 2841 98
3096 2770 3413 2825 Chararicus
3440 2772 3506 2826 de
3553 2773 3648 2826 bu.

2057 2864 2296 2929 utilitate
2323 2879 2417 2917 sua
2439 2873 2858 2933 conquereretur
2877 2874 2929 2917 et
2952 2865 3124 2928 fleret,
3149 2862 3287 2917 filius
3310 2863 3424 2931 ejus
3451 2862 3649 2916 dixisse

2074 2955 2241 3012 fertur
2275 2971 2286 3006 :
2323 2953 2378 3008 ln
2411 2954 2587 3018 viridi,
2618 2954 2804 3022 inquit,
2855 2954 2997 3023 ligno
3041 2955 3123 3008 lite
3167 2953 3379 3007 frondes
3426 2957 3648 3007 succisae

2074 3056 2195 3100 sunt
2217 3086 2230 3106 ,
2264 3059 2364 3102 nec
2394 3044 2614 3099 omnino
2658 3053 2930 3110 arescunt,
2962 3044 3054 3098 sed
3101 3043 3350 3098 velociter
3377 3051 3650 3113 emergettt

385 3135 660 3190 nienlibus
687 3136 783 3188 iste
816 3133 979 3202 patris
1029 3131 1305 3185 thesauros
1338 3132 1541 3200 ρειιιάίῐο
1583 3129 1681 3195 Qui
1729 3128 1854 3182 dum
1886 3127 1966 3182 ἀί·
1997 3157 2045 3220 c
2082 3147 2137 3193 ut
2163 3152 2408 3194 crescere
2430 3144 2667 3204 queant:
2717 3136 2916 3189 utinam
2963 3145 3066 3189 tant
3113 3135 3368 3190 velociter
3405 3136 3492 3204 qui
3539 3136 3651 3189 hac

386 3241 545 3282 versa
576 3229 926 3294 respicerent,
959 3224 1034 3279 ait
1066 3240 1078 3278 :
1117 3224 1169 3277 In
1223 3223 1362 3277 lllllc
1416 3223 1722 3276 arcellulain
1778 3220 1967 3275 solitus

385 3329 502 3375 erat
537 3331 682 3387 pater
711 3333 862 3372 meus
893 3315 1211 3370 nomismata
1241 3314 1354 3367 auri
1381 3329 1689 3383 congerere.
1715 3311 1967 3376 immitte,

386 3415 638 3482 inqttiunt
667 3413 764 3477 illi,
813 3426 1026 3465 manum
1084 3421 1227 3462 tuam
1282 3422 1448 3476 usque
1496 3408 1561 3460 ad
1621 3406 1861 3469 fundum,
1915 3415 1972 3459 ut

384 3514 579 3558 cuncta
599 3502 854 3572 reperias.
879 3503 982 3571 97
1009 3500 1158 3568 Quod
1183 3515 1302 3554 cum
1329 3500 1563 3562 fecisset,
1589 3508 1640 3553 et
1657 3508 1799 3552 esset
1819 3497 1973 3550 valde

386 3597 650 3658 declinus,
685 3608 821 3647 unus
851 3594 1050 3648 elevata
1084 3607 1241 3647 manu
1286 3591 1570 3660 bipennem
1604 3589 1828 3643 cerebro
1854 3586 1973 3655 ejus

388 3685 538 3739 illisit
570 3701 584 3738 :
609 3693 663 3739 et
691 3685 768 3737 sic
800 3698 916 3751 qum
947 3683 997 3737 in
1024 3693 1224 3750 patrem
1252 3697 1329 3751 eg'
1353 3690 1434 3735 rat
1457 3681 1700 3749 indignus
1728 3679 1970 3732 incurrit.

385 3776 542 3843 Quod
564 3776 786 3829 audiens
811 3773 1236 3835 Cltlodovechus,
1265 3773 1403 3840 quod
1430 3773 1636 3826 scilicet
1660 3770 1973 3826 interfectus

385 3877 538 3921 esset
565 3865 858 3934 S'gibertus
884 3873 938 3918 et
970 3863 1110 3917 filius
1136 3865 1276 3932 ejus,
1311 3865 1360 3917 iit
1392 3864 1638 3917 eumdem
1663 3864 1836 3918 locum
1878 3864 1976 3917 ad.

392 3961 642 4018 veniens,
673 3967 932 4012 convocat
960 3973 1170 4010 omnem
1217 3957 1468 4025 p0pnlum
1518 3958 1687 4023 illum,
1738 3957 1924 4011 dicens
1957 3973 1971 4010 :

393 4051 591 4106 Audite
620 4050 744 4119 quid
775 4050 1081 4119 (εοιιιῑςιιι-ἰί.
1118 4049 1247 4101 Dum
1280 4064 1397 4117 ego,
1449 4048 1638 4116 inquit,
1689 4062 1784 4116 per
1828 4048 1977 4102 Scal-

391 4146 519 4197 dem
551 4143 764 4196 fluvium
790 4144 942 4211 navig
983 4157 1115 4206 rem,
1149 4140 1516 4202 Chludcricus,
1553 4139 1692 4193 fi.ius
1738 4138 1976 4208 parentis

391 4301 539 4356 idem
573 4297 730 4352 luerit
756 4312 874 4352 esse
905 4298 1179 4352 consulem
1210 4312 1271 4350 ac
1300 4297 1699 4364 imperatorem,
1749 4305 1824 4358 et,
1872 4304 1980 4350 tes-

393 4382 545 4424 tante
573 4369 897 4436 Theophane
928 4368 978 4420 in
1013 4369 1228 4421 historia
1262 4367 1514 4429 Miscella,
1547 4381 1668 4434 cap.
1818 4365 1979 4436 Zattts

391 4442 654 4495 Lazarum
680 4453 796 4502 rex,
824 4439 1145 4505 imperatorii
1174 4438 1402 4491 nominis
1423 4438 1691 4490 consortio
1714 4451 1740 4486 a
1767 4435 1978 4489 Jttstiuo

2079 3232 2226 3295 fecit,
2259 3231 2504 3285 intereat.
2537 3229 2688 3296 Quod
2719 3229 2938 3284 verbum
2971 3227 3147 3282 sonuit
3197 3229 3248 3282 in
3289 3243 3447 3283 aures
3486 3228 3651 3281 Chlo-

2075 3321 2322 3388 doveclti,
2354 3319 2491 3389 quod
2523 3319 2732 3374 scilicet
2758 3319 3091 3372 minarentur
3131 3318 3232 3372 sibi
3279 3318 3552 3373 caesariem
3585 3317 3651 3370 ad

2076 3413 2430 3470 crescendum
2457 3413 2656 3477 laxare,
2690 3412 2968 3480 ipsumque
2992 3411 3309 3466 interficere.
3337 3410 3404 3464 At
3427 3409 3514 3465 ille
3538 3409 3652 3479 jus-

2077 3506 2148 3561 sit
2178 3522 2270 3562 eos
2303 3509 2500 3574 pariter
2527 3506 2703 3572 capite
2731 3505 2909 3574 plecti.
2935 3505 3140 3572 Quibus
3160 3503 3405 3567 mortuis,
3435 3519 3653 3573 regnum

2079 3611 2266 3652 eorum
2299 3609 2418 3650 cum
2452 3596 2719 3650 thesauris
2748 3602 2803 3649 et
2834 3594 3026 3663 populo
3056 3593 3356 3660 acquisivit.

2155 3687 2313 3741 XLII.
2347 3687 2474 3741 Erat
2502 3697 2678 3741 autem
2711 3696 2835 3740 tu'tc
2888 3685 3286 3754 Ragnachatius
3318 3695 3341 3723 ι’
3375 3700 3467 3741 rex
3513 3686 3652 3754 apud

2080 3776 2454 3842 Camaracum,
2493 3787 2600 3830 tam
2631 3777 2852 3832 efl'teuis
2882 3776 2934 3830 in
2965 3777 3195 3839 luxuria,
3226 3785 3283 3834 ut
3314 3776 3398 3830 vix
3429 3777 3509 3831 vel
3539 3792 3656 3843 pru-

2083 3868 2295 3938 pinquis
2344 3869 2559 3937 quidem
2611 3869 2923 3938 parentibus
2971 3868 3291 3938 indulgeret.
3338 3868 3386 3922 Is
3432 3868 3656 3926 habebat

2083 3962 2375 4016 Farronem
2406 3958 2999 4024 fconsiliariunt,sintili
3020 3961 3274 4029 spurcitia
3296 3958 3610 4015 lutulentum
3639 3979 3651 4013 :

2082 4051 2150 4106 de
2177 4068 2283 4120 quo
2316 4051 2514 4118 fertur,
2548 4066 2668 4105 cum
2711 4049 2908 4118 aliquid
2959 4058 3049 4104 aut
3088 4050 3212 4115 cibi,
3260 4059 3352 4103 aut
3393 4051 3652 4116 muneris,

2083 4145 2162 4198 vel
2188 4141 2475 4212 cujuslibet
2501 4157 2575 4195 rei
2601 4139 2710 4209 regi
2732 4139 2947 4193 allatum
2974 4139 3178 4207 fuisset,
3202 4139 3379 4194 dicere
3398 4141 3611 4194 solitum
3639 4157 3655 4195 :

2154 4298 2180 4337 ι)
2221 4298 2320 4352 Alii
2363 4307 2414 4352 et
2445 4297 2598 4361 infra,
2633 4296 2962 4350 Burconiam.
2998 4295 3227 4350 Buconia
3258 4295 3387 4350 silva
3425 4297 3656 4353 celebris

2084 4368 2421 4440 postmodum
2464 4368 2555 4422 fuit
2586 4368 2655 4422 ob
2699 4371 3076 4440 monasterum
3109 4365 3389 4440 Euidense,
3421 4372 3559 4435 quod
3584 4370 3655 4422 ibi

2083 4436 2146 4493 ad
2181 4439 2395 4492 Fuldaut
2425 4454 2633 4492 amnem
2661 4437 2898 4491 condidit
2922 4437 2976 4489 S.
3010 4436 3309 4489 Bonifacius
3354 4438 3656 4492 Germania:

391 4513 718 4578 imperatore
752 4511 993 4573 nbtento,
1026 4523 1272 4561 coronam
1321 4516 1503 4574 postea
1547 4520 1596 4559 et
1637 4506 1971 4578 chlamydem
2005 4520 2054 4578 υ
2081 4511 2374 4576 apostolus,
2403 4508 2837 4576 archiepiscopus
2870 4507 3201 4578 Moguntittus
3230 4514 3285 4578 et
3329 4517 3529 4578 martyr
3556 4524 3658 4562 sa:-

391 4576 792 4648 imperatoriam
828 4579 1132 4647 gestaverit.
1166 4578 1402 4648 Valesius
1433 4587 1607 4648 autem
1640 4577 1775 4628 libro
1792 4592 1838 4628 vt
1869 4576 1968 4648 lte-

391 4647 514 4705 runt
547 4650 756 4710 Franc.,
788 4649 1010 4701 consulis
1035 4648 1250 4702 nomine
1280 4649 1360 4700 hic
1387 4647 1608 4713 intelligi
1639 4655 1779 4714 putat
1810 4647 1971 4713 patri-

391 4721 559 4773 ciatus
585 4720 925 4787 dignitatem,
960 4734 1076 4786 qua:
1110 4729 1290 4786 postea
1320 4717 1387 4771 atl
1432 4718 1681 4770 Carolttm
1726 4716 1970 4783 Magnum

390 4793 570 4844 delata
599 4788 712 4842 fuit.
742 4789 900 4841 Favet
930 4789 1051 4841 huic
1078 4792 1354 4842 sententia:
1384 4790 1564 4840 titulus
1596 4787 1784 4855 capitis
1813 4789 1864 4839 itt
1895 4787 1974 4839 in-

390 4862 515 4912 tlim
541 4861 698 4911 etiam
734 4859 1210 4912 vetustissimorum
1241 4859 1510 4916 codicum,
1544 4859 1631 4926 qui
1664 4860 1740 4910 sic
1791 4859 1969 4916 habet,

394 4931 472 4983 De
493 4929 764 4998 patriciam
792 4929 1086 4981 Ch'odovci.
1124 4930 1285 4981 Porro
1311 4930 1372 4979 ad
1407 4938 1602 4981 nostra:
1641 4929 1808 4980 sancti
1839 4928 1973 4980 (ier-

389 5001 538 5054 maui
571 5014 597 5051 a
633 4999 802 5051 I’ratis
855 5000 1085 5051 basilicas
1136 4999 1353 5066 januazn
1406 4998 1661 5063 majorem
1692 5007 1977 5066 supersunt

391 5074 557 5124 etiam
603 5083 742 5121 nunc
793 5079 997 5121 veteres
1064 5071 1261 5135 aliquot
1319 5083 1499 5135 regum
1554 5072 1736 5133 prima:
1796 5067 1978 5133 stirpis

392 5149 606 5200 statum,
630 5154 748 5203 qua!
769 5139 866 5191 sub
887 5138 1176 5192 Chlodovei
1208 5143 1484 5206 nepotibus
1504 5139 1722 5202 senlptrc
1747 5139 1974 5199 fuerunt,

393 5214 538 5264 inter
568 5224 698 5277 quas
727 5218 898 5262 exstat
925 5225 1026 5261 una
1049 5210 1415 5262 Ch'ndoveum
1447 5218 1834 5273 reprzeseutans
1859 5223 1977 5260 ves-

397 5283 640 5332 timentis
667 5280 1034 5332 consularibus
1065 5280 1396 5343 redimitum,
1428 5293 1547 5331 cum
1581 5280 1766 5331 baculo
1815 5278 1976 5345 hypa-

394 5353 528 5415 tico,
559 5365 714 5416 quem
745 5364 898 5401 manu
929 5361 1120 5416 gestat.

474 5431 497 5456 ἰ
530 5419 640 5472 Hoc
668 5431 824 5486 caput
848 5423 995 5472 deest
1025 5424 1075 5472 in
1113 5420 1311 5473 Bellov.
1341 5428 1394 5472 et
1420 5420 1578 5471 Cerb.
1610 5419 1665 5471 ltt
1698 5417 1847 5470 Colb.
1877 5431 1973 5467 au-

390 5503 509 5546 ιειιι
539 5490 762 5543 habetur
790 5490 889 5540 alia
925 5505 1101 5547 manu.
1130 5491 1372 5556 quamvis
1401 5491 1638 5557 antiqua,
1664 5491 1712 5540 itt
1742 5490 1976 5554 margine

391 5561 750 5626 descriptum.
787 5561 972 5626 ltegm.
1018 5560 1096 5612 sic
1127 5561 1305 5622 habet,
1338 5559 1630 5626 Denique...
1663 5569 1836 5611 octavo
1867 5564 1976 5622 post

395 5633 467 5685 S.
499 5629 782 5682 Martinam
814 5632 922 5680 loco
951 5628 1268 5697 Theodorus,
1301 5642 1403 5683 etc.
1432 5629 1525 5682 Hic
1553 5639 1730 5685 tamen
1758 5629 1874 5683 aliis
1925 5629 1976 5682 itt

397 5704 536 5758 locus
559 5700 770 5764 dicitur,
798 5708 856 5753 ut
883 5701 937 5753 in
963 5702 1167 5756 caeteris
1195 5701 1348 5755 codd.
1375 5700 1621 5754 Licinius.

2079 4575 2200 4634 culo
2230 4589 2437 4632 octavo.
2474 4575 2602 4631 Erat
2629 4582 2788 4631 etiam
2823 4575 3046 4629 Duronia
3075 4577 3204 4628 silva
3242 4575 3379 4629 haud
3412 4575 3593 4644 procul
3625 4595 3658 4634 a

2074 4651 2294 4704 Colonia
2345 4649 2649 4718 Agrippina,
2689 4661 2806 4716 qua:
2850 4644 3064 4713 propior
3109 4644 3283 4701 Scaldi
3332 4645 3496 4701 fluvio
3543 4659 3660 4704 erat

2076 4735 2239 4790 quam
2267 4719 2519 4790 Buconia.

2152 4799 2173 4826 ο
2211 4789 2346 4842 Editi
2381 4789 2619 4856 plerique
2666 4800 2785 4841 cum
2819 4786 2967 4849 Bec.,
3012 4786 3214 4853 palmis,
3264 4786 3444 4842 Gallos
3489 4791 3657 4844 armis

2077 4874 2399 4927 concrepare
2411 4859 2749 4927 consuevisse
2761 4872 2879 4910 cum
2895 4856 3044 4909 ducis
3057 4857 3137 4910 sui
3156 4858 3450 4912 orationem
3477 4875 3660 4924 appro.

2081 4926 2287 4991 barvnt,
2319 4929 2570 4982 observat
2615 4926 2852 4981 Valesius
2882 4943 2940 4979 ex
2979 4927 3065 4980 lib.
3099 4942 3169 4978 vu
3198 4927 3498 4982 Comment.
3531 4929 3656 4982 Julii

2085 4999 2308 5053 Ctesaris
2346 4998 2412 5051 de
2445 4998 2583 5051 bello
2608 4997 2829 5051 Gallico.
2857 4997 2997 5050 Idem
3021 4997 3173 5050 habet
3199 4998 3410 5051 Tacitus
3431 5000 3496 5052 de
3526 5000 3659 5052 Ger-

2085 5071 2272 5132 manis,
2302 5079 2355 5122 et
2383 5069 2693 5122 Ammianus
2722 5068 3051 5120 Mari-ellitttts
3077 5071 3140 5118 de
3172 5067 3440 5120 ltotuanis.

2154 5137 2179 5175 δ
2214 5139 2266 5192 In
2312 5141 2557 5191 omnibus
2586 5140 2750 5190 ferme
2779 5152 2905 5190 mss.
2936 5137 3087 5190 deest
3141 5137 3254 5188 ba-c
3303 5151 3421 5196 vox,
3469 5153 3654 5204 regem.

2085 5209 2180 5262 Hic
2209 5222 2384 5260 tamen
2417 5208 2549 5261 infra
2597 5223 2816 5274 regnum
2856 5207 3100 5258 habuisse
3141 5205 3352 5256 dii-itur.
3398 5206 3661 5259 Malbrau-

2082 5295 2177 5331 cus
2203 5279 2292 5331 lib.
2333 5294 2390 5343 tt,
2421 5294 2536 5346 cap.
2572 5278 2675 5343 58,
2719 5277 3060 5331 Cltaraiieutu
3114 5274 3433 5328 Morinorum
3481 5292 3658 5346 regem

2083 5349 2286 5404 laudat.

2159 5429 2182 5453 ⁶
2218 5417 2371 5476 Bell.,
2425 5415 2738 5486 Ragnarius.
2794 5417 3008 5486 Regm.,
3058 5412 3428 5468 Ranae/rarius.
3482 5415 3657 5483 Colb.,

2089 5488 2460 5551 Hagen/rarius.
2508 5485 2662 5554 lteg.,
2692 5485 3091 5554 Regnacharius.

2162 5557 2180 5594 ί
2215 5558 2316 5610 Alii
2346 5571 2465 5609 cum
2495 5553 2678 5619 Corb.,
2710 5553 2998 5617 Faronem;
3032 5554 3289 5617 nonnulli,
3325 5555 3660 5610 Pharronem.

2091 5628 2164 5681 De
2194 5627 2488 5682 Faronibus
2515 5627 2636 5683 vide
2662 5625 2796 5681 infra
2831 5632 2985 5680 notas
3035 5627 3088 5680 in
3135 5639 3254 5696 cap.
3307 5625 3368 5678 41
3414 5626 3663 5685 Chronicl

2091 5697 2414 5752 Fredegarii.

2137 5713 2414 5766 reuegartt.

2527 5859 2537 5890 δ
2685 5898 2694 5906 ρ

2571 5927 2656 6002 .i...

2629 6003 2717 6048 ...Α
