4008 6184
442 278 542 331 259

1428 265 1489 322 S.
1531 261 1861 321 GREGONI
1904 248 2210 316 EPISCOPI
2254 251 2682 312 TURONENSIS

3576 228 3690 294 '250

444 393 554 446 Iloe
583 388 683 444 sibi
713 400 915 455 suoque
941 380 1161 437 Farroni
1186 380 1449 435 sufficere.
1482 379 1583 433 Pro
1605 394 1707 447 qua
1739 392 1798 431 re
1819 374 2011 430 Franci
2043 374 2092 433 Α
2121 376 2248 427 runt
2266 377 2441 424 autem
2471 363 2759 435 supradicti
2786 373 2958 429 reges,
3006 343 3302 455 propinqui
3337 341 3538 455 Iiujtis:
3568 368 3690 455 quo-

438 484 675 533 niaxima
700 473 1060 545 indignatione
1084 472 1380 525 tumebunt.
1410 471 1561 525 Unde
1589 469 1783 523 factum
1825 477 1930 533 est,
1962 476 2019 521 ut

428 569 584 622 datis
613 567 791 620 aureis
815 563 915 618 sibi
963 571 989 600 ι
1020 561 1262 624 armillis,
1296 562 1375 615 vel
1425 560 1671 623 baltheis,
1716 559 2019 614 Cblodove-

438 659 595 721 'chus,
625 666 717 710 sed
747 665 801 708 to
826 670 913 707 um
946 654 1292 707 assimilatum
1323 666 1462 705 auro-
1485 651 1621 720 (eral
1652 650 1790 705 enim
1816 664 2017 704 aereum

445 751 757 804 deauratum
782 750 877 800 sub
914 746 1036 799 dolo
1079 744 1320 813 factum),
1370 743 1483 798 Iimc
1526 744 1675 797 dedit
1714 742 1962 798 Ieudibus
1990 740 2019 780 δ

445 841 584 908 ejus,
610 848 667 892 ut
701 854 863 907 super
892 853 1012 892 eum
1044 837 1358 890 invitaretur
1388 845 1436 888 ο.
1473 836 1637 889 Porro
1660 847 1779 888 eum
1811 833 2022 888 exerci-

447 939 559 984 tum
589 937 775 983 contra
806 944 925 981 eum
973 928 1374 988 commovisset,
1422 910 1477 979 et
1523 924 1615 979 ille
1656 924 2020 990 sicculatores

447 1020 761 1090 pierumqne
789 1016 853 1071 ad
896 1016 1322 1084 cognoscendum
1356 1014 1758 1078 transmitteret,
1789 1014 2022 1067 reversis

434 1108 647 1163 nuntiis
676 1107 981 1175 interrogat,
1011 1118 1168 1171 quam
1193 1103 1361 1157 valida
1385 1104 1497 1157 lure
1523 1119 1710 1158 manus
1734 1104 1890 1158 foret.
1919 1105 2021 1171 Qui

446 1197 837 1267 responderunt
884 1196 1047 1250 :Tibi
1097 1206 1293 1264 tuoque
1338 1194 1562 1249 Farroni
1606 1196 1895 1249 maximum
1941 1206 2026 1251 est

436 1293 896 1361 supplementum.
917 1289 1149 1345 Veniens
1172 1299 1349 1342 autem
1368 1286 1803 1352 ‘Chlodovcchns,
1824 1289 2021 1344 bellum

445 1392 632 1439 contra
657 1397 777 1436 eum
806 1380 1038 1437 instruit.
1088 1383 1156 1433 At
1186 1380 1274 1434 ille
1302 1380 1571 1434 devictum
1600 1394 1827 1434 cernens
1871 1394 2027 1435 exer-

448 1476 609 1529 citum
642 1488 817 1538 suum,
852 1473 973 1539 luga
1005 1469 1111 1525 labi
1139 1478 1291 1540 parat
1323 1487 1337 1523 :
1368 1472 1460 1525 sed
1492 1471 1560 1525 ab
1587 1471 1821 1526 exercitu
1872 1486 2024 1526 com-

448 1564 767 1634 prehensus,
800 1577 863 1618 ac
892 1562 1066 1634 ligatis
1102 1570 1221 1631 post
1258 1572 1462 1631 tergum
1504 1563 1769 1626 manibus,
1804 1562 1855 1616 in
1899 1578 2027 1617 con-

432 1645 636 1723 spectu
664 1652 1023 1708 Cblodovechi
1056 1667 1159 1707 una
1211 1666 1331 1706 cum
1383 1652 1634 1707 Ricliario
1666 1650 1691 1690 ἀ
1722 1652 1886 1710 fratre
1928 1668 2026 1709 suo

2120 480 2239 518 rum
2265 464 2446 525 frater,
2478 455 2811 528 Itignomeris
2842 464 2866 492 θ
2896 451 3131 516 nomine,
3163 449 3304 518 apud
3334 445 3689 502 Curioniannis

2108 555 2411 618 ‘civitatem,
2446 566 2512 607 ex
2539 550 2691 619 jussu
2720 543 3079 600 Clilodovecbi
3111 541 3421 595 interfectus
3446 549 3550 594 est.
3572 538 3691 604 Qui-

2122 644 2223 698 bus
2252 643 2498 710 mortuis,
2527 656 2687 695 omne
2711 652 2932 705 regnum
2958 648 3142 688 eorum
3169 644 3220 687 et
3240 632 3522 685 thesauros
3541 626 3691 709 Chlo-

2121 730 2393 790 dovrchus
2421 733 2648 801 accepit.
2681 728 3084 795 Interfectisque
3113 732 3169 778 et
3191 724 3311 778 aliis
3341 724 3526 777 multis
3564 724 3689 793 regi-

2105 825 2242 887 ‘bus,
2273 824 2353 877 vel
2401 821 2714 889 parentibus
2754 820 2864 872 suis
2913 817 3122 885 primis,
3174 815 3243 869 de
3283 814 3477 884 quibus
3529 814 3690 867 zelum

2100 905 2372 981 habebat,
2404 931 2469 971 ne
2491 917 2538 970 ei
2568 929 2788 984 regnum
2817 910 3111 976 auferrent,
3147 922 3365 977 regnum
3397 920 3550 961 suum
3609 923 3693 973 per

2106 1019 2264 1065 ‘totas
2293 1008 2495 1063 Gallias
2524 1006 2788 1062 dilatavit.
2816 1005 3020 1058 Tamen
3049 1002 3383 1069 congregatis
3410 998 3540 1063 suis,
3568 1014 3691 1065 qua-

2105 1102 2245 1158 dam
2272 1102 2389 1157 vice
2429 1098 2449 1138 ί
2482 1099 2681 1154 dixisse
2708 1096 2881 1151 fertur
2906 1094 2974 1150 de
3024 1092 3351 1162 parentibus,
3392 1091 3546 1161 100
3572 1105 3693 1157 quos

2111 1192 2240 1263 ripse
2266 1193 2570 1264 perdiderat
2599 1207 2612 1244 :
2646 1186 2896 1243 meihi
2919 1226 2935 1251 ,
2962 1186 3050 1255 qui
3101 1193 3351 1264 tanquam
3395 1172 3694 1250 peregrinus

2126 1260 2575 1359 inter'estraneos
2596 1285 2850 1348 remansi,
2877 1289 2932 1336 et
2959 1296 3062 1334 non
3089 1260 3259 1333 habeo
3280 1277 3347 1332 de
3374 1268 3691 1347 parentibus,

2108 1381 2219 1452 ‘qui
2245 1380 2397 1448 mihi,
2430 1379 2474 1435 si
2505 1378 2711 1433 venerit
2739 1374 3056 1439 adversitas,
3098 1373 3264 1442 possit
3311 1370 3511 1439 aliquid
3556 1370 3696 1438 adju-

2127 1487 2275 1527 vare.
2310 1470 2419 1527 Sed
2459 1470 2559 1525 hoc
2585 1484 2689 1523 non
2715 1468 2782 1522 de
2812 1474 2981 1521 morte
3009 1467 3196 1518 horum
3246 1462 3562 1526 condolens,
3612 1460 3695 1513 sed

2132 1563 2258 1618 dolo
2283 1562 2513 1624 dicebat,
2544 1563 2588 1615 si
2621 1559 2760 1615 forte
2792 1554 3256 1630 pctuisset‘adliuc
3282 1553 3515 1621 aliquem
3566 1566 3699 1621 rep-‘-

2128 1654 2257 1715 rire,
2279 1660 2339 1706 ut
2369 1650 2713 1706 interficeret.

434 1747 787 1816 ~perducitur.
811 1743 906 1800 Cui
938 1743 1031 1799 ille
1061 1762 1071 1795 :
1104 1741 1235 1813 Cur,
1286 1743 1477 1814 inquit,
1525 1744 1816 1799 humiliasti
1860 1760 2027 1815 genus
2060 1729 2107 1790 Β
2203 1742 2385 1799 XLIII.
2414 1743 2509 1797 His
2538 1743 2609 1795 ita
2640 1739 2947 1805 transactis,
2982 1737 3121 1805 apud
3146 1734 3379 1790 Pariios
3418 1733 3582 1798 obiit;
3624 1746 3702 1787 se-

451 1848 690 1891 nosmim
710 1879 725 1903 ,
756 1844 814 1890 ut
841 1844 890 1889 te
924 1835 1107 1888 vinciri
1141 1832 1512 1903 permitteres?
1541 1835 1729 1889 Melius
1759 1838 1900 1891 enim
1929 1836 2027 1892 tibi

440 1922 623 1983 .i'uerat
650 1927 807 1980 mori.
837 1924 906 1979 Et
928 1925 1193 1979 elevatam
1224 1923 1459 1978 securim
1488 1923 1647 1993 capiti
1662 1925 2024 1993 ’ejusdefixit.

452 2016 863 2086 Couversusque
888 2016 950 2068 ad
978 2016 1090 2087 99
1119 2015 1335 2070 fratrem
1359 2013 1494 2084 ejus,
1538 2014 1612 2069 ait
1646 2032 1658 2068 :
1691 2016 1744 2071 Si
1788 2025 1842 2070 tu
1886 2015 2029 2071 sula-

454 2108 582 2162 tium
611 2106 718 2178 [AL
750 2105 1025 2177 auxilium]
1059 2105 1207 2159 fratri
1236 2105 1538 2168 tribuisses.
1569 2106 1819 2177 alligatus
1850 2108 2031 2177 utique

455 2214 561 2272 non
594 2197 1093 2253 fuisset.~SimiIiter
1118 2205 1172 2251 ct
1200 2195 1341 2251 Iiunc
1378 2197 1551 2251 securi
1592 2212 1903 2267 percussum
1953 2199 2035 2254 in-

456 2280 682 2346 terfecit.
714 2290 840 2345 Post
866 2304 1093 2359 quorum
1124 2297 1350 2344 mortem
1370 2328 1385 2354 ,
1415 2302 1746 2359 cognoscunt
1795 2292 2035 2361 prodito-

444 2397 543 2438 res
563 2397 772 2449 eorum,
797 2394 986 2434 aurum
1016 2380 1155 2450 quod
1178 2392 1208 2432 a
1234 2394 1362 2450 rege
1388 2389 1705 2450 acceperant
1731 2395 1855 2437 esse
1882 2381 2036 2437 sdul-

440 2482 652 2527 eterum.
684 2470 837 2539 Quod
866 2485 989 2526 eum
1014 2469 1125 2540 regi
1154 2469 1437 2538 dixissent,
1458 2470 1546 2526 ille
1563 2472 1906 2541 respondisse
1930 2471 2038 2527 fer-

440 2571 545 2616 -tur
571 2579 585 2615 :
616 2562 821 2628 Merito,
849 2561 1041 2632 inquit,
1066 2560 1173 2616 tale
1188 2574 1378 2616 aurum
1405 2562 1621 2632 accipit,
1641 2563 1733 2633 qui
1760 2562 2037 2618 dominum

455 2667 615 2708 suum
646 2653 711 2707 ad
732 2654 965 2708 mortem
999 2652 1212 2722 propria
1240 2653 1511 2708 voluntate
1536 2653 1772 2708 deducit.
1802 2655 1913 2709 IIoe
1934 2654 2038 2710 illis

444 2744 599 2814 quod
630 2743 871 2798 viverent
898 2744 1095 2800 debere
1120 2744 1388 2813 sufficere,
1422 2760 1488 2800 ne
1516 2747 1653 2800 male
1681 2745 2035 2814 proditionem

444 2836 799 2890 dominorum
823 2848 1039 2889 suorum
1066 2835 1241 2890 luituri
1270 2837 1410 2890 inter
1431 2844 1697 2892 tormenta
1720 2837 2032 2893 deficerent.

457 2928 611 2993 Quod
641 2928 713 2983 illi
738 2928 1035 2992 audientes.
1066 2931 1321 2997 optabant
1348 2930 1570 2999 gratiam
1604 2931 1826 3001 adipisci
1860 2949 1872 2983 :
1902 2930 2032 2985 illud

2132 1837 2418 1909 pullosque
2443 1835 2496 1889 in
2530 1833 2745 1888 basilica
2772 1838 3076 1886 sanctorum
3105 1826 3481 1895 Apostolorum
3505 1834 3528 1868 κ
3552 1839 3701 1893 qnam

2132 1941 2256 1983 eum
2281 1924 2657 1981 Chrotecliilde
2687 1922 2869 1992 regina
2901 1921 3015 1988 ipse
3037 1926 3435 1975 construxerat.
3468 1915 3702 1985 Migravt

2135 2027 2312 2074 autem
2346 2028 2464 2088 post
2490 2017 2816 2073 Vocladense
2841 2015 3041 2069 bellum
3065 2027 3207 2068 anno
3229 2010 3433 2080 quinto.
3462 2009 3705 2063 Fuerunt-

2122 2125 2241 2181 vque
2270 2124 2458 2165 omnes
2477 2108 2592 2164 dies
2613 2108 2760 2178 regni
2783 2107 2919 2176 ejus,
2943 2105 3153 2175 triginta
3175 2103 3323 2157 anni.
3353 2104 3502 2156 Aitas
3526 2098 3551 2137 ιι
3580 2109 3707 2171 tota,

2120 2203 2487 2273 quadraginta
2539 2203 2778 2272 quinque
2822 2199 2969 2255 anni.
3002 2199 3047 2253 Α
3094 2196 3315 2252 transitu
3368 2209 3495 2264 ergo
3545 2193 3707 2250 sancti

2122 2296 2374 2363 Martini,
2398 2309 2568 2366 usque
2604 2294 2669 2350 ad
2718 2294 2996 2349 transitum
3021 2289 3380 2347 Chlodoveclii
3413 2289 3572 2357 regis,
3620 2285 3707 2357 qui

2140 2384 2237 2441 luit
2283 2387 2594 2441 undecimus
2639 2400 2811 2439 annus
2850 2384 3187 2454 episcoyatus
3230 2379 3416 2436 Licinii
3461 2376 3708 2432 Turoniei

2139 2476 2453 2540 sacerdotis,
2470 2482 2826 2545 supputantur
2850 2474 2974 2529 anni
2998 2483 3209 2526 centum
3224 2468 3529 2525 duodecim.
3544 2467 3705 2521 (Ebro.

2139 2567 2389 2623 tecltildis
2419 2577 2595 2621 autem
2627 2568 2832 2636 regina,
2866 2572 2985 2633 post
3007 2571 3233 2619 mortem
3262 2562 3361 2617 viri
3385 2544 3463 2616 sui
3486 2558 3711 2613 Turonis

2125 2660 2291 2713 venit
2315 2674 2331 2712 :
2357 2659 2534 2726 Ibique
2566 2658 2627 2711 ad
2657 2656 2932 2710 basilicam
2959 2654 3126 2709 sancti
3149 2652 3359 2708 Martini
3383 2651 3711 2717 deserviens,

2123 2754 2265 2806 'cum
2295 2765 2504 2805 summa
2535 2749 2787 2819 pudicitia
2821 2758 2982 2815 atque
3025 2746 3352 2808 benignitate
3383 2745 3433 2797 in
3479 2742 3580 2797 hoc
3602 2741 3713 2796 loco

2124 2852 2471 2897 commorata
2501 2852 2582 2896 est
2610 2840 2857 2896 omnibus
2885 2837 3224 2894 diebus'vita:
3260 2850 3394 2902 suto,
3422 2848 3544 2889 raro
3572 2833 3713 2889 Pari-

2142 2935 2251 2990 sios
2282 2934 2526 2988 visitans.

444 3018 557 3072 sibi
596 3029 898 3073 asserentes
926 3018 1175 3074 sufﬁcere
1206 3019 1249 3073 si
1294 3020 1476 3075 vivere
1507 3032 1865 3077 mererentur.»
1896 3022 2036 3078 Fue-
2069 3015 2129 3077 (ἶ

2603 3023 2825 3094 Explirit
2855 3022 2980 3077 liber
3009 3020 3281 3075 secundus.

456 3136 3713 3173 Μ

990 3246 1613 3383 INCIPIUNT
1685 3248 2275 3379 CAPITULA
2352 3254 2662 3336 LIBRI
2719 3254 3155 3337 TERTII.

445 3343 510 3441 1.
537 3382 628 3453 ‘De
654 3385 933 3453 ﬁliisCltlo
946 3384 1179 3439 dareeht.

1243 3422 1577 3531 Apollinaris,
1604 3463 1754 3525 atque
1784 3453 2076 3519 Quintiani.

457 3526 577 3582 Ill.
621 3525 773 3589 Quod
804 3525 938 3580 ι)ὰηί
967 3525 1167 3586 Callias
1198 3527 1539 3593 oppetierunt.

458 3542 577 3582 tu.
621 3542 771 3589 uuoa
804 3542 937 3580 uani
967 3542 1167 3586 bamus
1198 3542 1227 3575 a
1266 3542 1337 3593 pet

458 3597 564 3654 IV.
610 3595 685 3649 De
713 3596 1088 3665 Tltort'ngortmt
1117 3542 1337 3665 regigus.

463 3668 532 3726 V.
576 3667 729 3731 Quod
761 3666 1097 3737 Sigimuudus
1124 3665 1290 3737 ﬁliuni
1320 3680 1471 3718 suum
1495 3665 1771 3721 interstitit.

446 3738 567 3796 .Vl.
596 3737 686 3791 'De
708 3735 836 3801 inter
848 3740 924 3791 itu
953 3735 1324 3791 Clilodomvris.

455 3807 601 3872 γη.
644 3807 722 3862 De
748 3808 881 3861 bello
912 3818 1093 3861 contra
1125 3806 1430 3872 Thoringos,
1462 3816 1510 3861 et
1536 3822 1708 3862 eorum
1738 3812 1932 3874 strage.

452 3877 635 3932 ‘Vlll.
678 3876 756 3947 De
793 3878 1003 3947 interitu
1032 3875 1434 3942 Ilermenefridi.
1624 3920 1629 3925 .

454 3948 562 4004 ΙΧ.
590 3946 758 4015 Quod
798 3946 1153 4001 Childebertus
1184 3947 1421 3999 Arvernis
1440 3946 1587 4004 abiit.
1686 3952 1689 3957 ’

452 4018 529 4087 Χ.
571 4019 650 4075 De
678 4019 897 4072 interitu.
913 4017 1181 4070 Amatriei.

1268 4055 1701 4143 Chlot/tacliarius
1728 4088 1780 4142 in
1812 4057 2170 4159 Burgundios,
2199 4094 2550 4156 Tlieudericus
2577 4097 2814 4154 Artemis
2853 4098 2995 4153 abiit.

454 4159 597 4216 'XII.
642 4160 718 4214 De
744 4159 945 4212 excidio
970 4157 1190 4227 regionis
1207 4155 1475 4227 ﬁrverme.

456 4230 635 4287 XIII.
678 4229 754 4298 De
782 4226 1087 4298 Lovolautro
1113 4238 1161 4279 et
1197 4226 1556 4282 Meroliacensi
1584 4237 1775 4285 castra.

452 4300 615 4357 'XIV.
662 4300 738 4353 De
767 4299 975 4351 interitu
1002 4297 1318 4354 Munderici.

456 4371 503 4426 X
524 4373 587 4427 V.
635 4371 712 4425 De
738 4368 1024 4439 captivitate
1065 4368 1245 4421 Attali.

457 4440 616 4498 XVI.
659 4440 736 4495 De
762 4438 1051 4506 Sigivaldo.
1138 4448 1141 4449 ν

458 4510 506 4565 Χ
519 4508 653 4565 VII.
699 4511 776 4564 De
806 4505 1060 4577 episcopis
1088 4505 1380 4561 Turonicis.

459 4578 685 4636 XVIII.
732 4581 807 4636 De
834 4580 1043 4633 interitu
1065 4580 1294 4649 ﬁliorum
1325 4578 1705 4635 Clilodmneris'.

533 4704 560 4763 ξι
591 4668 678 4746 Sic
703 4690 855 4763 Colb.
884 4698 939 4744 et
963 4691 1185 4754 Cbesn.;
1205 4670 1292 4743 alii
1316 4674 1402 4743 ed.
1434 4668 1485 4744 et
1506 4706 1657 4758 mss.,
1681 4693 1783 4745 sire
1804 4690 2044 4745 armillis.
2077 4693 2143 4756 ι)
2230 4690 2249 4730 ί
2278 4690 2469 4763 Regm.
2497 4689 2643 4745 addit
2669 4689 2903 4759 ﬁdelibus
2931 4689 3059 4744 suis.

460 4804 461 4807 η
530 4761 560 4802 ι)
588 4764 680 4818 Sic
709 4761 908 4833 Cnosii.
930 4772 1141 4833 et_mss.
1170 4768 1593 4833 omni-s,_prze_ter
1619 4763 1804 4833 ltegm.
1835 4764 1924 4833 qui
1956 4764 2052 4814 ha-

458 4834 554 4889 bet
580 4832 779 4902 legatis.
807 4831 942 4902 Editi
966 4829 1229 4902 plerique,
1253 4831 1614 4897 proditoribus.
1639 4829 1933 4886 Retinenda
1948 4846 2046 4885 vox

466 4899 746 4959 Laudibus.
780 4901 986 4972 Leudes
1011 4914 1104 4953 seu
1138 4899 1325 4972 lideles
1351 4914 1477 4953 suos
1505 4902 1847 4972 appellabant
1894 4917 2050 4972 reges

466 4976 635 5031 nostri
670 4971 933 5026 vassallos
963 4983 1121 5034 suos,
1156 4969 1389 5023 maxime
1436 4970 1749 5035 nobiliores,
1799 4972 1889 5037 qui
1920 4969 2046 5026 ηίιιιί

464 5056 818 5116 praeterquam
852 5040 1075 5116 principi
1097 5040 1320 5116 obnoxii
1364 5050 1542 5116 erant;
1580 5056 1758 5116 postea
1810 5044 2043 5097 barones

462 5111 709 5184 appellati
743 5115 984 5184 fuerunt.
1006 5111 1487 5184 ‘Videiiignuninm
1516 5113 1575 5165 in"
1606 5115 1865 5166 formulas
1908 5113 2044 5165 Mar-

460 5180 585 5239 culti
619 5187 711 5239 lib.
743 5199 780 5248 I,
809 5197 928 5252 cap.
960 5181 1048 5246 40,
1082 5182 1170 5250 qui
1197 5180 1306 5249 jam
1335 5191 1511 5252 antea,
1542 5196 1660 5251 esp.
1706 5184 1793 5245 18,
1828 5184 2044 5236 eosdem

464 5247 844 5309 Anstrustiottes
868 5247 1081 5320 quoque
1098 5247 1256 5305 fuisse
1274 5247 1573 5305 nominatos
1588 5247 1927 5306 observarat.
1950 5252 2049 5306 De-

467 5325 782 5455 Eiautnj’assi
800 5332 891 5377 aut
918 5323 1137 5378 ναπαίιέ
1165 5322 1290 5376 dicti
1316 5324 1547 5377 fuerunt.
1576 5322 1702 5389 Vide
1721 5322 2050 5377 Glossarium

545 5410 669 5455 ngu.
716 5424 723 5431 -
1118 5432 1124 5440 .
1408 5402 1411 5405 ί
1752 5418 1755 5427 ι
2012 5445 2017 5451 η

545 5402 669 5463 ngii.
716 5424 723 5431 -
1118 5432 1124 5440 ι
1408 5402 1411 5405 “
1752 5418 1755 5427 ·

541 5474 565 5532 °_
594 5465 694 5517 Ed.
717 5478 926 5532 omnes,
950 5466 1356 5518 inimicarentur.

538 5530 573 5570 δη
595 5533 728 5587 Cod.
759 5530 971 5601 Regio),
991 5535 1341 5586 Rachanario.
1404 5568 1407 5569 ν
1490 5550 1493 5553 ‘

538 5611 567 5641 ⁸
597 5604 698 5656 Alii
729 5617 849 5656 cum
883 5604 1041 5674 [ξειιη
1076 5605 1406 5674 Regnomm's
1428 5610 1562 5674 ,_et_
1577 5612 1735 5669 paulo
1781 5601 1919 5674 infra
1964 5606 2056 5658 Co-

468 5673 618 5729 dices
642 5675 864 5742 aliquot,
894 5669 1243 5727 Cinomam'iis.
1276 5669 1497 5731 Editi'l,
1523 5669 1948 5725 Cenomanniam.
2024 5702 2027 5703 ν

2228 4790 2255 4829 s
2290 4752 2593 4860 tingamodo
2615 4752 2822 4859 sancta.
2841 4777 3124 4860 Genovefa:
3153 4782 3641 4860 appellatur,_quod

2142 4853 2362 4918 sepulta
2384 4850 2535 4917 virgo
2554 4850 2915 4907 sacratissima
2940 4852 3118 4906 multis
3149 4850 3419 4909 miraculis
3443 4850 3759 4911 claruerit:

2156 4933 2343 4992 estque
2396 4921 2605 4993 abbatia
2662 4920 2891 4993 celebris
2963 4924 3342 4993 canonicorum
3394 4925 3763 4993 Ilegulariuin

2156 4991 2360 5047 ordinis
2389 4991 2448 5045 S.
2483 4992 2781 5059 Augustini,
2816 5006 2952 5059 quos
2981 5008 3046 5045 ex
3076 4991 3348 5048 Victorius
3376 4991 3590 5050 abbatis
3646 4997 3729 5051 de

2156 5064 2343 5119 ductos
2373 5062 2441 5116 ibi
2474 5061 2663 5114 locavit
2698 5060 2953 5130 Sugerius
2980 5063 3145 5118 abbas
3174 5066 3233 5120 S.
3266 5064 3522 5134 Dionysii.

2225 5151 2254 5192 ιι
2287 5155 2410 5207 Ilaec
2440 5153 2622 5215 verba,
2652 5162 2777 5205 tetas
2809 5162 2912 5204 tota
2942 5151 3010 5204 45
3039 5155 3194 5219 anni,
3226 5154 3421 5209 desunt
3476 5157 3529 5211 in
3580 5156 3772 5210 codd.

2144 5224 2317 5280 vCorb.
2348 5233 2402 5276 et
2432 5224 2618 5290 Regni.
2652 5223 2794 5275 0b:it
2820 5223 3159 5278 Clilodoveus
3188 5240 3310 5278 tera:
3340 5227 3572 5293 vulgaris
3594 5242 3774 5278 anon

2159 5297 2285 5359 5H,
2318 5294 2406 5362 qui
2437 5308 2534 5348 nec
2574 5306 2748 5345 annus
2775 5293 2876 5347 I12
2918 5303 3036 5362 post
3081 5293 3281 5348 obitum
3310 5299 3479 5350 sancti
3531 5296 3779 5353 Martini

2148 5366 2278 5429 luit,
2312 5363 2356 5417 si
2387 5366 2670 5433 verumsit
2693 5362 2833 5417 hunc
2859 5379 2997 5416 anno
3026 5364 3129 5419 397
3155 5365 3222 5418 ad
3250 5380 3473 5433 superos
3502 5366 3726 5419 abiisse
3754 5384 3778 5431 ;

2164 5452 2261 5491 nec
2292 5435 2475 5489 Licinii
2506 5432 2742 5501 episeopi
2773 5434 2861 5499 ii,
2894 5447 3015 5487 cum
3064 5436 3173 5489 Leo
3220 5436 3478 5490 diaconus
3524 5438 3785 5492 nomine

2168 5507 2284 5561 Veri
2312 5504 2569 5575 episcopi,
2594 5503 2685 5575 qui
2711 5503 2895 5575 Licinii
2915 5503 3169 5561 decessor
3200 5507 3316 5567 fuit.
3352 5506 3577 5563 concilio
3606 5509 3781 5575 Aga—

2150 5572 2357 5633 ttltcnsi’
2374 5590 2514 5630 anno
2540 5573 2646 5629 506
2673 5572 3069 5645 subscripserit.
