4008 6184
434 297 541 356 με

1454 299 1513 360 S.
1555 297 1884 357 GRECORII
1929 297 2241 355 EPISCOPI
2282 297 2718 357 TURONENSIS
3622 307 3708 363 εει

434 440 713 497 Eutrasitts
782 438 1134 496 duodecimus
1193 438 1479 508 episcopus
1532 438 1850 493 habebatur.
1925 438 2016 494 llic

2128 411 2315 482 praelio
2346 424 2627 484 superatos
2651 413 2937 484 opprimit,
2977 431 3300 488 omnemque
3342 418 3579 490 rapinam
3613 433 3702 477 ter-

434 542 663 602 quatuor
690 547 862 588 annos
893 540 1015 602 post
1059 531 1421 588 Chlodovecbi
1454 531 1657 586 obitum
1689 530 1855 596 vixit,
1882 532 2024 586 vice-

434 623 576 677 simo
601 622 788 692 quinto
816 621 1165 692 episcopatus
1184 607 1296 676 'sui
1347 637 1490 676 anno
1529 623 1816 676 transiens.
1855 622 2022 677 Cum-

440 729 543 780 que
576 715 801 783 populus
851 727 1095 769 sanctum
1133 715 1480 782 Quintianum
1510 757 1524 782 ,
1553 717 1642 786 qui
1683 717 1750 770 de
1777 716 2025 771 Rutheno

439 805 646 875 ejectus
671 805 863 873 fuerat,
900 805 1193 876 elegisset,
1267 806 1508 861 Alchinta
1569 816 1621 861 et
1673 807 1941 860 I‘lacidina
1975 815 2021 873 κ,

438 916 571 954 uxor
598 914 858 970 sororque
888 899 1212 969 Apollinaris
1232 941 1246 965 ,
1278 899 1343 952 ad
1389 907 1632 970 sanctum
1679 899 2025 964 Quintianum

434 991 745 1058 venientes,
778 969 1018 1048 dicunt:
1067 989 1330 1056 Snfliciat,
1375 969 1592 1044 doniine
1636 997 1841 1057 sancte,
1872 1005 2027 1045 sene-

434 1083 566 1138 ctuti
600 1091 741 1148 tuze,
787 1082 928 1151 quod
974 1097 1033 1137 es
1074 1083 1359 1151 episcottus
1383 1081 1681 1136 ordinatus.
1726 1081 2024 1145 Permittat,

435 1172 709 1243 inquiunt,
734 1175 904 1243 pietas
928 1183 1013 1228 tua
1036 1188 1194 1227 servo
1227 1183 1317 1227 tuo
1349 1173 1640 1240 Apollinari
1665 1173 1840 1228 locum
1870 1172 2026 1242 hujus

434 1266 658 1322 honoris
705 1266 947 1337 adipisci.
1004 1266 1096 1321 Ille
1148 1280 1278 1319 vero
1334 1280 1454 1320 cum
1501 1264 1566 1319 ad
1626 1265 1767 1319 hunc
1819 1264 2024 1333 apicem

437 1355 785 1422 ascenderit,
818 1356 956 1411 sicut
1003 1355 1094 1410 tibi
1148 1356 1400 1424 placitum
1449 1356 1627 1420 furrit,
1660 1357 2022 1423 obsequetur:

433 1456 491 1502 tu
521 1463 733 1519 quoque
761 1448 1051 1518 imperabis
1075 1488 1092 1515 ,
1123 1459 1177 1504 et
1201 1447 1289 1503 ille
1317 1458 1424 1502 tua:
1457 1448 1664 1517 parebit
1702 1449 1752 1501 in
1778 1447 2027 1501 omnibus

431 1539 699 1608 iussioni:
733 1546 940 1593 tantum
990 1547 1047 1592 ut
1094 1537 1284 1593 humili
1332 1536 1656 1608 suggestioni
1711 1545 1906 1591 nostra:
1933 1554 2025 1592 au-

432 1645 548 1684 tem
611 1639 716 1685 tua:
772 1630 1120 1700 benignitatis
1173 1630 1569 1685 accommodes.
1631 1630 1837 1696 Quibus
1891 1629 2022 1686 ille:

433 1720 571 1785 Quid
598 1734 718 1790 ego,
764 1721 964 1790 inquit,
993 1720 1291 1790 praestabo,
1323 1719 1474 1787 cujus
1507 1719 1753 1788 potesrazi
1779 1719 1911 1772 nihil
1943 1727 2025 1772 est

2129 518 2203 558 ra:
2225 505 2472 560 restituit.

2206 594 2291 649 IV.
2337 596 2504 650 Porro
2531 607 2654 650 tunc
2695 596 2832 665 apud
2868 597 3194 668 'I‘horingos,
3239 610 3347 656 tres
3375 601 3569 660 fratres
3596 621 3701 677 reg-

2129 704 2255 740 num
2287 690 2460 758 gentis
2489 689 2630 742 illius
2661 691 2998 744 retinebant:
3043 692 3092 745 id
3122 704 3204 747 est
3229 695 3514 751 lladericus
3537 740 3550 762 ,
3583 699 3702 753 Iler-

2130 780 2464 835 tnenefridus
2496 780 2544 847 ά,
2574 791 2731 850 atque
2776 783 3106 839 Bertharius.
3155 786 3195 840 D
3234 788 3391 859 niqtte
3425 792 3703 849 Ilcrtuene-

2130 869 2298 924 fridus
2357 872 2694 927 Bcrtltarium
2763 875 2979 930 fratrem
3053 895 3208 934 suum
3268 884 3315 935 vi
3371 887 3700 954 opprimeus,

2137 961 2428 1018 interfecit.
2471 965 2517 1019 Is
2552 967 2785 1022 moriens
2815 970 3193 1041 Iladeguudem
3226 973 3386 1029 filiani
3419 978 3700 1047 orphanazn

2130 1055 2454 1124 dereliquit:
2486 1058 2699 1127 reliquit
2722 1072 2897 1116 autem
2931 1073 2981 1117 et
3009 1064 3140 1118 alios
3166 1064 3322 1134 filios,
3353 1067 3419 1122 de
3446 1069 3633 1138 quibus
3659 1072 3702 1125 in

2129 1148 2478 1216 sequentibus
2549 1151 2870 1206 scribemus.
2938 1155 3089 1226 107
3146 1156 3534 1214 llermenefritli
3589 1178 3702 1218 vero

2131 1251 2266 1291 uxor
2297 1237 2474 1307 iniqua
2518 1250 2677 1310 atque
2725 1244 2957 1299 crudelis
2983 1287 2997 1310 ,
3035 1249 3385 1320 Amalaberga
3421 1261 3444 1288 ο
3479 1254 3700 1324 nomine,

2130 1329 2272 1383 inter
2301 1330 2398 1386 hos
2427 1333 2618 1387 fratres
2646 1334 2844 1390 bellutn
2875 1338 3031 1394 civile
3059 1341 3392 1399 disseminat.
3448 1344 3575 1400 Nam
3622 1363 3703 1403 ve-

2131 1419 2286 1475 niens
2316 1423 2543 1492 quadam
2592 1425 2679 1481 die
2726 1429 2793 1482 ad
2831 1431 3138 1486 convivium
3169 1435 3248 1487 vir
3278 1435 3425 1503 ejus,
3478 1454 3702 1494 mensam

2135 1513 2366 1569 mediam
2397 1527 2640 1586 opertam
2676 1523 2899 1589 reperit.
2941 1523 3183 1595 Cumque
3217 1544 3435 1583 uxorem
3460 1531 3584 1600 quid
3615 1531 3702 1586 sibi

2132 1605 2235 1660 hoc
2265 1607 2392 1660 velit
2415 1608 2788 1679 interrogaret,
2817 1616 3094 1684 respondit
3121 1635 3132 1669 :
3167 1618 3297 1684 Qui,
3329 1621 3518 1690 inquit,
3553 1636 3580 1674 a
3607 1639 3704 1677 nie-

2130 1696 2219 1751 dio
2249 1713 2414 1768 regno
2440 1703 2718 1771 Spoliatur,
2752 1704 2908 1761 decet
2952 1723 3072 1762 eum
3117 1725 3316 1765 mensa:
3360 1713 3588 1768 medium
3622 1715 3704 1769 lia-

432 1789 747 1868 summm?
776 1789 1164 1868 sufﬁcigcnim
1199 1823 1249 1868 ω
1283 1813 1511 1866 maligni
1542 1826 1736 1865 vacans
1760 1810 2023 1880 quondm-
2057 1797 2103 1856 Β
2134 1789 2264 1844 bere
2289 1791 2564 1846 nudatum.
2587 1795 2803 1851 Talibus
2826 1808 2879 1852 et
2907 1801 2989 1854 his
3015 1802 3277 1857 similibus
3302 1803 3390 1858 ille
3421 1817 3704 1874 permotus,

433 1921 559 1960 num
592 1906 722 1960 mihi
755 1908 952 1961 victum
1004 1915 1223 1974 prtestet
1266 1906 1528 1961 Ecclesia.
1572 1905 1679 1960 Illa:
1705 1915 1880 1959 autem
1913 1905 2027 1962 hazc

432 1995 755 2064 audientes,
801 1995 1167 2065 Apollinarem
1217 1997 1374 2067 106
1427 1997 1492 2050 ad
1540 2008 1718 2066 regem
1768 1998 2024 2069 dirigunt.

435 2089 538 2166 Qui
571 2087 759 2142 abiens
781 2132 794 2156 ,
826 2088 1020 2142 oblatis
1051 2089 1232 2142 multis
1259 2089 1602 2156 muneribus,
1633 2091 1686 2143 in
1713 2090 2024 2158 episcOpatn

435 2182 692 2237 successit
721 2200 735 2236 :
766 2196 870 2251 quo
893 2188 1119 2250 quatuor
1140 2180 1364 2234 abutens
1396 2182 1692 2246 mensibus,
1723 2183 1968 2248 migraiit
1994 2198 2025 2238 a

437 2273 661 2328 smculo.
679 2273 808 2326 Cum
830 2281 1010 2326 autem
1027 2272 1140 2325 hinc
1161 2272 1498 2332 'I‘tieudcrico
1513 2274 1751 2328 nuntiata
1777 2274 2020 2341 fuissent,

429 2364 590 2435 jussit
635 2363 762 2418 inibi
791 2371 1035 2418 sanctum
1089 2362 1430 2430 Quintianum
1477 2364 1768 2430 constitui,
1813 2375 1868 2420 et
1909 2381 2022 2419 om-

429 2471 555 2512 nem
582 2456 633 2511 ei
664 2463 982 2525 potestatem
1034 2456 1170 2509 tradi
1228 2455 1482 2511 Ecclesiae
1505 2496 1521 2522 ,
1563 2457 1787 2512 dicens:
1831 2459 1926 2512 llic
1953 2458 2023 2514 ob

431 2549 602 2604 nostri
629 2549 831 2603 amoris
857 2548 1030 2603 zelum
1059 2549 1126 2603 ab
1149 2548 1283 2603 urbe
1315 2561 1407 2603 sua
1438 2549 1640 2617 ejertus
1668 2559 1771 2604 est.
1816 2551 1880 2604 Et
1907 2560 2020 2606 sta-

429 2641 525 2696 tlm
555 2640 747 2696 directi
771 2641 965 2705 nuntii,
997 2640 1312 2696 convocatis
1350 2640 1690 2709 pontificibus
1720 2651 1774 2696 et
1803 2642 2018 2712 populo,

432 2746 559 2787 cum
587 2731 640 2786 in
663 2731 976 2786 cathedram
1003 2732 1255 2786 Arvernze
1290 2730 1543 2786 Ecclesia:
1570 2733 1899 2800 locaverunt,
1931 2734 2019 2804 qui

430 2832 654 2892 quartus
695 2823 936 2878 decimus
966 2822 1042 2877 illi
1077 2822 1332 2878 Ecclesiae
1375 2824 1694 2892 praepositus
1726 2834 1826 2879 est.
1871 2824 2018 2882 Reli-

429 2931 534 2987 qua
586 2930 716 2970 vero
761 2931 881 2986 qua:
927 2915 1132 2986 gessit,
1189 2926 1295 2970 tam
1346 2915 1574 2971 virtutes
1615 2932 1772 2985 quam
1807 2925 2018 2988 tempus

387 3037 392 3040 -
430 3009 768 3080 migrationis
787 3010 902 3079 ejus
929 3049 946 3074 ,
979 3009 1177 3077 scripta
1209 3017 1334 3064 sunt
1363 3011 1414 3064 in
1445 3010 1583 3066 libro
1611 3027 1770 3082 quem
1799 3011 1866 3068 de
1901 3012 2017 3082 ejus

429 3099 548 3155 Vita
573 3099 599 3140 δ
630 3101 1048 3170 composuimus.

2130 1895 2319 1939 contra
2381 1885 2597 1942 fratrem
2655 1890 2919 1961 insurgit,
2969 1909 3034 1948 ac
3084 1911 3177 1963 per
3215 1897 3455 1951 occultos
3503 1899 3706 1954 nuntios

2130 1976 2525 2033 'I‘lieudericutn
2557 1995 2737 2051 regem
2780 1983 2845 2037 ad
2876 2000 2997 2038 eum
3040 1990 3464 2057 persequendum
3508 1989 3703 2059 invitat,

2129 2067 2315 2123 dicens
2343 2087 2354 2124 :
2388 2069 2444 2126 Si
2473 2071 2612 2126 hunc
2644 2073 2923 2142 interficis,
2953 2079 3227 2147 regionem
3261 2079 3394 2134 lianc
3428 2080 3539 2149 pari
3571 2093 3706 2136 sorte

2127 2164 2450 2220 dividemus.
2495 2167 2589 2222 Ille
2635 2179 2810 2222 autem
2858 2172 3071 2240 gavisus
3095 2214 3110 2238 ,
3160 2173 3273 2227 haec
3303 2175 3524 2229 audiens
3553 2215 3567 2233 .
3594 2189 3706 2230 cum

2127 2259 2367 2312 exercitu
2400 2261 2464 2314 ad
2510 2275 2630 2315 eum
2679 2263 2878 2333 dirigit.
2920 2264 3312 2335 Conjunctiqtte
3351 2268 3510 2322 simul
3552 2268 3703 2322 fidem

2127 2349 2227 2404 sibi
2257 2349 2484 2406 invicem
2516 2353 2728 2420 dantes,
2762 2357 2963 2422 egressi
2998 2367 3122 2411 sunt
3161 2358 3225 2411 ad
3262 2359 3483 2413 bellum.
3516 2359 3706 2414 Confli-

2126 2452 2421 2515 gentesque
2467 2461 2587 2500 cum
2621 2446 2907 2517 Badcrico,
2955 2451 3249 2505 exercitum
3301 2453 3415 2520 ejus
3457 2462 3706 2520 atterunt,

2128 2535 2410 2606 ipsumque
2461 2537 2784 2594 obtruncant
2847 2541 3059 2610 gladio:
3111 2553 3164 2598 et
3209 2543 3422 2598 obtenta
3470 2545 3706 2612 victoria,

2124 2626 2491 2683 Theudericus
2523 2630 2590 2684 ad
2638 2631 2848 2700 propria
2881 2643 2961 2688 est
2992 2648 3261 2688 reversus.
3305 2634 3553 2689 Protinus
3581 2635 3706 2691 Iler-

2065 2735 2070 2744 ’
2127 2717 2464 2772 nienefridus
2489 2719 2688 2774 oblitus
2717 2721 2836 2777 fidei
2867 2738 2977 2777 sum
3002 2767 3016 2791 ,
3071 2724 3208 2793 quod
3239 2725 3348 2796 regi
3377 2725 3706 2782 Tlieuderico

2127 2809 2409 2879 indulgete
2442 2811 2710 2881 pollicitus
2753 2825 2834 2869 est
2861 2861 2874 2883 ,
2904 2813 3128 2884 implere
3179 2816 3458 2887 despexit,
3490 2828 3708 2888 ortaque

2121 2912 2204 2959 est
2240 2904 2380 2958 inter
2412 2919 2502 2960 eos
2523 2906 2737 2975 grandis
2769 2907 3065 2962 inimicitia.

2196 2995 2262 3050 V.
2302 2996 2468 3066 Igitur
2499 3005 2710 3053 mortuo
2753 2999 3088 3055 Gundohado
3118 2999 3165 3066 τ,
3215 3015 3438 3071 regnum
3479 3002 3593 3073 ejus
3620 3003 3708 3060 Si-

2129 3087 2415 3158 gimundus
2449 3089 2585 3144 ﬁlius
2613 3091 2727 3160 ejus
2755 3091 3000 3157 obtinuit,
3025 3095 3508 3165 monasteriumque
3536 3098 3709 3164 Agau-

502 3189 588 3247 ιιι,
632 3192 726 3246 "is
755 3193 824 3247 ίιε
870 3193 1035 3263 gestis
1062 3234 1076 3257 ,
1111 3193 1243 3248 nam
1291 3210 1410 3250 cum
1460 3210 1585 3265 rege
1628 3211 1749 3262 ευρ⁹
1801 3197 2018 3254 nomine
2045 3180 2091 3242 C
2126 3197 2291 3237 nense
2314 3183 2496 3238 solerti
2527 3200 2653 3240 cura
2703 3200 2822 3240 cum
2867 3188 3112 3241 domibus
3155 3189 3492 3260 basilicisque
3538 3191 3709 3247 reditio

422 3283 834 3340 Chlocliilaieho
868 3294 889 3323 ε
910 3330 924 3353 ,
957 3296 1152 3340 evecut
1187 3285 1358 3339 navali
1393 3301 1488 3354 per
1527 3301 1674 3340 mare
1700 3285 1898 3342 Gallias
1922 3301 2017 3357 ap-

426 3385 638 3446 petunt.
679 3376 1003 3446 Egressique
1032 3375 1098 3430 ad
1129 3386 1320 3441 terras,
1351 3391 1541 3446 pagum
1573 3392 1735 3431 unum
1758 3377 1825 3432 de
1851 3394 2016 3447 regno

425 3471 746 3527 'I‘heuderici
791 3469 1075 3525 devastant
1123 3478 1284 3538 atque
1324 3471 1634 3536 captivaut,
1677 3472 2016 3541 oneratisque

425 3561 653 3616 navibus
699 3570 807 3613 tam
849 3559 917 3614 de
967 3559 1196 3626 captivis
1234 3574 1392 3629 quam
1433 3559 1502 3616 de
1542 3561 1765 3630 reliquis
1807 3563 2012 3632 spoliis,

425 3654 624 3709 reverti
652 3654 717 3707 ad
752 3653 974 3722 patriam
1002 3651 1244 3719 cupiunt.
1295 3653 1401 3709 Sed
1431 3669 1522 3708 rex
1554 3669 1740 3710 eorum
1785 3656 1838 3710 in
1871 3657 2017 3711 littus

423 3743 716 3808 residebat,
747 3744 917 3798 donec
970 3758 1134 3799 naves
1175 3743 1340 3798 altum
1389 3759 1538 3800 mare
1587 3747 2016 3813 comprehende-

424 3850 567 3903 rent,
600 3837 714 3906 ipse
737 3836 990 3905 deinceps
1016 3847 1316 3893 secuturus.
1349 3837 1500 3905 Quod
1530 3853 1652 3892 cum
1679 3838 2017 3895 Theuderico

424 3930 726 3985 nuntiatum
755 3928 982 3994 fuisset,
1014 3929 1156 3999 quod
1200 3929 1408 3986 scilicet
1452 3931 1600 4001 regio
1621 3932 1739 4000 ejus
1770 3931 1927 3987 fuerit
1951 3933 2018 3989 ab

428 4025 702 4080 extraneis
745 4024 1024 4080 devastata
1046 4062 1064 4086 ,
1107 4022 1150 4078 Τ
1157 4023 1546 4078 heudebertum
1581 4025 1745 4079 filium
1773 4039 1928 4079 suum
1963 4026 2015 4081 iti

427 4114 550 4169 illas
605 4125 784 4183 partes
813 4129 934 4170 cum
964 4114 1143 4170 valido
1169 4115 1405 4170 exercitu
1434 4129 1495 4169 ac
1523 4131 1716 4186 magno
1744 4133 2015 4174 armorum

430 4215 688 4276 apparatu
717 4206 937 4264 direxit.
977 4205 1077 4274 Qui
1125 4205 1408 4262 interfecto
1451 4222 1598 4278 rege,
1641 4207 1823 4264 hostes
1844 4209 2017 4266 navali

502 4440 529 4470 'I
571 4429 785 4498 Regm.,
820 4429 1067 4483 All/rima.
1093 4428 1256 4484 Corb.
1288 4437 1340 4482 et
1373 4428 1502 4482 Bell.
1523 4473 1534 4492 ,
1583 4428 1888 4484 Placitlmta.
1942 4431 2016 4486 De

427 4499 514 4555 bis
559 4501 694 4554 intra
744 4515 863 4565 cap.
910 4501 996 4554 η.
1044 4499 1232 4566 Corb.,
1283 4499 1635 4563 Apol/oneris.
1707 4501 1804 4555 llc
1841 4504 2010 4556 sancti

2121 3276 2270 3329 cavit
2297 3285 2321 3322 ε
2344 3293 2357 3329 :
2383 3277 2470 3345 qui
2501 3277 2703 3346 perdita
2737 3279 2898 3345 priori
2930 3280 3155 3350 conjuge
3189 3281 3235 3347 ιι,
3264 3282 3367 3337 lilia
3392 3283 3708 3340 Theodorici

2122 3366 2265 3434 regis
2293 3366 2478 3434 Italici,
2502 3368 2568 3422 de
2588 3384 2688 3438 qua
2715 3368 2878 3423 filium
2906 3371 3132 3426 habebat
3157 3375 3372 3428 nomine
3396 3375 3706 3445 Sigiricum,

2121 3459 2278 3512 aliam
2307 3457 2460 3513 duxit
2484 3474 2738 3525 uxorem;
2770 3476 2888 3530 quae
2921 3462 3090 3516 valide
3134 3474 3321 3517 contra
3369 3465 3534 3519 filium
3567 3466 3708 3532 ejus,

2121 3554 2261 3608 sicut
2291 3570 2641 3609 novercarum
2675 3570 2792 3610 mos
2815 3564 2919 3623 est,
2947 3555 3224 3627 mallgnari
3255 3573 3316 3612 ac
3340 3558 3710 3614 scandalizare

2118 3640 2301 3718 cmpit.
2334 3647 2483 3704 Unde
2523 3647 2718 3703 faetum
2768 3659 2848 3705 esr
2874 3690 2890 3715 ,
2939 3659 2998 3704 ut
3038 3666 3139 3704 ttna
3170 3651 3565 3707 solemnitatum
3593 3651 3708 3723 die,

2120 3758 2242 3798 cum
2289 3759 2419 3813 puer
2447 3757 2608 3812 super
2644 3759 2762 3798 eam
2805 3743 3119 3798 vestimenta
3153 3744 3340 3798 matris
3368 3755 3711 3814 agnosceret,

2118 3844 2418 3891 commotus
2449 3834 2573 3890 felle
2610 3835 2811 3890 diceret
2841 3834 2906 3888 ad
2929 3850 3046 3890 eam
3074 3852 3086 3889 :
3139 3836 3251 3890 Non
3283 3835 3425 3890 enim
3472 3849 3591 3890 eras
3630 3836 3714 3890 die

2118 3944 2243 3998 gna,
2274 3937 2333 3982 ut
2381 3927 2498 3983 haec
2544 3928 2853 3983 indumenta
2903 3938 2990 3982 tua
3042 3937 3186 3998 terga
3238 3931 3606 4000 contingerent
3661 3928 3713 3996 ί,

2127 4020 2286 4090 108
2315 4033 2433 4088 quae
2465 4017 2699 4073 dominae
2744 4025 2847 4072 tua:
2874 4060 2887 4083 ,
2920 4019 2970 4072 id
3013 4028 3093 4073 est
3124 4019 3309 4074 matris
3342 4034 3474 4074 mea:
3495 4062 3511 4087 ,
3545 4019 3716 4076 fuisse

2120 4121 2434 4167 noscuntur.
2475 4111 2543 4166 At
2585 4112 2674 4166 illa
2723 4111 2905 4167 furore
2953 4127 3208 4167 succensa
3237 4157 3250 4181 ,
3283 4114 3498 4183 instigat
3526 4114 3716 4171 verbis

2118 4205 2322 4260 dolosis
2368 4205 2538 4260 virum
2585 4219 2772 4274 suum,
2823 4205 3048 4261 dicens:
3091 4205 3187 4262 llic
3232 4208 3444 4277 iniquus
3483 4223 3701 4278 regnun

2117 4446 2281 4502 quam
2307 4428 2467 4496 paulo
2496 4426 2716 4502 inferius
2734 4427 3004 4502 i'l‘heudati
3029 4430 3168 4502 regis
3190 4444 3427 4486 sororem
3451 4434 3711 4500 appellat,

2195 4501 2212 4539 ι
2260 4501 2409 4555 l’etro
2430 4500 2661 4568 consule,
2692 4500 2743 4554 id
2774 4509 2858 4556 est
2893 4515 3034 4554 anno
3064 4501 3201 4567 516.,
3235 4519 3298 4558 ex
3332 4503 3493 4558 Mario
3521 4509 3719 4561 Aven-

425 4571 750 4638 Apollinaris
796 4570 1001 4624 Sidonii
1055 4570 1192 4624 filius
1223 4571 1351 4635 fuit,
1384 4572 1472 4639 qui
1507 4574 1870 4627 Arvernorum
1899 4575 2004 4627 dux
2045 4570 2092 4627 D
2122 4573 2333 4627 ticcn-i.

422 4641 600 4711 fuerat
622 4642 671 4693 in
702 4642 884 4711 praglio
924 4641 1272 4710 Vogladensi,
1303 4652 1454 4710 pater
1485 4643 1734 4699 Archadii
1757 4685 1770 4702 ,
1807 4643 1873 4696 de
1902 4659 2007 4711 quo

427 4710 566 4763 infra
599 4724 719 4773 cap.
753 4709 841 4776 1‘2,
875 4719 979 4764 etc.
1010 4709 1015 4710 ⁷
1041 4712 1252 4766 Etenim
1300 4709 1353 4765 S.
1406 4711 1731 4780 Apollinaris
1756 4709 2007 4768 Sidonius

425 4797 491 4836 ex
546 4780 836 4847 Papianilla
887 4780 1028 4835 Aviti
1079 4783 1208 4847 itnp.
1261 4782 1364 4833 ﬁlia
1413 4784 1596 4847 genuit
1645 4786 1902 4838 Alcimum
1954 4796 2007 4838 et

423 4850 820 4920 Apollinarem;
869 4850 954 4902 hic
994 4866 1057 4904 ex
1103 4851 1369 4906 Placidina
1406 4855 1713 4915 Arcadium,
1748 4853 2006 4909 Arcadius

423 4937 553 4976 vero
581 4921 803 4975 alteram
836 4920 1158 4993 Placidinttm
1181 4963 1196 4988 ,
1255 4937 1372 4990 qum
1405 4924 1627 4978 Leontio
1651 4925 1872 4992 jnttinri,
1909 4940 2008 4993 pn-

424 5003 538 5047 stea
567 4993 822 5061 episc0po
875 4991 1189 5063 Burdigalae,
1219 4995 1416 5062 nupsit.
1454 4995 1526 5049 De
1555 4991 1663 5063 qua
1681 4991 2003 5049 Fortunatus

421 5063 518 5120 lib.
553 5080 593 5127 ι,
619 5078 786 5117 carni.
815 5063 902 5117 14.
938 5063 1068 5118 Vide
1101 5062 1279 5118 Vales.
1321 5065 1412 5118 lib.
1447 5081 1515 5118 vtt
1548 5067 1743 5119 lterum
1791 5067 2008 5130 Franc.,

579 5136 722 5202 5‘24,
773 5143 827 5189 et
875 5133 1146 5188 Sirtnondi
1195 5147 1350 5191 notas
1401 5135 1451 5189 iti
1493 5137 1697 5192 Sidonii
1726 5137 1884 5206 epist.
1917 5139 2006 5203 15,

445 5221 454 5256 ι
482 5222 511 5255 ι.
546 5220 623 5257 ιιι.

495 5272 522 5312 δ
561 5275 691 5342 (Zap.
723 5274 756 5326 4
782 5274 849 5330 de
876 5274 1008 5328 Vitis
1037 5274 1272 5331 Patrum.

499 5356 521 5382 ο
563 5343 738 5408 Colh.,
772 5345 1109 5400 IIrodolaico.
1143 5348 1265 5401 Bec.
1299 5362 1441 5401 cum.
1469 5347 1552 5402 ed.
1574 5387 1588 5411 ,
1623 5346 1970 5402 Choelrilaico.

494 5413 520 5452 ’λ
562 5415 653 5469 Sic
683 5413 842 5468 Corb.
877 5431 925 5469 et
956 5417 1195 5480 Bellov.;
1226 5420 1312 5471 alii
1353 5421 1506 5485 paulo
1541 5419 1696 5472 aliter
1736 5420 2010 5473 "ermine-

422 5487 622 5556 [τράπε.
661 5485 813 5556 Colb.
859 5486 1249 5554 Ermenfredus.
1301 5489 1366 5544 Et
1415 5489 1723 5544 Bertharius
1753 5491 1916 5546 semel
1949 5493 2003 5546 in

421 5559 545 5614 cod.
573 5556 734 5611 Corb.
770 5555 963 5611 dicitur
989 5556 1329 5614 Bertecarius.

497 5634 524 5701 ὲ
560 5628 650 5682 Sic
679 5629 999 5701 vet_ustiores
1029 5629 1186 5701 codd.
1214 5646 1228 5696 ;
1288 5630 1379 5685 alii
1423 5629 1763 5701 Amalberga,
1789 5641 1880 5684 aut
1911 5631 2003 5684 Αι-

420 5699 715 5768 υιιιὸονραη
751 5698 826 5752 Ea
867 5707 985 5754 erat
1031 5699 1378 5756 Amalafridte
1434 5703 1636 5756 sororis
1665 5698 2002 5757 "Iheodorici

422 5767 750 5843 Italite’t'egis
778 5768 910 5843 tilia,
935 5783 1002 5828 ex
1030 5768 1292 5844 Procopio
1319 5772 1412 5831 lib.
1440 5789 1456 5833 I
1486 5772 1688 5832 Ilistor.
1718 5773 2002 5860 Gotthicae,

2188 4654 2212 4690 ις
2255 4644 2572 4702 Agaunense
2621 4640 3002 4694 monasterium
3043 4640 3307 4696 Florentio
3346 4654 3393 4697 et
3436 4646 3721 4701 Anthemio

2115 4713 2428 4775 consulibus,
2457 4711 2506 4763 id
2535 4721 2616 4764 est
2643 4727 2784 4764 anno
2826 4713 2932 4765 5ιὸ
2951 4755 2966 4775 ,
2998 4727 3026 4764 a
3057 4712 3400 4782 Sigismundo
3426 4727 3723 4772 construc-

2117 4793 2223 4836 tum
2258 4784 2420 4835 fuisse
2453 4781 2609 4835 refert
2646 4783 2837 4835 Marius
2871 4781 3268 4846 Aventiceiisis,
3321 4787 3461 4851 quod
3494 4787 3557 4840 de
3585 4789 3725 4853 ejus

2116 4855 2451 4924 reparatione
2479 4853 2876 4924 intelligendum
2909 4867 3030 4907 esse
3071 4856 3260 4908 suadet
3285 4857 3425 4909 Aviti
3459 4858 3725 4924 homilia,

2115 4941 2232 4993 quae
2260 4925 2396 4977 dicta
2421 4923 2516 4976 fuit
2553 4923 2602 4974 in
2630 4924 2959 4976 innovatione
2985 4926 3277 4977 monasterii
3304 4927 3485 4993 ipsius.
3529 4923 3726 4986 Sittttti

2117 5005 2200 5049 est
2228 4996 2278 5048 ir.
2307 4994 2525 5047 dioecesi
2574 4993 2869 5047 Seduncnsi
2902 4995 2966 5047 ad
3013 4995 3220 5049 radices
3251 4999 3446 5051 montis
3477 4998 3534 5053 S.
3573 4999 3727 5053 Ber-

2120 5066 2306 5130 nardi;
2360 5065 2585 5131 primum
2634 5065 2734 5116 sub
2775 5065 2953 5131 regula
2999 5065 3223 5132 privata,
3258 5076 3367 5121 tttm
3400 5071 3498 5122 sub
3533 5071 3721 5126 Bene—

2124 5137 2319 5190 dictina
2352 5137 2438 5188 ditt
2490 5135 2665 5209 floruit
2689 5175 2704 5198 ,
2737 5135 2971 5209 demum,
2993 5135 3057 5188 ad
3099 5139 3382 5209 canonicos
3408 5139 3607 5209 Regulo
3622 5158 3726 5195 ree

2123 5209 2430 5260 devolutum
2464 5214 2562 5259 est.
2620 5207 2690 5258 De
2738 5205 2835 5258 hoc
2866 5205 3094 5260 diximus
3142 5206 3193 5259 in
3225 5205 3606 5264 Admonitiiine
3640 5213 3726 5267 ad

2125 5277 2424 5345 passionem
2475 5277 2572 5330 SS.
2605 5276 2838 5329 Mauricii
2872 5284 2926 5330 et
2950 5276 3260 5342 Sociorum,
3290 5280 3341 5332 in
3377 5281 3520 5334 Actis
3551 5297 3727 5334 mor-

2125 5358 2320 5417 tyrum,
2353 5364 2472 5416 pag.
2504 5346 2635 5420 288.
2685 5347 3215 5420 lli_vulgogmartyres
3246 5348 3567 5420 Agaunenses
3601 5367 3728 5419 ap—

2123 5419 2418 5491 pellantur;
2451 5421 2515 5491 de
2532 5419 2720 5485 quibus
2743 5417 3044 5488 Gregorius
3063 5419 3154 5475 lib.
3185 5436 3198 5474 ι
3221 5417 3490 5477 ιιὸϐὶοι-ιίι
3513 5417 3722 5491 διατι,

2118 5505 2238 5554 cap.
2271 5489 2338 5542 75
2360 5500 2413 5542 et
2435 5487 2522 5542 76.

2187 5559 2211 5595 δ
2258 5560 2481 5613 Numine
2511 5557 2838 5626 ()strogothn.
2896 5559 3103 5616 Titulus
3134 5561 3364 5617 linmilire
3403 5561 3436 5615 8
3465 5565 3522 5618 S.
3552 5563 3728 5622 Aviti

2111 5644 2174 5704 ex
2206 5629 2426 5697 perditis
2452 5638 2532 5683 est
2568 5628 2970 5704 inconvenione
2994 5634 3186 5704 domini
3213 5634 3471 5704 Sigisrici,
3501 5636 3730 5704 postri-

2111 5701 2200 5778 die
2245 5716 2400 5778 quant
2431 5715 2576 5778 soror
2618 5699 2783 5766 ipsius
2812 5718 2876 5754 ex
2915 5703 3106 5758 Ariona
3145 5699 3322 5760 ha’reii
3351 5715 3422 5764 ert
3461 5699 3726 5778 receptu.

2189 5769 2204 5811 l
2251 5771 2492 5843 Bocltcl.,
2519 5778 2855 5843 contegerent.
