4006 6182
343 277 449 330 235

1279 268 1596 341 HISTORIA
1642 287 2080 343 FRANCOHUbiu
2130 289 2326 344 Ulli-Ili
2369 292 2682 352 TERTIUS.

3511 309 3627 365 ilbi}

342 399 491 489 tuum
520 391 797 458 possidere
822 394 1114 465 desiderat,
1151 407 1308 467 teque
1336 401 1649 467 interfecto,
1676 401 1726 455 id
1760 418 1923 471 usque
1958 411 2003 467 Α
2035 403 2276 472 victoque
2326 410 2562 461 exercitu
2611 425 2796 464 eorum
2825 451 2839 476 ,
2887 412 3217 470 Godotnarus
3250 428 3405 489 terga
3434 429 3590 477 vertit
3618 446 3623 451 τ

336 477 547 533 Italiam
596 482 825 537 dilatare
874 486 1111 555 disponit
1136 529 1171 551 ,,
1202 489 1406 544 scilicet
1445 500 1500 543 ut
1531 507 1752 560 regnum
1784 493 1926 562 quod

332 580 472 622 avus
499 570 618 638 ejus
661 572 1026 630 Theodericus
1060 578 1221 632 italia:
1274 582 1483 645 tenuit,
1523 591 1577 636 et
1628 593 1728 636 iste
1757 586 1928 651 possi-

334 658 485 715 deat.
552 662 666 717 Scit
713 668 854 719 enim
898 670 1039 737 quod
1099 680 1149 725 te
1193 672 1405 727 vivente
1458 674 1571 727 haec
1619 691 1724 729 non
1754 687 1929 746 potest

332 753 667 820 adimplere;
716 767 772 810 et
800 761 903 812 nisi
936 773 990 815 tu
1022 762 1215 828 cadas,
1244 764 1331 818 ille
1363 781 1466 818 non
1498 777 1697 833 surget.
1754 770 1846 823 llis
1877 782 1928 825 et

333 843 711 913 hujuscemodi
744 850 831 904 ille
863 850 1112 919 incitatus
1139 855 1337 919 verbis,
1372 859 1554 912 uxoris
1580 859 1773 928 iniqua:
1799 877 1927 915 con-

331 936 460 987 silio
493 945 678 1002 utens,
712 938 928 1008 iniquus
970 944 1173 997 exstitit
1208 948 1488 1012 parricida.
1532 949 1662 1002 Nam
1692 950 1922 1020 sepitum

328 1026 463 1079 vitio
485 1027 722 1083 dormire
766 1039 885 1099 post
916 1034 1193 1088 meridiem
1237 1035 1401 1089 lilium
1439 1036 1625 1105 jubet:
1670 1041 1754 1093 cui
1801 1043 1927 1094 dor-

330 1117 548 1183 tnienti,
575 1121 811 1175 orarium
863 1132 889 1160 ⁸
935 1127 1035 1178 sub
1065 1127 1204 1180 collo
1236 1130 1487 1196 positum,
1524 1145 1585 1181 ac
1615 1131 1715 1184 sub
1744 1143 1923 1185 metito

330 1208 557 1276 ligatum
584 1251 600 1275 ,
636 1212 968 1267 trahentibus
1007 1216 1075 1269 ad
1121 1232 1180 1271 se
1232 1219 1456 1274 invicem
1487 1221 1693 1274 duobus
1721 1225 1921 1291 pueris,

327 1304 651 1371 suggillatus
680 1317 766 1361 est
790 1307 839 1360 δ.
869 1308 988 1375 Quo
1011 1312 1148 1363 facto
1173 1320 1320 1380 pater
1348 1327 1471 1367 sero
1492 1316 1601 1382 jam
1632 1315 1920 1383 paenitens,

325 1408 503 1463 super
523 1400 751 1454 cadaver
780 1403 1024 1456 exanime
1050 1418 1213 1457 ruens
1239 1445 1255 1469 ,
1307 1403 1435 1459 ﬂere
1463 1407 1624 1474 erepit
1652 1407 1924 1460 amarissi-

326 1505 442 1541 me.
487 1490 564 1543 Ad
597 1507 757 1561 quem
789 1508 951 1547 senex
982 1494 1196 1563 quidam
1228 1497 1305 1551 sic
1331 1498 1532 1551 dixisse
1576 1499 1743 1553 fertur
1771 1518 1783 1551 :
1819 1499 1916 1567 Te,

324 1580 544 1650 inquit,
577 1584 770 1654 plange
797 1586 1032 1651 amodo,
1083 1590 1169 1657 qui
1214 1605 1308 1657 per
1356 1592 1635 1645 consilium
1690 1608 1916 1661 nequam

323 1672 505 1724 factus
531 1688 590 1726 es
636 1675 893 1731 parricida
923 1679 1252 1733 saevissimus
1280 1696 1293 1745 ;
1326 1695 1444 1733 natu
1480 1682 1619 1735 hunc
1650 1684 1739 1751 qui
1766 1684 1918 1737 inno-

2035 499 2381 567 Sigimundus
2409 518 2534 557 vero
2563 503 2688 558 dum
2722 505 2785 557 ad
2831 520 3046 561 sanctos
3087 511 3338 578 Agaunos
3373 510 3392 550 ί
3428 514 3627 582 fugere

2032 590 2239 655 nititur,
2291 607 2320 644 a
2360 593 2715 650 Chloilotnere
2756 609 2942 669 captus
2998 614 3121 653 cum
3170 617 3337 657 uxore
3384 615 3439 660 et
3490 606 3615 661 filiis

2030 682 2271 749 captivus
2302 685 2600 753 abducitur,
2648 692 2808 756 atque
2856 688 2989 742 infra
3041 692 3326 745 terminum
3370 694 3616 749 Aurelia-

2030 774 2209 827 nensis
2253 775 2403 828 urbis
2457 775 2509 829 iit
2550 779 2791 831 custodia
2840 781 3063 847 positus,
3094 782 3382 837 detinetur.
3426 784 3594 839 Disce-

2030 864 2383 934 dentibiisque
2414 867 2495 920 his
2527 870 2773 937 regibus,
2807 870 3141 927 Godontarus
3171 875 3457 944 resumptis
3485 876 3613 931 viri-

2031 956 2147 1020 bus,
2167 957 2799 1028 Burgundionescolligit,
2822 977 3153 1031 regnumque
3170 965 3382 1033 recipit.
3403 966 3610 1021 Contra

2028 1062 2183 1113 quem
2217 1048 2588 1101 Clilodomcris
2635 1050 2829 1103 iterum
2877 1051 2955 1105 ire
2985 1052 3306 1121 disponens,
3337 1055 3609 1125 Sigimun-

2027 1141 2150 1192 dum
2171 1142 2471 1193 interﬁcere
2493 1140 2811 1196 destinavit:
2838 1144 2925 1197 cui
2961 1158 2989 1196 a
3022 1144 3177 1199 beato
3229 1150 3385 1200 Avuo
3412 1147 3615 1209 abbate

2028 1230 2340 1284 Miciacettse
2357 1240 2402 1295 Β,
2434 1247 2625 1301 magno
2658 1243 2784 1287 tunc
2810 1236 3062 1300 temporis
3087 1237 3383 1302 sacerdote,
3408 1239 3605 1293 dictum

2025 1329 2106 1373 est
2132 1339 2145 1374 :
2179 1323 2254 1386 Si,
2290 1320 2497 1391 inquit,
2528 1325 3007 1391 respiciens-Deum
3029 1368 3045 1393 ,
3078 1329 3453 1384 emendaveris
3477 1344 3608 1384 con-

2024 1410 2197 1464 silium
2230 1421 2373 1465 tttuin
2402 1455 2416 1477 ,
2463 1424 2518 1467 ut
2564 1414 2661 1468 hos
2694 1416 2939 1471 homines
2962 1418 3188 1473 interﬁci
3223 1434 3325 1473 non
3361 1421 3603 1489 patiaris.

2023 1503 2125 1557 erit
2160 1502 2296 1556 Deus
2332 1512 2505 1557 tecum
2534 1549 2548 1571 ,
2599 1514 2653 1558 et
2692 1506 2879 1560 abiens
2910 1507 3191 1562 victoriam
3221 1510 3526 1577 obtinebis;
3558 1513 3605 1567 si

2024 1610 2149 1649 vero
2180 1610 2276 1648 eos
2320 1597 2625 1660 occideris,
2681 1607 2735 1651 tu
2764 1597 2879 1665 ipse
2924 1601 2975 1652 in
3029 1615 3217 1655 manus
3269 1603 3603 1658 inimicorum

2029 1687 2278 1753 traditus,
2312 1687 2472 1740 simili
2502 1702 2647 1743 sorze
2692 1671 2892 1757 peribis
2921 1707 2933 1741 :
2968 1692 3163 1761 lietque
3213 1693 3305 1747 tibi
3345 1695 3604 1763 uxorique

318 1780 461 1817 cens
481 1765 754 1835 jitgulatus
781 1777 862 1822 est
888 1809 903 1833 ,
942 1784 1304 1825 necessarium
1339 1788 1443 1827 non
1477 1786 1558 1829 est
1588 1775 1785 1843 plangi.
1827 1776 1914 1830 Ni-
1953 1779 1990 1833 fl
2021 1790 2072 1832 et
2100 1780 2222 1833 libis
2274 1780 2377 1833 tuis
2401 1825 2416 1846 ,
2450 1782 2591 1848 quod
2642 1783 2834 1837 feceris
2865 1784 3177 1854 Sigimundo
3214 1796 3269 1841 et
3307 1788 3516 1857 conjugi
3540 1806 3603 1843 ac

322 1860 619 1911 hilominus
670 1859 760 1913 ille
804 1861 873 1915 ad
922 1874 1139 1918 sanctos
1179 1864 1527 1933 Agatitienses
1566 1869 1751 1922 abiens
1776 1908 1790 1932 ,
1824 1885 1916 1936 per

319 1952 527 2005 inultos
558 1952 673 2006 dies
700 1952 904 2007 inﬂetu
949 1964 1002 2007 et
1044 1954 1256 2024 iejttniis
1300 1958 1525 2021 durans,
1556 1962 1765 2015 veniant
1797 1978 1917 2030 pre-

318 2044 570 2097 cabatur.
618 2044 961 2099 Psallentium
990 2056 1013 2085 °
1039 2048 1106 2101 ibi
1130 2050 1403 2103 assiduum
1434 2052 1739 2118 instituens,
1773 2053 1915 2122 Lug-

310 2135 475 2189 dono
524 2149 799 2204 regressus
853 2147 968 2201 est,
1044 2140 1247 2195 ultione
1308 2142 1490 2195 divina
1558 2145 1625 2198 de
1690 2146 1915 2214 vestigio

317 2248 449 2286 eum
499 2246 879 2316 prosequente.
921 2234 1089 2305 llujus
1137 2236 1299 2290 liliatn
1342 2232 1371 2273 (ί
1420 2253 1513 2291 rex
1545 2237 1915 2294 Theudoricus

317 2339 452 2377 acce
460 2327 553 2393 pit.

402 2414 491 2469 Vl.
532 2416 923 2471 Clirotechiltlis
950 2431 1077 2472 vero
1100 2418 1281 2488 regina
1311 2416 1746 2482 Cltlodomerem.
1776 2419 1859 2474 vel
1886 2429 1910 2457 ε

315 2508 565 2577 reliquos
596 2507 732 2562 filios
763 2524 890 2563 suos
921 2509 1233 2579 alloquitur,
1261 2510 1448 2566 dieens
1476 2530 1487 2564 :
1532 2511 1646 2566 Noo
1680 2528 1764 2567 me
1801 2528 1914 2581 pm-

318 2602 518 2666 niieat,
547 2601 852 2655 charissimi
879 2647 893 2668 ,
947 2618 1042 2658 vos
1083 2603 1311 2659 dulciter
1333 2603 1635 2659 enutrisse:
1667 2605 1911 2675 indigna-

316 2697 480 2763 ttiitii,
510 2712 725 2766 quaeso,
760 2696 1010 2766 iujuriant
1045 2713 1217 2754 meam
1247 2739 1262 2763 ,
1304 2708 1359 2754 et
1400 2702 1569 2768 patris
1617 2701 1913 2769 matrisque

317 2806 463 2844 mea:
494 2800 721 2843 mortem
774 2791 949 2859 Sagaci
999 2790 1177 2843 studio
1229 2790 1512 2845 vindicate.
1565 2790 1691 2844 Haec
1716 2791 1789 2845 illi
1816 2807 1915 2844 au-‘

318 2884 539 2937 dientes
568 2924 583 2948 ,
617 2881 952 2953 Bttrgundias
998 2891 1228 2950 petunt,
1272 2893 1324 2937 et
1375 2892 1558 2937 contra
1595 2885 1752 2955 109
1773 2883 1911 2954 Sigi-

318 2974 583 3031 riiunduat
610 2986 664 3030 et
706 2974 922 3029 fratrem
971 2974 1087 3044 ejus
1117 2975 1476 3029 Godomarttm
1507 2974 1744 3044 dirigunt
1769 2992 1784 3029 :
1814 2973 1911 3031 de-

2026 1870 2207 1925 liberis
2238 1871 2372 1939 ejus.
2417 1872 2522 1926 Sed
2554 1873 2639 1925 ille
2665 1876 2964 1929 auscultare
2994 1877 3293 1943 (ἰθεμὶυἱθηδ
3321 1880 3600 1932 consilium

2022 1964 2158 2028 i-jus,
2190 1964 2304 2017 ait:
2337 1965 2568 2018 Stultum
2606 1967 2749 2020 enim
2782 1968 3062 2023 consilium
3102 1985 3222 2024 esse
3254 1983 3399 2039 puto,
3430 1981 3486 2025 ut
3516 1975 3602 2026 in.-

2022 2054 2172 2107 inicis
2202 2053 2344 2107 domi
2395 2055 2592 2109 relictis
2614 2098 2628 2119 ,
2685 2066 2869 2111 c0utra
2914 2059 3146 2127 reliquos
3174 2077 3290 2116 eam
3318 2080 3333 2127 ;
3360 2063 3546 2130 eisque
3570 2081 3601 2118 a

2023 2158 2191 2214 tergo,
2223 2146 2323 2201 hoc
2353 2163 2382 2201 a
2413 2149 2585 2203 fronte
2614 2157 2865 2217 surgente
2885 2192 2900 2216 ,
2932 2151 3069 2206 inter
3091 2152 3224 2208 duos
3248 2155 3477 2209 hostium
3500 2172 3598 2210 cu-

2021 2252 2149 2292 neos
2178 2253 2350 2292 ruam.
2395 2239 2572 2293 Satius
2594 2241 2734 2293 enim
2778 2250 2833 2294 ct
2879 2242 3084 2303 facilius
3111 2245 3331 2297 victoria
3366 2248 3598 2313 patrabi-

1964 2356 1969 2365 ι
2020 2340 2126 2393 tur,
2158 2330 2201 2382 si
2234 2343 2369 2384 unus
2394 2331 2462 2385 ab
2488 2330 2593 2384 alio
2624 2340 2941 2397 separetur:
2972 2347 3077 2401 quo
3109 2335 3418 2400 interfecto,
3446 2336 3600 2391 facile

2016 2432 2068 2475 et
2090 2422 2226 2476 alius
2259 2424 2415 2476 morti
2447 2422 2639 2492 poterit
2668 2424 2949 2477 destinari.
2991 2425 3287 2496 Statimque
3315 2430 3596 2483 inferl'ecto

2018 2514 2331 2583 Sigimundo
2374 2529 2493 2568 cum
2532 2528 2701 2569 uxiire
2750 2525 2804 2568 et
2858 2517 3001 2581 filiis,
3046 2520 3188 2587 apud
3221 2519 3537 2574 Coluutnam
3567 2519 3593 2556 ιι

2016 2608 2417 2661 Aurelianensis
2449 2610 2595 2663 uibis
2644 2609 2816 2663 victim
2844 2650 2858 2674 ,
2907 2610 2957 2664 in
2995 2622 3206 2677 puteum
3231 2612 3419 2678 jactari
3452 2628 3603 2679 pra:-

2015 2700 2585 2769 cipiens,Burgttttdias
2608 2704 2776 2771 petiit,
2796 2718 2993 2757 vocans
3023 2705 3074 2759 in
3101 2705 3350 2758 solatium
3381 2702 3394 2740 ί
3424 2705 3593 2758 Theu-

2014 2791 2251 2845 dericum
2290 2794 2446 2864 110
2471 2808 2668 2862 regem.
2711 2794 2803 2847 llle
2830 2804 3004 2848 autem
3036 2796 3282 2863 injuriant
3314 2796 3486 2850 soceri
3510 2797 3601 2855 sui

2012 2887 2285 2941 vindicare
2329 2890 2517 2943 nolens
2561 2890 2576 2939 l
2615 2928 2629 2954 ,
2681 2888 2758 2944 ire
2803 2890 3063 2953 promisit.
3122 2891 3360 2957 Cumque
3389 2890 3605 2957 pariter.

2011 2978 2148 3047 apud
2180 2977 2473 3033 Virontiam
2497 2976 2522 3016 ¹ί
2564 2979 2737 3034 locum
2780 2980 2925 3033 urbis
2959 2978 3272 3033 Viennensis
3320 2977 3599 3049 conjuncti

406 3163 438 3193 ³
474 3152 637 3217 είὶίιί,
668 3152 855 3221 lorum,
901 3152 997 3207 sed
1045 3152 1320 3225 retinenda
1351 3168 1453 3207 vox
1495 3154 1720 3206 orarium
1742 3194 1757 3220 ,
1788 3170 1903 3223 qua:

2016 3155 2215 3209 scilicet
2243 3155 2592 3216 Aviti.sancto
2624 3155 2929 3216 Maximino,
2958 3155 3146 3208 dicitur
3166 3155 3601 3225 Saint-lillesminp

323 3224 456 3279 licet
492 3225 664 3278 varias
699 3235 952 3277 sortiatur
981 3222 1400 3291 signiﬁcationes
1423 3265 1437 3288 ,
1485 3226 1697 3292 proprie
1729 3222 1905 3279 tamen

322 3314 426 3365 pro
458 3295 620 3347 linteo
646 3296 873 3363 quodam
904 3297 1154 3365 oblongo,
1203 3311 1251 3365 iit
1288 3295 1470 3348 fasciaa
1501 3299 1714 3348 modum
1743 3296 1904 3349 effor-

319 3364 499 3428 ttiato,
525 3365 686 3417 etiam
732 3366 978 3418 sumitur.
1034 3364 1163 3417 Vide
1210 3364 1393 3434 Czingii
1428 3364 1791 3433 Glossarium,
1820 3378 1909 3420 aut

316 3439 476 3491 card.
512 3436 652 3487 Bona
686 3438 751 3487 de
780 3435 938 3487 rebus
968 3434 1168 3500 Lilttt‘g.
1196 3435 1288 3488 lib.
1324 3452 1356 3500 I,
1383 3451 1499 3501 cap.
1532 3437 1621 3488 24.

395 3505 424 3544 ι’
469 3507 531 3558 Et
564 3506 646 3558 hic
683 3506 810 3558 editi
838 3544 853 3567 ,
899 3505 1180 3572 stt/foratus
1221 3518 1328 3570 est;
1372 3508 1512 3573 quod
1563 3506 1906 3571 Vocabulum,

317 3580 421 3633 etsi
466 3576 600 3629 forte
631 3576 796 3644 magis
817 3584 993 3642 aptum
1014 3576 1091 3627 rei
1121 3576 1505 3644 sigttiftcattdtn,
1539 3576 1707 3629 rarius
1732 3587 1910 3637 tamen

320 3647 562 3702 occurrit
592 3646 643 3699 iii
676 3645 879 3714 sequioi
895 3646 939 3698 is
967 3645 1063 3699 aevi
1099 3648 1426 3699 aut-toribus.
1470 3647 1688 3701 Occisus
1719 3659 1800 3711 est
1841 3664 1901 3701 ex

322 3717 796 3839 blariéatlhronico,
831 3715 1127 3770 Simmacho
1156 3726 1201 3770 et
1233 3714 1413 3770 Boctio
1434 3734 1590 3771 coss..
1624 3718 1673 3772 id
1704 3731 1784 3772 est
1815 3733 1911 3771 att-

322 3805 395 3839 ιιυ
416 3810 449 3839 ἱ)
528 3827 543 3839 .

321 3805 395 3843 ιιι)
416 3805 543 3843 οΖΖ.

402 3869 425 3895 ε
468 3858 598 3928 ἣτις.
618 3867 672 3913 et
698 3858 909 3921 Begm.,
936 3855 1272 3913 Psallentium
1296 3858 1366 3911 ibi
1388 3859 1597 3911 chorum
1618 3859 1908 3924 assiduum,

318 3931 468 3998 quod
502 3943 659 3983 etiam
692 3932 744 3982 in
773 3929 927 3983 Coll).
957 3930 1187 3985 srcuttda
1221 3944 1381 3982 manu
1424 3929 1663 3982 additum
1696 3930 1778 3999 leg
1804 3940 1907 3983 tur.

320 4001 514 4053 Melior
542 4011 714 4054 tamen
761 4010 843 4055 est
884 4000 1108 4053 aliorutn
1149 4013 1303 4063 mss.;
1333 4010 1386 4052 et
1412 4000 1543 4053 edit.
1572 4001 1748 4053 lectio.
1801 4000 1909 4055 Hoc

318 4086 501 4124 autem
529 4071 644 4122 loco
668 4073 845 4138 iugem
873 4070 962 4123 diu
995 4079 1260 4138 noctuque
1285 4072 1634 4138 psalmodiam
1663 4070 1713 4121 in
1734 4072 1910 4136 Agau-

319 4142 475 4194 ttcnsi
507 4141 744 4195 Ecclesia
771 4140 1066 4194 institutam
1094 4141 1364 4207 designari
1392 4142 1627 4206 pluribus
1650 4140 1908 4194 adversus

318 4210 591 4265 Cointinm
639 4214 826 4278 prule
872 4221 1056 4265 noster
1098 4211 1430 4265 Mabiilonius
1482 4211 1535 4264 in
1584 4212 1790 4279 praefat.
1824 4227 1910 4268 se-

317 4282 497 4335 cunda
527 4284 590 4333 ad
623 4284 758 4335 Sate.
792 4297 843 4335 tv
875 4281 1299 4335 Benediistinutn.

394 4352 423 4387 ἀ
465 4353 588 4405 llaec
624 4350 722 4405 ftiit
751 4352 1107 4421 Suavegotta,
1138 4352 1335 4421 deAqua
1371 4351 1711 4406 Frodoardus
1741 4352 1834 4404 lib.
1869 4367 1905 4404 tt

324 4421 529 4476 ll:stor.
569 4424 903 4477 libetnettsts.
940 4419 1109 4477 'Vide'
1141 4419 1281 4476 infra
1328 4431 1480 4477 notas
1526 4423 1593 4476 ad
1640 4431 1797 4491 caput
1835 4421 1906 4477 26

317 4495 414 4547 lib.
452 4509 524 4545 tv.

396 4575 420 4600 ε
463 4564 554 4619 Sic
601 4562 762 4618 Corb.
808 4572 861 4618 et
912 4561 1054 4627 Bel.;
1110 4561 1197 4616 alii
1241 4572 1307 4624 et,
1357 4561 1496 4631 quod
1545 4562 1766 4631 perinde
1794 4570 1897 4617 est.

318 4633 486 4689 [idem
515 4635 673 4687 codd.
706 4634 925 4699 habent,
959 4634 1216 4703 indignare
1247 4648 1340 4700 pro
1367 4634 1732 4703 indignumini.

400 4706 414 4743 ί
462 4706 550 4758 Sic
572 4720 757 4758 omnes
789 4719 944 4770 mss.;
966 4704 1186 4765 Chean
1210 4714 1410 4757 sanctos
1428 4707 1775 4773 Agiittnenses;
1799 4716 1901 4755 ca:-

320 4778 420 4832 tcri
454 4778 565 4839 cd.,
589 4776 750 4828 saltus
770 4774 1028 4843 Agaunos.
1065 4774 1247 4828 liefert
1277 4772 1500 4840 Marius,
1528 4772 1758 4827 Maximo
1774 4790 1895 4827 con-

315 4849 448 4910 sule,
480 4846 529 4898 id
555 4855 633 4898 est
660 4860 801 4899 anno
829 4843 965 4909 5'25,
1000 4844 1401 4910 Sigisutuudum
1437 4860 1530 4912 per
1564 4844 1897 4913 Burgundio-

317 4935 415 4970 ltrs
445 4916 665 4970 Francis
710 4915 958 4970 traditum
987 4914 1148 4968 fuisse
1167 4955 1183 4979 ,
1206 4928 1266 4968 ac
1299 4914 1352 4967 in
1382 4916 1560 4969 habitu
1589 4914 1903 4969 monachali

320 4989 375 5043 in
424 4988 700 5040 l’ranciatn
750 4987 1090 5053 perductum;
1124 5000 1263 5038 anno
1301 4999 1475 5039 auem
1518 4988 1759 5052 sequenti
1802 4983 1898 5037 Go-

322 5060 603 5109 tiomarum
634 5056 853 5110 fratrem
887 5056 985 5124 ipsi
1018 5061 1369 5115 successisse.
1398 5070 1460 5109 ac
1484 5057 1894 5108 Chlodomeretn

324 5132 491 5183 fuisse
524 5123 1127 5181 interfectum.’tLoiifer
1157 5136 1320 5179 vitam
1364 5127 1422 5180 S.
1456 5126 1781 5195 Sigismuiidt
1816 5137 1897 5179 to-

310 5216 403 5253 tuo
426 5202 442 5252 l
469 5198 591 5253 Matii
626 5196 971 5250 liollattdiani.

388 5282 410 5315 ε
456 5271 556 5323 Ed.
590 5270 870 5332 mendosef
900 5267 1250 5329 Nutirtceitse;
1284 5282 1414 5322 mss.
1448 5267 1621 5320 locum
1660 5281 1762 5319 non
1804 5282 1898 5319 ex-

310 5351 575 5409 primunt,
623 5344 718 5393 sed
752 5340 973 5401 habent,
1014 5338 1183 5401 Avito,
1215 5338 1437 5409 aliquot,
1470 5338 1684 5407 Adjtito,
1718 5337 1897 5389 abbate

308 5408 521 5477 rintgno.
538 5410 852 5479 Anonymtts
874 5412 960 5476 qui
980 5420 1124 5478 gesta
1162 5424 1346 5479 regunt
1366 5408 1552 5461 Frane.
1574 5410 1780 5473 scripsit
1798 5412 1901 5460 sub

306 5479 655 5534 Theoderico
686 5483 799 5533 haec
826 5481 1002 5542 habet,
1035 5495 1150 5545 cap.
1170 5479 1277 5532 ‘20:
1313 5479 1498 5531 Beatus
1514 5479 1894 5541 ainemArt'ttis,

304 5550 525 5622 φύεται
555 5562 677 5602 tunc
698 5552 774 5603 vir
803 5560 1026 5611 sanctus,
1049 5550 1203 5601 abbas
1224 5553 1275 5601 in
1300 5550 1650 5622 Aureliancnsi
1680 5550 1897 5609 (ivitate,

303 5620 680 5689 (leprccubatur
728 5622 1136 5684 Citlotloniirttm,
1164 5631 1217 5671 ut
1241 5638 1339 5671 non
1364 5620 1609 5672 occideret
1640 5635 1724 5671 eos
1746 5662 1758 5680 ,
1792 5628 1893 5670 etc.

310 5691 410 5743 ιοδι
437 5700 616 5745 autem
653 5691 925 5744 MlCidClllll
955 5690 1167 5744 abbatia
1198 5691 1426 5744 celebris
1451 5690 1650 5744 ordinis
1702 5692 1890 5751 nostri,

304 5763 469 5833 τηιδο
497 5761 769 5833 Mici,qutc
816 5762 975 5816 etiam
1018 5775 1046 5813 a
1105 5775 1202 5815 suo
1251 5760 1546 5825 cunditet'e,
1614 5761 1894 5816 decessore

2013 3226 2219 3278 duabus
2269 3227 2481 3279 circiter
2544 3227 2706 3279 lcttcis
2748 3228 2812 3277 ab
2844 3226 3205 3278 Attreliattetisi
3231 3220 3601 3295 ttrbetlissiiit,

2013 3312 2169 3363 quam
2188 3297 2341 3350 hodie
2358 3298 2632 3351 Fulienses
2644 3301 2985 3363 occupant.S.
3002 3298 3136 3348 Aviti
3156 3298 3343 3349 festum
3358 3300 3585 3349 celebra-

2015 3377 2101 3419 tur
2127 3368 2212 3420 die
2246 3369 2305 3419 Π
2335 3367 2497 3434 Junii,
2526 3383 2630 3435 quo
2652 3370 2765 3431 ejus
2795 3366 2905 3419 Vita
2934 3367 3069 3433 apud
3100 3367 3309 3419 Stirittm
3344 3370 3599 3420 habetur.

2084 3435 2111 3473 ιι
2154 3437 2278 3492 Cas.
2310 3448 2363 3491 et
2394 3437 2579 3507 Regni.
2610 3452 2728 3490 cum
2764 3436 2913 3498 Bad.,
2946 3437 3175 3493 Colonia.
3207 3436 3300 3489 llic
3321 3436 3585 3490 Columet.

2012 3510 2139 3572 lant,
2165 3510 2324 3577 vulgo
2354 3507 2664 3571 Coloumelle
2686 3546 2702 3572 ,
2747 3517 2841 3560 aut
2887 3516 3031 3559 certe
3054 3507 3232 3577 vicum
3259 3508 3306 3561 ei
3340 3510 3586 3577 vicinum,

2011 3579 2169 3646 vulgo
2202 3576 2486 3632 Cottlmiers
2525 3580 2757 3645 dictum,
2799 3576 3061 3643 designari
3111 3592 3178 3644 pii
3205 3587 3314 3629 ant.
3366 3576 3597 3645 Utrique

2011 3650 2150 3710 vico,
2181 3650 2254 3702 uti
2284 3654 2535 3703 observat
2559 3648 2805 3701 Valesius
2840 3647 2889 3699 iu
2917 3646 3133 3711 Notitia,
3167 3648 3374 3699 vit-inus
3403 3658 3480 3700 est
3510 3657 3585 3700 ειν-ο

2011 3734 2106 3772 eus
2143 3718 2194 3771 iii
2242 3720 2506 3773 veteribus
2552 3719 2750 3773 chartis
2787 3718 2983 3789 dictus“
3006 3715 3195 3789 Putatis
3222 3719 3383 3769 sancti
3417 3717 3623 3789 ASigt's-g

2012 3791 2186 3842 mundi
2210 3831 2225 3853 ,
2273 3791 2558 3844 vernaculo
2600 3789 2853 3842 idiomate
2877 3829 2892 3851 ,
2947 3787 3425 3855 Sitittt-Sigistttond
3450 3828 3466 3853 ,
3497 3796 3597 3845 aut

2014 3860 2382 3913 contrahendo
2414 3859 2831 3914 Saint-Simond.
2860 3859 3232 3926 Sigismundus
3262 3872 3452 3926 nempe
3480 3873 3585 3909 non

2010 3931 2179 3982 solum
2237 3931 2377 3983 intt-r
2419 3930 2755 3997 confessurus
2796 3930 3023 3992 colitur,
3072 3925 3167 3980 sed
3219 3925 3398 3980 etiam
3440 3928 3578 3981 inter

2011 4010 2272 4069 martyres
2296 4001 2467 4053 locum
2507 4001 2753 4063 obtinuit,
2786 4015 2881 4065 pro
2905 3997 3113 4069 illorum
3146 4008 3578 4069 tetnporttmnto-

2010 4085 2098 4134 re,
2130 4067 2322 4137 quibus
2358 4071 2592 4134 innocui,
2620 4067 3059 4138 quacumquede
3096 4080 3258 4120 causa
3286 4068 3574 4129 interfecti.

2013 4136 2275 4210 martyres
2297 4136 2715 4210 appellabantur.
2751 4141 2909 4210 Dicm
2929 4136 3045 4210 ejus
3075 4138 3267 4210 festum
3288 4148 3455 4210 etiam
3486 4153 3595 4210 ve-A,

2014 4206 2235 4262 tustiOra
2285 4206 2656 4281 Martyrologia
2705 4206 3104 4281 kalendis’Mait
3157 4206 3473 4281 celebrant;
3517 4208 3583 4261 ait

2010 4295 2169 4347 quam
2194 4281 2330 4333 diem
2362 4275 2477 4349 ejus
2511 4275 2622 4332 Vita
2656 4296 2684 4333 a
2721 4279 2809 4332 Bol
2834 4278 3076 4349 andianis
3106 4275 3246 4330 edita
3285 4287 3385 4349 est.
3421 4276 3597 4349 litt-tt

2014 4344 2107 4419 lilii
2151 4350 2313 4419 ipsius
2340 4392 2355 4415 ,
2391 4344 2569 4403 'sintul-
2608 4365 2728 4403 cum
2779 4349 2868 4401 illo
2914 4348 3172 4401 interfecti
3225 4347 3362 4413 apud
3412 4344 3580 4410 Belia,

2014 4417 2285 4473 Gisclailus
2318 4431 2373 4475 et
2402 4420 2796 4475 Guudcbztudtis
2825 4420 3187 4486 appellauur;
3218 4431 3445 4484 quorum
3463 4432 3579 4468 cor-

2014 4507 2139 4557 pora
2192 4492 2416 4545 tiienuio
2449 4506 2565 4558 post
2586 4506 2767 4545 eorum
2790 4504 2971 4542 necem
3008 4487 3581 4558 VetterandusAgauni

2010 4554 2197 4623 abbas,
2230 4554 2498 4615 aiitittenie
2526 4562 2567 4614 Τ
2573 4562 2895 4612 licntteherto
2926 4572 3067 4624 rege,
3098 4559 3264 4609 levata
3298 4554 3365 4607 atl
3402 4572 3580 4624 mona-

2010 4634 2230 4685 sterium
2262 4647 2415 4685 suum
2441 4631 2685 4684 tranferri
2717 4630 2938 4681 curavit.
2974 4628 3104 4680 Vide
3126 4629 3216 4679 lib.
3253 4640 3266 4677 ι
3299 4627 3366 4679 de
3403 4623 3597 4682 Gloria:

2011 4702 2189 4765 Mart.,
2218 4715 2336 4769 cap.
2369 4700 2459 4754 75.
2493 4699 2814 4768 Sigismundi
2846 4712 3026 4769 necem
3048 4738 3062 4761 ,
3094 4696 3596 4769 dilazimocousuleh

2008 4772 2060 4825 id
2089 4781 2173 4827 est
2200 4767 2339 4827 anno
2364 4769 2490 4840 525,
2538 4767 2824 4841 contigisse
2862 4768 3048 4823 scribit
3089 4768 3285 4823 Marius
3326 4767 3382 4823 in
3413 4767 3578 4822 ειη-οε

2004 4857 2144 4897 11160.

2083 4910 2099 4950 ί
2147 4913 2307 4977 Editi,
2337 4912 2612 4984 suppetias,
2637 4920 2686 4965 et
2714 4912 2795 4984 sie
2817 4911 3032 4980 passim.

2080 4984 2094 5032 i
2143 4986 2231 5037 Sic
2264 4978 2668 5047 liel.;"caeteri,
2716 4978 2920 5045 volam,
2979 4981 3071 5034 si-d
3120 4981 3392 5035 mcndose.
3444 4978 3591 5034 Νίκης
3656 5026 3662 5031 .

2004 5054 2369 5108 Theudoricus
2390 5055 2728 5108 Cll‘bthlltCl‘i
2761 5053 3031 5120 suppetias
3059 5055 3334 5119 pollicens,
3365 5052 3579 5103 nolebat

2005 5127 2272 5179 vindicare
2319 5127 2487 5179 Soceri
2520 5126 2602 5180 sui
2651 5135 2892 5177 mortem.
2942 5126 3033 5191 Sig
3056 5122 3267 5174 sinundi
3296 5123 3492 5189 quippe
3522 5122 3585 5174 ti-.

2003 5195 2127 5247 liaut
2171 5197 2395 5249 duxerat
2441 5212 2678 5248 uxorein.
2731 5192 3101 5261 Fredegattus.
3132 5200 3573 5261 lailltUllicpllOlU.

2000 5280 2117 5325 cap.
2151 5266 2216 5316 56
2245 5266 2433 5334 legisse
2458 5268 2663 5317 videtur
2691 5265 2881 5328 volens,
2908 5260 3039 5315 cum,
3064 5260 3573 5334 εςίιλϐιιιυόᾳηιρωῃι

2000 5351 2028 5387 a
2058 5330 2390 5390 Theoderico
2423 5338 2583 5389 fuisse
2605 5339 2910 5401 tleceprutn,
2941 5332 3090 5399 quasi
3126 5330 3216 5383 ille
3245 5331 3426 5398 copias
3456 5332 3573 5399 qui-

2000 5404 2123 5457 dem
2153 5408 2374 5466 ntiserit.
2406 5410 2497 5459 sed
2520 5423 2637 5473 qua:
2666 5407 2802 5459 inter
2829 5403 3171 5472 prailiaudtim
3192 5416 3313 5455 sese
3340 5404 3583 5472 Burgum.

2003 5476 2252 5529 diuitibus
2278 5475 2632 5545 adjnuxerint.

2074 5545 2097 5581 ι
2140 5548 2228 5600 Sic
2259 5541 2416 5600 Corb.
2442 5557 2495 5598 et
2526 5547 2679 5606 ΒΑΚ,
2711 5558 2865 5611 quem
2901 5544 3070 5595 locum
3103 5542 3344 5596 Lahbetts
3383 5541 3582 5596 Voirun.

2000 5614 2052 5668 in
2097 5616 2357 5669 Detlinattt
2403 5618 2802 5681 interpremtur.
2859 5614 3015 5677 Bec.,
3059 5613 3431 5679 Visorom'tom;
3468 5628 3571 5666 can.-

1998 5688 2092 5738 teri
2125 5695 2512 5739 atitcmniss.ct
2536 5684 2663 5738 editi
2692 5684 2889 5737 habent
2924 5683 3452 5749 Visoromiam,quettt
3473 5683 3577 5732 Vas

1998 5758 2157 5812 lcsius
2188 5757 2236 5812 iii
2268 5758 2461 5812 Notitia
2492 5766 2565 5811 ct
2596 5755 2833 5809 Quintius
2878 5767 3066 5823 putant
3113 5771 3234 5810 esse
3277 5752 3575 5806 Varronec.
