4008 6184
514 283 617 343 267

1547 269 1604 328 S.
1642 262 1983 327 GREGORlI
2027 260 2333 320 EPISCOPI
2374 262 2805 321 TURONENSIS

3696 275 3793 332 248

517 394 1247 467 fulssent,cumGodomat-o
1282 390 1595 461 conﬂigunt.
1648 386 1890 453 Cumque
1917 380 2097 438 Godo-
2130 385 2347 439 Arium
2402 385 2622 439 fratrem
2669 402 2822 443 suum
2849 431 2864 455 ,
2919 399 2975 446 et
3032 391 3471 449 Tlieudebertum
3521 395 3690 451 ﬁlium
3737 400 3789 453 in

515 513 697 554 martis
724 509 844 551 cum
873 489 1120 549 exercitu
1154 496 1300 558 terga
1323 486 1572 541 vertisset
1591 499 1619 548 ,’
1636 491 1691 537 et
1734 477 2106 536 Cldodomeris

518 594 912 659 insequeretur,
944 598 1006 639 ac
1032 583 1099 638 de
1121 583 1233 636 suis
1262 595 1367 635 non
1408 577 1621 633 modico
1666 574 1842 644 spatio
1889 573 2106 641 elonga-

515 694 601 737 tus
637 690 798 745 esset,
835 676 1197 733 assimilantes
1226 675 1301 729 illi
1328 674 1536 743 signum
1565 672 1704 740 ejus,
1728 668 1858 723 dant
1885 666 1950 721 ad
1980 679 2103 720 eum

518 787 703 835 voces,
728 770 969 824 dicentes
997 785 1011 822 :
1066 767 1179 821 Iluc
1209 766 1311 819 huc
1350 770 1699 829 convertere,
1734 759 1809 813 tui
1838 757 1981 811 enim
2013 770 2103 810 su-

518 878 655 916 mus.
698 861 763 914 At
815 861 903 914 ille
948 857 1211 922 credens,
1242 855 1412 918 abiit,
1463 851 1722 920 irruitque
1764 851 1816 903 in
1868 847 2103 903 medium

519 955 860 1009 inimicorum
887 967 1141 1017 suorum,
1167 949 1318 1020 cujus
1338 953 1666 1016 amputatum
1695 951 1871 1011 caput,
1896 950 1946 997 et
1973 954 2102 996 con-

521 1062 575 1104 to
604 1048 858 1114 defixum,
886 1047 1100 1101 elevant
1118 1043 1170 1097 in
1197 1042 1456 1105 sublime;
1483 1040 1622 1109 quod
1657 1036 1845 1091 Franci
1876 1047 2101 1089 cernen-

521 1150 627 1205 tes,
660 1150 822 1207 atque
856 1144 1239 1206 cognoscentes
1279 1132 1686 1189 Chlodomerem
1731 1126 2095 1190 interfectum,

513 1233 779 1300 reparatis
804 1229 1007 1285 viribus
1037 1228 1401 1284 Godomarum
1430 1223 1657 1295 fugant,
1691 1218 2099 1289 Burgundiones

512 1324 853 1395 Opprimunt,
890 1322 1222 1391 patriamque
1269 1318 1323 1373 in
1369 1331 1517 1371 suam
1569 1313 1817 1383 redigunt
1860 1318 2098 1380 potesza-

511 1427 644 1473 tem.
686 1415 795 1470 Nec
821 1428 969 1469 mora
998 1409 1448 1469 Chlothacharius
1480 1421 1698 1462 uxorem
1718 1401 1970 1473 germani
1992 1401 2095 1467 sui,

513 1507 885 1564 Guntheucam
916 1506 1153 1569 nomine,
1185 1502 1286 1558 sibi
1313 1500 1366 1555 in
1398 1498 1799 1555 matrimonium
1831 1495 2093 1552 sociavit:

511 1601 650 1655 ﬁlios
681 1614 892 1670 quoque
918 1596 1036 1667 ejus
1075 1594 1466 1653 Chrotech‘ldis
1509 1593 1689 1662 regina
1714 1634 1729 1654 ,
1759 1588 1959 1646 exactis
1981 1587 2098 1643 die-

510 1693 607 1748 bus
652 1692 858 1759 lactus,
916 1705 1097 1745 secum
1139 1687 1345 1756 recepit
1381 1700 1445 1741 ac
1471 1686 1928 1753 tenuitzquorum
1956 1694 2093 1735 unus

2212 475 2461 530 solatium
2509 492 2832 547 assumens,
2892 496 3016 545 cum
3055 484 3296 541 exercitu
3341 486 3495 544 abiit.
3537 486 3790 561 Thoringi

2212 580 2342 621 vero
2368 570 2708 633 venientibus
2735 574 2958 630 Francis
2989 575 3141 631 dolos
3168 588 3492 648 praeparant.
3524 580 3581 635 In
3611 596 3791 653 campo

2210 656 2376 723 enim,
2406 659 2458 712 in
2486 676 2592 728 quo
2619 672 2890 719 certamen
2919 666 3001 734 agi
3031 665 3278 734 debebat,
3298 668 3472 724 fossas
3501 670 3787 728 ell'odiunt:

2210 761 2431 814 quarunt
2464 764 2582 815 ora,
2615 765 2801 821 operta
2839 755 3007 811 denso
3042 758 3276 825 cespite,
3328 760 3542 828 planum
3568 764 3788 817 assimu—

2210 835 2319 893 lant
2349 852 2619 909 campum.
2662 842 2716 895 ln
2748 843 2842 898 has
2869 860 2998 914 ergo
3040 847 3227 904 foveas
3266 863 3386 903 eum
3418 865 3657 920 pugnare
3680 867 3788 909 ete-

2211 929 2445 997 pissent,
2478 934 2629 987 multi
2664 932 2993 992 Francorum
3019 940 3228 1009 equites
3253 951 3595 1009 corruerunt,
3616 954 3667 999 et
3696 945 3789 1000 fuit

2205 1021 2289 1076 eis
2330 1023 2483 1078 valde
2514 1024 3017 1092 impedimentum:
3061 1033 3155 1086 sed
3202 1042 3320 1100 post
3360 1034 3629 1102 cognitum
3655 1035 3789 1091 hunc

2206 1113 2385 1169 dolum
2438 1118 2735 1175 observare
2783 1133 3086 1191 cmperunt.
3137 1123 3377 1193 Denique
3419 1142 3542 1180 cum
3572 1142 3632 1182 se
3651 1128 3789 1183 Tho-

2206 1205 2342 1273 ringi
2369 1207 2503 1262 ρωᾱί
2535 1209 2883 1266 vehementer
2909 1212 3152 1268 viderent
3176 1255 3190 1279 ,
3227 1216 3406 1284 fugato
3434 1213 3452 1253 ι
3495 1217 3787 1273 llermene-

2206 1297 2341 1352 lrido
2370 1313 2494 1368 rege
2539 1302 2778 1370 ipsorum
2807 1341 2823 1367 ,
2873 1313 3018 1374 terga
3070 1315 3325 1370 vertunt,
3361 1315 3415 1362 et
3438 1307 3504 1361 ad
3536 1307 3790 1364 Onestru-

2204 1388 2324 1445 dem
2359 1399 2383 1437 It
2412 1390 2629 1446 ﬂuvium
2653 1408 2823 1461 usque
2856 1396 3195 1462 perveniunt.
3240 1396 3421 1466 Ibique
3451 1406 3589 1453 tanta
3614 1398 3788 1457 caedes

2204 1499 2266 1536 ex
2297 1484 2584 1554 Thoringis
2617 1486 2756 1541 facta
2784 1497 2888 1552 eSt,
2915 1498 2966 1541 ut
2993 1488 3177 1544 alveus
3203 1489 3439 1544 [luminis
3467 1490 3787 1547 cadaverum

2203 1575 2451 1644 congerie
2479 1577 2798 1645 repleretur,
2831 1590 2885 1634 et
2912 1578 3125 1653 Franci,
3162 1588 3412 1651 tanquam
3447 1598 3543 1652 per
3571 1596 3786 1652 pontem

2201 1666 2455 1737 aliquem,
2489 1683 2652 1738 super
2681 1685 2777 1726 eos
2807 1671 2856 1725 in
2894 1671 3046 1728 littus
3075 1673 3307 1728 ulterius
3332 1676 3639 1738 transirent.
3689 1676 3789 1731 P.2-

510 1782 990 1850 Theodoualdus“,
1022 1781 1156 1835 alter
1182 1777 1532 1845 Guntharius,
1558 1776 1746 1831 tertius
1770 1773 2085 1830 Chlodoual-

2203 1768 2337 1815 trata
2351 1776 2479 1832 ergo
2495 1762 2720 1818 victoria
2742 1764 3016 1834 regionem
3047 1766 3190 1820 illam
3221 1778 3528 1836 capessunt,
3551 1772 3704 1841 113
3728 1770 3791 1826 in

513 1876 614 1929 dus
644 1874 950 1929 vocabatur.
982 1871 1318 1927 Codomarus
1346 1869 1537 1924 iterum
1569 1881 1792 1937 regnum
1821 1866 2045 1934 recepit.

586 1964 699 2019 VII.
758 1964 885 2018 Post
933 1961 1311 2017 Theudericus
1369 1974 1477 2012 non
1543 1959 1829 2012 immemor
1874 1953 2095 2025 perjurii

516 2053 909 2111 Ilermenefridi
950 2052 1093 2123 regis
1142 2051 1573 2121 Thoringorum,
1619 2047 2092 2104 Chlothacharium

516 2150 739 2203 fratrem
761 2160 917 2201 suum
947 2144 1001 2198 in
1029 2142 1277 2199 solatium
1305 2156 1460 2196 suum
1491 2149 1709 2206 evocat,
1735 2148 1791 2195 et
1811 2139 2092 2194 adversum

517 2253 639 2293 eum
686 2238 765 2293 ire
810 2236 1086 2305 disponit,
1149 2233 1470 2304 promittens
1517 2230 1629 2300 regi
1677 2229 2095 2285 Chlothachario

509 2341 716 2399 partem
760 2328 993 2399 praedas,
1043 2327 1089 2382 si
1135 2327 1213 2381 eis
1277 2339 1472 2380 munus
1530 2321 1768 2378 victoria:
1834 2322 2093 2377 divinitus

511 2422 863 2475 conferretur.
896 2416 1217 2473 Convocatis
1247 2414 1407 2485 igitur
1435 2413 1676 2482 Francis,
1704 2412 1833 2467 dicit
1857 2412 1923 2466 ad
1954 2426 2047 2466 eos
2075 2429 2091 2469 :

507 2508 902 2582 fndignamini,
946 2522 1171 2579 quaeso,
1229 2516 1334 2561 tam
1402 2508 1556 2576 ιιι
1598 2518 1770 2558 meam
1813 2501 2087 2572 injuriam,

504 2615 662 2670 quam
710 2600 977 2655 interitum
1027 2606 1306 2667 parentum
1353 2604 1654 2650 vestrorum
1681 2591 1737 2655 ι».
1765 2608 1828 2647 ac
1868 2593 2087 2648 recolite

504 2691 811 2763 Thoringos
852 2692 1121 2762 quondam
1167 2702 1330 2759 super
1357 2697 1606 2757 parentes
1637 2694 1851 2741 nostros
1882 2687 2089 2739 violen-

503 2798 588 2842 ter
607 2785 912 2850 advenisse,
936 2799 1001 2839 ac
1022 2782 1184 2837 multa
1214 2781 1321 2837 illis
1350 2780 1594 2835 intulisse
1634 2780 1796 2843 mala,
1822 2778 1913 2847 qui
1946 2777 2087 2832 datis

503 2876 804 2943 obsidibus,
836 2889 1022 2946 pacem
1068 2887 1190 2928 cum
1238 2870 1321 2925 his
1373 2870 1509 2925 inire
1529 2869 1815 2924 voluerunt
1860 2879 1883 2906 α
1926 2884 1941 2920 :
1993 2866 2089 2925 sed

501 2967 581 3024 illi
608 2966 826 3023 obsides
876 2966 1026 3034 ipsos
1052 2960 1279 3018 diversis
1309 2960 1571 3015 mortibus
1620 2966 2002 3027 peremerunt,
2034 2967 2089 3012 et

502 3060 766 3115 irruentes
813 3072 974 3128 super
1023 3063 1273 3126 parentes
1320 3061 1555 3120 nostros,
1589 3066 1804 3106 omnem
1830 3050 2085 3105 substan-

2199 1864 2352 1907 suam
2405 1853 2653 1923 redigunt
2720 1862 3070 1924 potestatem.
3155 1856 3602 1919 Chlothacharius
3658 1876 3789 1914 vero

2198 1946 2412 2002 rediens
2435 1988 2453 2011 ,
2487 1947 2871 2018 Radegundem
2902 1951 3063 2005 tiliam
3095 1950 3356 2011 Bertharii
3382 1952 3522 2020 regis
3545 1951 3572 1988 ιι
3599 1967 3785 2007 secum

2197 2040 2462 2108 captivam
2490 2041 2750 2107 abduxit,
2782 2043 2990 2112 sibique
3020 2057 3136 2097 eam
3170 2043 3224 2097 in
3265 2044 3659 2100 matrimonium
3691 2059 3786 2100 so-

2197 2131 2375 2187 ciavit.
2418 2132 2582 2203 Cujus
2633 2133 2849 2192 fratrem
2902 2143 3084 2204 postea
3141 2135 3341 2205 injuste
3396 2151 3490 2203 per
3536 2137 3789 2194 homines

2197 2226 2408 2295 iniquos
2434 2226 2652 2287 occidit.
2693 2227 2786 2281 Illa
2815 2241 3030 2298 quoque
3056 2227 3124 2283 ad
3156 2228 3321 2291 Deum
3353 2244 3634 2296 conversa,
3666 2246 3787 2294 inu-

2197 2326 2305 2372 tata
2337 2326 2486 2373 veste
2525 2319 2910 2375 monasterium
2962 2320 3065 2374 sibi
3112 2320 3251 2374 in'ra
3282 2319 3654 2385 Pictaverisem
3694 2336 3791 2383 ure

2195 2409 2316 2464 bern
2370 2410 2708 2477 construxit,
2758 2424 2881 2481 qua:
2926 2412 3279 2477 orationibus,
3317 2412 3561 2483 jejuniis,
3589 2413 3789 2484 vigiliis

2192 2514 2358 2576 atque
2379 2504 2736 2575 eleemosyois
2759 2506 2984 2575 prmdita
3013 2507 3065 2561 in
3090 2514 3294 2561 tantum
3325 2507 3563 2571 emicuit,
3585 2514 3641 2560 ut
3668 2520 3790 2562 ma-

2193 2610 2293 2663 gna
2326 2594 2379 2649 in
2408 2594 2618 2664 populis
2646 2594 2956 2650 haberetur.
2998 2594 3132 2649 Cum
3172 2605 3349 2649 autem
3386 2593 3561 2649 adhuc
3588 2608 3790 2671 supra-

2192 2686 2321 2741 dicti
2352 2701 2506 2756 rcges
2531 2688 2585 2749 in
2618 2685 2907 2756 Thoringia
2938 2696 3138 2753 essent,
3164 2686 3531 2742 Theudoricus
3559 2685 3792 2757 Clothae

2191 2778 2432 2834 cbarium
2453 2778 2674 2839 fratrem
2707 2793 2862 2833 suum
2887 2779 3134 2835 occidere
3161 2780 3346 2834 voluit.
3379 2779 3443 2833 Et
3471 2764 3789 2849 prmparatis

2191 2871 2401 2927 occulte
2429 2886 2552 2927 cum
2601 2872 2764 2927 armis
2817 2873 2968 2938 viris,
3014 2888 3137 2928 eum
3186 2873 3252 2927 ad
3295 2887 3354 2928 se
3405 2880 3597 2940 vocat,
3628 2872 3791 2942 quasi

2191 2966 2448 3023 secretius
2473 2981 2596 3021 ettm
2626 2981 2691 3021 eo
2718 2966 2916 3036 aliquid
2950 2975 3273 3023 tractaturus
3295 3007 3311 3031 ,
3344 2980 3690 3037 expansoque
3723 2967 3788 3039 in

2194 3064 2345 3124 parte
2370 3058 2559 3111 domus
2591 3057 2733 3111 illius
2775 3057 3038 3121 tentorio,
3071 3056 3137 3112 de
3182 3071 3288 3110 uno
3330 3056 3528 3125 pariete
3558 3055 3610 3109 in
3638 3055 3789 3111 alte.

501 3152 629 3207 tiam
674 3151 1050 3215 abstulerunt.
1102 3160 1300 3219 Ρυθτοε
1346 3160 1441 3215 I‘cl'
1492 3158 1715 3200 ηθΐνιιω
1769 3141 1992 3198 femoris
2018 3142 2082 3195 ad
2113 3141 2161 3203 C
2191 3164 2332 3214 rum,
2365 3159 2600 3203 armatos
2629 3158 2751 3217 post
2791 3162 2911 3203 eum
2944 3157 3090 3203 stare
3115 3148 3287 3218 jubet.
3329 3146 3571 3215 Cumque
3597 3155 3788 3202 tento-

500 3243 725 3300 a‘rbores
752 3241 1141 3313 appendentes,
1176 3238 1383 3309 puellas
1414 3236 1644 3306 amplius
1675 3235 1935 3291 ducentas
1962 3249 2085 3288 cru-

499 3332 608 3390 deli
638 3348 769 3389 nece
798 3329 1185 3387 interl‘ecerunt
1210 3346 1224 3383 :
1256 3328 1330 3382 ita
1359 3338 1416 3382 ut
1460 3326 1635 3397 ligatis
1662 3324 1898 3382 brachiis
1925 3339 2087 3393 super

499 3441 757 3497 equorum
785 3423 1080 3481 cervicibus
1102 3460 1121 3490 ,
1159 3422 1368 3492 ipsique
1394 3421 1659 3476 acerrimo
1691 3420 1819 3475 moti
1868 3418 2086 3475 stimu'o

498 3532 595 3588 per
623 3517 832 3571 diversa
884 3523 1169 3586 petentes,
1229 3512 1469 3568 diversas
1520 3512 1574 3566 in
1630 3519 1810 3580 partes
1861 3508 2086 3564 feminas

499 3608 822 3663 diviserunt.
864 3605 999 3662 Aliis
1028 3594 1156 3661 vero
1194 3618 1356 3673 super
1380 3603 1582 3659 orbitas
1609 3600 1635 3639 τί
1669 3604 1872 3657 viarum
1901 3612 2085 3659 exten-

503 3698 600 3766 sis,
632 3698 959 3767 sudibusque
982 3697 1035 3752 in
1067 3705 1265 3752 terram
1288 3694 1549 3762 conﬁxis,
1577 3695 1813 3764 plaustra
1853 3697 2085 3765 desuper

499 3798 718 3845 onerata
747 3788 975 3843 transire
997 3787 1273 3851 fecerunt,
1306 3784 1703 3854 confractisque
1731 3786 1964 3851 ossibus,
1994 3800 2085 3841 ca-

501 3878 657 3933 nibus
684 3879 978 3947 avibusque
1012 3890 1104 3931 eas
1135 3876 1189 3930 in
1238 3876 1438 3931 cibaria
1479 3875 1764 3930 dederunt.
1815 3875 1966 3930 Nunc
1991 3891 2083 3931 au-

501 3978 607 4023 tem
641 3968 1077 4024 llcrmenefridus
1104 3967 1245 4037 quod
1280 3967 1407 4021 mihi
1444 3967 1712 4037 pollicitus
1739 3978 1823 4024 est
1868 3969 2080 4037 fefellit,

499 4070 554 4114 et
580 4060 800 4114 omnino
832 4059 947 4115 hac
997 4060 1295 4128 adimplere
1326 4058 1646 4114 dissimulat.
1688 4059 1828 4116 Ecce
1856 4062 2082 4117 verbum

493 4148 752 4205 directum
782 4151 1109 4205 habemus':
1132 4163 1318 4203 eamus
1344 4165 1461 4204 cum
1493 4150 1586 4205 Dei
1610 4150 1874 4220 adjutorio
1894 4165 2080 4209 contra

494 4258 609 4298 eos.
649 4244 802 4313 Quod
848 4244 922 4298 illi
972 4244 1277 4310 audientes,
1322 4253 1378 4300 et
1431 4244 1497 4301 de
1528 4256 1675 4302 tanto
1704 4246 1907 4302 scelere
1937 4247 2078 4302 indi-

495 4346 761 4404 gnantes,
804 4350 911 4390 uno
945 4335 1129 4390 animo
1175 4335 1471 4407 eademque
1517 4339 1802 4400 sententia,
1849 4339 2081 4395 Thoriu-

489 4427 630 4497 giam
682 4427 1008 4500 petiverunt.
1067 4427 1430 4484 Theudericus
1486 4436 1661 4484 autem
1721 4428 2079 4486 Chlothacha-

2191 3241 2328 3297 rium
2378 3241 2507 3296 illud
2554 3250 2699 3297 esset
2743 3240 2992 3305 brevius,
3045 3241 3209 3309 pedes
3255 3252 3580 3295 armatorum
3610 3255 3789 3309 appr

2190 3350 2347 3391 ruere
2377 3334 2596 3389 detecti.
2637 3334 2788 3403 Quod
2823 3350 3153 3403 cognoscens
3185 3334 3790 3400 Chlotbaeharius,cum

2188 3424 2297 3479 suis
2326 3432 2563 3483 armatus
2586 3426 2858 3495 ingressus
2880 3435 2965 3481 est
2986 3426 3223 3481 domum.
3255 3427 3620 3481 Theudericus
3644 3442 3791 3487 vero

2189 3515 2491 3586 intelligens
2541 3514 2682 3572 hunc
2710 3515 2823 3571 haec
2861 3517 3177 3587 cognovisse
3200 3558 3215 3580 ,
3259 3516 3491 3571 fabulam
3521 3515 3689 3586 ﬁngit,
3727 3527 3789 3573 et

2187 3604 2289 3660 alia
2320 3620 2385 3660 ex
2416 3605 2535 3659 aliis
2563 3605 2820 3675 loquitur.
2865 3606 3103 3676 Denique
3142 3608 3390 3662 nesciens
3421 3608 3646 3678 qualiter
3672 3607 3791 3661 do-

2187 3697 2294 3752 lum
2326 3712 2481 3751 suum
2512 3696 2792 3763 deliniret,
2849 3697 3054 3752 discum
3102 3699 3148 3753 ei
3182 3714 3431 3768 magnum
3462 3708 3790 3769 argenteum

2188 3806 2284 3860 pro
2310 3791 2483 3861 gratia
2505 3790 2672 3845 dedit.
2714 3789 3122 3845 Clothacharius
3169 3806 3298 3844 vero
3350 3791 3673 3859 valedicens,
3728 3799 3793 3848 et

2188 3897 2284 3953 pro
2333 3896 2558 3937 munere
2600 3881 2799 3951 gratias
2843 3896 3048 3953 agens,
3091 3881 3157 3936 ad
3198 3892 3451 3936 metatura
3499 3896 3792 3951 regressus

2185 3983 2288 4031 est.
2329 3972 2696 4030 Theudericus
2737 3987 2864 4027 vero
2915 3972 3159 4043 queritur
3205 3974 3271 4026 ad
3322 3987 3480 4041 suos,
3512 3972 3650 4025 nulla
3679 3967 3791 4027 ev;

2184 4065 2346 4121 stanti
2374 4080 2534 4120 causa
2571 4080 2724 4119 suum
2758 4063 3057 4133 perdidisse
3100 4065 3375 4119 catinum:
3409 4075 3461 4118 et
3502 4063 3568 4117 ad
3598 4063 3788 4122 ﬁlium

2183 4170 2335 4210 suum
2363 4153 2794 4210 Tlieudebertum
2824 4155 2938 4207 ait:
2974 4153 3118 4207 Vade
3145 4155 3213 4207 ad
3254 4163 3499 4222 patruum
3536 4152 3551 4190 ί
3590 4160 3786 4217 tuum.

2183 4256 2236 4303 ct
2282 4263 2407 4316 roga
2457 4255 2513 4300 ut
2557 4259 2748 4299 munus
2789 4244 2929 4314 quod
2970 4246 3018 4300 ei
3046 4245 3189 4310 dedi,
3222 4246 3315 4299 tibi
3355 4260 3451 4299 sua
3483 4246 3782 4302 voluntate

2182 4337 2465 4395 concedat.
2508 4337 2607 4403 Qui
2634 4336 2842 4404 abiens,
2866 4337 3003 4406 quod
3036 4336 3188 4406 petiit
3217 4337 3536 4406 impetravit.
3581 4336 3635 4390 In
3680 4343 3787 4391 ta—

2184 4430 2320 4486 libus
2346 4429 2487 4485 enim
2517 4426 2653 4482 dolis
2693 4426 3060 4483 Theudericus
3108 4428 3333 4482 multum
3372 4426 3596 4483 callidus
3618 4437 3784 4487 erat.

490 4612 589 4679 Qui
618 4612 765 4666 locus
794 4610 859 4665 ad
909 4608 1225 4665 Rhodanum
1270 4609 1407 4666 situs
1451 4616 1533 4665 est
1574 4609 1713 4665 inter
1740 4610 1999 4667 Viennam
2022 4621 2075 4669 et
2104 4613 2157 4674 Ι)
2181 4606 2595 4676 d’entreprendre
2611 4621 2714 4679 une
2740 4605 2910 4679 chose.
2940 4603 3070 4658 Vide
3096 4604 3190 4659 lib.
3218 4618 3289 4672 tv,
3319 4618 3438 4676 cap.
3476 4605 3561 4662 M.

491 4681 723 4735 Belieam
754 4682 931 4734 urbes.

524 4776 529 4779 -
564 4761 591 4788 ι
626 4751 737 4821 Alii
776 4749 1142 4806 Tlteotbaldus.
1176 4749 1398 4805 Fallitur
1427 4751 1605 4821 itaque
1633 4749 1886 4819 Agathias
1912 4792 1930 4817 ,
1973 4754 2063 4821 qui

497 4821 593 4876 lib.
619 4836 635 4874 ι
659 4819 1067 4890 Chlodomerem
1090 4822 1293 4885 absque
1323 4822 1503 4875 liberis
1523 4819 1780 4890 periisse,
1811 4834 1864 4876 et
1889 4819 2079 4885 Fra‘n-V

488 4906 581 4945 eos
627 4891 744 4958 ipso
790 4889 970 4944 occiso
1002 4931 1018 4955 ,
1069 4892 1249 4945 animo
1296 4891 1507 4959 ahjecto
1535 4889 1563 4944 a
1597 4893 2066 4961 Burgundionibus

492 4966 665 5031 legem
697 4962 969 5028 accepisse
1013 4961 1218 5016 scribit.
1266 4961 1409 5017 Obiit
1454 4960 1825 5017 Clilodomeris
1854 4962 2064 5017 Justino

488 5042 612 5113 iret
640 5032 887 5102 Opilione
915 5046 1053 5087 coss.
1071 5072 1086 5098 ,
1120 5032 1174 5086 id
1198 5042 1280 5087 est
1308 5046 1399 5085 an.
1426 5031 1533 5087 524
1556 5072 1572 5098 ,
1604 5048 1670 5087 ex
1713 5032 1865 5087 Marii
1894 5033 2064 5090 Chro-

493 5119 639 5156 meo.

560 5172 586 5211 ι’
614 5172 748 5226 Cod.
778 5172 993 5242 Regm...
1023 5188 1269 5227 meorum.
1304 5172 1439 5226 Vide
1470 5186 1629 5240 supra
1659 5186 1778 5241 cap.
1811 5171 1866 5225 ιι.

561 5254 584 5312 9
627 5245 767 5297 Idem
800 5247 921 5297 cod.
959 5244 1173 5312 Regnu,
1203 5244 1496 5297 noluerunt.

512 5342 515 5345 <
562 5311 588 5349 ἀ
620 5313 834 5367 Orbitas
863 5311 1060 5367 vetera’
1086 5312 1341 5378 glossaria
1385 5314 1640 5378 ipsasmet
1672 5313 1783 5367 vias
1825 5313 2062 5381 publicas

491 5384 786 5452 appellant.
811 5385 993 5438 Orbita
1031 5385 1230 5452 quippe
1266 5394 1348 5452 est
1403 5382 1580 5437 sulcus
1623 5399 1780 5450 quem
1811 5399 2060 5439 curruum

493 5451 628 5506 rotae
672 5467 768 5507 seu
798 5454 958 5508 orbes
1006 5451 1060 5508 in
1102 5458 1204 5508 viis
1246 5451 1550 5509 eﬂ‘ormant.
1598 5454 1805 5510 Gallice
1837 5455 2063 5510 dicimus

492 5523 582 5576 des
614 5522 866 5578 orniéres.

568 5601 593 5630 ο
625 5593 723 5665 llic
746 5593 1002 5665 loquendi
1030 5595 1221 5651 modus
1244 5595 1438 5665 passim
1463 5595 1601 5665 apud
1630 5594 1945 5662 Gregorium
1975 5611 2065 5652 oc-

494 5664 663 5738 currit
691 5664 759 5718 ad
795 5668 1209 5738 exprimendum
1247 5664 1445 5735 aliquid
1467 5664 1589 5738 jure
1627 5677 1826 5722 etcum
1860 5667 2065 5722 ratione

498 5736 707 5807 suscipi
740 5750 921 5807 posse.
951 5737 1226 5807 llodicque
1252 5738 1457 5798 Gallice
1470 5736 1729 5804 dicimus,
1762 5738 1902 5795 avoir
1932 5738 2065 5797 droit

2256 4680 2273 4717 ί
2318 4679 2531 4733 Addunt
2559 4676 2710 4742 editi,
2745 4692 2852 4743 pra:
2874 4677 3070 4731 timore.
3793 4695 3799 4699 '

2245 4759 2270 4797 8
2311 4749 2443 4805 Cod.
2474 4746 2664 4813 Colb.,
2697 4745 3057 4801 Unstrondem.
3113 4746 3326 4801 Fluvius
3368 4757 3452 4803 est
3495 4746 3799 4806 Eichsfel-

2171 4821 2309 4884 dite,
2341 4818 2497 4887 vulgo
2546 4821 2613 4872 ab
2660 4817 2867 4887 incolis
2900 4815 3148 4871 Umtr‘udt
3188 4817 3362 4873 dictus
3387 4859 3401 4882 ,
3432 4826 3488 4873 ιιι
3512 4819 3800 4879 observat

2172 4892 2460 4946 Browerus
2487 4890 2539 4942 in
2569 4888 2707 4942 notis
2737 4887 2802 4940 ad
2838 4886 3215 4941 Fortunatam.

2247 4959 2273 4997 ιι
2317 4962 2362 5014 Is
2390 4969 2511 5015 erat
2538 4961 2711 5030 frater
2731 4957 3125 5030 Ilermenfredi.
3176 4957 3309 5030 Vide
3353 4970 3513 5027 supra
3550 4974 3682 5030 cap.
3729 4962 3805 5019 4.

2172 5031 2451 5085 Excidium
2484 5043 2611 5082 vero
2655 5028 2961 5101 Tl_i_uriugite
3010 5027 3305 5101 describit,
3333 5038 3388 5101 et
3416 5027 3806 5101 Badegtindis

2167 5103 2387 5157 nomine
2416 5101 2657 5167 deplorat
2708 5099 3033 5152 Fortunatus
3081 5100 3131 5152 in
3179 5099 3548 5167 Supplemeuti
3576 5099 3795 5160 carm.

2167 5188 2205 5235 ι,
2241 5175 2324 5225 ubi
2348 5172 2511 5225 etiam
2536 5171 2601 5225 de
2627 5168 2865 5237 ejusdem
2901 5168 3063 5223 fratre
3101 5172 3297 5239 injuste
3352 5174 3551 5227 OCCiSO.
3608 5170 3803 5231 Idem

2168 5243 2491 5297 Fortunatus
2534 5240 2724 5313 librum
2756 5243 2983 5313 primum
3026 5239 3147 5313 vitae
3185 5239 3242 5296 S.
3280 5241 3645 5313 Badegundis,
3696 5248 3811 5301 at;

2169 5322 2341 5368 terum
2384 5328 2517 5365 vero
2564 5310 2885 5382 Baudonivia
2919 5311 3165 5382 monialis
3191 5310 3487 5379 scripsere,
3534 5313 3621 5382 qui
3665 5317 3763 5373 lia

2169 5384 2369 5459 bentur
2402 5383 2454 5435 in
2485 5383 2631 5459 Actis
2687 5381 2783 5435 Ss.
2828 5380 2955 5459 Ord.
2982 5381 3061 5459 _S.
3098 5383 3365 5459 Benedicti
3396 5380 3600 5459 Sicci,
3638 5400 3810 5459 pag.

2170 5454 2292 5508 519.
2326 5452 2701 5507 Monasterium
2736 5465 2863 5507 vero
2884 5452 2952 5504 ab
2980 5451 3093 5520 ipsa
3123 5452 3396 5507 conditum
3421 5456 3580 5509 etiam
3610 5451 3811 5515 ιὶυιῖα

2168 5528 2269 5579 sub
2315 5524 2374 5578 S.
2421 5522 2607 5576 Crucis
2655 5524 2809 5576 titulo
2840 5522 3043 5576 illustre
3072 5534 3403 5589 perseverat,
3438 5523 3621 5581 Ordioi
3668 5527 3809 5585 lle.

2170 5595 2443 5718 nedietlin’o
2471 5593 2761 5648 addictum.
2804 5593 2879 5651 De
2903 5593 2985 5650 his
3007 5592 3144 5652 infra
3172 5611 3278 5653 non
3304 5599 3496 5665 semel,
3526 5594 3817 5668 potissié

2172 5681 2315 5718 mum
2369 5683 2379 5718 l
2425 5702 2438 5717 ο
2472 5678 2550 5717 IX.

2172 5681 2315 5722 mum
2346 5678 2438 5718 Ill).
2472 5678 2550 5717 IX.

2250 5737 2264 5775 ί
2312 5734 2470 5806 Editi,
2499 5743 2716 5807 patrem.
