4006 6182
378 303 486 360 249

1307 301 1625 369 HISTORIA
1663 309 2108 371 FRANCORUM.
2149 312 2349 369 LIBER
2387 314 2701 373 TERTIUS.

3524 320 3633 377 230

371 480 381 486 ,
449 418 582 477 VIII.
624 420 768 478 Idem
820 432 949 479 vero
984 432 1259 495 regressus
1290 428 1355 483 ad
1382 430 1629 497 prapria,
1660 429 1951 484 Hermene-
1980 433 2027 490 Α
2054 429 2318 487 ιΙιθςειιιηε
2358 447 2597 487 sororem
2640 436 2981 501 assumptatn.
3012 437 3197 489 secum
3224 434 3489 501 adducere
3532 452 3633 493 cu-

354 510 573 569 .fridnm
620 513 688 567 ad
729 529 790 589 se
816 515 936 569 data
987 516 1089 570 [ide
1131 532 1377 573 securum
1431 521 1613 574 venire
1676 520 1952 589 praecepit,

356 616 536 668 .quem
566 610 623 657 et
661 585 971 661 horioriticis
1009 605 1200 661 ditavit
1242 609 1575 666 muneribus.
1623 585 1952 667 Factumvest

370 706 556 765 autem
581 695 707 750 dum
740 698 966 762 quadam
996 699 1082 753 die
1115 699 1447 768 per‘iﬁitrum
1479 704 1705 757 civitatis
1732 704 1951 759 Tolbia-

374 788 556 841 censis
601 787 1097 855 confabulurentur,
1152 807 1179 846 a
1232 793 1414 848 nescio
1456 810 1560 863 quo
1608 797 1863 863 impulsus
1886 796 1952 850 de

378 879 661 935 altitudine
710 883 845 937 mttri
886 883 951 936 ad
998 893 1194 937 terram
1241 887 1476 948 corruit,
1504 886 1681 955 ibique
1706 886 1952 954 spiritum

384 968 670 1024 exhalavit.
714 971 818 1025 Sed
860 972 980 1040 quis
1028 989 1149 1027 eum
1204 976 1395 1030 exinde
1444 977 1717 1045 dejecerit,
1745 980 1953 1047 ignora-

379 1077 496 1114 mus
523 1080 535 1113 :
570 1062 721 1115 multi
753 1073 928 1117 tamen
955 1074 1203 1119 asserunt
1237 1067 1390 1137 113
1423 1068 1736 1128 Thcuderici
1774 1070 1825 1123 in
1856 1070 1953 1127 hoc

375 1151 555 1205 dolum
585 1154 1017 1209 manifestissime
1050 1158 1277 1223 patuisse
1308 1168 1359 1211 ει.

448 1242 535 1297 IX.
578 1245 711 1298 Cum
741 1256 918 1300 autem
965 1247 1142 1303 adhuc
1170 1248 1534 1304 Theudericus
1565 1250 1616 1304 in
1663 1251 1953 1322 Thoringia

372 1346 535 1400 esset,
579 1339 837 1394 Arvernis
881 1341 1063 1394 sonuit
1093 1356 1212 1395 eum
1258 1343 1593 1397 interfectum
1624 1343 1805 1399 fuisse.
1850 1349 1953 1400 Ar-

376 1427 559 1480 cadius
590 1443 831 1497 quoque,
864 1446 995 1483 unus
1024 1447 1088 1485 ex
1120 1434 1458 1487 senatoribus
1500 1436 1777 1501 Arvernis,
1807 1438 1954 1491 Chil-

373 1517 654 1569 debertum
705 1518 919 1585 invitat,
953 1527 1010 1572 ut
1050 1520 1323 1588 regionem
1364 1522 1510 1576 illam
1552 1523 1770 1579 deberet
1816 1528 1957 1581 acci-

374 1624 522 1676 pere.
559 1608 651 1663 llle
680 1625 889 1679 quoque
918 1627 1015 1666 nec
1044 1622 1280 1683 moratus
1318 1616 1571 1669 Arvernis
1615 1616 1781 1670 vadit.
1811 1617 1955 1672 Tan-

376 1710 535 1769 taque
563 1701 614 1754 in
649 1701 732 1755 illa
764 1703 849 1757 die
877 1703 1145 1773 condensa
1178 1704 1276 1758 fuit
1306 1707 1520 1772 nebula,
1552 1715 1607 1760 ut
1630 1709 1761 1762 nihil
1796 1723 1956 1777 super

2055 520 2231 588 piebat
2258 539 2271 572 :
2301 536 2420 590 quae
2458 524 2641 579 nescio
2670 537 2777 591 quo
2803 536 2930 577 casu
2971 523 3022 576 in
3050 524 3133 577 via
3160 536 3369 580 mortua
3413 534 3529 591 est,
3570 537 3645 584 et

2055 619 2239 678 postea
2270 613 2500 667 Parisios
2527 614 2705 677 allata,
2731 613 2879 682 juxta
2912 624 3113 683 patrem
3144 627 3299 669 suum
3322 614 3631 672 Chlodove-

2054 703 2212 763 chum
2242 704 2460 772 sepulta
2508 714 2610 760 est.
2656 704 3033 760 Cltildebertus
3059 720 3186 760 vero
3228 706 3369 761 inter
3396 708 3632 777 reliquos

2057 792 2332 847 thesauros
2366 794 2658 849 ministeria
2693 793 3038 849 ecclesiarum
3070 796 3450 863 pretiosissima
3479 797 3634 853 detu-

2055 879 2136 935 lit.
2178 881 2309 935 Nam
2340 884 2613 954 sexaginta
2659 884 2886 949 calices,
2917 886 3221 954 quindecim
3264 898 3513 957 patenas,
3553 889 3631 944 vi-

2054 972 2186 1041 ginti
2237 973 2641 1042 Evangetiorum
2675 990 2865 1044 capsas
2899 976 3124 1043 detulit,
3171 980 3350 1033 ninnia
3390 994 3463 1036 ex
3496 995 3633 1035 auro

2056 1076 2210 1128 puro,
2234 1076 2299 1115 ac
2320 1065 2545 1131 gemmis
2573 1065 2820 1133 pretiosis
2841 1076 3025 1121 ornata
3056 1085 3068 1119 :
3093 1069 3187 1123 sed
3211 1084 3314 1123 non
3339 1079 3423 1125 est
3448 1085 3646 1138 passus

2055 1167 2116 1206 ea
2161 1154 2443 1223 confringi.
2476 1154 2676 1223 Cuncta
2708 1158 2853 1212 enim
2884 1159 3123 1214 ecclesiis
3164 1169 3217 1214 et
3247 1161 3483 1217 basilicis
3508 1174 3635 1217 san-

2055 1254 2262 1299 ctorum
2303 1246 2653 1315 dispensavit,
2684 1264 2747 1303 ac
2782 1251 2996 1305 tradidit
3032 1252 3084 1306 in
3125 1253 3474 1309 ministerium
3511 1254 3557 1313 ll.

2131 1333 2222 1389 Xl.
2260 1334 2502 1391 Posubaec
2530 1337 2980 1395 Chlmhacharius
3008 1350 3063 1396 et
3104 1341 3475 1400 Childebertus
3505 1346 3639 1401 Bur-

2057 1427 2279 1496 gundias
2307 1436 2490 1495 petere
2538 1429 2825 1485 destinant.
2867 1432 3308 1502 Convocatusqne
3346 1436 3641 1491 Theuderi-

2056 1531 2151 1571 cus
2173 1557 2189 1582 ,
2221 1517 2273 1571 in
2306 1518 2496 1572 solatio
2528 1516 2544 1555 ί
2590 1534 2776 1573 eorum
2811 1521 2887 1575 ire
2929 1522 3118 1578 noluit.
3152 1523 3340 1578 Franci
3372 1528 3497 1581 vero
3545 1528 3643 1593 qui

2057 1610 2122 1661 ad
2153 1623 2273 1662 eum
2319 1610 2674 1683 aspiciebant,
2702 1611 2952 1666 dixerunt
2978 1630 2992 1665 :
3024 1613 3083 1669 Si
3106 1629 3227 1669 cum
3255 1614 3507 1669 l'ratr.bus
3534 1618 3643 1671 tuis

2061 1700 2110 1754 in
2158 1701 2513 1770 Burgundiam
2564 1704 2641 1757 ire
2688 1704 3042 1773 despexeris,
3075 1715 3126 1761 te
3163 1706 3541 1775 relinquimus,
3585 1719 3639 1763 et

348 1791 580 1871 {duabus
604 1790 776 1860 jugeri
809 1791 1042 1859 partibus
1080 1793 1312 1848 discerni
1344 1805 1545 1864 posset.
1599 1797 1785 1853 Dicere
1810 1800 1951 1853 enim
1986 1815 2031 1874 Β
2060 1792 2178 1846 illos
2208 1795 2372 1849 satius
2399 1797 2546 1863 sequi
2594 1808 2971 1864 prmoptamus.
3013 1799 3083 1852 At
3127 1800 3214 1854 ilie
3262 1799 3504 1855 inﬁdeles
3535 1801 3639 1854 sibi

375 1894 489 1938 erat
532 1887 722 1939 solitus
760 1902 855 1941 rex
885 1906 895 1940 :
930 1887 1127 1953 Velim,
1157 1889 1345 1958 inquit,
1374 1893 1664 1946 Arvernam
1695 1892 1722 1931 δ
1766 1893 1955 1949 Lema-

350 1990 524 2038 ,nent,
556 1990 675 2043 quae
706 1985 864 2029 tantae
883 1975 1227 2045 iucunditatis
1256 1979 1424 2047 gratia
1454 1981 1715 2051 refulgere
1743 1982 1951 2050 dicitur,

347 2069 545 2145 oculis
584 2082 826 2121 cernere.
873 2067 979 2123 Sed
1027 2084 1131 2123 non
1174 2070 1224 2124 ei
1271 2085 1299 2123 a
1345 2072 1455 2125 Deo
1499 2087 1812 2128 concessum
1851 2083 1954 2128 est.

375 2163 619 2225 (Imque
650 2173 817 2228 porta:
842 2162 1072 2216 civitatis
1097 2162 1359 2217 obseratae
1384 2173 1585 2229 es~ent,
1617 2173 1672 2219 et
1694 2166 1836 2220 unde
1876 2165 1956 2219 in-

375 2258 687 2326 grederetur
718 2257 955 2325 pervium
983 2257 1227 2327 patulum
1258 2274 1361 2311 non
1394 2258 1637 2323 haberet,
1668 2260 1831 2314 incisa
1859 2261 1957 2313 Ar-

376 2350 561 2404 cadius
608 2363 728 2401 sera
779 2349 934 2403 unius
973 2358 1174 2417 portat,
1228 2364 1351 2405 eum
1389 2350 1593 2404 civitati
1643 2350 1953 2406 intromisit.

382 2443 511 2495 Dum
544 2442 659 2495 haec
688 2451 973 2510 agerentur
993 2484 1009 2508 ,
1057 2443 1329 2497 nuntiatur
1358 2442 1746 2498 Theodericum
1779 2444 1956 2497 vivunt

350 2534 446 2595 ,σε
470 2534 756 2601 Tltoringia
798 2534 960 2588 fuisse
1005 2548 1328 2601 regressum.

450 2625 517 2679 Χ.
560 2624 712 2692 Quod
752 2626 1057 2680 certissime
1080 2625 1447 2679 Childebertns
1477 2634 1805 2694 cognoscens
1828 2663 1846 2689 ,
1891 2624 1958 2679 ab

382 2719 635 2773 Arvernis
668 2717 859 2780 rediit,
897 2719 951 2771 in
995 2717 1301 2786 Hispaniam
1334 2729 1356 2756 ο
1383 2733 1510 2771 vero
1560 2728 1776 2786 propter
1811 2732 1960 2770 soro-

384 2824 491 2863 rem
525 2824 675 2861 suam
707 2807 1137 2862 Cbrotechildem
1164 2804 1191 2844 ἀ
1226 2808 1427 2877 dirigit.
1456 2808 1583 2862 Haec
1610 2822 1738 2862 vero
1767 2809 1959 2861 multas

384 2898 601 2951 insidias
630 2898 696 2949 ab
731 2897 1023 2950 Amalarico
1067 2898 1180 2950 viro
1221 2911 1319 2952 suo
1351 2910 1564 2966 prapter
1597 2898 1750 2952 fidem
1778 2897 1963 2951 catho-

385 2991 535 3044 licam
570 2990 883 3058 patiebatur.
914 2990 1042 3043 Nam
1073 2989 1385 3059 plerumque
1416 2990 1734 3058 procedente
1757 2990 1847 3043 illa
1894 2989 1960 3043 ad

387 3093 620 3136 sanctam
651 3082 958 3159 ecclesiam,
985 3091 1220 3135 stercora
1252 3089 1307 3134 et
1349 3081 1592 3135 diversos
1639 3081 1835 3135 fetores
1865 3096 1960 3135 su-

2062 1886 2374 1940 existimans
2399 1904 2411 1953 ;
2436 1888 2515 1941 Ad
2543 1889 2835 1955 Arvernos,
2863 1892 2957 1954 ait,
2988 1906 3073 1947 me
3115 1894 3418 1960 sequimini,
3448 1902 3500 1947 et
3538 1908 3638 1961 ego

2061 1986 2153 2028 vos
2179 1976 2433 2031 inducam
2463 1978 2513 2031 in
2545 1981 2789 2045 patriam,
2823 1979 3122 2034 ubi-aurum
3151 1990 3205 2035 et
3233 1991 3509 2051 argentum
3550 1999 3640 2037 εει

2059 2066 2288 2133 cipiatis,
2323 2078 2577 2137 quantum
2610 2079 2783 2123 vestra
2814 2080 2987 2138 potest
3015 2071 3319 2127 desiderare
3353 2074 3635 2143 cupiditas,

2052 2158 2125 2231 de
2150 2173 2251 2228 qua
2281 2175 2495 2229 pecora,
2522 2161 2588 2215 de
2613 2177 2714 2230 qua
2747 2161 3005 2229 mancipia
3024 2203 3040 2229 ,
3091 2163 3159 2218 de
3186 2179 3286 2232 qua
3318 2165 3640 2219 vestimenta

2059 2252 2113 2307 in
2164 2254 2542 2309 abundantiam
2583 2255 2910 2310 assnmatis:
2944 2265 3145 2311 tantum
3195 2258 3292 2312 hos
3338 2273 3405 2313 ne
3449 2274 3640 2328 sequa-

2060 2342 2209 2396 mini.
2245 2343 2337 2397 His
2368 2345 2813 2412 promissiouihus
2839 2346 2890 2399 hi
2923 2346 3105 2410 illecti,
3133 2362 3287 2402 suam
3311 2348 3641 2415 voluntatem

2059 2434 2238 2489 facere
2268 2437 2603 2503 promittunt.
2644 2437 2736 2491 llle
2778 2452 2905 2491 vero
2952 2438 3077 2492 illuc
3103 2439 3332 2494 transire
3373 2440 3641 2509 disponit,

2062 2525 2373 2592 promittens
2422 2528 2611 2579 itesum
2656 2537 2814 2596 atque
2861 2528 3055 2581 iterum
3099 2528 3357 2582 exercitui
3393 2538 3640 2583 cunctam

2063 2617 2294 2685 regions
2337 2617 2567 2684 prmdam
2617 2632 2735 2671 cum
2789 2616 3089 2673 hominibus
3140 2620 3189 2673 in
3236 2634 3363 2675 suas
3399 2621 3642 2688 regiones

2062 2712 2340 2764 trmsferri
2390 2714 2714 2779 permittere.
2748 2710 3195 2767 Chlothacharius
3236 2730 3365 2768 vero
3409 2723 3463 2769 et
3490 2715 3642 2769 Chil-

2061 2800 2312 2854 dehertus
2342 2803 2405 2865 in,
2424 2802 2781 2865 Burgundiant
2809 2802 3068 2871 dirigunt,
3096 2804 3642 2873 Augustodunnmque

2062 2890 2400 2953 obsidentes,
2446 2901 2690 2945 cunctam
2734 2891 2911 2960 fugato
2954 2890 3254 2963 Godomaro
3285 2894 3642 2963 Burgundioni

2064 2992 2452 3045 occupaverunt
2494 2980 2510 3031 Ξ

2138 3070 2251 3124 XII.
2291 3069 2651 3125 Theodericus
2692 3085 2819 3125 vero
2846 3085 2965 3126 cum
3003 3073 3158 3143 115
3183 3072 3419 3143 exercitu
3450 3075 3645 3135 Arver—

388 3187 479 3240 per
499 3187 615 3226 eam
642 3170 824 3239 ιιι-ιιῇίςὶ
850 3170 1162 3239 imperabat.
1189 3170 1268 3224 Ad
1291 3179 1587 3224 extremum
1611 3180 1786 3223 autem
1817 3178 1961 3223 tanta
1988 3181 2033 3242 ρ
2070 3162 2152 3215 nis
2182 3162 2421 3225 veniens,
2451 3170 2617 3214 totam
2646 3163 2915 3241 regionem
2943 3162 3182 3218 devastat
3210 3178 3274 3218 ac
3295 3165 3535 3229 proterit.
3563 3164 3647 3219 In-

385 3277 501 3316 eam
546 3262 859 3316 crudelitate
903 3262 1095 3315 dicitur
1143 3262 1454 3335 excidisse,
1501 3269 1559 3314 ut
1598 3260 1846 3315 infectum
1890 3261 1957 3314 de

356 3342 361 3347 ’
387 3354 602 3422 proprio
631 3354 887 3421 sanguine
913 3352 1182 3406 sudarium
1208 3352 1353 3407 fratri
1378 3356 1758 3407 transmitteret
1785 3370 1798 3405 :
1821 3352 1961 3407 unde

387 3445 476 3498 il'e
512 3445 741 3498 maxime
784 3453 1117 3508 commotus,
1161 3443 1442 3510 Hispanias
1476 3445 1718 3512 appetiit.
1750 3445 1961 3499 Amala-

388 3537 525 3589 rieus
554 3550 680 3588 vero
711 3534 825 3589 haec
863 3534 1109 3599 audiens,
1140 3550 1303 3591 naves
1345 3536 1407 3588 ad
1441 3536 1743 3604 fugiendum
1790 3546 1962 3605 parat.

390 3627 555 3681 Porro
584 3628 893 3681 imminente
923 3626 1285 3692 Cbildeberto,
1319 3642 1438 3681 cum
1472 3628 1800 3682 Amalaricus
1827 3637 1849 3665 °
1874 3643 1967 3683 na-

388 3733 504 3771 vem
550 3717 772 3771 deberet
810 3715 1130 3781 ascendere,
1162 3717 1211 3771 ei
1246 3718 1297 3771 in
1339 3726 1568 3772 mentem
1622 3718 1763 3773 venit
1792 3718 1969 3772 multi-

389 3809 625 3862 tudinem
674 3823 731 3861 se
773 3808 1130 3877 pretiosorum
1184 3807 1417 3877 lapidmn
1464 3808 1517 3861 in
1564 3822 1661 3863 suo
1718 3809 1967 3863 thesauro

389 3897 686 3967 reliquisse.
716 3895 955 3964 Cumque
980 3898 1043 3951 ad
1070 3898 1284 3954 eosdem
1332 3899 1589 3967 petendos
1617 3899 1669 3952 in
1697 3901 1968 3954 civitatem

391 3990 782 4058 regrederetur,
815 3988 880 4041 ab
906 3990 1141 4043 exercitu
1168 4004 1195 4041 a
1224 4000 1378 4059 portu
1416 3988 1432 4027 ί
1467 4000 1716 4044 exctusus
1746 4000 1850 4045 est.
1882 3991 1972 4044 Vi-

394 4082 525 4136 dens
572 4091 746 4134 autem
797 4095 854 4134 se
903 4097 1003 4133 non
1053 4096 1208 4151 posse
1264 4085 1528 4149 evadere,
1573 4084 1636 4135 ad
1691 4084 1971 4138 ecclesiam

393 4173 814 4228 Christianorum
841 4183 864 4220 ις
894 4172 1051 4244 114,
1092 4173 1379 4242 confugere
1426 4175 1605 4243 (cepit.
1652 4175 1757 4230 Sed
1799 4175 1972 4243 prius-

395 4279 552 4334 quam
595 4263 771 4317 limina
802 4273 983 4318 sancta
1026 4265 1395 4333 contingeret,
1424 4280 1559 4319 unus
1589 4266 1780 4319 emissa
1814 4282 1973 4321 manu

397 4355 580 4409 lancea
629 4370 749 4409 eum
790 4354 1000 4409 mortali
1047 4355 1149 4408 ictu
1180 4354 1455 4418 sauciavit,
1502 4356 1682 4423 ibique
1711 4355 1974 4410 decedens

356 4468 359 4473 ‘
398 4445 629 4502 reddidit
673 4446 939 4516 spiritum.
987 4445 1133 4501 Tunc
1181 4445 1558 4501 Cbildebertus
1599 4461 1720 4501 cum
1767 4448 1975 4516 magnis

478 4571 504 4599 ⁸
541 4560 721 4617 Refert
763 4559 1051 4625 Praecpius
1083 4561 1175 4614 tib.
1223 4576 1238 4613 ι
1282 4561 1415 4613 Ilist.
1449 4558 1710 4612 Gottbica:
1741 4558 1973 4615 Francos
2002 4559 2054 4618 D

360 4670 363 4673 η
402 4635 579 4687 occiso
611 4628 1013 4685 llermenefrido
1043 4631 1385 4699 Thuringiam
1428 4630 1528 4682 sibi
1552 4630 1864 4699 subjecisse.

363 4751 372 4761 .
472 4701 499 4739 δ
537 4703 627 4756 Sic
678 4702 797 4754 Bec.
857 4702 985 4754 Bell.
1029 4715 1156 4755 vero
1185 4709 1240 4754 et
1278 4700 1441 4766 Bad.,
1486 4698 1722 4764 unicam;
1754 4698 1968 4765 caeteri,

404 4789 644 4839 unquam.
680 4770 934 4838 Loquitur
962 4771 1248 4839 Gregorius
1275 4770 1341 4825 de
1378 4785 1438 4824 ea
1470 4769 1744 4823 Arvernitn
1785 4781 1929 4836 parte
1952 4811 1977 4835 ,η

405 4860 520 4909 qua:
547 4844 712 4896 etiam
737 4856 876 4894 nunc
906 4851 1121 4894 vocatur
1160 4841 1209 4892 la
1240 4839 1480 4908 Limague
1509 4841 1859 4909 d'Auvergne,
1884 4839 1972 4892 ubi

407 4913 783 4975 (Ilarusmons,
828 4911 1116 4977 provincia:
1161 4918 1338 4978 caput.
1394 4911 1464 4963 De
1504 4911 1777 4963 Arverniaa
1816 4911 1972 4963 uber-

394 4993 511 5035 .tate
555 4992 609 5034 et
635 4982 968 5049 jucuuditate
1006 4982 1167 5033 multa
1201 4980 1413 5048 collegit
1448 4994 1511 5033 ex
1544 4979 1704 5032 variis
1737 4978 1971 5031 auctori-

409 5054 503 5107 bus
532 5054 737 5106 Savaro
768 5051 820 5103 in
849 5053 985 5104 notis
1015 5050 1080 5103 ad
1113 5053 1389 5120 epistolam
1414 5051 1477 5103 21
1513 5050 1607 5103 lib.
1641 5064 1689 5102 tv
1722 5049 1924 5104 Sidonii
1954 5064 1970 5103 :

408 5139 560 5192 quem
591 5122 637 5174 si
666 5122 809 5174 lubet
842 5122 1080 5192 consule.

366 5250 367 5253 η
425 5187 437 5192 ⁷
481 5204 502 5230 ο
548 5192 815 5259 Hispaniae
853 5191 1067 5243 nomine
1099 5190 1182 5245 hic
1208 5189 1589 5252 Septimaniam
1624 5187 1975 5259 intelligivo—

412 5266 553 5325 Iunt,
609 5258 1073 5329 A’tnalaricnmque
1122 5277 1226 5313 non
1268 5259 1608 5329 Barcitionm,
1655 5268 1745 5311 aut
1772 5258 1973 5329 'l'oleti,

415 5342 465 5386 ut
486 5331 751 5392 aliquibus
779 5331 965 5395 piaret,
991 5330 1084 5383 sed
1113 5331 1352 5384 Narbone
1381 5328 1543 5382 fuisse
1571 5331 1821 5382 occisum.
1846 5328 1977 5392 Qua:

364 5403 550 5457 .'enim
578 5400 914 5470 Wisigotthis
949 5400 1222 5468 parebant,
1251 5401 1411 5470 etiam
1442 5400 1576 5453 intra
1608 5410 1814 5470 veteres
1854 5398 1975 5470 Gal-

412 5473 602 5527 liarum
651 5467 812 5532 lines,
857 5467 981 5525 tunc
1029 5472 1281 5538 temporis
1320 5469 1585 5544 Hispania:
1624 5467 1838 5544 nomine
1873 5469 1980 5521 free

414 5553 641 5612 quenter
677 5544 1129 5612 designabantur,
1159 5549 1214 5593 ut
1250 5543 1516 5612 sexcentis
1556 5540 1813 5612 exemplis
1863 5552 1985 5604 pro-

364 5662 371 5669 .
414 5607 526 5667 hari
560 5621 759 5681 posset.
793 5607 929 5677 Lege
962 5610 1223 5681 Volusium
1255 5610 1435 5681 lib.rvu
1465 5608 1654 5681 Rerum
1684 5607 1873 5681 Franc.

400 5736 409 5749 ι
484 5680 510 5718 ά
552 5677 656 5737 Alii
689 5680 999 5735 Cltrotildent
1026 5690 1116 5734 aut
1144 5677 1498 5749 Crotigeldent.
1534 5678 1656 5733 Bec.
1688 5684 1742 5734 ct
1769 5678 1979 5748 Regm.,

419 5749 813 5807 Chtocchildcm.
854 5750 911 5808 V.
945 5760 1053 5805 not.
1089 5750 1138 5803 in
1171 5747 1384 5815 cap.":’.3
1410 5749 1502 5804 lib.
1537 5763 1593 5802 tt.

2067 3262 2210 3305 terea
2236 3250 2493 3305 Arcadius
2522 3238 2740 3305 sceleris
2788 3249 2930 3305 illius
2972 3260 3194 3318 auctor,
3248 3252 3398 3320 cujus
3436 3254 3642 3322 ignavia

2063 3341 2211 3411 regio
2240 3342 2512 3395 devastata
2538 3326 2639 3405 es'i,
2676 3340 2937 3394 Bituricas
2968 3341 3152 3395 urbem
3183 3342 3350 3411 petiit.
3383 3343 3510 3397 Erat
3542 3358 3642 3397 au-.

2066 3444 2173 3488 tem
2198 3441 2321 3486 tunc
2347 3432 2600 3501 temporis
2639 3429 2763 3485 urbs
2802 3430 2889 3484 illa
2922 3430 2973 3484 in
3004 3446 3170 3502 regno
3199 3430 3518 3485 Childeberti
3551 3446 3641 3486 re-

2066 3528 2167 3595 gis.
2201 3521 2468 3578 Placidina
2500 3536 2623 3575 vero
2650 3532 2820 3577 mater
2862 3519 3011 3591 ejus,
3047 3529 3102 3576 et
3145 3518 3383 3575 Alchima
3427 3518 3452 3557 ι
3491 3535 3647 3576 soror

2067 3616 2232 3687 patris
2282 3615 2426 3684 ejus,
2474 3614 2903 3683 comprehensa},
2954 3613 3091 3682 apud
3119 3612 3419 3682 Cadurcum
3460 3614 3647 3677 urbem

2069 3707 2226 3762 rebus
2265 3706 2457 3761 ablatis
2502 3704 2690 3761 exsilio
2738 3704 3110 3759 condemnatce
3159 3712 3303 3757 sunt.
3338 3697 3451 3758 Rex
3491 3704 3648 3772 igitur

2052 3795 2438 3852 Theodericus
2485 3795 2548 3851 ad
2582 3794 2767 3851 urbem
2818 3796 3112 3851 Arvernam
3154 3809 3326 3865 usque
3353 3796 3644 3862 accedens,

2072 3887 2123 3942 in
2154 3888 2254 3945 vici
2311 3887 2455 3942 illius
2492 3887 2799 3941 suburbano
2833 3885 2850 3923 ι
2885 3895 3056 3941 castra
3099 3887 3233 3942 fixit.
3286 3888 3476 3943 Beatus
3523 3902 3650 3942 vero

2071 3976 2386 4043 Quintianus
2418 3976 2499 4029 his
2528 3977 2716 4030 diebus
2753 3986 2867 4031 erat
2898 3979 3197 4044 episcopus.
3246 3977 3445 4051 Interea
3492 3966 3651 4031 exer-

2054 4072 2209 4124 ‘citus
2257 4081 2501 4123 cunctam
2549 4070 2797 4122 circumit
2848 4070 3095 4121 miseram
3144 4070 3414 4138 regionem
3464 4069 3648 4133 illam,

2073 4172 2261 4219 cuncta
2292 4162 2435 4217 delet
2460 4202 2473 4226 ,
2521 4163 2764 4216 universa
2798 4162 3046 4216 debellat.
3087 4163 3160 4216 De
3189 4162 3380 4230 quibus
3412 4160 3652 4231 nonnulli

2074 4259 2140 4312 ad
2189 4257 2463 4312 basilicam
2508 4255 2677 4310 sancti
2710 4254 2901 4309 ειυιίυηὶ
2933 4255 3282 4323 perveniunt,
3314 4250 3655 4327 confringunt

2076 4352 2210 4403 ostia
2230 4389 2245 4414 ,
2294 4362 2441 4402 seras
2470 4356 2748 4401 removent
2772 4386 2786 4411 ,
2828 4362 3019 4413 resque
3050 4361 3336 4415 pauperum
3358 4385 3373 4410 ,
3402 4359 3521 4413 qua:
3550 4342 3654 4397 ibi-

2079 4436 2200 4492 dem
2247 4438 2453 4491 luerant
2478 4446 2792 4506 aggregatae,
2824 4436 3110 4504 diripiunt,
3153 4446 3208 4490 et
3249 4435 3415 4488 multa
3454 4436 3510 4487 in
3551 4426 3657 4510 hoc

2151 4560 2174 4589 ε
2213 4550 2371 4604 Corb.
2403 4559 2454 4604 et
2484 4549 2707 4613 Bellov.,
2745 4550 2995 4616 Alaricus,
3024 4559 3077 4602 et
3107 4548 3156 4601 in
3188 4548 3541 4616 capitulorum
3570 4548 3653 4603 in-

2077 4622 2196 4674 dice
2223 4661 2239 4685 ,
2280 4621 2524 4687 quamvis
2572 4620 2705 4673 alias
2750 4633 2962 4687 semper
3002 4634 3121 4671 eum
3170 4619 3517 4671 Autatart'cunt
3558 4634 3655 4690 ap.

2077 4691 2293 4762 pellent.

2151 4757 2169 4797 ί
2213 4759 2365 4813 Colb.
2409 4774 2526 4813 cum
2559 4757 2804 4812 omnibus
2836 4757 2945 4811 fere
2974 4757 3127 4811 editis
3154 4775 3185 4810 α
3216 4768 3386 4826 porta.

2146 4840 2171 4877 is
2212 4831 2343 4902 Nota
2389 4830 2679 4882 catholicus
2720 4827 2974 4897 appellari
3012 4828 3348 4882 Christianus
3390 4827 3460 4902 ad
3501 4828 3654 4882 Aria-

2076 4915 2263 4954 norum
2298 4901 2603 4952 discrimen.

2147 4968 2173 5007 δ
2212 4970 2301 5024 Sic
2335 4968 2550 5035 Casin.;
2592 4968 2678 5021 alii
2710 4978 2816 5021 non
2846 4966 3045 5023 habent
3079 4969 3131 5022 in
3161 4968 3515 5033 ministerium,
3548 4967 3655 5023 sic-

2078 5048 2136 5094 ut
2166 5056 2262 5094 nec
2294 5039 2442 5093 editi.

2158 5110 2172 5148 ί
2220 5111 2430 5176 Ιὶθςιιιη
2459 5107 2714 5163 solatium.
2737 5107 2894 5168 Editi,
2919 5106 3193 5162 auxilium.

2154 5179 2168 5230 t'
2215 5172 2508 5235 lus—tiniano
2558 5195 2606 5232 tv
2635 5187 2680 5231 et
2726 5176 2951 5232 Paulino
2990 5194 3155 5245 coss.,
3202 5176 3245 5230 si
3275 5174 3441 5229 Mario
3478 5172 3655 5231 credi-

2084 5266 2225 5309 mus.
2260 5251 2313 5304 id
2355 5259 2435 5302 est
2463 5262 2603 5302 anno
2641 5246 2765 5302 554.

2157 5321 2176 5358 λ
2215 5320 2328 5375 Jam
2356 5320 2422 5373 de
2465 5319 2547 5373 bis
2574 5334 2690 5381 cap.
2717 5318 2752 5370 ε).
2781 5317 2937 5385 hujus
2981 5315 3122 5370 libri.
3168 5313 3264 5369 llic
3306 5315 3356 5370 in
3389 5314 3518 5385 Reg.
3560 5328 3657 5385 pro

2086 5391 2357 5453 Archinta,
2400 5389 2588 5456 legitur
2618 5388 2934 5444 Arcltidinta.
2974 5389 3236 5456 Czeterum
3270 5401 3372 5439 non
3412 5391 3657 5441 videntur

2088 5466 2225 5528 apud
2282 5455 2578 5513 Cadurcinn
2630 5458 3065 5528 comprehensae,
3117 5464 3172 5509 ut
3218 5455 3443 5510 innuunt
3480 5457 3654 5514 editi:

2086 5526 2178 5586 sed
2210 5531 2259 5583 in
2284 5530 2538 5584 Arvernis
2568 5528 2970 5592 comprehensa:
2996 5526 3291 5581 Cadurcum
3328 5528 3378 5580 in
3414 5529 3656 5581 exsilium

2087 5603 2263 5655 missa:
2308 5602 2535 5653 fuerunt.
2569 5597 2826 5651 Arcadius
2855 5611 2969 5650 erat
3007 5601 3179 5651 sancti
3219 5598 3421 5651 Sidonii
3451 5612 3651 5663 nepos.

2052 5722 2055 5725 η
2087 5672 2203 5742 ejus
2224 5668 2546 5742 scilicet_filii
2578 5668 2899 5742 Apollinaris
2926 5668 3086 5725 filius.
3118 5668 3244 5726 Vide
3270 5682 3430 5739 Supra
3450 5681 3569 5737 cap.
3603 5670 3654 5720 υ.

2163 5740 2179 5781 1
2224 5741 2350 5797 Mss.
2384 5739 2601 5807 aliquot,
2640 5738 2950 5793 suburbana.
