4008 6184
391 310 483 367 Ξδι
1392 303 1452 360 S.
1493 300 1823 362 GREGORII
1866 297 2173 355 EPISCOPI
2214 294 2640 353 TURONENSIS

3571 294 3671 348 9.32

391 428 508 485 loco
548 434 859 498 perpetrant
902 425 1064 481 mala.
1099 422 1476 480 Vctuntmmen
1521 432 1769 478 auctores
1796 419 1971 476 scele-
2002 419 2053 481 Α
2079 425 2466 487 prosterneret,
2493 428 2763 485 nunquam
2797 422 2853 469 ut
2880 426 2939 470 se
2967 412 3018 470 ei
3039 411 3297 467 subderet
3327 411 3660 477 movebatur,

391 537 507 576 rum
553 535 581 573 a
612 520 802 589 spiritu
853 516 1128 572 immundo
1157 517 1426 586 correpti,
1475 515 1682 571 infestis
1724 513 1979 568 dentibus

393 612 621 682 propriis
651 625 710 665 se
755 608 1024 663 morsibus
1056 609 1323 671 lacerant,
1374 607 1673 661 clamantes
1702 615 1861 675 atque
1898 604 1979 659 di-

390 716 575 757 centes
604 721 617 756 :
646 703 753 756 Cur
804 716 919 765 nos,
967 711 1170 772 martyr
1199 712 1382 756 sancte
1407 746 1422 768 ,
1456 703 1533 756 sic
1560 701 1805 756 crucias?
1843 700 1983 756 sicut

392 795 443 849 iu
478 794 616 849 libro
656 792 922 847 Virtutum
967 792 1084 861 ejus
1123 792 1544 859 conscripsimus
1575 800 1627 847 ει.

465 885 602 939 Xlll.
641 884 1020 939 Lovolautrum
1052 884 1081 923 δ
1117 893 1293 939 autem
1324 893 1562 939 castmm
1608 883 1789 940 hostes
1817 898 1987 954 expu-

390 986 587 1045 gnant,
655 976 1047 1045 Proculumque
1106 977 1519 1048 presbyterum,
1583 978 1673 1045 qui
1712 978 1982 1047 quondam

392 1076 580 1124 saneto
621 1069 909 1136 Quintiano
937 1069 1183 1139 injuriam
1218 1070 1491 1138 intulerat,
1525 1070 1589 1123 ad
1622 1069 1869 1124 altarium
1897 1085 1987 1125 ec-

394 1159 574 1214 ciesia:
623 1159 999 1214 miserabiliter
1030 1158 1375 1215 ittterficiunt.
1429 1160 1493 1213 Et
1535 1161 1697 1215 credo
1743 1161 1813 1215 ob
1843 1160 1986 1215 illius

395 1264 638 1314 causam,
669 1250 810 1321 quod
843 1250 1001 1305 fuerit
1030 1250 1200 1319 ipsum
1231 1258 1464 1304 castrum
1493 1250 1545 1304 in
1584 1250 1829 1305 manibus
1876 1260 1983 1304 tra-

396 1345 563 1400 ditum
594 1345 898 1414 iniquorum
927 1361 939 1396 :
967 1343 1106 1411 quod
1139 1358 1305 1412 usque
1333 1342 1385 1396 in
1418 1343 1505 1397 illa
1536 1343 1624 1397 die
1649 1342 1986 1398 defensatum

395 1444 499 1488 est.
534 1433 664 1488 Nam
697 1450 818 1488 cum
868 1432 996 1487 illud
1031 1433 1214 1487 hostes
1242 1447 1548 1501 expugnare
1595 1447 1699 1486 non
1732 1441 1985 1500 possent,

396 1531 449 1577 et
472 1522 538 1577 ad
581 1512 793 1592 propria
825 1522 934 1592 jam
964 1524 1137 1577 tedire
1167 1524 1534 1588 disponerent,
1565 1523 1845 1578 audientes
1876 1523 1990 1577 lucc

396 1615 629 1677 obsessi,
657 1614 766 1684 jam
802 1615 906 1668 laeti
938 1624 1097 1683 atque
1125 1614 1300 1670 securi
1330 1615 1704 1682 decipiuntur,
1751 1615 1892 1670 sicut
1916 1614 1994 1670 ait

398 1688 685 1774 Apostolus
712 1723 726 1759 :
756 1704 884 1759 Cum
914 1706 1135 1759 dixerint
1163 1702 1276 1776 ptui
1292 1716 1337 1759 et
1360 1708 1625 1772 securitas,
1657 1716 1780 1759 tunc
1808 1722 1991 1775 repen-

2080 506 2156 565 ita
2191 517 2249 562 ut
2277 516 2330 562 et
2361 506 2586 576 quadam
2609 506 2727 560 vice
2756 503 2907 559 uxori
2934 518 3052 573 quae
3085 512 3302 555 sanctus
3329 499 3550 569 fecerat,
3583 518 3676 570 pro

2084 600 2309 656 ridiculo
2341 600 2622 654 indicaret.
2665 597 2796 665 ρηω
2840 596 3079 651 melioris
3106 593 3476 664 intelligentia:
3518 595 3675 651 modo

2084 703 2373 757 commota,
2424 692 2499 747 ait
2530 710 2542 744 :
2573 690 2631 747 Si
2674 691 2746 743 ita
2777 705 2837 745 es
2883 688 3042 742 hodie
3074 686 3486 756 pessumdatus,
3539 703 3675 741 nuu-

2088 799 2245 853 quam
2276 784 2523 853 erigeris.
2568 783 2662 837 Die
2692 792 2873 836 autem
2906 782 3063 835 tertia
3105 779 3453 835 advenientes
3505 780 3675 834 nntttii

2085 876 2153 932 de
2203 877 2488 946 praesentia
2537 877 2712 945 regis,
2761 876 3149 953 vinctum,cum
3191 889 3358 929 uxore
3396 890 3459 928 ac
3498 874 3677 928 liberis

2088 970 2286 1040 pariter
2322 970 2681 1026 abduxerunt.
2725 969 2823 1035 Qui
2874 967 3060 1023 abiens
3109 983 3380 1036 nunquam
3424 967 3677 1022 Arvernis

2087 1077 2368 1132 regressus
2395 1071 2497 1118 est.

2166 1153 2320 1224 117
2350 1152 2489 1208 XIV.
2521 1152 2863 1207 Mundericus
2912 1152 3097 1221 igitur,
3147 1151 3234 1219 qui
3287 1167 3346 1207 se
3397 1163 3667 1220 parentem

2094 1247 2301 1313 regium
2325 1243 2348 1280 κ
2377 1244 2672 1310 asserebat,
2704 1244 2878 1299 elatus
2908 1244 3180 1312 superbia,
3231 1244 3306 1298 ait
3339 1244 3515 1311 :Quid
3549 1245 3671 1297 milti

2090 1345 2145 1390 et
2170 1336 2508 1391 Theoderico
2535 1338 2682 1406 regi?
2710 1335 2801 1391 Sic
2829 1338 2974 1392 enim
2999 1338 3127 1391 mihi
3151 1337 3344 1391 solium
3387 1336 3540 1407 regni
3584 1339 3673 1394 (ιο-

2094 1429 2270 1495 betur,
2300 1440 2359 1483 ut
2389 1430 2487 1485 illi.
2524 1430 2800 1500 Egrediar,
2831 1439 2885 1485 et
2926 1430 3170 1501 colligam
3203 1432 3452 1501 pupulum
3484 1447 3658 1486 meum

2092 1531 2255 1586 atque
2278 1521 2488 1590 exigam
2529 1529 2923 1576 sacramentum
2949 1521 3018 1575 ab
3045 1521 3144 1586 eis,
3194 1532 3252 1575 ut
3282 1522 3418 1576 sciat
3438 1521 3674 1576 Theude

2095 1614 2239 1669 ricus
2263 1617 2389 1684 quia
2424 1632 2513 1670 rex
2538 1630 2654 1670 sum
2685 1632 2806 1685 ego,
2840 1618 2977 1673 sicut
3005 1628 3056 1673 et
3084 1618 3194 1673 ille.
3229 1620 3286 1673 Et
3314 1633 3559 1686 egressus
3581 1634 3662 1674 ea:

2100 1707 2176 1775 pit
2206 1706 2468 1763 seducere
2498 1708 2777 1778 populant,
2832 1708 3017 1764 dicens
3045 1725 3058 1761 :
3092 1708 3347 1779 Princeps
3397 1726 3496 1780 ego
3548 1725 3661 1765 sum

399 1798 534 1851 tinus
566 1798 882 1867 superveniet
928 1799 1163 1853 interitus
1192 1798 1244 1869 (I
1274 1800 1449 1854 Thess.
1493 1815 1531 1865 t,
1561 1800 1614 1862 5,
1648 1798 1725 1869 5).
1760 1800 1995 1869 Denique
2030 1799 2071 1856 Β
2101 1796 2384 1867 sequimini
2417 1815 2523 1863 tne,
2555 1809 2610 1853 et
2640 1801 2743 1853 erit
2767 1800 2915 1854 Vobis
2946 1800 3102 1855 bene.
3129 1800 3468 1871 Sequebatur
3510 1814 3684 1863 autem

403 1902 500 1956 per
542 1888 708 1958 ipsius
739 1888 949 1943 Proculi
993 1890 1292 1960 presbyteri
1333 1906 1547 1944 servum
1583 1901 1605 1929 ο
1631 1931 1645 1952 ,
1684 1892 1793 1956 jam
1822 1892 1994 1946 securi

405 1980 586 2049 populi
632 1979 916 2034 traduntur
956 1980 1008 2034 in
1041 1988 1227 2034 manus
1261 1981 1511 2035 hostium.
1546 1982 1789 2051 Cumque
1839 1983 1997 2054 116

403 2082 615 2128 vastato
653 2072 877 2128 castello
903 2072 1228 2128 ducerentur
1258 2074 1492 2142 captivi,
1522 2074 1770 2129 immanis
1821 2078 1994 2143 pluvia

401 2181 523 2232 quae
576 2182 671 2233 per
708 2166 924 2237 triginta
967 2167 1081 2221 dies
1140 2167 1310 2222 fuerat
1356 2170 1653 2239 abuegata,
1696 2168 1993 2224 descendit.

402 2258 551 2312 Tunc
573 2259 783 2313 obsessi
812 2257 1209 2313 Mcrolitcensis
1236 2256 1262 2294 ά
1288 2261 1471 2323 castri,
1507 2275 1573 2314 ne
1598 2260 1792 2328 captivi
1823 2261 1994 2315 abdu-

402 2362 694 2417 cerentur,
746 2352 967 2420 redemp
995 2352 1117 2407 ioue
1164 2352 1285 2407 data
1343 2354 1447 2408 lilte
1479 2363 1636 2408 antur
1676 2371 1690 2406 :
1730 2355 1824 2408 scd
1879 2354 1995 2407 lucc

404 2444 614 2513 ignavia
643 2458 829 2499 eorum
861 2443 1071 2509 cﬂecit,
1107 2456 1341 2499 castrum
1387 2445 1529 2499 enim
1563 2446 1773 2514 propria
1808 2457 1995 2500 natura

404 2536 669 2591 munitum
715 2545 853 2591 erat.
884 2536 1014 2591 Nam
1044 2540 1394 2592 centenorum
1429 2548 1519 2592 aut
1546 2554 1611 2593 eo
1640 2539 1869 2607 amplius
1899 2554 1996 2607 pe-

402 2628 528 2681 dttm
558 2627 625 2683 ab
654 2630 834 2683 exciso
862 2629 1089 2683 vallatur
1118 2630 1325 2698 lapide,
1356 2646 1460 2684 non
1495 2646 1767 2685 murorum
1798 2640 1822 2669 ε
1851 2640 1995 2685 strtt-

402 2719 619 2783 ctione;
661 2717 714 2772 in
762 2718 939 2772 medio
984 2728 1162 2774 autem
1190 2719 1376 2789 ingens
1416 2730 1666 2791 stagnum
1712 2737 1897 2790 aqnze,
1930 2721 1994 2775 li-

404 2823 572 2878 quote
600 2809 1002 2879 gratissimum;
1035 2811 1103 2866 ab
1129 2812 1229 2866 alia
1261 2828 1389 2867 vero
1436 2824 1584 2882 parte
1619 2813 1792 2869 fontes
1839 2814 1999 2868 uber-

405 2902 559 2969 rimi,
609 2903 681 2955 ita
708 2910 765 2957 ut
795 2917 889 2971 per
920 2914 1128 2972 portam
1165 2902 1184 2942 ί
1216 2906 1363 2959 rivus
1409 2904 1613 2959 difﬂuat
1641 2921 1793 2976 aqua:
1841 2905 1996 2961 vivae.

405 2993 511 3047 Sed
541 2994 592 3047 in
623 3001 727 3047 tam
767 2994 952 3063 grandi
980 2997 1153 3065 spatio
1180 2996 1407 3052 munitio
1439 2998 1537 3051 ista
1568 2996 1915 3063 distenditur,
1944 3007 2001 3051 ut

405 3095 685 3139 manentes
716 3085 850 3139 inl'ra
882 3102 1152 3142 murorum
1187 3098 1334 3156 septa
1369 3098 1564 3142 terram
1593 3090 1863 3158 excolam,
1889 3088 2000 3142 fru-

2098 1903 2220 1943 eum
2248 1891 2445 1944 rustica
2476 1890 2783 1958 multitudo,
2833 1901 2890 1945 ut
2927 1893 3245 1962 plerumque
3289 1893 3438 1961 fragil
3468 1894 3557 1947 tati
3590 1894 3686 1947 hu-

2100 1995 2274 2033 manae
2320 1983 2593 2048 convenit,
2648 1982 2840 2037 dantes
2890 1994 3283 2038 sacramentum
3316 1985 3604 2047 titlelitatis,
3636 1996 3687 2041 et

2102 2070 2427 2137 honorantes
2476 2088 2597 2127 eum
2650 2086 2709 2127 ut
2762 2090 2963 2144 regem.
2994 2074 3143 2142 Quod
3176 2092 3295 2129 cum
3328 2076 3689 2131 Theodericus

2098 2166 2477 2231 comperisset,
2514 2164 2824 2218 mandatum
2853 2167 3016 2220 mittit
3046 2166 3110 2219 ad
3158 2182 3310 2231 eum,
3343 2167 3565 2221 dicens:
3591 2168 3690 2221 Ac-

2100 2257 2232 2309 cede
2255 2255 2319 2308 ad
2354 2270 2459 2320 me,
2487 2256 2607 2310 etsi
2642 2256 2736 2311 tibi
2789 2256 2968 2327 aliqua
3014 2256 3083 2311 de
3137 2258 3503 2314 dominatione
3544 2260 3690 2328 regni

2102 2348 2269 2401 nostri
2292 2352 2465 2416 portio
2484 2349 2730 2414 debetur,
2760 2351 2966 2418 accipe.
2996 2351 3191 2407 Dolose
3212 2352 3352 2405 enim
3378 2352 3491 2406 haec
3512 2353 3691 2407 Thett-

2099 2442 2313 2497 dericus
2345 2442 2580 2508 diccbat,
2606 2443 2812 2498 scilicet
2843 2454 2898 2498 ut
2919 2459 3039 2498 cum
3071 2445 3136 2498 ad
3167 2460 3289 2500 eum
3320 2446 3575 2511 venisset,
3612 2447 3690 2500 in-

2101 2538 2457 2590 terﬁceretur.
2492 2534 2581 2589 llle
2613 2550 2740 2589 vero
2770 2535 2961 2601 noluit,
2991 2535 3174 2591 dicens
3207 2553 3220 2588 :
3256 2536 3355 2601 Ite,
3391 2535 3709 2591 renuntiate

2102 2630 2214 2699 regi
2246 2644 2446 2697 vestro,
2476 2633 2597 2701 quia
2646 2647 2740 2687 rex
2786 2647 2903 2686 sum
2951 2633 3090 2687 sicut
3135 2643 3191 2688 et
3234 2634 3342 2687 ille.
3395 2634 3547 2688 Tunc
3594 2650 3689 2689 rex

2100 2722 2428 2776 commoveri
2456 2723 2619 2792 jussit
2644 2722 2937 2779 exercitum
2957 2763 2973 2790 ,
3012 2740 3118 2794 quo
3139 2740 3428 2795 oppressus
3458 2727 3505 2780 vi
3540 2726 3691 2794 puni-

2104 2820 2273 2866 retur.
2324 2811 2477 2879 Quod
2528 2812 2617 2867 ille
2664 2828 3015 2884 cognoscens,
3067 2826 3122 2871 et
3171 2832 3230 2873 se
3260 2833 3364 2871 non
3397 2819 3692 2887 prazvalens

2103 2900 2406 2969 defensare,
2454 2902 2738 2959 Victor-iaci
2794 2905 2955 2959 castri
2994 2904 3011 2942 1
3048 2923 3230 2965 muros
3266 2919 3547 2976 expetens,
3572 2925 3691 2964 cum

2104 2995 2268 3049 rebus
2310 2995 2560 3051 omnibus
2609 2996 2661 3050 in
2712 3012 2777 3052 eo
2807 3013 2865 3052 se
2890 2998 3093 3055 studuit
3113 3002 3466 3065 communire,
3500 3002 3583 3057 bis
3609 3017 3694 3058 se-

2105 3101 2225 3141 cum
2274 3102 2409 3157 quos
2461 3087 2752 3143 seduxerat
2801 3091 3119 3160 aggregatis.
3201 3090 3364 3162 igitur
3426 3104 3693 3148 commuto

408 3191 606 3249 gesque
632 3177 681 3231 in
710 3177 1032 3234 abundantia
1063 3180 1329 3251 colligant.
1375 3181 1542 3249 Hujus
1575 3182 1883 3237 munitionis
1916 3191 1994 3236 tu-
2025 3181 2071 3242 C
2105 3180 2341 3234 exercitu
2371 3190 2606 3234 castrum
2634 3181 2817 3245 vallat,
2849 3197 2911 3236 ac
2944 3199 3037 3252 per
3083 3191 3289 3253 septo-nt
3320 3186 3435 3239 des
3462 3186 3689 3242 obsedit.

407 3272 604 3326 tamine
645 3272 795 3342 elati,
824 3274 912 3344 qui
941 3274 1145 3330 obsessi
1176 3288 1351 3343 erant,
1390 3278 1591 3345 egressi
1636 3279 1780 3332 foras
1809 3289 1865 3333 ut
1907 3295 1998 3333 ar-

408 3372 557 3436 repta
604 3368 779 3440 aliqua
822 3371 1034 3439 praeda,
1089 3371 1281 3427 iterum
1330 3388 1390 3429 se
1436 3374 1570 3429 infra
1610 3376 1815 3431 castelli
1848 3388 1998 3447 septa

409 3462 771 3519 reconderem
795 3505 811 3529 ,
860 3464 927 3518 ab
958 3465 1201 3539 hostibus
1231 3468 1607 3534 comprehensi
1653 3463 1797 3525 sunt.
1836 3473 2001 3528 Erant

408 3560 588 3607 autem
619 3554 1001 3625 quinquaginta
1030 3566 1055 3605 ε
1086 3558 1207 3613 viri.
1239 3558 1390 3613 Tunc
1419 3570 1543 3614 ante
1572 3576 1665 3615 ora
1698 3574 1997 3631 parentum,

409 3641 605 3696 vinctis
632 3652 749 3711 post
780 3652 987 3713 tergum
1032 3646 1276 3701 manibus
1303 3649 1501 3716 oblati,
1547 3651 1863 3708 imminente
1888 3654 1999 3723 jam

410 3735 607 3803 gladio,
642 3735 1024 3805 acquieverunt
1049 3739 1276 3803 obsessi,
1310 3756 1376 3796 ne
1407 3743 1856 3811 interficerentur,
1890 3746 2002 3800 sin-

410 3826 563 3896 gulos
604 3828 821 3885 triantes
846 3825 875 3866 δ
903 3830 1031 3886 dare
1069 3832 1121 3887 in
1153 3832 1577 3902 redemptionem
1609 3851 1783 3891 suam.
1823 3836 2001 3893 Theu-

411 3919 625 3975 dericus
675 3929 856 3977 autent
906 3922 974 3977 ab
1010 3924 1255 3980 Arverno
1302 3926 1621 3994 discedens,
1672 3927 1999 3999 Sigivaldom

413 4024 690 4082 parentem
713 4030 894 4087 suum,
916 4016 969 4071 in
994 4031 1056 4072 ea
1074 4019 1223 4097 quasi
1250 4033 1351 4087 pro
1376 4019 1616 4073 custodia
1640 4020 1929 4099 dereliquit
1959 4020 1999 4075 ί.

416 4104 542 4161 Erat
567 4115 744 4163 autem
775 4109 846 4164 ibi
875 4118 1001 4165 tunc
1028 4111 1281 4179 temporis
1306 4111 1518 4179 quidam
1552 4111 1773 4183 Litigius
1799 4130 1864 4169 ex
1890 4129 2001 4169 mo-

412 4198 676 4254 nitoribus
704 4200 749 4264 i,
791 4202 879 4272 qui
908 4217 1128 4274 magnas
1153 4213 1341 4258 sancto
1361 4204 1647 4272 Quintiano
1678 4208 1897 4276 parabat
1922 4210 2005 4263 in-

412 4292 612 4359 sidias;
653 4304 707 4349 et
752 4310 874 4350 cum
921 4312 980 4351 se
1030 4310 1247 4352 sanctus
1294 4298 1581 4369 episcopus
1615 4300 1839 4369 pedibus
1884 4304 2000 4373 ejus

485 4417 513 4445 ι
551 4406 1033 4487 Cap.__scilicet_l3
1055 4455 1066 4471 .
1089 4414 1206 4487 _|ib.
1234 4429 1321 4487 tt,
1355 4415 1421 4467 de
1461 4415 1665 4478 .\lirae.,
1707 4417 1795 4487 qui
1825 4428 1908 4472 est
1937 4421 2002 4474 de

415 4492 601 4555 sancto
630 4480 873 4555 Juliano,
921 4483 987 4537 de
1016 4484 1165 4549 cujus
1197 4485 1412 4539 basilica
1443 4493 1581 4555 apud
1612 4480 1876 4543 Brivatem
1910 4506 2000 4544 ur-

415 4547 536 4602 bem
573 4551 804 4618 |0tjuitur
833 4554 918 4609 hic
948 4547 1253 4624 Gregorius.

485 4627 513 4667 δ
546 4628 689 4702 Qui.
724 4633 885 4702 ch.,
942 4635 1353 4702 [\‘ovolantrum,
1398 4639 1550 4702 cujus
1593 4639 1725 4693 situs
1766 4640 2000 4697 incertus

416 4707 520 4776 est.
554 4699 795 4756 Valesius
809 4699 888 4776 'in_
904 4706 1095 4760 Notitia
1130 4718 1277 4776 putat
1311 4699 1430 4763 esse
1454 4699 1626 4762 locum
1658 4710 1856 4765 dictum
1895 4712 2001 4766 Vo-

417 4770 578 4833 Iorre,
631 4788 801 4848 prppe
830 4770 1148 4845 'l‘igcruunt,
1183 4776 1401 4841 'l‘ltiern,
1432 4781 1684 4846 oppidum
1725 4783 1863 4848 apud
1900 4786 2001 4836 Ar-

418 4854 632 4920 vernos.
661 4842 1005 4920 Qunfercum
1039 4848 1139 4899 hoc
1168 4852 1340 4920 capite
1368 4842 1526 4903 vitam
1555 4851 1612 4906 S.
1646 4842 1915 4920 Quintiani
1947 4854 2000 4908 in

419 4910 556 4964 libro
587 4913 653 4966 de
685 4913 814 4969 Vitis
840 4914 1076 4981 Patrum,
1118 4910 1248 4987 cap:
1279 4918 1332 4974 4.
1388 4970 1393 4971 ,

492 5001 514 5029 ο
555 4993 685 5047 Cod.
719 4996 903 5055 Cot'b.,
934 5006 1199 5065 stuprum;
1233 4999 1358 5052 Bell.
1392 5000 1666 5067 mendose,
1711 5013 1932 5056 urnam.

488 5070 514 5109 ι¹
559 5074 705 5154 llunc
738 5076 908 5154 locum
954 5077 1091 5154 idem
1124 5078 1363 5154 V_a_lesius
1411 5092 1564 5151 putat
1590 5096 1711 5138 esse
1745 5082 2003 5154 Uliergue,

419 5154 654 5200 castrum
687 5147 824 5200 haud
866 5151 1048 5218 procul
1080 5166 1109 5203 a
1136 5150 1387 5220 Tigerno.

492 5225 629 5302 Aliis
641 5238 833 5302 tamen
862 5231 1209 5302 probabilius
1257 5232 1470 5286 videtur
1497 5231 1584 5285 hic
1623 5230 1887 5302 designari
1924 5231 2005 5284 lo—

419 5311 552 5369 cum
590 5295 790 5369 Chauci
850 5295 1066 5355 Mer/iac
1110 5303 1333 5368 dictum,
1382 5304 1470 5369 qui
1525 5295 1767 5356 duobus"
1790 5304 2010 5357 circiter

424 5365 750 5441 titilliatiisa
781 5370 1051 5441 Mauriaco
1098 5365 1328 5441 oppido,
1349 5365 1419 5425 ob
1476 5374 1745 5426 abbatiam
1801 5375 2007 5427 ordinis

426 5436 752 5507 llencdiclini
770 5440 1057 5507 celebrem,
1075 5436 1297 5497 dissttus
1318 5452 1419 5496 est.
1438 5443 1622 5496 Exstat
1647 5445 1697 5496 in
1721 5445 1873 5499 collis
1896 5444 2009 5498 edi-

423 5506 617 5584 tissitni
647 5508 861 5584 declivi,
894 5506 1359 5569 undedcscensus
1403 5522 1488 5569 est
1516 5530 1609 5583 per
1638 5522 1785 5583 prata
1811 5516 1863 5569 in
1896 5532 2012 5584 pro-

420 5576 643 5632 fundam
672 5580 883 5634 vallem.

498 5667 522 5696 ⁸
537 5657 628 5714 Sic
649 5675 779 5717 loss.
805 5664 1147 5730 vetustiores;
1175 5664 1263 5719 alii
1279 5681 1400 5719 cum
1417 5666 1574 5733 edit.,
1592 5666 1701 5719 sine
1720 5680 2006 5719 murorum.

499 5736 521 5778 ί
539 5739 725 5807 C0rb.,
756 5758 847 5809 per
866 5746 1201 5798 munitionem
1230 5755 1388 5799 totum
1426 5748 1586 5810 rivus;
1615 5755 1672 5800 at.
1693 5745 2007 5800 vocabulum

426 5811 757 5871 munitionem
774 5814 876 5872 alia
899 5831 1079 5882 manu,
1099 5816 1193 5874 sed
1210 5817 1603 5890 antiquissinta,
1624 5820 1879 5887 scriptum
1902 5827 2005 5876 cst.

2033 4570 2083 4628 D

2104 3273 2443 3329 Mundericus
2496 3282 2672 3329 autem
2722 3276 3053 3344 repugnabat
3105 3292 3227 3331 cum
3277 3278 3416 3343 suis,
3465 3278 3693 3333 dicens:

2103 3365 2319 3421 S'emus
2347 3367 2533 3433 fortes,
2577 3376 2631 3422 et
2662 3383 2829 3437 usque
2870 3368 2936 3422 ad
2983 3380 3207 3425 mortem
3235 3372 3431 3441 pariter
3469 3371 3694 3427 ditnicc-

2072 3456 2245 3524 ‘mus,
2276 3471 2327 3515 et
2353 3476 2456 3514 non
2497 3459 2786 3517 subdamur
2818 3462 3068 3517 inimicis.
3098 3463 3336 3532 Cumque
3376 3466 3641 3519 exercitus
3665 3480 3696 3521 :t

2104 3552 2331 3607 circuitu
2376 3553 2428 3607 in
2483 3561 2669 3607 contra
2713 3552 2888 3623 jaeula
2924 3555 3336 3622 transmitteret,
3371 3556 3696 3625 uecaliquid

2107 3643 2439 3713 praevaleret,
2495 3644 2879 3700 nuntiaverunt
2928 3646 3044 3701 [nec
3093 3648 3225 3717 regi.
3288 3651 3359 3701 At
3406 3649 3496 3704 ille
3553 3648 3698 3703 misit

2104 3737 2388 3804 quemdam
2420 3737 2487 3789 de
2510 3735 2641 3801 suis,
2671 3736 2989 3804 Aregisilum
3010 3747 3050 3775 ω
3076 3739 3312 3803 nomine,
3342 3740 3581 3808 dixitque
3601 3740 3652 3795 ei
3679 3756 3697 3795 :

2106 3825 2288 3891 Vides,
2327 3826 2518 3895 inquit,
2550 3827 2690 3897 quod
2718 3828 3004 3899 praevaleat
3042 3829 3126 3884 hic
3170 3830 3406 3899 perfidus
3434 3831 3483 3885 itt
3508 3842 3700 3887 contu-

2106 3920 2276 3972 macia
2304 3935 2420 3973 sua.
2452 3919 2615 3983 Vade,
2644 3929 2700 3975 et
2720 3921 2882 3976 redde
2912 3923 2960 3976 ei
2986 3933 3409 3990 sacramentum,
3446 3932 3501 3978 ut
3541 3939 3701 3978 secu-

2106 4026 2199 4066 rus
2218 4012 2544 4082 egrediatur.
2589 4011 2723 4067 Cum
2753 4025 2931 4069 autem
2973 4029 3223 4084 egressus
3248 4015 3428 4078 fuerit.
3458 4016 3702 4070 interfice

2106 4116 2251 4166 cum,
2302 4112 2358 4157 et
2403 4102 2523 4157 dele
2570 4105 2880 4158 memoriam
2929 4106 3046 4173 ejus
3096 4120 3126 4160 a
3173 4122 3336 4176 regno
3361 4117 3563 4161 nostro.
3595 4106 3701 4172 Qui

2106 4193 2310 4258 abiens,
2341 4193 2465 4249 fecit
2485 4194 2638 4264 juxta
2666 4196 2809 4265 quod
2852 4197 2899 4251 ei
2949 4207 3270 4266 praeceptum
3304 4199 3495 4252 fuerat.
3529 4197 3704 4251 Dede-

2106 4296 2188 4340 rat
2242 4294 2421 4341 tamen
2462 4288 2611 4357 prius
2656 4289 2866 4359 Signum
2914 4290 3109 4359 populo
3131 4333 3144 4358 ,
3178 4289 3363 4345 dicens
3392 4306 3406 4343 :
3436 4291 3568 4345 Cum
3598 4304 3704 4359 ego

2179 4413 2206 4451 ις
2249 4404 2384 4458 Edit.
2434 4404 2467 4458 ἓ
2494 4445 2509 4470 ,
2558 4406 2853 4474 quingenti;
2885 4421 3070 4460 omnes
3114 4416 3288 4460 tamen
3337 4421 3467 4460 mss.
3506 4406 3701 4460 habent

2105 4476 2494 4547 quinquaginta,
2528 4488 2722 4543 praeter
2751 4478 2907 4531 Corb.
2938 4478 3027 4544 qui
3068 4479 3250 4535 liabet.
3281 4478 3653 4547 quinquaginti.

2180 4542 2209 4582 ιλ
2252 4542 2385 4598 Editt
2418 4548 2502 4599 hic
2524 4542 2577 4597 et
2610 4549 2804 4610 passim
2832 4542 3055 4601 inferius
3086 4542 3302 4602 trientes
3329 4542 3540 4615 Setitper
3563 4548 3703 4600 scri-

2111 4615 2313 4671 buttt.U
2322 4620 2422 4670 nde
2436 4617 2576 4684 apud
2593 4618 2907 4681 Gregorium
2925 4620 3157 4673 trientem
3174 4634 3385 4686 semper
3402 4619 3581 4672 haberi
3601 4619 3705 4671 ob—

2110 4690 2340 4760 servavit
2359 4686 2675 4742 Francistsus
2703 4688 2939 4760 Pitbmus
2956 4692 3005 4741 in
3024 4694 3105 4745 tit.
3122 4705 3302 4743 xxxvtt
3333 4690 3464 4760 legis
3479 4688 3700 4745 Salicm.

2190 4756 2205 4794 ί
2250 4757 2445 4811 Confer
2473 4772 2592 4812 cum
2623 4773 2743 4823 cap.
2776 4758 2839 4811 l4
2866 4759 2932 4813 de
2965 4762 3143 4814 Mirac.
3176 4760 3236 4815 S.
3265 4756 3482 4815 .Ittli‘a'ni.

2188 4839 2200 4877 ι
2236 4827 2275 4882 S
2294 4843 2325 4882 c
2351 4831 2509 4882 (λοι-ι».
2532 4839 2587 4883 et
2635 4830 2833 4884 Bellov.
2856 4848 2870 4895 ;
2896 4830 2981 4882 alii
3006 4832 3303 4883 minoribus.
3333 4833 3495 4884 Erant
3516 4840 3703 4884 autem

2112 4901 2350 4951 monitor
2383 4914 2439 4963 s,
2488 4908 2545 4952 ut
2592 4900 2843 4954 observat
2886 4901 3124 4955 \‘alt-sius
3171 4918 3222 4955 ιιι
3264 4902 3584 4955 Praelatione
3628 4903 3704 4955 ad

2115 4979 2242 5023 tom.
2280 4970 2316 5022 ll
2351 4968 2861 5041 lteruutFrancic.,
2913 4972 2999 5041 qui
3031 4973 3168 5040 regis
3216 4974 3431 5026 nomine
3476 4972 3706 5027 Francis

2111 5041 2506 5107 expeditionem
2535 5039 2948 5108 detmtttiabaut,
2995 5039 3196 5110 ensque
3224 5043 3290 5095 ad
3313 5040 3517 5097 bellum
3549 5058 3706 5095 com—

2113 5110 2399 5183 pel‘lebant.
2446 5110 2705 5164 Dicuntur
2735 5113 2784 5165 itt
2831 5113 3034 5183 legibus
3076 5113 3517 5181 Wisigotthornm
3560 5129 3706 5165 corn-

2111 5180 2372 5248 pttlsores;
2409 5196 2633 5250 quorum
2664 5180 2902 5237 officiutti
2928 5195 3192 5238 nostrates
3220 5180 3351 5239 Voce
3378 5184 3706 5240 Germanica

2109 5262 2488 5318 expresserunt
2514 5254 2847 5319 quandoque.
2878 5254 2930 5306 in
2958 5255 3148 5307 hostem
3178 5256 3393 5310 bannire

2183 5322 2208 5360 ιι
2241 5322 2331 5376 Sic
2353 5338 2517 5387 IllSs‘.;
2552 5334 2607 5376 at
2636 5324 2764 5377 editi
2793 5325 2989 5378 habent
3009 5342 3205 5392 regum.

2188 5392 2206 5431 ι
2245 5394 2396 5447 llunc
2428 5394 2598 5451 locum
2639 5394 2706 5449 de
2734 5395 3031 5449 Victoriaco
3060 5398 3197 5458 apud
3236 5400 3505 5450 Arvernos
3533 5394 3702 5450 intel-

2117 5463 2251 5517 lexit
2278 5464 2557 5518 Aimoinus
2586 5466 2635 5518 in
2665 5466 2756 5519 lib.
2791 5481 2857 5530 tt;
2892 5477 2945 5518 at
2977 5468 3099 5519 licet
3129 5484 3313 5521 verum
3348 5470 3407 5521 rit
3440 5468 3489 5519 in
3520 5483 3579 5521 ea
3609 5481 3706 5519 re-

2114 5550 2273 5603 gione
2319 5536 2455 5589 haud
2499 5538 2679 5603 procul
2732 5555 2762 5590 a
2805 5536 3018 5592 Brivate
3062 5537 3418 5592 Victoriacmu
3462 5550 3701 5591 castrum

2116 5606 2419 5668 exstitisse,
2445 5606 2760 5674 Gregoriuttt
2795 5619 2969 5661 tamen
3000 5612 3067 5663 de
3102 5609 3400 5663 Victoriaco
3436 5609 3487 5662 itt
3525 5610 3701 5659 (latu-

2118 5679 2292 5743 pania,
2330 5677 2487 5747 vulgo
2525 5677 2685 5741 Virri,
2720 5679 2771 5731 in
2798 5678 3023 5734 diwccsi
3049 5678 3462 5747 Catalauncnsi,
3498 5679 3581 5734 hic
3606 5680 3688 5733 lo-

2116 5749 2203 5817 qui
2228 5763 2345 5801 cum
2378 5746 2585 5801 Valesio
2606 5750 2990 5805 existitttatnus.

2190 5827 2228 5855 ω
2259 5816 2433 5887 (3011).,
2463 5820 2793 5887 Are/tisilum,
2818 5830 2871 5876 ct
2902 5821 2977 5877 sic
3000 5826 3231 5890 semper.
