4006 6182
309 330 418 384 253

1230 324 1550 384 HISTORIA
1591 318 2035 381 FRANCORUM.
2078 321 2275 379 LIBER
2314 323 2625 384 TERTIUS.

3457 330 3561 387 9.5.3

303 445 419 500 btet:
439 451 496 498 et
525 440 640 497 haec
670 438 879 495 locutus
902 438 1067 504 fuero,
1094 440 1270 494 statim
1312 440 1572 494 irruentes
1602 437 1883 491 interﬁcite
1912 437 1960 492 Δ
1988 434 2188 505 luitque
2244 453 2465 509 puerum
2519 442 2656 496 clam
2699 440 3034 505 abstrahere,
3084 439 3177 495 sed
3235 454 3339 495 non
3369 449 3560 509 potuit.

300 549 450 588 eum.
491 532 770 600 ingressus
833 539 1013 585 autem
1068 529 1360 600 Aregisilos
1414 529 1489 581 ait
1537 526 1884 582 Munderico:

303 626 593 692 Quousque
617 623 703 676 hic
731 622 938 675 resides
962 629 1211 689 tanquam
1236 634 1371 673 unos
1392 635 1456 673 ex
1480 619 1851 689 insipientibus
1865 619 1891 672 ?

305 712 553 782 Nunquid
580 711 779 779 poteris
816 715 857 781 ι
872 712 974 780 ιε
992 710 1082 762 ditt
1109 709 1217 776 regi
1242 709 1524 769 resistere?
1555 708 1691 762 Ecce
1711 708 1890 763 ablato

309 806 403 859 tibi
425 804 566 867 cibo,
600 818 719 857 eum
754 809 804 854 te
826 800 996 854 fames
1026 800 1382 867 oppresserit,
1414 798 1550 851 ultro
1576 798 1887 865 egredieris,

312 910 365 953 et
387 896 619 952 traderis
669 896 721 947 in
775 907 965 947 manus
996 892 1352 955 inimicorum,
1384 900 1434 945 et
1466 892 1711 945 morieris
1735 882 1887 957 quasi

309 1005 447 1045 unus
469 1004 533 1043 ex
567 987 809 1042 canibus.
863 985 1001 1039 Audi
1055 984 1231 1053 potius
1273 983 1551 1037 consilium
1595 998 1802 1047 meum,
1835 990 1890 1035 et

308 1083 479 1138 subde
500 1090 553 1135 te
583 1082 717 1149 regi,
749 1090 805 1133 ut
832 1078 1012 1133 vivere
1038 1078 1230 1145 pessis,
1278 1085 1331 1129 to
1377 1085 1428 1129 et
1475 1076 1567 1130 filii
1598 1076 1692 1129 toi.
1738 1075 1889 1130 Tunc

308 1176 402 1232 ille
420 1175 509 1229 his
551 1174 785 1227 mollitus
814 1170 1175 1234 sermonibus,
1208 1169 1281 1224 ait
1306 1184 1322 1223 :
1344 1167 1397 1223 Si
1428 1167 1674 1237 egred'or
1694 1210 1709 1233 ,
1743 1183 1891 1222 cont-

311 1268 609 1337 prehensus
640 1281 670 1320 a
701 1278 825 1331 rege
874 1262 1168 1317 interficior
1227 1270 1279 1316 et
1334 1276 1453 1329 ego,
1486 1268 1538 1314 et
1567 1260 1656 1313 ﬁlii
1688 1260 1811 1325 mei,
1835 1269 1891 1314 et

310 1373 499 1411 omnes
527 1356 684 1410 amici
712 1354 799 1425 qui
829 1368 1036 1407 mecum
1060 1363 1184 1406 sunt
1209 1350 1534 1420 congregati.
1560 1348 1654 1404 Cui
1701 1350 1893 1419 Aregi-

310 1451 443 1505 silos
471 1449 546 1503 ait
577 1466 593 1501 :
624 1446 737 1501 Noli
770 1447 979 1510 timere,
1030 1446 1121 1499 sed
1160 1446 1203 1499 si
1252 1445 1331 1498 vis
1362 1444 1561 1512 egredi,
1594 1443 1775 1512 accipe
1800 1459 1889 1497 sa-

311 1548 646 1594 cramentum
674 1538 743 1592 de
765 1536 863 1591 hac
882 1537 1058 1604 culpa,
1081 1544 1136 1589 et
1163 1544 1243 1589 sta
1278 1549 1494 1588 securus
1534 1547 1713 1587 coram
1746 1547 1888 1601 rege.

312 1632 391 1688 Ne
423 1633 635 1696 timeas,
675 1630 769 1684 sed
807 1630 915 1683 eris
960 1645 1079 1683 cum
1128 1643 1212 1695 eo,
1269 1627 1407 1681 sicut
1446 1625 1592 1695 prius
1616 1625 1776 1679 fuisti.
1818 1624 1889 1678 -\d

315 1725 434 1777 btec
489 1721 826 1776 Mundericus
877 1719 1194 1788 respondit:
1241 1718 1451 1773 Utinam
1509 1732 1733 1772 securus
1785 1716 1887 1774 sim

314 1817 457 1885 quod
506 1831 611 1869 non
665 1813 975 1869 iuterficiar.
1019 1812 1167 1866 Tunc
1190 1811 1483 1879 Aregisi'us
1515 1813 1700 1883 positis
1732 1828 1890 1882 super
1923 1795 1969 1855 Β

314 1908 562 1960 altarium
593 1914 835 1960 sanctum
861 1915 887 1942 ι
918 1903 1183 1973 manibus,
1232 1904 1428 1973 juravit
1471 1906 1519 1960 ei
1572 1916 1629 1959 ut
1675 1919 1894 1958 securus

315 1998 678 2066 egrederetur.
725 1997 856 2049 Dato
896 1996 1055 2066 igitur
1104 2007 1470 2061 sacramento,
1528 1994 1897 2065 egrediebatur

319 2090 659 2146 Mondericus
687 2087 755 2144 de
784 2098 935 2159 porta
965 2089 1190 2153 castelli,
1233 2100 1419 2142 tenens
1470 2102 1681 2140 manum
1714 2084 1897 2153 Aregi-

318 2185 423 2237 sili.
485 2183 713 2251 Populus
761 2190 936 2235 autem
977 2181 1248 2250 spectabat
1277 2179 1303 2218 ι»
1352 2194 1380 2232 a
1423 2177 1579 2244 longe
1630 2177 1895 2244 aspiciens

320 2289 459 2329 eum.
499 2274 648 2327 Tunc
689 2287 784 2341 pro
824 2272 975 2340 signo
1003 2272 1078 2324 ait
1126 2269 1417 2339 Aregisilus
1448 2285 1463 2327 :
1491 2270 1624 2336 Quid
1656 2270 1895 2335 aspicitis

322 2378 424 2420 tam
452 2368 675 2428 intente,
704 2382 737 2419 ο
762 2365 975 2434 populi?
1025 2364 1267 2432 Nunquid
1317 2379 1420 2418 non
1451 2363 1656 2417 vidistis
1687 2362 1832 2430 prius
1865 2370 1888 2399 ο

320 2458 723 2515 Mundericum?
753 2458 819 2511 Et
847 2457 1022 2511 Statim
1052 2457 1203 2511 irruit
1226 2454 1451 2523 populus
1479 2454 1531 2509 in
1553 2468 1694 2508 eum.
1724 2451 1897 2507 Atille

322 2550 646 2619 intelligens,
682 2551 754 2603 ait
786 2568 798 2602 ε
826 2548 1238 2602 Ενίιιειιιίςεῖηιθ
1267 2561 1561 2617 cognosco,
1586 2545 1724 2615 quod
1758 2545 1899 2600 fece-

325 2644 395 2697 ris
418 2658 515 2711 per
542 2643 642 2695 hoc
660 2642 876 2696 verbum
906 2643 1114 2710 signum
1142 2640 1346 2708 populis
1372 2641 1435 2693 ad
1468 2656 1553 2695 me
1576 2640 1898 2694 interﬁcien-

326 2737 473 2789 dum.
510 2735 885 2789 Verumtamen
914 2733 1033 2787 dico
1062 2733 1173 2800 tibi,
1204 2732 1326 2802 quia
1377 2732 1619 2802 perjuriis
1668 2747 1753 2787 me
1805 2731 1897 2786 de-

325 2826 534 2894 cepisti,
596 2837 647 2880 te
702 2826 875 2880 vivum
930 2825 1065 2879 ultra
1123 2824 1297 2878 nullus
1334 2826 1577 2893 aspiciet,
1610 2832 1662 2878 et
1705 2824 1895 2878 emissa

327 2919 507 2972 lancea
540 2916 592 2970 in
621 2921 863 2984 scapu'as
891 2917 1029 2985 ejus,
1055 2916 1280 2983 perfodit
1327 2930 1471 2981 eum,
1518 2915 1815 2984 ceciditque
1845 2925 1898 2971 et

327 3019 570 3064 mortuos
634 3018 737 3062 est.
801 3009 1194 3077 Evaginatoque
1249 3008 1504 3076 deinceps
1560 3008 1897 3063 Mundericos

330 3101 498 3171 gladio
521 3115 642 3156 eum
665 3102 806 3163 suis,
833 3116 1074 3169 magnam
1106 3110 1335 3168 stragem
1366 3100 1433 3155 de
1463 3100 1655 3169 populo
1699 3101 1788 3153 illo
1818 3104 1894 3154 tc-

330 3196 418 3258 cit,
448 3204 496 3247 et
522 3208 796 3262 usquequo
816 3192 1056 3261 spiritum
1081 3192 1368 3254 exhalavit,
1394 3193 1691 3247 interficere
1714 3208 1896 3260 quem-
1922 3160 1970 3223 θ

330 3299 539 3355 cunque
590 3284 800 3354 assequi
857 3286 1136 3353 potuisset,
1185 3299 1291 3338 non
1330 3283 1550 3338 destiit.
1591 3285 1706 3351 Quo
1736 3285 1900 3340 inter-

331 3380 487 3442 fecto,
519 3394 603 3433 res
624 3380 738 3446 ejus
765 3380 892 3432 fisco
916 3379 1120 3455 collata:
1144 3387 1285 3432 sunt:

402 3470 517 3526 XV.
578 3470 940 3526 Theodericus
989 3486 1119 3526 vero
1182 3480 1236 3525 et
1290 3468 1663 3526 Childebertus
1732 3471 1902 3526 fmdus
1964 3465 1975 3477 ⁸

333 3563 585 3626 inierunt,
610 3573 661 3618 et
686 3563 808 3617 dato
838 3563 935 3617 sibi
966 3572 1325 3627 sacramento,
1386 3573 1441 3615 ut
1486 3571 1673 3617 neuter
1719 3574 1900 3616 contra

330 3657 554 3711 alterum
587 3667 907 3722 moveretur,
935 3656 1148 3711 obsides
1179 3658 1245 3709 ab
1282 3656 1506 3711 invicem
1558 3659 1899 3725 acceperunt,

332 3761 435 3816 quo
489 3745 695 3801 facilius
751 3744 1087 3800 firmarentur
1122 3760 1240 3815 qua:
1292 3745 1500 3798 fuerant
1544 3745 1704 3799 dicta.
1755 3745 1901 3799 Muli

334 3836 574 3891 tuuctilii
606 3843 911 3891 scnatornm
957 3833 1011 3889 in
1059 3834 1157 3889 bac
1199 3831 1527 3889 obsidione‘l
1574 3834 1682 3891 dati
1738 3843 1899 3889 sunt:

332 3929 422 3986 sed
453 3938 575 3984 orto
604 3928 796 3984 iterum
823 3927 963 3982 inter
992 3941 1143 3998 reges
1183 3926 1455 3993 seandalo,
1505 3927 1570 3982 ad
1628 3927 1902 3982 servitium

332 4020 598 4090 publicum
628 4026 752 4073 sunt
772 4019 987 4074 addicti.
1020 4019 1087 4073 Et
1113 4019 1412 4089 quicunque
1462 4033 1555 4075 eos
1610 4019 1675 4074 ad
1725 4029 1906 4076 costo-

333 4111 584 4167 diendum
635 4112 867 4180 accepit,
900 4125 1083 4165 servos
1120 4109 1222 4167 sibi
1271 4127 1335 4165 ex
1366 4111 1447 4165 his
1478 4112 1621 4166 fecit.
1650 4112 1797 4166 Multi
1829 4122 1906 4167 ta.

333 4218 452 4259 men
475 4218 543 4258 ex
568 4202 644 4257 eis
676 4216 772 4272 per
818 4203 988 4272 fugam
1027 4203 1217 4273 elapsi,
1270 4202 1323 4256 in
1373 4203 1594 4271 patriam
1639 4203 1795 4273 119
1822 4218 1906 4257 re-

333 4295 567 4361 dierunt,
597 4294 841 4350 nonnulli
873 4296 923 4348 in
966 4294 1186 4349 servitio
1207 4303 1330 4349 sunt
1352 4296 1543 4348 retenti
1573 4294 1750 4350 :inter
1771 4310 1905 4365 quos

334 4389 540 4443 Attalus
566 4402 737 4457 nepos
765 4388 904 4441 beati
930 4384 1173 4457 Gregorii
1207 4386 1475 4455 Lingonici
1532 4387 1793 4456 episcopi,
1839 4387 1905 4441 ad

334 4482 598 4548 publicum
630 4481 903 4537 servitium
937 4480 1264 4550 mancipatus
1294 4488 1395 4543 est,
1427 4489 1711 4550 custosque
1737 4496 1901 4548 equo-

1990 528 2139 583 Tunc
2192 528 2371 586 locans
2422 547 2603 587 secum
2656 533 2924 586 hominem
2956 532 3360 600 quemdatn,ait
3385 549 3399 563 ·
3428 530 3564 587 Veni

1990 635 2219 687 mecum,
2252 631 2306 677 et
2336 624 2595 678 venumda
2626 640 2711 678 me
2737 624 2788 678 itt
2815 625 2977 678 domo
3016 622 3226 677 barbari
3266 623 3438 687 illius,
3469 624 3567 677 sit-

1988 726 2091 781 que
2121 714 2212 767 tibi
2244 714 2448 769 lucrum
2482 716 2709 784 pretiunt
2740 730 2915 769 meum
2954 731 2968 767 :
3002 723 3203 767 tantum
3255 714 3561 768 liberiorem

1988 803 2191 858 aditum
2240 805 2461 860 habeam
2510 794 2833 861 faciendiid
2865 807 3005 875 quod
3061 805 3296 859 decrevi.
3330 809 3563 874 Accepto

1990 908 2117 947 vero
2167 906 2533 962 sacramento,
2590 899 2749 950 homo
2799 897 2888 950 ille
2939 897 3086 956 abiit.
3139 907 3191 951 et
3253 896 3467 950 vendito
3495 911 3561 951 eo

1988 983 2269 1039 duodecim
2300 986 2479 1042 aureis
2505 987 2774 1041 discessit.
2815 986 3129 1042 Sciscitatus
3154 997 3329 1041 autem
3354 997 3555 1056 emptor

1988 1086 2018 1126 a
2066 1074 2183 1127 rudi
2232 1074 2431 1129 famulo
2500 1076 2625 1143 quid
2674 1077 2853 1144 Operis
2915 1076 3096 1142 sciret,
3154 1080 3473 1145 respondit:
3506 1080 3563 1133 ln

1988 1164 2236 1219 omnibus
2264 1181 2384 1234 quae
2424 1166 2736 1220 manducari
2781 1166 2979 1220 debent
3012 1165 3031 1204 ί
3070 1168 3125 1221 in
3156 1168 3356 1221 mensis
3401 1168 3570 1223 domi-

1989 1267 2178 1307 norum
2202 1296 2216 1320 ,
2253 1254 2408 1308 valde
2434 1256 2597 1309 scitus
2634 1270 2752 1309 sum
2784 1258 2993 1325 operari
3020 1272 3035 1310 :
3072 1272 3171 1310 nec
3206 1268 3385 1312 metuo
3417 1259 3561 1327 quod

1989 1347 2210 1416 reperiri
2237 1348 2608 1416 possitsimilis
2631 1349 2733 1403 mei
2753 1348 2803 1403 in
2824 1349 2922 1403 hac
2942 1349 3182 1404 scientia.
3206 1349 3399 1404 Verum
3423 1349 3568 1405 enim

1990 1441 2111 1496 dico
2134 1440 2250 1508 tibi,
2283 1441 2405 1509 quia
2433 1442 2594 1495 etiam
2625 1444 2669 1501 si
2704 1444 2811 1517 tegi
2840 1442 3057 1517 epulum
3087 1443 3274 1516 cupias
3307 1458 3569 1515 praepara-

1992 1549 2068 1596 re,
2101 1534 2297 1593 fercnia
2319 1535 2513 1609 regalia
2542 1555 2865 1610 componere
2894 1556 3131 1609 possunt,
3167 1542 3263 1594 nec
3287 1540 3565 1610 quisquam

1993 1642 2080 1686 me
2109 1633 2319 1685 melius.
2357 1634 2416 1686 Et
2445 1632 2535 1687 ille
2564 1650 2575 1685 :
2608 1632 2744 1686 Ecce
2771 1632 2913 1686 enim
2953 1630 3073 1685 dies
3112 1631 3240 1686 solis
3283 1631 3467 1695 adest,
3495 1631 3572 1684 sic

1997 1725 2139 1779 enim
2168 1724 2442 1778 barbaries
2481 1724 2714 1779 vocitare
2758 1724 2899 1778 diem
2945 1723 3271 1778 dominicum
3312 1734 3570 1778 ccttsoeta

1997 1828 2096 1885 est,
2131 1819 2182 1872 in
2217 1818 2318 1872 hac
2349 1819 2433 1872 die
2470 1818 2629 1875 vicini
2659 1827 2820 1886 atque
2850 1828 3096 1887 parentes
3126 1819 3231 1872 mei
3264 1817 3572 1872 invitabun-

1998 1920 2085 1964 tur
2112 1911 2161 1964 in
2192 1910 2350 1964 domo
2373 1924 2510 1963 mea.
2536 1910 2681 1978 Rogo
2703 1918 2757 1963 ot
2778 1908 2943 1963 facias
2973 1908 3102 1963 mihi
3128 1909 3406 1978 prandium
3432 1909 3569 1977 quod

1997 2002 2344 2066 admirentur,
2378 2010 2433 2056 et
2462 2002 2675 2063 dicant,
2708 2002 2832 2069 quia
2882 1992 2937 2056 iit
2986 2002 3149 2056 domo
3198 2003 3340 2072 regis
3382 2002 3572 2056 melius

1998 2108 2104 2147 non
2154 2094 2483 2162 aspeximus.
2535 2093 2602 2146 Et
2650 2092 2738 2146 ille
2770 2110 2781 2144 :
2817 2093 3044 2158 Jubeat,
3088 2094 3293 2163 inquit,
3326 2093 3573 2148 dominus

1999 2200 2149 2239 meus
2178 2184 2493 2254 congregari
2526 2186 2789 2253 pullorum
2821 2186 3228 2253 gallinaceorum
3266 2185 3566 2239 multitudi-

2000 2292 2144 2342 nem,
2175 2276 2447 2331 etfaciam
2480 2292 2596 2346 quae
2627 2277 2889 2347 prmcipis.
2926 2276 3242 2344 Prmparais
3284 2292 3411 2346 ergo
3454 2293 3572 2346 qua:

1998 2369 2209 2424 dixerat
2238 2384 2391 2438 puer,
2419 2368 2596 2423 illuxit
2624 2369 2888 2423 dominica
2920 2368 3054 2434 dies,
3098 2368 3328 2437 fecitque
3357 2369 3574 2438 epulum

2000 2478 2269 2530 magnum,
2284 2462 2596 2530 deliciisque
2612 2463 2885 2520 refertum.
2906 2462 3248 2531 Epulantibus
3264 2470 3441 2515 autem
3458 2477 3575 2516 utu-

2001 2554 2175 2619 nlbus,
2195 2565 2245 2608 et
2265 2553 2600 2607 laudantibus
2626 2553 2924 2622 prandium,
2946 2563 3191 2621 parentes
3215 2553 3353 2607 illius
3383 2553 3575 2608 diSCes-

1999 2654 2206 2700 serunt.
2243 2645 2497 2701 Dominus
2523 2648 2663 2699 enim
2698 2645 2843 2700 dedit
2873 2645 3099 2715 gratiam
3134 2660 3299 2715 puero
3329 2646 3483 2711 huic,
3518 2657 3573 2701 et

2000 2735 2205 2803 accepit
2234 2744 2546 2804 potestatem
2573 2750 2734 2803 super
2782 2735 2958 2788 omnia
2999 2750 3117 2805 qua:
3147 2735 3372 2789 habebit
3400 2735 3576 2789 domi-

2000 2840 2099 2880 nus
2147 2840 2275 2879 suos
2320 2826 2371 2880 in
2420 2833 2688 2901 promptu.
2732 2824 3096 2895 Diligebatqoe
3136 2841 3257 2879 eum
3300 2826 3492 2891 valde,
3522 2834 3576 2881 et

2000 2918 2246 2973 Omnibus
2282 2920 2437 2988 120
2465 2917 2554 2988 qui
2594 2933 2712 2973 cum
2761 2934 2825 2974 eo
2871 2926 3025 2973 erant
3070 2918 3185 2987 ipse
3234 2918 3576 2987 dispensabat

2001 3010 2195 3064 cibaria
2227 3018 2279 3063 et
2309 3011 2598 3077 pulmenta.
2622 3010 2745 3064 Post
2774 3013 2897 3063 anni
2921 3024 3049 3064 vero
3072 3010 3420 3076 curriculum,
3451 3025 3573 3066 cum

1999 3099 2107 3170 jam
2139 3114 2356 3154 securus
2385 3108 2530 3154 esset
2555 3099 2802 3155 dominus
2827 3098 2968 3154 illius
3006 3098 3071 3154 de
3101 3114 3192 3166 eo,
3218 3099 3346 3154 abiit
3372 3100 3423 3154 in
3454 3116 3575 3170 pra-

2006 3202 2137 3256 tum,
2168 3190 2307 3262 quod
2333 3201 2449 3247 erat
2476 3191 2654 3246 domui
2689 3192 3021 3261 proximum,
3055 3207 3175 3247 cum
3207 3192 3385 3247 Attalo
3408 3208 3577 3262 puero

2004 3286 2227 3338 custode
2271 3298 2526 3352 equorum
2553 3300 2566 3336 :
2596 3292 2649 3337 et
2693 3283 2964 3337 decobans
3008 3283 3059 3338 itt
3111 3293 3252 3338 terra
3300 3298 3420 3338 cum
3452 3298 3517 3338 eo
3545 3297 3575 3339 a

2007 3377 2179 3447 longe,
2206 3381 2407 3433 aversis
2433 3379 2625 3445 dorsis,
2656 3390 2711 3432 ut
2742 3393 2845 3432 non
2876 3387 3290 3448 cognosceretur
3316 3377 3458 3447 quod
3491 3378 3573 3432 lo-

2005 3481 2292 3539 querentur
2320 3470 2476 3524 simul
2505 3509 2520 3536 ,
2552 3471 2681 3524 dicit
2708 3484 2872 3539 puero
2897 3485 2911 3522 :
2941 3469 3173 3536 Tempus
3208 3477 3289 3521 est
3311 3466 3456 3521 enim
3476 3508 3491 3533 ,
3522 3478 3579 3523 ut

2002 3561 2112 3631 jam
2142 3563 2378 3631 cogitare
2399 3561 2465 3615 de
2492 3561 2658 3629 patria
2689 3559 2998 3615 debeamus.
3027 3559 3253 3628 Ideoque
3286 3570 3477 3613 moueo
3502 3568 3573 3623 te.

2008 3664 2065 3709 ut
2096 3653 2194 3708 hac
2221 3663 2376 3708 nocte
2407 3668 2525 3707 eum
2555 3668 2723 3722 equos
2751 3654 2815 3706 ad
2858 3652 3216 3707 claudendum
3260 3652 3579 3717 adduxeris,

2006 3760 2199 3815 Sapore
2230 3761 2335 3799 non
2366 3745 2685 3816 deprimaris
2711 3788 2726 3813 ,
2758 3744 2851 3799 sed
2884 3760 3005 3799 cum
3038 3744 3267 3812 primum
3294 3753 3347 3797 te
3387 3745 3581 3797 vocita-

2009 3853 2139 3893 vero
2170 3837 2334 3905 adsis,
2363 3848 2417 3893 et
2443 3838 2797 3892 ambulemus.
2828 3836 3126 3892 Vocaverat
3145 3838 3288 3890 enim
3318 3834 3582 3890 Barbarus

2007 3933 2095 3987 ille
2124 3932 2320 3987 multos
2351 3942 2627 4000 parentum
2657 3945 2878 3986 suorum
2910 3930 2976 3985 ad
3006 3932 3223 3999 epotum
3243 3971 3257 3995 ,
3292 3932 3429 3983 inter
3450 3941 3581 3998 quos

2006 4034 2119 4080 crat
2141 4036 2192 4081 et
2220 4039 2385 4094 gener
2411 4026 2560 4091 ejus,
2594 4024 2680 4093 qui
2704 4032 2986 4091 acceperat
3016 4021 3178 4077 tiziam
3212 4021 3375 4075 illius.
3410 4020 3582 4076 Media

2006 4126 2181 4171 autem
2213 4124 2368 4170 nocte
2394 4129 2422 4168 a
2453 4116 2700 4170 convivio
2727 4112 3098 4183 surgentibus,
3127 4122 3181 4168 et
3203 4112 3372 4181 quieti
3402 4111 3543 4165 datis
3563 4151 3579 4177 ,

2007 4215 2323 4277 prosecutus
2351 4215 2435 4262 est
2461 4207 2570 4261 Leo
2602 4220 2860 4275 generum
2884 4206 3088 4259 domini
3139 4206 3222 4257 soi
3270 4218 3389 4258 cum
3424 4212 3581 4285 potu,

2006 4296 2389 4368 porrigensque
2418 4298 2465 4351 ei
2496 4296 2678 4352 bibere
2697 4336 2714 4362 ,
2740 4294 2791 4349 in
2824 4303 3078 4348 metatum
3108 4294 3242 4363 ejus.
3276 4294 3365 4347 Ait
3404 4292 3582 4360 itaque

2005 4388 2070 4442 ad
2099 4404 2219 4443 eum
2254 4388 2454 4443 homo:
2488 4388 2579 4441 Dic
2610 4396 2686 4450 to,
2715 4400 2748 4440 ο
2777 4385 3011 4440 creditor
3034 4385 3205 4440 soceri
3239 4383 3377 4449 mei,
3412 4382 3458 4436 si
3490 4397 3584 4434 va-

2007 4481 2139 4545 leas,
2167 4481 2379 4550 quando
2402 4480 2723 4535 voluntatem
2748 4477 3044 4541 adhibebis,
3062 4485 3116 4529 ut
3138 4474 3584 4542 assumptisequi-

335 4588 445 4628 rum
474 4573 797 4629 deminutus.
844 4573 971 4627 Erat
1022 4575 1162 4628 enim
1210 4574 1340 4627 infra
1394 4574 1660 4628 Treverici
1695 4574 1902 4628 termini
1933 4544 1987 4606 n
2014 4574 2151 4627 tibus
2173 4572 2279 4644 ιΑι.
2304 4570 2475 4641 equis]
2504 4569 2620 4639 ejus
2648 4585 2740 4625 eas
2764 4570 2815 4623 in
2842 4568 3065 4637 patriam
3090 4566 3269 4620 tuam?
3303 4565 3412 4619 Hoc
3433 4564 3585 4636 quasi

332 4654 658 4719 territorium
688 4666 895 4720 cuidam
920 4665 1146 4721 barbaro
1178 4673 1200 4701 °
1234 4665 1491 4720 serviens.
1521 4664 1756 4733 Denique
1785 4667 1905 4719 bea-

339 4763 418 4810 tus
443 4755 634 4826 Gregot
649 4758 731 4811 ius
749 4755 815 4809 ad
841 4757 1213 4823 inquirendum
1230 4744 1350 4810 eum
1382 4757 1525 4810 misit
1551 4771 1760 4825 pueros.
1788 4757 1905 4822 Quo

336 4846 569 4917 invento,
602 4836 912 4905 obtulerunt
940 4849 1140 4905 homini
1167 4865 1406 4918 munera,
1457 4851 1549 4904 sed
1592 4852 1794 4919 respuit
1821 4866 1904 4918 ea,

337 4940 517 4997 dicens
545 4958 558 4996 :
591 4943 685 4997 llic
712 4942 778 4996 de
810 4942 899 4996 tali
926 4944 1269 5013 generat'one
1295 4943 1477 4999 decem
1502 4945 1611 4997 auri
1642 4943 1789 4998 libris
1821 4958 1906 4998 re-

342 5033 461 5087 dimi
488 5034 670 5088 debet.
695 5033 899 5101 Quibus
947 5034 1311 5099 redeuntibus,
1355 5033 1463 5088 Leo
1487 5034 1698 5105 quidam
1726 5034 1791 5087 de
1819 5049 1909 5087 co-

338 5126 492 5189 quina
524 5123 731 5177 domini
776 5123 880 5189 sui,
915 5124 990 5178 ait
1023 5142 1036 5177 :
1070 5124 1282 5179 Utinam
1339 5138 1425 5178 me
1466 5125 1821 5191 permitteres,
1855 5132 1908 5175 et

350 5214 557 5268 tot-sitan
595 5229 696 5284 ego
740 5223 978 5283 poteram
1028 5230 1147 5269 eum
1198 5214 1453 5270 reducere
1482 5230 1545 5269 ex
1579 5214 1905 5281 captivitate.

347 5304 527 5361 Gaviso
552 5317 730 5361 autem
762 5308 997 5374 domino,
1031 5309 1268 5363 directus
1299 5307 1445 5363 venit
1473 5307 1537 5362 ad
1565 5307 1737 5361 locum
1769 5323 1784 5360 :
1813 5322 1905 5360 vo-

418 5449 441 5510 _'
468 5442 681 5510 Aliquot
703 5457 831 5496 mss.
865 5451 912 5496 et
939 5443 1088 5509 editi,
1120 5445 1288 5497 altore
1315 5454 1565 5498 sanctum.

418 5508 442 5548 ι
464 5508 659 5583 (She—sn.
685 5529 804 5566 cum
831 5514 974 5577 Bec..
1005 5517 1339 5583 exspectabat.

415 5589 435 5616 ε
471 5582 625 5655 lies!“
660 5586 735 5635 Au
764 5587 996 5655 nunquid
1021 5582 1121 5638 non
1151 5586 1347 5639 vidistis
1372 5593 1541 5639 antea.
1581 5583 1680 5639 Ed.
1702 5583 1905 5655 aliquot

348 5652 634 5724 cut-tritu...
659 5654 738 5707 An
766 5652 996 5724 nunquid
1016 5655 1210 5708 vidistis
1242 5656 1407 5724 prius.

412 5718 436 5756 δ
471 5722 520 5774 ltl
550 5732 656 5785 est,
680 5718 894 5778 obsides
928 5724 1036 5777 dati
1064 5734 1207 5779 Sunt.

416 5801 439 5830 ο
466 5791 519 5849 ιιι
543 5802 627 5852 est.
654 5792 881 5850 Franco.
913 5794 1371 5861 Quemadmodum
1408 5798 1547 5855 enim
1588 5805 1795 5853 veteres
1824 5798 1906 5849 tu-

1999 4656 2131 4736 joco
2159 4664 2431 4718 deleezans
2458 4661 2612 4716 dixit.
2645 4660 2903 4716 Similiter
2932 4666 2987 4714 et
3026 4658 3118 4713 ille
3152 4656 3464 4727 joculariter
3498 4672 3578 4711 ve-

2015 4759 2223 4812 ritatem
2253 4753 2581 4822 respondens
2605 4793 2619 4818 ,
2652 4753 2727 4805 ait
2758 4768 2771 4804 :
2803 4751 2912 4805 llac
2943 4759 3099 4805 nocte
3130 4748 3392 4811 delibero,
3414 4749 3459 4801 si
3496 4748 3586 4804 Dei

2016 4848 2260 4900 voluntas
2288 4844 2466 4899 fuerit.
2504 4844 2566 4898 Et
2597 4843 2684 4898 ille
2710 4860 2725 4897 :
2761 4842 2975 4898 Utinam
3001 4884 3015 4909 ,
3050 4841 3256 4911 inquit,
3283 4840 3585 4897 custodiant

2017 4955 2102 4994 me
2132 4936 2312 4992 famuli
2345 4937 2489 5004 mei,
2524 4952 2592 4991 ne
2622 4936 2817 5005 aliquid
2848 4935 2914 4991 de
2946 4935 3104 4990 rebus
3142 4934 3275 4989 meis
3320 4947 3585 4989 assumas.

2014 5032 2078 5085 Et
2108 5031 2340 5085 ridentes
2388 5029 2766 5084 discesserunt.
2813 5026 3207 5082 Dormientibus
3237 5035 3411 5079 autem
3434 5022 3586 5078 'cutt-

2010 5122 2107 5175 etis
2131 5161 2146 5184 ,
2174 5120 2380 5173 vocavit
2408 5119 2514 5172 Leo
2557 5120 2791 5171 Attalum
2825 5134 2839 5173 :
2872 5118 3157 5185 stratisque
3195 5112 3466 5182 equitibus
3505 5111 3585 5166 itt-

2012 5221 2242 5283 terrogat
2272 5221 2294 5258 8
2322 5210 2367 5265 si
2410 5211 2630 5264 haberet
2678 5209 2931 5281 gladium.
2981 5206 3277 5274 Respondit
3309 5221 3323 5258 :
3356 5203 3470 5257 Non
3501 5210 3585 5258 est

2011 5308 2161 5365 mihi.
2187 5306 2285 5360 nisi
2317 5314 2519 5359 tantum
2549 5303 2729 5357 lancea
2770 5301 3011 5370 parvula.
3057 5298 3123 5352 At
3167 5298 3258 5351 ille
3300 5294 3583 5366 ingressus

2010 5442 2142 5495 eulae
2168 5440 2478 5493 dies-bantur
2498 5436 2746 5499 Romani,
2770 5434 2839 5486 ita
2869 5430 3075 5497 creteri,
3104 5441 3161 5485 ttt
3186 5430 3293 5496 jam
3318 5431 3575 5485 observa-

2014 5514 2202 5578 vimus,
2232 5510 2446 5563 Barbari
2478 5508 2829 5562 dicebantur:
2860 5502 2999 5572 quod
3030 5503 3228 5572 passim
3266 5503 3405 5572 apud
3436 5502 3578 5557 Gre-

2010 5583 2216 5653 gorium
2249 5595 2405 5634 occur
2415 5578 2483 5632 rit

2062 5676 2104 5717 ηί
2142 5675 2281 5731 Editi
2311 5689 2430 5729 cum
2464 5672 2612 5735 Dec...
2637 5668 2810 5725 mandi
2838 5667 3036 5722 debent.

2082 5778 2106 5818 ti
2141 5767 2303 5839 Edit.,
2338 5764 2563 5820 Attafttm
2585 5777 2647 5819 ex
2675 5768 2837 5816 atrata
2867 5776 2980 5818 suo.
3009 5758 3320 5822 litterroqat.
3354 5764 3463 5843 etc.
