4008 6184
451 293 569 347 255.

1410 358 1415 369 ζ
1455 283 1513 340 S.
1552 280 1876 338 GREGURll
1922 276 2223 333 El‘lSCUPl
2262 276 2688 336 TUBONENSIS

3610 282 3712 339 956

451 407 791 463 mansionem
815 402 1014 458 domini
1046 398 1510 469 suiapprcbendit
1553 407 1761 452 scutum
1801 395 1918 463 ejus
1949 392 2093 455 acA
2118 389 2397 443 Matutinus
2430 399 2627 445 motum
2660 398 2769 457 est,
2797 401 2914 447 erat
2943 392 3089 447 enim
3116 392 3255 448 dies
3276 394 3575 458 dominica,
3600 396 3711 464 pul-

451 498 731 552 frameam.
766 495 883 561 Quo
921 494 1283 559 interrogante
1314 489 1432 559 quis
1458 497 1632 553 esset,
1662 495 1751 539 aut
1773 485 1895 555 quid
1927 484 2027 539 sibi

453 591 603 656 velit,
636 587 913 654 respondit
945 601 958 636 :
994 583 1107 651 Ego
1137 598 1255 637 sum
1286 582 1394 634 Leo
1423 594 1608 633 servus
1649 586 1770 632 tuus
1795 618 1810 644 ,
1840 586 1895 633 et
1943 592 2033 631 su-

451 682 586 735 scito
610 677 844 733 Attalum
886 682 947 729 ut
975 682 1157 743 surgat
1188 673 1428 726 velocius
1451 710 1465 735 ,
1508 680 1561 724 et
1593 668 1821 723 deducat
1864 681 2034 735 equos

452 772 518 829 ad
552 782 760 837 pastum
785 784 800 821 :
835 765 1102 820 detinetur
1130 766 1270 817 cnim
1299 777 1494 831 sopore
1517 762 1669 826 quasi
1701 759 1905 813 ebrius.
1930 757 2045 824 Qui

452 863 571 915 ait:
603 860 709 914 Fac
740 868 794 913 ut
838 858 986 913 libet.
1032 857 1098 912 Et
1139 856 1252 910 haec
1301 856 1487 910 dicens
1535 852 1886 908 obdormivit.
1943 852 2036 906 llle

455 966 584 1006 vero
614 964 862 1019 egressus
895 939 1058 1013 foras,
1086 946 1307 1000 munivit
1341 960 1563 1015 puerum
1587 943 1768 1003 armis.
1800 942 2040 996 invenit-

456 1058 563 1112 que
590 1042 778 1110 ianuas
820 1040 941 1094 atrii
984 1038 1238 1093 divinitus
1270 1046 1567 1101 reseratas,
1620 1051 1754 1106 quas
1796 1034 1848 1089 in
1884 1033 2039 1089 initio

456 1135 631 1197 noctis
661 1148 781 1186 cum
803 1128 986 1185 cuneis
1014 1129 1207 1183 malleo
1237 1128 1505 1197 percussis
1538 1126 1894 1181 obseravcrat
1938 1138 2037 1194 pro

454 1224 697 1281 custodia
727 1223 1074 1277 caballorum.
1108 1222 1170 1274 Et
1194 1220 1393 1292 gratias
1415 1234 1577 1289 agens
1606 1218 1855 1287 Domino,
1885 1233 2037 1277 sum-

458 1318 567 1387 ptis
597 1316 815 1382 reliquis
840 1313 1110 1383 equitibus
1139 1308 1336 1383 [equis]
1372 1325 1593 1376 secum,
1634 1310 2043 1383 discesserunt,

456 1422 620 1473 unum
645 1407 807 1460 etiam
847 1406 1125 1458 volucrum
1158 1412 1183 1439 ⁸
1214 1418 1335 1456 cum
1383 1403 1718 1457 vestimentis
1758 1402 2034 1457 tollentes.

459 1498 750 1551 Venientes
774 1503 946 1549 autem
975 1497 1037 1547 ad
1072 1492 1343 1547 Mosellam
1369 1491 1395 1529 δ
1428 1494 1648 1546 [luvium
1675 1534 1690 1559 ,
1721 1497 1874 1564 121
1917 1508 2041 1547 cum

458 1590 746 1642 transirent
772 1586 920 1640 illum
941 1626 954 1651 ,
978 1596 1031 1639 et
1059 1585 1430 1640 detinerentur
1467 1600 1496 1638 a
1527 1584 1848 1655 quibusdam
1867 1624 1884 1650 ,
1917 1584 2041 1640 reli-

455 1679 557 1732 ctis
582 1678 849 1747 equitibus
880 1675 1076 1750 [equis]
1107 1685 1161 1737 et
1189 1663 1551 1742 vestimentis,
1571 1684 1849 1730 enatantes
1871 1690 2036 1744 super

2132 488 2415 549 Santesque
2451 480 2671 551 jauuam
2704 484 3042 555 presbyteri,
3076 486 3306 554 ingrcssi
3336 496 3482 541 sunt.
3527 487 3724 557 Expo-.

2134 560 2339 640 suitque
2367 587 2497 641 puer
2522 573 2592 628 de
2620 574 2839 629 dimino
2859 589 2981 629 suo.
3008 574 3105 629 Cui
3129 576 3203 629 ait
3233 577 3547 643 presbyter:
3578 577 3709 633 Vera

2132 652 2216 721 est
2242 665 2383 718 enim
2416 666 2545 719 visio
2573 682 2730 721 mea:
2764 683 2886 721 nam
2909 656 3164 722 videbam
3195 669 3328 724 duas
3359 670 3417 724 in
3441 672 3539 723 hac
3560 679 3715 727 nocte

2135 756 2408 809 columbas
2451 758 2730 821 advolare.
2765 768 2820 812 et
2847 760 3144 815 consedere
3182 759 3235 814 in
3268 776 3431 815 manu
3461 776 3577 817 mea
3600 802 3616 827 ,
3645 776 3710 816 ex

2138 848 2332 918 quibus
2366 854 2524 923 122
2557 868 2657 906 una
2688 852 2827 919 alba,
2860 852 2964 907 alia
2992 863 3168 908 autem
3201 855 3350 923 nigra
3381 863 3523 908 erat.
3554 854 3717 913 Dixes

2137 952 2368 1011 runtque
2408 945 2561 1014 pueri
2610 947 2967 1017 presbytero:
3006 945 3282 1016 lndulgeat
3326 946 3583 1001 Dominus
3622 960 3718 1016 pro

2139 1031 2224 1087 die
2250 1047 2346 1087 sua
2375 1046 2557 1089 sancta
2586 1046 2634 1088 ο.
2665 1036 2795 1089 Nam
2822 1051 2918 1090 nos
2941 1050 3216 1106 rogamus,
3245 1046 3299 1091 ut
3321 1037 3522 1106 aliquid
3552 1037 3721 1093 victus

2140 1124 2419 1192 praibeas;
2452 1136 2634 1195 quarta
2661 1128 2806 1182 enim
2835 1129 3097 1183 illucescit
3126 1130 3262 1194 dies,
3294 1131 3434 1199 quod
3468 1130 3596 1193 nihil
3626 1146 3719 1201 pa-

2140 1216 2223 1271 nis
2239 1219 2602 1291 pulmentique
2625 1222 2972 1291 gustavimus.
2991 1222 3283 1278 Occultatis
3314 1234 3491 1279 autem
3516 1227 3716 1293 pueris.

2141 1312 2369 1380 praebuit
2409 1314 2488 1367 eis
2526 1314 2755 1368 infusum
2801 1329 2924 1369 cum
2960 1316 3084 1370 vino
3114 1330 3337 1383 panem,
3384 1325 3439 1372 et
3481 1318 3613 1372 abiit
3653 1317 3721 1373 ad

2143 1398 2798 1471 Matutinas.Secutusqne
2821 1414 2904 1459 est
2929 1414 2985 1459 et
3012 1405 3292 1471 barbarus,
3324 1406 3514 1461 iterum
3546 1409 3718 1479 inqui-

2140 1506 2267 1545 rens
2299 1507 2529 1559 pueros:
2562 1493 2656 1546 sed
2689 1494 2879 1547 illusus
2911 1509 2939 1548 a
2969 1496 3285 1565 presbytero
3315 1512 3588 1566 regressus
3614 1506 3718 1554 est.

2141 1579 2425 1653 Presbyter
2448 1586 2590 1636 cnim
2620 1584 2909 1639 amicitiam
2937 1600 3058 1641 cum
3090 1588 3250 1642 beato
3278 1587 3544 1658 Gregorio
3582 1591 3717 1643 anti-

2141 1687 2301 1740 quam
2330 1672 2577 1727 habebat.
2608 1673 2758 1730 Tunc
2791 1676 3074 1745 resumptis
3100 1676 3248 1744 pueri
3277 1678 3437 1745 epulo
3464 1677 3672 1732 viribus
3699 1718 3715 1742 ,

456 1785 637 1842 parma
671 1771 824 1839 positi
856 1747 1067 1824 ainnem
1089 1812 1103 1832 ,
1138 1770 1189 1823 in
1220 1770 1527 1824 ulteriorem
1574 1772 1777 1840 egressi
1811 1780 1935 1823 sunt
1962 1769 2037 1823 ri-
2065 1747 2114 1807 Β
2144 1778 2238 1832 per
2266 1763 2399 1817 duos
2429 1764 2544 1818 dies
2572 1765 2624 1819 Ῐη
2654 1766 2813 1820 domo
2838 1768 3134 1839 presbyteri
3157 1778 3578 1834 εοῐηηιοτθηωεο
3597 1770 3717 1825 3b!-

456 1860 599 1921 nam.
636 1864 702 1917 Et
733 1866 870 1917 inter
899 1864 1125 1917 obscura
1159 1865 1330 1918 noctis
1364 1864 1591 1933 ingressi
1623 1865 1834 1928 silvam,
1868 1864 2035 1915 latue-

456 1965 599 2010 runt.
620 1954 798 2008 Tertia
822 1955 964 2009 enim
995 1971 1097 2008 nox
1131 1956 1442 2019 advenerat,
1473 1955 1619 2023 quod
1639 1954 1841 2008 nullum
1860 1955 2040 2009 cibum

456 2055 731 2115 gnstantes
754 2048 856 2100 iter
874 2047 1137 2100 terebant.
1159 2045 1308 2100 Tunc
1331 2055 1459 2101 nutu
1487 2047 1577 2100 Dei
1610 2056 1823 2116 reperta
1848 2045 2043 2104 arbore

459 2141 617 2215 plena
648 2142 820 2210 pomis
846 2182 861 2208 ,
904 2156 1062 2211 quam
1094 2141 1250 2210 vulgo
1287 2158 1514 2209 primum
1544 2151 1567 2181 ε
1597 2152 1828 2205 vocant,
1861 2157 2043 2198 come-

458 2235 624 2298 dunt;
657 2243 711 2287 et
738 2249 1024 2302 parumper
1053 2236 1335 2289 su5teutati
1369 2236 1591 2305 ingressi
1622 2245 1745 2290 sunt
1776 2234 1878 2289 iter
1899 2232 2045 2289 Cam-

458 2326 632 2394 pania:
677 2343 692 2380 :
744 2328 938 2396 quibus
997 2327 1377 2396 pergentibus,
1433 2329 1655 2382 audiunt
1732 2328 2040 2397 pedihulum

457 2406 698 2489 ciuitttnt
745 2420 1113 2486 currentium,
1160 2420 1522 2490 dixeruntque
1563 2436 1579 2478 ε
1633 2422 2042 2475 Prosternamnr

459 2520 652 2583 terra},
698 2524 763 2562 ne
804 2524 1157 2578 appareamus
1209 2511 1517 2563 hominibus
1562 2511 1926 2566 venientibus.
1973 2512 2039 2565 Et.

456 2615 583 2653 ecce
614 2616 677 2653 ex
708 2601 1000 2667 improviso
1029 2601 1192 2669 stirps
1238 2603 1353 2655 rubi
1386 2618 1609 2670 magnus
1657 2603 1825 2658 adfuit
1850 2646 1867 2670 ,
1920 2613 2040 2672 post

457 2706 618 2763 quiem
651 2700 1022 2757 transeuntes,
1050 2691 1391 2761 projeccrunt
1416 2708 1476 2749 se
1507 2704 1665 2749 terra;
1691 2710 1810 2749 cum
1851 2695 2042 2764 gladiis

458 2783 751 2850 evagiuatis
771 2825 786 2849 ,
814 2785 1020 2839 scilicet
1048 2794 1103 2839 ιιι
1131 2787 1176 2839 si
1206 2785 1635 2853 adverterentur,
1666 2786 1951 2843 confesu‘m
1979 2804 2040 2844 se

459 2875 610 2942 quasi
655 2876 722 2929 ab
770 2876 1028 2943 improbis
1063 2876 1263 2931 framea
1293 2876 1318 2913 ά
1350 2860 1737 2933 defensarent:
1769 2888 2040 2934 verumta-

458 2956 580 3017 iuen
613 2980 732 3019 cum
764 2966 1037 3021 venissent
1067 2968 1118 3022 in
1152 2967 1322 3022 locum
1354 2968 1503 3022 illum
1531 2983 1712 3023 coram
1737 2970 1907 3037 stirpe
1931 2971 2041 3039 spi-

461 3070 563 3129 neo
612 3057 957 3119 restiterunt;
1007 3057 1245 3127 dixitque
1285 3075 1450 3125 unus,
1491 3059 1616 3114 dum
1660 3061 1783 3129 equi
1830 3060 2037 3114 urinam

461 3122 819 3217 projicereut:
854 3148 945 3204 Va:
974 3149 1101 3203 mihi
1126 3120 1291 3220 {quia
1326 3120 1531 3223 fugiunt
1574 3152 1625 3206 hi
1655 3120 2036 3222 dctesmbiles,
2065 3120 2117 3187 θ

459 3253 557 3291 ηιξο
586 3239 808 3306 reperiri
836 3247 1092 3308 possunt:
1118 3256 1304 3295 verum
1331 3241 1449 3295 dico
1474 3256 1566 3309 per
1586 3243 1814 3296 salutem
1838 3259 2037 3309 meam,

458 3322 580 3397 quia
610 3333 655 3385 si
683 3322 1064 3397 invenirentttr,
1100 3349 1262 3386 unum
1292 3334 1530 3401 patibulo
1571 3334 1951 3400 condemnari,
1988 3344 2042 3391 et

459 3425 619 3478 alium
653 3424 950 3494 gladiorum
1001 3424 1192 3477 ictibus
1224 3424 1274 3475 in
1302 3424 1467 3477 frusta
1496 3423 1727 3493 discerpi
1771 3424 2038 3494 iuberem.

462 3514 587 3567 Erat
634 3513 778 3568 enim
828 3513 1087 3567 barbarus
1136 3514 1229 3568 ille
1257 3515 1347 3583 qui
1396 3514 1510 3569 ha:c
1543 3515 1751 3584 aiebat,
1783 3517 2033 3575 dominus

458 3621 668 3669 eorum,
692 3605 759 3658 de
782 3605 1067 3660 Rliemcnsi
1092 3607 1222 3660 urbe
1244 3608 1487 3671 veniens,
1515 3615 1569 3661 et
1598 3607 1696 3661 hos
1727 3609 2038 3676 inquirens:

458 3688 515 3767 et
568 3698 854 3773 reperisse!
898 3696 1081 3766 utique
1117 3698 1167 3751 iu
1202 3697 1319 3765 via,
1354 3696 1395 3751 si
1423 3712 1527 3752 nox
1564 3698 1899 3755 obstacnlum
1930 3716 2035 3755 non

462 3787 796 3858 praebuisset.
814 3787 963 3843 Tunc
986 3788 1143 3842 mntis
1160 3790 1428 3856 equitibus
1446 3789 1639 3862 [equis]
1653 3791 2039 3849 discesserunt.

460 3882 524 3936 lli
551 3891 729 3935 autem
760 3890 916 3936 nocte
946 3881 1058 3949 ipsa
1089 3882 1377 3951 attigerunt
1419 3881 1485 3935 ad
1519 3883 1702 3937 urbem
1728 3922 1745 3949 ,
1789 3885 2043 3954 ingrcssi-

458 3956 561 4043 quc
591 3973 909 4028 invenerunt
938 3972 1239 4038 hominem,
1265 3990 1419 4043 quem
1463 3976 1715 4030 sciscitati
1762 3988 1888 4031 sunt
1921 3977 2041 4032 ubi-

461 4054 581 4120 nam
627 4077 763 4121 esset
813 4066 1002 4119 domus
1043 4066 1262 4120 Paulelli
1318 4066 1639 4137 presbyteri.
1674 4069 2041 4139 lndicavitque

457 4146 556 4212 eis.
592 4157 691 4220 Qui
742 4156 866 4212 dum
918 4173 1011 4228 per
1057 4158 1284 4228 plateam
1330 4160 1696 4230 praeterirent,
1731 4161 1943 4233 signum
1973 4164 2039 4219 ad

531 4325 556 4354 ⁸
581 4316 712 4373 Cod.
744 4316 971 4388 Bellov.,
993 4316 1270 4372 voluclum.
1294 4317 1457 4375 Corb.
1486 4334 1613 4374 vero
1632 4361 1647 4388 ,
1670 4320 1926 4375 voluclum
1952 4339 2036 4377 tte-

460 4387 684 4442 stimenti
716 4387 969 4442 tollentes.

468 4498 469 4501 η
531 4458 558 4497 δ
591 4458 791 4511 Mosam
841 4458 1120 4527 legendum
1163 4473 1285 4514 esse
1331 4462 1420 4514 vix
1458 4460 1690 4514 dubitari
1740 4470 1950 4529 potest,
1979 4472 2035 4518 ιιι

457 4539 639 4585 monet
662 4530 901 4584 Valesius
930 4530 979 4583 in
1005 4529 1201 4584 Notitia
1218 4531 1525 4584 Galliarum.
1556 4531 1685 4585 Nam
1711 4533 2033 4589 llheinorum

458 4598 1026 4670 interetTrevirorum
1053 4603 1210 4655 urbes
1231 4604 1369 4655 Mosa
1394 4601 1568 4655 interll
1593 4602 1670 4667 iit,
1694 4619 1811 4670 qua:
1839 4613 2034 4660 utram.

458 4685 560 4733 que
589 4668 858 4723 dioecesim
887 4671 1249 4737 disterminat,
1273 4683 1325 4725 et
1348 4673 1659 4726 transmiSsa
1681 4668 1825 4728 Mosa
1854 4678 2031 4730 statim

459 4736 755 4812 Campania
776 4743 1047 4794 occurrit:
1079 4759 1197 4812 qua:
1241 4740 1421 4796 omnia
1464 4743 1697 4797 Mosellae
1727 4746 1895 4807 aptari
1929 4763 2033 4801 non

459 4815 703 4879 possunt.
740 4810 906 4863 Immo
933 4810 1266 4879 quocumque
1298 4814 1414 4866 loco
1446 4815 1717 4869 Mosellam
1751 4817 1823 4870 illi
1858 4826 2034 4869 trans-

460 4878 756 4942 tnisissent,
797 4882 879 4932 vix
903 4878 980 4933 cis
1012 4878 1264 4949 pos-ihile
1291 4881 1482 4936 fuisset
1512 4886 1611 4938 bac
1640 4888 1751 4950 ipsa
1778 4886 1863 4940 die
1889 4888 2031 4940 libe-

458 4961 578 5003 mus
609 4950 881 5004 advenire.
915 4950 1045 5005 Cum
1079 4964 1251 5006 tamen
1280 4968 1410 5007 mss.
1457 4968 1644 5009 omnes
1687 4970 1739 5010 et
1778 4957 1905 5010 editi
1937 4959 2033 5010 lia-

459 5022 624 5074 beant
674 5020 981 5088 Mosellam,
1036 5024 1277 5091 Gregorii
1332 5034 1532 5075 textum
1584 5026 1868 5085 immutare
1929 5044 2033 5081 non

460 5091 625 5153 licu-t,
646 5093 875 5146 maxime
896 5109 1015 5147 cum
1038 5103 1240 5149 certum
1265 5094 1503 5149 videatur
1531 5096 1648 5150 illos
1671 5098 1806 5152 viam
1835 5108 2034 5153 rectam

462 5172 809 5218 secutos-non
838 5164 1025 5220 fuisse.
1053 5166 1165 5221 Non
1192 5166 1334 5219 enim
1370 5174 1477 5219 tres
1504 5177 1656 5221 erant
1682 5168 1889 5222 itineris
1917 5169 2033 5222 dies

461 5245 489 5282 a
522 5234 756 5307 Trejiris
783 5238 846 5290 ad
879 5238 1103 5301 Mosam.
1133 5252 1253 5292 cum
1287 5235 1371 5288 hic
1405 5238 1594 5289 ﬂuvius
1634 5254 1738 5292 non
1771 5242 1936 5307 magis
1967 5240 2030 5293 ait

461 5302 592 5356 urbe
616 5302 918 5361 Trevireusi
942 5324 1101 5377 quam
1133 5324 1160 5362 a
1194 5308 1482 5362 Rhemensi
1511 5309 1693 5376 distet,
1717 5302 1919 5365 scilicet
1942 5310 2037 5365 de—

460 5384 576 5424 cem
608 5382 663 5425 ct
691 5385 810 5429 octo
839 5378 1053 5433 circiter
1086 5380 1271 5433 leucis.

538 5450 561 5517 ξ
591 5442 723 5517 Gell.
754 5458 807 5499 et
835 5449 944 5507 alii.
972 5467 1159 5517 pruna.

538 5508 741 5595 fGorb.
770 5508 1123 5595 etuBelllunon
1155 5520 1370 5595 habent,
1398 5521 1614 5591 framea.

534 5593 558 5622 ο
583 5582 715 5659 Quia
747 5589 949 5643 scilicet
982 5592 1082 5645 illis
1122 5582 1454 5659 temporibus
1492 5608 1595 5645 non
1628 5590 1818 5645 licebat
1849 5592 2039 5648 diebus

454 5654 742 5785 ﬁglinicis
787 5667 909 5717 ante
940 5660 1152 5717 Missam
1191 5654 1478 5733 quidquam
1511 5662 1613 5720 cibi
1643 5672 1733 5719 aut
1764 5672 1917 5734 potus
1952 5678 2041 5720 su-

574 5743 628 5785 e.

574 5743 628 5785 e.

2064 4498 2116 4558 D

2143 1866 2449 1923 cesserunt;
2502 1867 2555 1912 et
2583 1860 2658 1912 sic
2689 1875 2859 1926 usque
2884 1862 2949 1913 ad
2982 1870 3226 1915 sanctum
3258 1862 3572 1932 Gregorium
3598 1880 3720 1931 pcr-

2144 1945 2232 2001 lati
2269 1956 2411 2001 sunt.
2440 1948 2666 2003 Gavisus
2695 1960 2874 2005 autem
2905 1952 3141 2019 pontifex
3174 1954 3302 2007 visis
3331 1956 3509 2027 pueris
3532 1996 3549 2021 ,
3574 1954 3719 2012 ﬂevit

2142 2053 2303 2108 super
2339 2041 2532 2095 collum
2568 2042 2727 2097 Attali
2758 2041 2775 2081 ί
2810 2044 3018 2113 nepotis
3062 2044 3165 2098 sui.
3209 2045 3440 2100 Leonem
3482 2056 3662 2101 autem
3690 2062 3720 2102 ι

2137 2128 2266 2199 jugo
2294 2133 2572 2186 servitutis
2600 2135 2883 2190 absolvens
2908 2150 3030 2190 cum
3054 2138 3200 2192 omni
3227 2140 3578 2207 generatione
3606 2156 3721 2207 sua,

2142 2222 2289 2276 dedit
2318 2223 2366 2277 ci
2400 2234 2591 2279 terram
2622 2227 2909 2295 propriam,
2945 2228 2998 2282 in
3028 2244 3130 2298 qua
3157 2244 3279 2285 cum
3314 2247 3481 2289 uxore
3508 2250 3574 2289 ac
3597 2236 3723 2293 libe.

2142 2316 2215 2368 ris
2244 2316 2377 2370 liber
2406 2317 2541 2371 vixit
2567 2320 2815 2375 omnibus
2845 2320 3038 2376 diebus
3067 2322 3191 2377 viLe
3224 2339 3356 2379 suae.

2214 2408 2351 2462 XVI.
2393 2410 2728 2479 SigivaldusB
2760 2422 2935 2467 autem
2968 2429 3087 2467 cum
3135 2414 3189 2468 in
3238 2416 3480 2471 Arverno
3522 2416 3723 2471 habita-

2142 2508 2245 2568 ret,
2266 2502 2426 2554 multa
2456 2504 2593 2557 mala
2616 2504 2667 2558 in
2689 2518 2751 2559 ea
2780 2504 3027 2561 faciebat.
3055 2506 3185 2560 Nam
3215 2516 3266 2563 et
3288 2522 3372 2562 res
3395 2509 3721 2567 diversorum

2145 2596 2487 2662 pervadebat,
2521 2605 2575 2652 et
2614 2598 2753 2653 servi
2798 2597 2915 2667 ejus
2967 2614 3072 2653 non
3102 2599 3433 2655 desistebant
3459 2617 3486 2654 a
3532 2603 3724 2671 furtis,

2144 2683 2465 2751 homicidiis,
2496 2702 2558 2740 ac
2591 2686 2970 2755 super-ventisIn
3010 2690 3339 2760 diversisque
3388 2692 3685 2746 Sceleribus
3706 2710 3724 2747 :

2146 2792 2243 2831 nec
2271 2778 2408 2833 nllus
2438 2780 2631 2835 mntirc
2661 2796 2822 2836 ausus
2854 2791 2968 2836 erat
2998 2798 3177 2838 coram
3214 2785 3311 2838 e's.
3346 2784 3494 2839 Unde
3533 2787 3723 2842 factum

2144 2879 2245 2934 est,
2274 2880 2330 2923 ut
2352 2871 2463 2938 ipse
2490 2872 2666 2925 villam
2701 2872 3119 2942 Bnlgiatensem,
3150 2891 3305 2941 quam
3338 2875 3609 2945 quondam
3634 2878 3725 2931 be-

2146 2960 2387 3015 nedictus
2419 2960 2699 3018 Tetradius
2721 2962 3038 3033 episcopusi
3075 2966 3309 3020 basilica:
3334 2969 3502 3021 sancti
3529 2968 3725 3023 Juliaui

2147 3051 2458 3121 reliquerat,
2500 3054 2782 3107 temerario
2811 3070 2942 3109 ausu
2981 3056 3314 3123 pervaderet.
3360 3056 3465 3111 Sed
3497 3073 3613 3110 cum
3648 3058 3727 3113 in-

2147 3158 2361 3214 gressus
2385 3146 2434 3197 in
2462 3144 2674 3198 domum
2704 3145 2845 3199 illam
2870 3145 3078 3211 luisset,
3097 3148 3273 3199 statim
3299 3162 3483 3201 amens
3507 3145 3727 3204 esz-ctus

2147 3236 2285 3289 lecto
2301 3236 2570 3291 decubuit.
2588 3236 2734 3290 Tunc
2758 3237 2947 3290 mulier
2967 3238 3237 3289 admonita
3262 3252 3354 3304 per
3371 3237 3727 3315 sacerdotem,

2145 3328 2406 3382 elevatnm
2437 3331 2487 3383 in
2523 3332 2852 3396 basternant,
2877 3331 3011 3385 utin
3043 3332 3201 3384 aliam
3234 3332 3411 3385 villam
3435 3330 3729 3407 trauStulit,

2145 3435 2332 3475 sanum
2376 3422 2595 3489 recepit.
2630 3423 2697 3476 Et
2722 3424 3015 3486 accedens,
3046 3432 3295 3491 exposuit
3318 3426 3364 3478 ei
3408 3426 3584 3503 omnia
3610 3440 3731 3493 qua:

2148 3515 2453 3581 tertulerat.
2483 3516 2635 3581 Quod
2670 3515 2758 3570 ille
2779 3515 3021 3582 audiens,
3059 3526 3179 3570 vota
3211 3517 3367 3570 beato
3391 3518 3610 3589 Marty-i
3638 3531 3732 3571 \‘0-

2146 3623 2299 3673 vens,
2323 3624 2383 3663 ca
2405 3625 2521 3678 qua:
2538 3609 2786 3678 simplum
2813 3608 3105 3663 abstulerat
3123 3612 3137 3659 ι
3155 3654 3170 3676 ,
3188 3608 3451 3678 duplicata
3476 3614 3732 3669 restituit.

2146 3701 2482 3757 Meminimus
2524 3709 2577 3755 et
2628 3700 2789 3772 hujus
2823 3701 3035 3756 virtutis
3076 3700 3131 3756 in
3171 3701 3308 3756 libro
3356 3702 3734 3759 Miraculurutn

2144 3793 2314 3849 sancti
2344 3793 2537 3848 Juliani
2573 3794 2709 3864 (cap.
2740 3794 2853 3863 14).

2220 3889 2372 3959 123
2414 3886 2579 3941 XVlI.
2620 3887 2782 3956 Igitur
2833 3886 3061 3943 Diniﬁo"
3104 3889 3355 3957 episcopo
3382 3886 3518 3959 apud
3565 3886 3735 3941 Turo-

2147 3996 2243 4035 nos
2286 3980 2602 4043 decedente,
2648 3981 2944 4035 Ommatius
2976 3982 3147 4036 tribus
3178 3982 3333 4035 annis
3374 3978 3597 4047 praefuit.
3633 3978 3736 4032 llic

2144 4073 2284 4126 enim
2308 4088 2371 4127 ex
2399 4071 2550 4141 jussu
2581 4070 2952 4127 Chludomeris
2979 4074 3140 4139 regis,
3163 4074 3316 4138 cujus
3344 4084 3505 4137 supra
3536 4068 3737 4122 memi-

2144 4165 2340 4234 nimus,
2366 4163 2642 4218 ordinatus
2679 4173 2782 4220 est.
2815 4163 2909 4218 lllo
2937 4178 3151 4233 quoque
3192 4163 3474 4232 migrante,
3507 4161 3611 4216 Leo
3644 4173 3739 4213 se-

2218 4317 2239 4357 τ
2273 4322 2343 4384 ls,
2376 4329 2434 4374 ut
2462 4320 2691 4382 videtur,
2725 4330 2907 4385 postea
2956 4320 3052 4372 fuit
3078 4335 3258 4373 comes
3286 4315 3596 4381 Edueusis,
3638 4313 3737 4371 cui

2144 4390 2393 4470 Sidonius
2423 4391 2635 4456 scripsit
2654 4392 3057 4470 epistolatit_l8,
3092 4391 3189 4470 lib._
3213 4405 3263 4441 ν.
3650 4458 3661 4470 _
3687 4458 3700 4470 .

2218 4471 2243 4509 ιι
2269 4464 2366 4528 Qui
2398 4476 2555 4528 supra
2590 4478 2707 4526 cap.
2768 4463 2831 4516 l3
2864 4479 2892 4515 a
2928 4460 3259 4515 Theoderico
3304 4473 3429 4529 rege
3455 4472 3552 4528 pro
3582 4458 3740 4513 urbis

2144 4534 2383 4587 CllSlOdia
2419 4536 2638 4587 relictus
2662 4532 2851 4584 fuerat.

2216 4600 2241 4639 ¹³
2284 4603 2444 4666 Edtti,
2477 4620 2627 4671 super
2660 4619 2943 4656 numerum.

2222 4671 2235 4710 ί
2269 4675 2362 4729 llic
2410 4674 2504 4727 l'nit
2526 4669 2809 4741 episcopus
2863 4672 3204 4726 Biturici-niis
3230 4713 3243 4734 ,
3278 4680 3332 4723 ιιι
3377 4685 3438 4725 ex
3469 4669 3743 4740 Gregorio

2144 4743 2259 4808 ipso
2288 4746 2542 4797 discimus
2576 4743 2667 4796 lib.
2721 4760 2754 4796 ll
2788 4744 2991 4808 Mirac.,
3030 4758 3145 4812 cap.
3182 4742 3263 4797 Η.
3301 4742 3409 4795 Dici
3440 4757 3502 4792 ur
3542 4756 3673 4795 vero
3704 4758 3739 4795 τι

2144 4813 2404 4881 Gregorio
2433 4816 2721 4868 benedictus
2765 4831 2783 4868 :
2813 4831 2914 4881 qua
2957 4830 3083 4867 voce
3135 4829 3235 4866 non
3284 4827 3606 4880 cngnomen.
3632 4814 3746 4869 sed

2142 4872 2433 4949 epithetutn
2484 4885 2702 4938 honoris
2737 4872 2897 4938 eausa
2938 4886 3033 4954 ipsi
3068 4885 3249 4954 datum
3300 4872 3518 4950 ιιιῐυιιιιιςι
3542 4881 3744 4937 debet.

2143 4956 2230 5010 Sic
2264 4958 2312 5007 in
2350 4959 2439 5007 lib.
2464 4955 2531 5009 de
2564 4956 2711 5009 Glur.
2744 4956 2921 5018 Until},
2947 4952 3086 5024 cap,
3124 4952 3190 5008 86
3215 4995 3228 5017 ,
3259 4954 3548 5006 benedictus
3572 4953 3748 5023 Agri-

2142 5028 2317 5079 colons
2346 5044 2361 5088 ;
2406 5026 2543 5090 apud
2575 5026 2887 5079 Tertullian.
2916 5028 3008 5079 lib.
3057 5026 3123 5078 de
3153 5024 3482 5090 Praescript.,
3514 5024 3747 5076 benedi-

2140 5107 2249 5150 ctus
2277 5096 2601 5150 Eleutherus.
2638 5097 2789 5150 Plura
2814 5098 3059 5164 exempla
3083 5097 3126 5148 si
3151 5097 3301 5164 cupis
3322 5137 3337 5163 ,
3362 5096 3447 5148 adi
3479 5095 3750 5149 Sirnton—

2140 5167 2264 5219 dum
2296 5168 2517 5233 inepist.
2551 5168 2582 5219 ιι
2615 5168 2703 5221 lib.
2740 5168 3034 5231 Apollinar.
3071 5166 3299 5221 Sidonii.
3594 5178 3605 5189 ‘

2216 5237 2229 5288 ξ
2272 5239 2369 5291 Ed.
2396 5254 2515 5291 cum
2544 5238 2691 5300 Bec.,
2726 5252 2838 5304 quit:
2866 5241 2910 5289 vi
2938 5238 3242 5291 abstu‘erat.

2213 5306 2234 5345 ιι
2266 5310 2476 5375 Aliquot
2507 5324 2536 5360 e
2558 5310 2654 5369 titi,
2687 5306 2950 5375 Dionysio.
2982 5309 3241 5361 Cancrum
3277 5307 3379 5363 hoc
3400 5308 3573 5377 capite
3603 5322 3751 5366 curn

2142 5394 2261 5444 cap.
2288 5380 2476 5449 [1“!an
2510 5378 2626 5431 libri
2652 5394 2685 5430 tt
2718 5388 2769 5430 et
2801 5379 2903 5431 line
2944 5380 3061 5431 libri
3105 5395 3158 5443 x,
3189 5379 3275 5431 ubi
3307 5380 3585 5449 episcopos
3620 5380 3749 5431 Tu-

2143 5466 2402 5503 ronenses
2436 5448 2725 5517 Gregorius
2767 5458 3048 5502 enumerat
3069 5490 3083 5510 ,
3117 5450 3314 5504 collato
3340 5491 3353 5515 ,
3403 5448 3543 5511 patet
3564 5466 3745 5516 quain

2145 5536 2329 5589 parum
2377 5519 2476 5573 sibi
2507 5522 2604 5587 ipsi
2636 5531 2862 5583 constet,
2900 5532 3007 5571 tum
3040 5520 3091 5572 iu
3134 5521 3459 5588 assignantlo
3507 5521 3748 5589 pontili-

2143 5601 2291 5645 catis
2330 5591 2697 5658 cpiscoltornm
2750 5589 3136 5644 Turonenst
3196 5601 3459 5656 tempore,
3502 5601 3612 5645 tum
3671 5590 3743 5646 in

2145 5662 2332 5715 ordine
2355 5676 2459 5727 quo
2505 5661 2683 5713 sedem
2712 5660 2844 5713 hanc
2876 5660 3239 5718 obtinuerunt.
3291 5662 3401 5717 ΙΙυο
3434 5673 3613 5717 tamen
3643 5676 3736 5717 ca-

2150 5743 2241 5801 put
2259 5732 2483 5787 ltahctur
2505 5731 2554 5787 in
2588 5731 2834 5787 omnibus
2869 5746 2992 5785 mss.
