4006 6182
321 271 432 327 ’257

1280 276 1599 335 HISTORIA
1643 276 2088 336 rnaucouuu.
2134 278 2339 337 LIBER
2375 264 2691 341 manus.

3516 268 3641 349 258⁵

326 407 476 467 ptem
514 392 789 449 mensibus
832 393 1174 450 ministravit.
1211 395 1306 451 llic
1336 396 1435 450 fuit
1462 396 1541 451 vir
1568 404 1820 452 strenuus
1850 405 1931 450 at-
1958 388 2008 458 Α
2036 396 2239 465 regina,
2287 398 2377 453 lilii
2407 400 2479 453 tui
2516 398 2719 455 domini
2748 399 2913 456 nostri
2941 411 3219 471 expetunt,
3247 398 3374 475 quid
3404 407 3471 463 de
3502 422 3646 478 pue-‘

331 504 437 558 que
469 487 618 542 utilis
666 487 719 542 in
769 486 969 542 fabrica
1000 486 1182 557 operis
1229 488 1456 558 lignarii.
1490 488 1608 555 Quo
1647 487 1932 555 defuncto,

330 580 654 635 Theodorus
700 587 755 633 et
800 578 1065 634 Piociilus
1114 579 1379 649 episcopi,
1429 582 1517 650 qui
1572 582 1639 636 de
1696 583 1935 649 partibus

334 671 663 742 Burgundire
692 671 1058 733 advenerant,
1105 670 1387 724 ordinante
1431 672 1809 727 Clirotechilde
1854 688 1939 727 re-

338 764 482 834 gina,
533 761 705 815 tribus
745 762 902 815 annis
953 761 1273 816 Turonlcam
1318 758 1572 818 rexer’unt
1619 764 1933 818 Ecclesiam.

331 857 546 926 Quibus
572 856 869 918 defunctis,
902 854 1174 911 Francilio
1202 872 1267 911 ex
1293 859 1633 913 senatoribus
1659 859 1939 913 substitui-

334 961 448 1007 tur.
485 954 640 1003 Auno
662 950 826 1018 igitur
849 949 1007 1003 tertio
1027 948 1370 1017 episcopatus
1402 950 1508 1015 sui,
1532 965 1652 1004 cum
1683 950 1937 1005 dominici

335 1044 544 1101 Natalis
578 1060 680 1100 nox
729 1045 869 1098 alma
902 1044 1112 1112 pupulis
1152 1043 1466 1109 effulsisset,
1516 1047 1654 1101 idem
1700 1046 1937 1115 pontifex

337 1141 651 1209 priusquam
682 1134 746 1192 ad
787 1137 996 1206 vigilias
1031 1138 1405 1203 descenderet,
1433 1139 1592 1209 jussit
1636 1142 1737 1194 sibi
1769 1157 1939 1211 pocu-

337 1233 453 1287 lum
497 1233 809 1287 ministrari.
854 1231 1163 1286 Adveniens
1206 1242 1383 1285 autem
1433 1248 1584 1301 puer,
1628 1233 1746 1287 sine
1792 1249 1939 1288 mora

338 1326 603 1394 porrexit.
634 1324 749 1393 Quo
778 1324 986 1387 hausto,
1026 1339 1147 1379 mox
1181 1325 1427 1393 spiritum
1475 1325 1609 1379 fudit
1638 1341 1652 1380 :
1686 1326 1827 1379 unde
1860 1327 1939 1380 in-

338 1414 644 1469 dubitatum
677 1426 757 1469 est
798 1430 1011 1479 veneno
1038 1430 1161 1469 eum
1196 1414 1362 1471 fuisse
1402 1424 1665 1470 necatum.
1698 1418 1814 1482 Quo
1844 1416 1939 1471 de—

338 1506 590 1570 cedente,
622 1506 917 1575 Injui-iosus
948 1522 1088 1562 unus
1118 1521 1149 1561 e
1178 1507 1406 1571 civibus,
1439 1509 1657 1576 quintus
1696 1508 1939 1562 decimus

340 1605 465 1667 post
494 1596 711 1652 beatum
760 1596 1070 1664 Martinam,
1100 1595 1408 1651 cathedram
1439 1596 1798 1666 pontificalem
1826 1612 1944 1652 sor-

341 1690 475 1742 titus
503 1695 605 1742 est.
1536 1682 1547 1695 ’

2040 489 2114 543 ris
2141 491 2403 561 agendum
2441 505 2700 559 censeas,
2742 502 2917 547 utrum
2958 495 3140 549 incisis
3166 495 3402 552 crinibus
3427 513 3520 553 eos
3551 505 3631 556 vis

2040 593 2165 635 vere
2186 582 2394 650 jubeas,
2434 598 2501 637 an
2549 596 2835 654 utrumque
2873 586 3127 654 jugulari.
3158 586 3227 641 At
3256 587 3344 642 ilia
3374 594 3630 648 exterrita

2040 676 2248 738 nuntio,
2277 683 2330 728 et
2359 673 2578 728 niniium
2609 675 2734 729 felle
2765 688 3053 741 commota,
3090 679 3352 745 praecipue
3381 694 3500 734 cum
3528 688 3634 753 gla-

2038 765 2183 819 dium
2233 778 2476 823 cerneret
2528 769 2863 838 evaginatum
2922 784 2985 823 ac
3030 769 3308 839 fircipein,
3369 775 3631 828 amaritu-

2040 856 2165 911 dine
2188 866 2481 926 praeventa,
2513 859 2764 928 ignorans
2796 859 2847 912 in
2878 859 2995 928 ipso
3022 859 3209 913 dolore
3238 861 3363 930 quid
3395 862 3629 925 diceret,

2041 947 2115 1001 ait
2158 948 2475 1016 simpliciter
2504 964 2519 1003 :
2549 950 2728 1004 Satius
2754 950 2898 1004 enim
2929 951 3058 1003 mihi
3086 961 3188 1018 est,
3223 952 3267 1005 si
3310 952 3377 1006 ad
3406 968 3628 1021 regnum

2043 1051 2146 1091 non
2179 1039 2474 1107 eriguntur,
2509 1048 2749 1093 mortuos
2782 1053 2875 1093 eos
2924 1039 3105 1092 videre
3133 1056 3291 1109 quam
3325 1050 3532 1097 tensos.
3564 1048 3634 1098 At

2043 1130 2132 1184 ille
2163 1145 2346 1199 parum
2376 1124 2649 1186 admirans
2672 1132 2913 1187 dolorem
2946 1134 3084 1201 ejus,
3110 1149 3209 1189 nec
3234 1146 3481 1191 scrutaris
3507 1136 3632 1205 quid
3660 1172 3663 1173 ν

2042 1221 2295 1291 deinceps
2321 1222 2529 1292 plenius
2548 1235 2921 1293 pertractaiet,
2945 1228 3093 1279 venit
3112 1226 3361 1282 celeriter
3384 1229 3635 1283 nuntians

2044 1326 2107 1369 ac
2133 1312 2317 1368 dicens
2360 1330 2375 1367 :
2425 1314 2658 1371 Favente
2697 1318 2877 1387 regina
2917 1333 3050 1384 opus
3086 1328 3316 1388 coeptum
3350 1306 3592 1389 perficito
3618 1314 3647 1374 ε’

2046 1407 2155 1476 ipsi
2182 1409 2324 1462 enim
2355 1410 2467 1463 vult
2491 1411 2693 1479 expleri
2734 1412 3016 1467 consilium
3045 1422 3305 1467 vestrum.
3338 1415 3445 1468 Nec
3488 1429 3637 1469 mora

2044 1500 2435 1568 apprehensum
2467 1502 2909 1557 Ghlotliacharius
2942 1519 3161 1571 puerum
3194 1506 3462 1561 Senioreiu
3508 1506 3635 1560 bra-

2043 1590 2166 1645 chio
2183 1592 2324 1645 elisit
2346 1592 2395 1645 in
2426 1601 2643 1660 terrain,
2668 1593 3012 1664 defigensqiie
3036 1594 3264 1648 cultrum
3285 1606 3307 1634 ε
3338 1598 3388 1649 in
3419 1597 3636 1653 atillam

2044 1682 2334 1736 crudeliter
2361 1683 2648 1739 interfecit.
2695 1684 2811 1750 Quo
2842 1684 3196 1755 vociferante,
3235 1686 3398 1741 frater
3426 1688 3542 1755 ejus
3570 1689 3637 1741 ad

418 1778 605 1833 XVIII.
650 1779 786 1834 Dum
834 1788 1013 1834 autem
1059 1778 1455 1837 Chrotecliildis
1493 1782 1676 1851 regina
1711 1782 1941 1837 Parisios

2058 1772 2212 1841 pedes
2235 1773 2564 1828 Childcberti
2613 1773 2993 1843 pros<ernitiir,
3025 1776 3481 1845 apprehensisque
3521 1777 3639 1845 ejus

338 1880 667 1939 moraretur,
698 1874 884 1929 videns
931 1874 1330 1941 Childebertus,
1364 1877 1503 1947 quod
1540 1884 1720 1932 mater
1739 1893 1835 1931 sua
1884 1881 1945 1931 Ii-

341 1964 445 2018 lios
474 1964 874 2031 Cliloilomeris,
904 1981 1040 2035 quos
1085 1981 1249 2036 sopra
1292 1961 1735 2036 memoravimus,
1780 1970 1949 2023 unico

343 2056 546 2111 affectu
574 2057 843 2124 diligeret,
872 2058 1091 2111 invidia
1133 2059 1345 2126 ductus,
1391 2075 1452 2114 ac
1496 2069 1740 2114 metuens
1768 2075 1833 2116 ne
1866 2062 1945 2113 fa-

344 2157 503 2203 vente
555 2150 737 2218 regina
781 2149 1193 2205 admitterentur
1228 2149 1280 2205 in
1316 2166 1560 2220 regnum,
1608 2151 1759 2206 misit
1805 2151 1943 2205 clam

344 2239 412 2293 ad
453 2238 676 2294 fratrem
721 2254 875 2294 suum
921 2238 1395 2296 Clilothacliarium
1446 2258 1658 2311 regem,
1716 2242 1941 2297 dicens:

347 2330 518 2388 linter
541 2342 723 2387 nostra
746 2333 883 2387 filios
906 2332 1090 2388 fratris
1112 2336 1279 2389 nostri
1306 2349 1489 2390 secum
1518 2337 1735 2399 retinet,
1756 2346 1809 2391 et
1833 2337 1951 2391 vult

346 2426 427 2481 cis
456 2439 680 2493 regnum
710 2423 841 2479 dare
874 2433 926 2477 ι.
960 2425 1131 2480 Debes
1181 2426 1437 2482 velociter
1467 2426 1657 2483 adesse
1688 2428 1943 2493 Parisios,

349 2525 405 2572 et
435 2516 623 2570 habito
651 2518 923 2571 communi
953 2517 1183 2572 consilio
1205 2527 1536 2586 pertractare
1558 2528 1789 2586 oportet,
1819 2521 1945 2589 quid

350 2607 419 2662 de
450 2607 534 2659 his
579 2606 691 2661 fieri
723 2606 917 2660 debeat
949 2624 962 2660 :
996 2617 1171 2660 utrum
1199 2607 1368 2662 incisa
1395 2610 1617 2663 caesarie
1649 2619 1707 2663 ut
1742 2610 1946 2679 reliqua

355 2699 507 2767 plebs
521 2698 815 2752 habeantur
832 2696 880 2762 ι),
902 2713 965 2751 an
982 2708 1132 2753 certe
1150 2698 1233 2753 liis
1252 2699 1567 2763 interfeciis,
1593 2714 1812 2770 regnum
1829 2717 1948 2770 ger-

352 2791 493 2843 mani
523 2790 693 2844 nostri
719 2790 860 2843 inter
888 2791 1246 2860 nosmetipsos
1275 2791 1580 2858 aequalitate
1614 2792 1789 2847 habita
1813 2793 1949 2847 divi-

353 2880 532 2936 datur.
582 2878 658 2936 De
700 2880 895 2949 quibus
939 2880 1031 2935 ille
1062 2881 1240 2937 verbis
1275 2880 1429 2936 valde
1459 2883 1673 2951 gavisus
1714 2882 1947 2939 Parisios

355 2974 519 3029 venit.
536 2972 995 3027 Jaetaveratenim
1014 2974 1387 3030 Childebertus
1403 2976 1625 3031 verbum
1650 2978 1700 3031 in
1725 2980 1942 3048 populo,

355 3067 424 3123 ob
453 3066 556 3121 hoc
585 3064 682 3121 bos
702 3065 953 3138 conjungi
982 3066 1142 3138 125,
1167 3082 1343 3137 reges,
1372 3071 1522 3139 quasi
1550 3073 1797 3139 parvulos
1826 3072 1946 3129 illos

2048 1866 2293 1935 genibus,
2341 1866 2519 1922 aiebat
2560 1882 2679 1921 cuin
2732 1868 3022 1938 lacrymis:
3068 1871 3349 1935 Succurre,
3402 1866 3649 1937 piissime

2048 1966 2218 2026 pater,
2245 1973 2313 2011 ue
2332 1966 2387 2011 et
2412 1974 2511 2026 ego
2534 1973 2745 2027 peream
2771 1961 2909 2013 sicut
2940 1959 3105 2014 frater
3129 1974 3299 2014 meus.
3330 1961 3639 2016 TuncChil-

2047 2048 2302 2103 debertus
2338 2049 2587 2118 Iacrymis
2618 2064 2864 2118 respersa
2898 2049 3053 2111 facie,
3084 2058 3159 2103 at
3191 2067 3204 2103 :
3244 2052 3398 2123 125
3450 2052 3635 2122 Rogo,

2047 2142 2358 2197 dulcissime
2398 2141 2588 2207 frater,
2635 2152 2693 2196 ut
2726 2143 2840 2212 ejus
2880 2144 3009 2198 nilii
3058 2145 3218 2199 vitain
3264 2155 3354 2198 tua
3402 2145 3642 2215 largitate

2048 2238 2314 2293 concedas
2346 2255 2357 2289 :
2395 2247 2449 2297 et
2477 2252 2596 2307 qua:
2620 2237 2844 2306 jusseris
2877 2253 2973 2307 pro
3000 2239 3117 2307 ejus
3142 2240 3316 2291 anima
3342 2239 3638 2306 conferam,

2051 2334 2254 2381 tantum
2280 2343 2347 2381 ne
2368 2327 2738 2382 interficiatur.
2770 2330 2835 2382 At
2864 2328 2952 2383 ille
2981 2330 3237 2384 conviciis
3258 2338 3434 2383 actum
3453 2326 3504 2393 ἀ,
3533 2330 3639 2383 ait:

2050 2423 2157 2476 Aut
2184 2420 2319 2488 ejice
2342 2436 2463 2475 eum
2491 2435 2519 2473 a
2545 2428 2616 2481 te,
2637 2432 2725 2473 aut
2748 2430 2897 2475 certe
2920 2438 3015 2489 pro
3041 2436 3107 2476 eo
3134 2422 3401 2481 morieris.
3424 2421 3525 2484 Tu,
3558 2424 3639 2476 iii-

2050 2516 2184 2583 quit,
2218 2529 2277 2568 es
2307 2513 2597 2567 inceSIator
2618 2522 2641 2550 ε
2676 2512 2830 2582 hujus
2870 2529 3045 2568 causa:
3078 2523 3129 2568 et
3157 2523 3261 2569 tam
3293 2516 3546 2570 vilociter
3572 2514 3641 2569 de

2050 2607 2154 2661 Ilde
2180 2605 2400 2661 resilis?
2429 2604 2553 2660 llaec
2580 2605 2671 2660 ille
2700 2606 2945 2669 audiens,
2976 2606 3244 2675 repulsum
3269 2624 3296 2659 a
3326 2623 3384 2662 se
3413 2623 3655 2676 puerum

2052 2698 2276 2767 projecit
2298 2698 2362 2752 ad
2387 2713 2506 2753 eum
2541 2713 2558 2751 :
2591 2697 2705 2766 ipse
2734 2713 2862 2752 vero
2893 2698 3163 2766 accipiens
3188 2700 3501 2752 transfixum
3529 2700 3641 2754 cul-

2052 2800 2133 2843 tro
2164 2791 2214 2844 in
2247 2790 2434 2853 latere,
2480 2789 2618 2843 sicut
2649 2789 2867 2843 fratrem
2910 2790 3055 2858 prius
3087 2790 3305 2855 fecerat,
3351 2788 3639 2858 jugulavit:

2049 2884 2464 2952 deinde-pueros
2494 2898 2616 2937 cum
2647 2882 2881 2935 nutritiis
2920 2891 3285 2951 peremerunt.
3331 2880 3536 2946 Quibus
3564 2882 3641 2935 in-

2052 2975 2307 3037 terfectis,
2336 2972 3039 3041 Cblothachariusascensis
3061 2973 3322 3042 (“quit-blla
3339 2972 3444 3043 [ΑΙ.
3469 2970 3657 3042 equis}

2051 3068 2351 3133 abscessit,
2405 3066 2799 3136 parvipendens
2830 3066 2897 3120 de
2939 3065 3308 3121 interiectione
3341 3074 3591 3133 nepotum
3624 3080 3641 3120 :

354 3158 669 3214 elevaturos
686 3159 737 3212 in
781 3173 966 3227 regno.
1009 3158 1294 3229 Coiijuncti
1344 3172 1519 3216 autem
1576 3164 1839 3219 miserunt
1883 3168 1948 3221 ad
1977 3147 2022 3208 C
2055 3161 2147 3215 sed
2176 3170 2230 3215 et
2257 3159 2633 3215 Chililebertus
2675 3159 2727 3213 in
2774 3159 3077 3213 suburbana
3123 3163 3407 3214 concessit.
3442 3160 3641 3229 Regina

354 3249 616 3319 reginam,
650 3265 769 3318 quae
793 3258 918 3305 tunc
949 3250 999 3304 in
1031 3252 1145 3319 ipsa
1168 3252 1299 3308 urbe
1322 3254 1947 3320 mei-abatur,dicentes:

355 3342 539 3411 Dirige
570 3344 820 3410 parvulos
848 3344 914 3397 ad
948 3358 1066 3409 nos,
1103 3354 1161 3399 ut
1187 3346 1550 3401 subliuientur
1580 3348 1631 3401 in
1664 3363 1849 3417 regno.
1884 3352 1949 3405 At

355 3433 447 3488 illa
476 3432 657 3502 gavisa
680 3475 695 3499 ,
738 3434 984 3489 nesciens
1013 3435 1192 3490 dolum
1223 3436 1460 3503 illorum,
1497 3437 1619 3493 dato
1649 3440 1827 3508 pueris
1854 3455 1949 3496 esu

358 3525 614 3595 petoque,
648 3526 843 3581 direxit
868 3541 962 3582 eos
992 3527 1177 3583 dicens
1206 3545 1219 3580 :
1261 3528 1376 3583 Non
1421 3545 1508 3584 me
1551 3541 1677 3599 puto
1704 3531 1950 3587 amisisse

360 3604 553 3681 filium,
579 3617 624 3669 si
648 3630 744 3670 vos
774 3616 982 3673 videam
1014 3618 1064 3672 in
1093 3617 1211 3689 ejus
1232 3633 1401 3690 regno
1423 3620 1695 3676 substitui.
1730 3622 1828 3689 Qui
1856 3623 1951 3679 ab-

358 3717 572 3772 euntes,
592 3708 925 3779 apprehensi
956 3718 1079 3765 sunt
1108 3712 1312 3778 statim,
1342 3727 1405 3768 ac
1443 3715 1675 3783 separati
1709 3730 1737 3768 a
1770 3716 1952 3786 pueris

358 3807 412 3854 et
443 3799 797 3854 niitritoribus
818 3801 951 3867 suis,
984 3803 1424 3859 custodiebantur
1452 3807 1683 3874 utrique,
1705 3820 1951 3862 seorsum

359 3892 608 3963 pueri,et
632 3908 876 3949 seorsum
904 3894 956 3949 hi
981 3896 1205 3963 parvuli.
1230 3897 1380 3953 Tuae
1401 3896 1778 3954 Cliildebertus
1795 3910 1953 3966 atque

362 3984 814 4040 Cliloiliacharius
847 3987 1108 4042 miserunt
1141 3988 1448 4055 Arcadium,
1483 3989 1634 4059 cujus
1655 4004 1815 4059 supra
1842 4007 1953 4047 me-

364 4079 618 4134 minimus
645 4080 796 4152 (Cap.
835 4082 871 4137 9
895 4092 942 4136 et
973 4080 1081 4153 12),
1107 4084 1170 4137 ad
1203 4082 1463 4152 reginam,
1496 4098 1614 4138 cum
1646 4082 1845 4154 forcipe
1882 4094 1958 4139 at-

366 4187 473 4243 que
510 4174 793 4241 evaginato
832 4174 1031 4244 gladio.
1067 4174 1167 4242 Qui
1211 4175 1432 4231 veniens
1475 4175 1711 4231 ostendit
1759 4176 1956 4245 regina:

368 4274 614 4336 utraque,
638 4266 865 4324 dicens:
905 4267 1240 4323 Voluntatem
1282 4277 1450 4336 tuam,
1493 4283 1527 4324 ο
1569 4269 1955 4338 gloriosissima

441 4408 467 4473 ξ
496 4398 589 4454 Sic
615 4398 777 4455 Corb.
802 4400 1033 4461 etBell.
1071 4402 1173 4459 Alii
1216 4402 1331 4458 fere
1382 4417 1572 4459 omnes
1620 4417 1741 4459 cum
1774 4403 1967 4473 editis,

366 4470 469 4553 rult
493 4486 579 4553 eos
598 4487 755 4553 regno
785 4473 987 4553 donari.

384 4582 389 4589 .
440 4540 467 4579 δ
518 4541 628 4614 ου-
654 4540 776 4612 jure
846 4545 1044 4614 regalis
1086 4542 1323 4611 capillitii
1380 4543 1491 4614 agit
1552 4543 1950 4610 llotomannus,

369 4625 488 4687 cap.
523 4627 559 4687 It
590 4611 799 4687 France
813 4646 837 4687 -_
847 4611 1051 4669 Gallias.
1094 4611 1437 4687 Prteclarum'
1452 4624 1533 4687 est
1557 4631 1619 4668 ea
1646 4618 1713 4670 de
1737 4632 1795 4670 re
1818 4620 1957 4687 Aga-

375 4681 497 4735 thia:
546 4683 778 4738 hominis
807 4685 979 4741 Graeci
1032 4686 1394 4740 testimonium
1415 4726 1428 4749 ,
1463 4686 1599 4740 libro
1628 4703 1644 4741 ι
1675 4704 1687 4740 :
1715 4681 1957 4741 Saleiane

370 4762 443 4808 est
467 4751 794 4809 Francorum
818 4757 1045 4826 regibus
1087 4772 1351 4826 nunquam
1377 4758 1668 4811 touderi....
1723 4759 1955 4812 cteraries

373 4836 478 4880 tota
499 4826 733 4880 decenter
769 4828 843 4881 eis
868 4830 921 4881 in
963 4828 1197 4881 humeros
1228 4830 1527 4897 propendet,
1556 4831 1782 4882 anterior
1810 4843 1957 4882 coma

372 4914 400 4952 e
420 4897 590 4964 [route
610 4897 969 4953 discriminata
994 4901 1496 4970 iurutrumquejatus
1522 4900 1741 4969 deﬂexa.
1776 4899 1958 4970 Neque

372 4981 507 5031 vero,
559 4970 990 5038 quemadmodum
1040 4969 1219 5022 Turcis
1257 4979 1304 5022 et
1333 4968 1598 5030 Barbam,
1649 4968 1958 5035 impexa‘iis

374 5048 419 5092 et
463 5038 703 5106 squalida
722 5043 1034 5107 sordidaque
1058 5050 1134 5095 est
1166 5041 1341 5105 coma,
1373 5041 1447 5094 vel
1468 5041 1852 5109 complicatione
1881 5042 1961 5093 iu-

374 5112 607 5161 decenter
628 5113 840 5175 cirrata,
864 5116 952 5166 sed
978 5121 1258 5181 smegmata
1279 5112 1424 5165 varia
1444 5112 1543 5179 ipsi
1573 5112 1669 5164 sibi
1695 5111 1956 5177 adhibent,

373 5181 741 5253 diligenterque
768 5195 950 5237 curant
974 5224 992 5250 ,
1017 5185 1170 5251 idque
1196 5181 1333 5236 velut
1356 5183 1552 5253 insigne
1571 5186 1826 5251 quoddam
1852 5184 1963 5236 exi-

374 5266 572 5324 guaque
610 5251 818 5324 honoris
858 5253 1194 5324 pi'terogutiva
1226 5255 1365 5322 regio
1391 5251 1561 5322 generi
1581 5256 1719 5323 apud
1756 5269 1843 5306 eos
1869 5256 1961 5306 tri.

376 5319 567 5375 fruitur.
604 5321 811 5378 Subditi
851 5319 981 5379 enim
1016 5319 1336 5377 orbiculari‘m
1366 5319 1674 5386 tondentur,
1701 5340 1861 5392 neque
1886 5324 1960 5378 eis

376 5393 709 5465 prolixiorem
738 5412 934 5449 comam
964 5397 1103 5450 alere
1127 5396 1281 5465 facile
1312 5395 1641 5465 permittitur.
1683 5395 1821 5465 Idem
1849 5410 1881 5462 p
1904 5410 1962 5447 u-

377 5463 526 5517 ribus
547 5464 730 5530 laudat
744 5466 1070 5522 Francorum
1088 5463 1267 5520 niores
1282 5463 1330 5521 et
1351 5466 1721 5520 urbanitatem.
1752 5464 1967 5520 Pareior

376 5543 464 5591 εει
484 5536 538 5589 in
568 5536 635 5591 iis
658 5535 936 5592 laudandis
968 5538 1279 5605 Procopius,
1337 5537 1478 5605 quod
1503 5537 1702 5604 smptus
1737 5537 1966 5603 impera-

377 5612 555 5679 ωηιξη
578 5606 855 5679 conatibus
877 5608 1203 5663 obstiterint.
1230 5608 1429 5663 Morem
1463 5607 1727 5660 nutrieudi
1744 5607 1966 5679 capillos

376 5687 409 5749 ξ
444 5674 773 5749 principibus
814 5679 977 5749 regiae
1012 5680 1194 5749 stirpis
1224 5688 1497 5749 receptum
1548 5692 1655 5749 non
1681 5674 1850 5749 semel
1884 5676 1975 5729 in;

380 5744 555 5804 ferias
594 5744 775 5804 laudat
805 5744 1134 5817 Gregorius,
1160 5760 1216 5808 ut
1246 5744 1453 5815 lib.‘vi,
1476 5762 1597 5817 cap.
1628 5746 1721 5815 21,
1750 5748 1821 5804 lib
1851 5762 1962 5811 rm.

1986 4516 2036 4577 D

2051 3269 2179 3308 vero
2206 3252 2519 3321 compositis
2544 3250 2876 3320 corpusculis
2901 3251 3118 3319 feretro,
3144 3258 3264 3306 eum
3289 3266 3482 3321 magno
3504 3253 3662 3319 psalo-

2055 3344 2247 3410 lentio,
2286 3347 2658 3415 immensoque
2695 3344 2839 3399 luctu
2876 3358 3042 3412 usque
3081 3344 3145 3397 ad
3176 3344 3445 3397 basilicam
3476 3343 3663 3419 sancti

2053 3434 2234 3493 Petri'
2271 3446 2573 3505 prosecuta,
2613 3445 2900 3504 utrumque
2943 3434 3141 3503 pariter
3166 3434 3466 3488 tumulavit.
3498 3434 3644 3501 Quo-

2054 3546 2171 3584 rum
2202 3544 2340 3583 unus
2382 3528 2567 3583 decem
2608 3542 2867 3580 annorum
2901 3534 3039 3590 erat,
3068 3527 3207 3580 alius
3253 3540 3385 3581 vero
3431 3538 3646 3595 septem

2054 3620 2157 3675 nis.
2192 3619 2430 3673 Tertium
2454 3633 2581 3673 vero
2604 3615 3030 3671 Clilodoualdum
3055 3616 3515 3685 comprehendere
3537 3633 3643 3670 non

2057 3722 2366 3784 potuerunt,
2389 3712 2511 3779 quia
2552 3724 2645 3779 per
2666 3710 2922 3764 auxilium
2961 3710 3194 3763 virorum
3228 3707 3485 3764 fortium!
3514 3710 3645 3765 libe-

2056 3821 2202 3862 ra'us
2226 3814 2330 3860 est.
2383 3804 2429 3859 ls
2477 3805 2777 3873 postposito
2807 3816 2973 3874 regno
3000 3814 3237 3872 terreno,
3267 3802 3332 3857 ad
3367 3803 3648 3858 Dominum

2057 3898 2287 3965 transiit,
2321 3905 2375 3951 et
2402 3895 2504 3949 sibi
2534 3910 2691 3948 manu
2736 3898 2947 3963 propria
2975 3894 3198 3962 capillos
3228 3894 3490 3958 incidens,
3521 3896 3665 3948 cier

2058 3992 2199 4045 ricus
2214 3991 2387 4043 factus
2411 3997 2494 4043 est
2519 4005 2531 4041 :
2558 3987 2821 4057 bonisque
2849 3987 3100 4057 operibus
3124 3987 3393 4056 insistens,
3421 3987 3647 4059 presby-

2058 4081 2139 4135 ter
2186 4079 2255 4134 ab
2304 4079 2404 4132 hoc
2435 4077 2633 4131 mundo
2681 4074 2996 4146 migravit”.
3050 4076 3112 4131 lli
3166 4090 3377 4146 quoque
3423 4068 3661 4146 regnuin'

2059 4169 2435 4227 Clilodomeris
2464 4169 2603 4222 inter
2627 4182 2686 4222 se
2714 4182 2865 4235 aequa
2899 4166 3052 4221 lance
3078 4166 3393 4220 diviserunt.
3423 4166 3667 4245 Clirotee

2059 4262 2255 4319 cbildis
2283 4274 2426 4325 vero
2456 4260 2641 4330 regina
2674 4259 2832 4313 talem
2862 4272 2921 4313 se
2951 4251 3257 4327 tahtamque
3294 4256 3558 4324 exhibuit,
3593 4266 3665 4312 ut.

2059 4415 2177 4470 cup.
2207 4399 2295 4463 l0,
2323 4408 2428 4467 etc.
2476 4395 2943 4470 VideLSavaronis
2969 4402 3050 4448 et.
3081 4392 3350 4470 Sirmqndi
3400 4402 3552 4447 notas
3596 4394 3669 4449 ln’

2062 4463 2220 4541 epist.
2254 4464 2572 4541 Apollinaris
2605 4467 2842 4541 Sidonii,
2866 4465 2958 4520 lib.
2986 4481 3022 4530 ι,
3050 4467 3207 4541 epist.

2138 4553 2161 4580 ε
2191 4533 2378 4603 Corb.,
2411 4540 2733 4607 deﬁxum/me
2758 4537 2978 4589 cultrum
3003 4550 3141 4607 .Apro
3156 4533 3663 4607 rdeﬁxoquegcultro.

2062 4612 2215 4669 Coll).
2249 4621 2447 4676 autem,
2472 4604 2590 4676 cum
2623 4607 2753 4676 Reg.
2787 4647 2803 4671 ,
2832 4615 2885 4660 et
2910 4605 3066 4659 editis
3097 4606 3320 4676 aliquot,
3372 4604 3532 4658 habet
3560 4622 3652 4659 as-

2062 4678 2241 4738 cellam
2264 4696 2361 4747 pro
2375 4673 2617 4733 atillam.
2646 4673 2832 4747 liégm.
2860 4718 2874 4743 ,
2899 4676 2988 4729 sub
3015 4674 3227 4729 ascella.
3258 4673 3390 4746 lleg.
3412 4683 3468 4730 et
3496 4676 3651 4746 Bec.,

2060 4757 2115 4809 in
2140 4754 2349 4806 ascelfa.

2132 4823 2160 4861 τι
2195 4824 2284 4880 Sic
2312 4821 2500 4885 Corb.,
2530 4818 2683 4887 Bell.,
2710 4818 2837 4873 Bee.
2870 4824 2924 4873 et
2948 4816 3100 4872 Colb.
3126 4818 3192 4871 At
3217 4817 3399 4872 caueri
3431 4818 3653 4883 habent,

2062 4905 2115 4950 at
2145 4895 2234 4948 ille
2260 4893 2431 4961 furore
2462 4901 2628 4944 actus.

2096 4988 2099 4991 ·
2138 4976 2162 5003 °
2195 4956 2285 5019 Sic
2314 4963 2472 5018 iidem
2501 4976 2633 5017 mss.
2668 4956 3064 5030 eumChesnio.
3096 4960 3228 5030 Reg.
3262 4960 3422 5030 habet
3449 4958 3655 5011 inserui

2065 5047 2235 5100 tator;
2268 5035 2479 5105 licgm.,
2508 5035 2754 5086 incentor.
2787 5029 2927 5085 Editi
2961 5040 3017 5086 ut
3055 5028 3369 5102 plurimum,
3404 5028 3571 5097 incap
3594 5043 3673 5081 ao'

2062 5120 2160 5162 ιον.

2090 5200 2093 5203 ·
2142 5178 2161 5217 f
2190 5176 2357 5232 Hodie
2382 5186 2582 5229 sancite
2605 5170 2916 5236 Geiiovefm,
2940 5182 2995 5225 ut
3015 5172 3120 5239 jam
3143 5185 3303 5238 supra
3326 5168 3656 5224 monuimus.

2067 5251 2179 5305 lloe
2208 5250 2383 5302 scelus
2412 5246 2554 5299 circa
2588 5262 2784 5299 annum
2818 5242 2922 5297 5‘26
2953 5250 3215 5310 patratum
3251 5240 3480 5302 videtur,
3512 5239 3654 5307 quod

2066 5322 2277 5384 serius,
2323 5331 2464 5371 anno
2513 5317 2719 5371 scilicet
2764 5314 2868 5368 552
2915 5320 3008 5365 aut
3051 5312 3314 5378 sequenti,
3349 5311 3654 5367 admissum

2070 5391 2236 5445 fuisse
2261 5388 2502 5443 Valesius
2533 5386 2829 5441 contendit.
3670 5410 3673 5411 ν

2090 5480 2093 5483 λ
2143 5472 2167 5509 s
2204 5461 2353 5515 Viros
2392 5460 2577 5521 fortes,
2620 5470 2845 5525 quorum
2888 5467 2997 5521 cpe
3020 5450 3384 5525 Clilodoaldns
3425 5461 3659 5525 mortem

2067 5533 2262 5597 evasit,
2295 5544 2389 5585 eos
2427 5543 2568 5591 esse,
2611 5522 2701 5593 qui
2732 5534 2918 5597 postea
2947 5526 3105 5597 vulgo
3143 5522 3358 5597 barones
3402 5522 3655 5592 appellati

2068 5614 2214 5665 sunt,
2243 5591 2428 5655 censet
2456 5591 2698 5650 Valrsius
2726 5596 2818 5649 lib.
2845 5608 2916 5647 vii
2947 5593 3143 5648 Rerum
3170 5591 3377 5665 Franc.
3438 5664 3445 5665 γ
3478 5591 3481 5592 ⁷
3600 5624 3603 5625 ν

2141 5671 2169 5709 ιι
2193 5664 2338 5726 Obiit
2374 5671 2513 5722 circa
2561 5681 2755 5719 annum
2798 5667 2924 5725 560.
2956 5666 3042 5719 die
3088 5665 3119 5718 7
3149 5664 3500 5730 Septembris,
3550 5674 3658 5729 quo

2068 5744 2182 5812 ejus
2220 5740 2482 5799 festivitas
2522 5736 2848 5793 celebratur.
2894 5734 3146 5794 Condidit
3188 5733 3570 5790 monasterium
3599 5732 3654 5786 iu
