4006 6182
382 281 488 338 ἳὸθ

1424 275 1485 331 δ.
1524 268 1855 331 GREGORII
1896 267 2198 325 EPISGOPI
2242 264 2680 323 TUIlONENSIS

3570 260 3676 314 260

380 402 451 458 ab
493 400 740 457 omnibus
785 398 1140 456 honoraretur
1167 410 1182 451 :
1214 393 1430 451 assidua
1477 392 1532 447 in
1572 386 1962 459 eleemosynis,
1994 384 2047 447 Α
2070 384 2294 438 circuitu
2325 382 2587 451 pretiosos
2613 380 2789 435 fontes
2822 396 2835 433 :
2880 394 2909 436 a
2942 386 3092 447 parte
3128 385 3310 433 autem
3341 378 3677 447 Occidentis,

382 511 586 566 pernox
618 494 670 549 in
698 492 920 563 vigiliis;
952 491 1008 544 in
1038 489 1288 544 castitate
1332 494 1490 555 atque
1519 482 1667 538 omni
1699 482 1981 535 honestate

382 602 573 655 puram
602 600 661 641 se
699 598 910 651 semper
944 580 1221 646 exhibuit;
1257 577 1453 647 praedia
1494 573 1760 641 ecclesiis,
1791 586 1981 626 mona-

383 679 586 742 steriis,
640 676 722 729 vel
772 674 1180 744 quibuscunqne
1236 667 1366 724 locis
1420 665 1622 722 sanctis
1678 662 1980 719 necessaria

385 769 637 838 providit,
672 767 813 836 larga
843 780 905 820 ac
934 779 1100 835 prona
1122 762 1402 817 voluntate
1426 756 1718 818 distribuit,
1745 768 1802 810 ut
1826 766 1979 824 puta-

383 877 531 916 reur
553 876 617 915 eo
641 870 879 926 tempore
901 872 1004 911 non
1038 855 1240 923 regina,
1267 853 1359 908 sed
1388 850 1599 922 propria
1628 850 1720 904 Dei
1744 848 1982 903 ancilla“

384 953 487 1021 ipsi
517 952 707 1007 sedulo
735 950 1034 1004 deservire.
1075 950 1233 1019 126
1260 946 1429 1014 Quam
1460 959 1564 999 non
1594 958 1816 1013 regnum
1848 941 1986 996 [ilio-

385 1059 529 1109 rum,
563 1058 668 1096 non
698 1041 921 1095 ambitio
948 1041 1155 1103 saeculi,
1189 1053 1287 1093 nec
1318 1038 1537 1092 facultas
1565 1034 1759 1091 extulit
1786 1034 1851 1088 ad
1874 1034 1984 1087 rui-

386 1150 532 1199 nam,
565 1133 660 1187 sed
694 1130 966 1185 humilitas
995 1129 1175 1184 evexit
1201 1129 1268 1182 ad
1299 1127 1551 1198 gratiam.

458 1224 599 1278 XIX.
646 1223 771 1277 Erat
819 1224 961 1277 enim
1008 1234 1133 1275 tunc
1182 1231 1236 1275 et
1277 1223 1463 1274 l;eatus
1511 1216 1800 1287 Gregorius
1844 1214 1984 1283 apud

387 1318 574 1370 urbem
606 1316 985 1383 Lingonicam,
1020 1329 1241 1382 magnus
1274 1312 1364 1366 Dei
1409 1310 1685 1373 sacerdos,
1728 1308 1896 1379 signis
1927 1317 1983 1362 et

386 1409 672 1463 virtutibus
695 1407 871 1461 clarus
904 1407 954 1461 δ.
1003 1406 1108 1462 Sed
1149 1407 1269 1476 quia
1304 1405 1461 1476 hujus
1493 1414 1622 1475 pont
1648 1404 1760 1457 ﬁcis
1798 1402 1986 1456 menti-

387 1502 586 1567 nimus,
618 1512 825 1571 grattun
856 1500 1146 1555 arbitratus
1175 1515 1314 1567 sunt,
1346 1507 1403 1553 ut
1434 1499 1590 1559 situm
1641 1497 1741 1551 luci
1806 1495 1985 1550 D.vio-

386 1596 598 1661 nensis,
632 1594 684 1648 in
718 1609 822 1663 quo
869 1592 1106 1648 maxime
1144 1604 1257 1647 erat
1298 1590 1566 1653 assiduus,
1600 1590 1721 1644 huic
1751 1588 1983 1643 inseram

386 1684 627 1740 lectioni.
680 1686 775 1738 Est
815 1694 994 1739 autem
1044 1693 1279 1737 castrum
1330 1682 1654 1737 tiamissimis
1690 1682 1879 1743 muris,
1932 1678 1982 1730 in

2082 486 2292 529 montes
2332 483 2457 529 sunt
2497 471 2782 531 uberrimi,
2826 470 3104 539 vineisque
3150 469 3360 537 repleti,
3404 472 3525 540 quia
3573 483 3680 528 tant

2082 567 2261 622 nobile
2301 567 2489 621 incolis
2525 565 2807 619 Falernum
2851 563 3158 634 porrigunt,
3194 574 3250 621 ut
3300 576 3554 634 reap'iant
3579 567 3683 620 Ca-

2083 659 2343 714 billonum
2379 656 2398 695 ί
2435 675 2450 712 :
2484 674 2606 712 nam
2649 668 2859 712 veteres
2902 653 3080 710 ferunt
3127 655 3197 711 ab
3240 656 3530 712 Aureliano
3578 657 3684 715 hoc

2083 753 2407 820 imperatore
2428 747 2593 804 fuisse
2623 747 2966 803 aediﬁcatum.

2154 845 2277 900 XX.
2318 844 2686 898 Theodericus
2730 853 2911 897 autem
2950 840 3060 896 [ilio
3094 842 3248 913 127
3295 856 3394 896 suo
3430 840 3684 897 'l'lteude-

2084 937 2238 993 berto
2264 935 2634 1006 Uvisigardctn
2684 935 2965 1005 cujusdam
2994 935 3141 1005 regis
3188 944 3213 981 ε
3254 934 3416 989 tiliam
3446 934 3685 1004 despon-

2083 1044 2269 1084 savera
2279 1040 2318 1085 ι.

2159 1119 2296 1174 XXI.
2352 1118 2534 1174 Gotthi
2566 1133 2696 1173 vero
2736 1132 2855 1173 cum
2896 1127 3017 1188 post
3042 1117 3410 1175 Chlodovechi
3454 1130 3681 1177 mortem

2086 1214 2247 1266 multa
2299 1213 2365 1266 de
2413 1213 2494 1265 his
2542 1227 2660 1281 qua:
2707 1211 2800 1265 ille
2840 1211 3166 1281 acquisierat
3194 1209 3244 1279 δ,
3295 1213 3681 1284 pervasissent,

2085 1304 2456 1358 Theudoricus
2497 1302 2975 1369 'lheudebertutn,
3026 1303 3481 1359 Chloihacharius
3551 1321 3685 1362 vero

2086 1396 2441 1454 Guntharium
2487 1396 2755 1451 seniorem
2804 1395 2974 1450 lilium
3017 1410 3175 1451 suum
3220 1398 3288 1451 ad
3339 1398 3455 1451 haec
3503 1400 3684 1466 requi-

2087 1489 2250 1545 renda
2278 1489 2662 1543 transmittunt.
2711 1490 2816 1543 Sed
2842 1486 3173 1544 Guntharius
3205 1505 3376 1558 usque
3404 1488 3683 1546 ltuthenos

2087 1586 2379 1653 accedens,
2414 1586 2597 1641 nescio
2624 1599 2728 1654 qua
2766 1585 3001 1641 faciente
3027 1600 3211 1651 causa,
3251 1600 3531 1657 regressus
3560 1594 3679 1649 est;

2088 1677 2494 1733 Theudebertus
2529 1691 2657 1731 vero
2688 1692 2855 1746 usque
2895 1677 2963 1731 ad
3004 1676 3361 1732 Biterrensem
3405 1678 3680 1733 civi'atcm

389 1776 563 1830 media
604 1774 823 1844 planitie
858 1782 914 1829 et
953 1773 1087 1828 satis
1124 1772 1354 1841 iocunda
1399 1772 1782 1841 compositum,
1813 1778 1986 1824 terras
2020 1772 2062 1832 Β
2092 1769 2312 1834 abiens,
2345 1767 2482 1822 Deas
2510 1766 2522 1805 ί
2551 1777 2786 1823 castrum
2817 1766 3069 1833 obtinuit,
3100 1778 3261 1837 atque
3291 1769 3414 1823 hinc
3443 1770 3680 1838 praedam

387 1870 540 1924 valde
569 1869 772 1923 Iertilcs
815 1868 1018 1921 habens
1058 1878 1220 1936 atque
1268 1864 1524 1920 Iecundas
1559 1873 1605 1930 ο,
1650 1864 1721 1918 ita
1754 1872 1811 1915 ut
1839 1860 1984 1915 arvis

386 1961 555 2016 semel
602 1960 786 2015 scissis
835 1973 1085 2023 vomere,
1128 1958 1334 2012 semina
1374 1956 1661 2026 jaciautur,
1701 1966 1757 2011 et
1792 1968 1981 2022 magna

386 2053 653 2127 fructuum
701 2050 972 2121 opulentia
1022 2049 1399 2119 subsequatur.
1458 2051 1500 2102 A
1548 2048 1771 2104 Meridie
1824 2050 1987 2106 habet

386 2144 639 2199 Oscaram
693 2142 950 2210 lluvium,
1004 2140 1237 2207 piscibus
1288 2140 1443 2195 valde
1494 2140 1862 2209 praedivitetn;
1916 2144 1992 2197 ab

386 2236 653 2305 Aquilone
683 2248 808 2287 vero
838 2234 973 2285 alius
1002 2232 1245 2285 ﬂuvioltts
1276 2226 1303 2267 ἀ
1338 2230 1500 2297 venit,
1534 2232 1622 2300 qui
1656 2247 1749 2302 per
1777 2246 1982 2300 portam

388 2327 698 2397 ingrediens
730 2340 793 2380 ac
823 2324 922 2378 sub
963 2334 1179 2393 pontem
1211 2322 1524 2387 decurrens,
1558 2336 1653 2391 per
1682 2324 1838 2378 aliam
1870 2340 1987 2377 rur-

387 2434 482 2474 sus
513 2427 720 2486 portam
753 2414 1046 2484 egreditur,
1083 2424 1249 2467 totum
1285 2415 1593 2468 nmnitionis
1619 2415 1791 2469 locum
1817 2416 1985 2486 placio

387 2511 457 2565 da
486 2511 626 2565 unda
655 2508 1032 2563 circumﬂuens
1065 2524 1078 2561 :
1124 2519 1250 2563 ante
1281 2516 1486 2577 pottam
1518 2520 1696 2562 autem
1727 2510 1987 2564 molendi-

388 2620 489 2659 nas
508 2606 645 2659 mira
674 2602 965 2657 velocitate
986 2600 1224 2655 diveriit.
1249 2601 1486 2667 Quatuor
1511 2609 1677 2670 porta:
1704 2617 1731 2653 a
1760 2610 1989 2671 quatuor

388 2700 560 2769 plagis
593 2697 775 2751 mundi
805 2704 934 2749 sunt
965 2695 1150 2765 positae
1190 2712 1202 2748 :
1237 2704 1515 2763 talumque
1554 2695 1839 2751 ardilicium
1892 2697 1986 2752 tri-

388 2791 533 2862 ginta
582 2798 690 2845 tres
738 2798 911 2843 turres
956 2796 1221 2842 exornant
1266 2803 1281 2841 :
1330 2800 1513 2841 murus
1561 2802 1689 2841 vero
1729 2787 1871 2842 illius
1919 2787 1988 2843 de

392 2883 613 2953 quadris
656 2882 917 2950 lapidibus
950 2894 1115 2950 usque
1161 2879 1214 2933 in
1254 2879 1441 2948 viginti
1476 2879 1659 2949 pedes,
1692 2879 1928 2948 desuper
1955 2895 1986 2935 a

389 2977 594 3030 minuto
634 2975 809 3044 lapide
850 2971 1149 3026 aediﬁcatus
1196 2970 1441 3037 habetur,
1483 2970 1687 3025 habens
1733 2972 1783 3025 in
1821 2970 1985 3025 altum

389 3068 554 3138 pedes
611 3067 859 3135 triginta,
909 3066 959 3118 in
1027 3065 1188 3118 latum
1246 3064 1410 3133 pedes
1465 3064 1819 3135 quindecim:
1866 3080 1985 3135 quae

2084 1862 2333 1930 diripuit.
2368 1860 2571 1917 Deinde
2610 1860 2678 1915 ad
2722 1860 2868 1915 aliud
2912 1870 3170 1929 castrum,
3222 1862 3436 1916 nomine
3474 1858 3695 1931 Capra--

2086 1951 2220 2006 riam
2253 1950 2303 2018 i,
2350 1949 2557 2022 legatos
2597 1949 2780 2015 mittit,
2823 1951 3029 2016 dicens,
3077 1952 3176 2006 nisi
3221 1967 3280 2008 se
3323 1952 3401 2007 illi
3430 1953 3682 2019 subdant,

2085 2056 2300 2099 omnem
2327 2042 2501 2098 locum
2523 2042 2674 2096 illum
2699 2042 2948 2098 incendio
2971 2043 3453 2111 concremandum,
3479 2059 3682 2115 eosque

2086 2134 2175 2206 qui
2207 2134 2403 2191 ibidem
2430 2135 2668 2191 resident
2696 2135 3071 2204 eaptivandos.

2159 2227 2326 2282 XXII.
2371 2228 2499 2281 Erat
2529 2237 2713 2283 autem
2745 2227 2945 2284 ibidem
2976 2235 3102 2283 tunc
3132 2236 3397 2295 matrona,
3432 2228 3681 2285 Deuteria

2088 2318 2111 2355 ¹ι
2141 2318 2378 2382 nomine,
2413 2318 2555 2372 utilis
2581 2317 2736 2372 valde
2761 2328 2924 2387 atque
2955 2316 3173 2385 sapiens
3195 2361 3211 2386 ,
3248 2318 3402 2389 cujus
3435 2320 3515 2374 vir
3539 2321 3682 2389 apud

2090 2412 2313 2485 Biterris
2345 2406 2365 2449 ι
2402 2411 2590 2465 urbem
2622 2420 2985 2465 concesserat.
3015 2410 3146 2476 Quae
3174 2411 3319 2464 misit
3358 2413 3573 2467 nuntios
3612 2413 3682 2466 ad

2086 2520 2295 2574 regem,
2326 2504 2508 2559 dicens
2540 2521 2555 2557 :
2586 2502 2775 2559 Nullus
2812 2503 2929 2565 tibi,
2959 2503 3177 2559 domine
3236 2504 3498 2568 piissime,
3549 2503 3683 2559 resi.

2087 2605 2231 2651 stere
2261 2604 2462 2666 potest.
2494 2595 3185 2665 Cognos:imus-dominum
3219 2606 3462 2651 nostrum
3492 2611 3507 2651 :
3536 2601 3682 2664 veni,

2086 2697 2135 2743 et
2189 2688 2329 2758 quod
2373 2688 2529 2742 luerit
2570 2684 2962 2756 beneplacitum
3017 2689 3069 2741 in
3115 2688 3288 2744 oculis
3345 2689 3449 2743 tuis
3497 2687 3683 2744 facito.

2088 2784 2502 2841 Tlieudebertus
2545 2793 2722 2839 autem
2768 2784 2835 2837 ad
2865 2792 3099 2838 castium
3128 2783 3372 2849 veniens,
3401 2798 3521 2838 cum
3553 2799 3686 2852 pace

2088 2876 2362 2946 ingressus
2400 2887 2514 2941 est;
2562 2874 2943 2943 subditumque
2988 2876 3088 2929 sibi
3134 2892 3360 2930 cernens
3404 2878 3685 2947 p0pulum,

2088 2968 2219 3023 nihil
2262 2967 2392 3023 inibi
2432 2967 2573 3022 male
2603 2968 2795 3037 gessit.
2848 2967 3097 3023 Deuteria
3136 2982 3266 3024 vero
3302 2969 3367 3022 ad
3401 2983 3684 3025 OCCUl‘alllll

2085 3058 2206 3131 ejus
2244 3059 2416 3124 venit;
2457 3068 2511 3112 at
2552 3058 2665 3125 il'e,
2705 3059 3003 3127 Speciosam
3043 3073 3161 3113 eam
3205 3075 3454 3128 cernens,
3497 3078 3687 3119 amore

390 3177 488 3217 cur
535 3160 725 3216 civitas
768 3159 907 3212 dii-ta
957 3174 1060 3212 non
1105 3158 1196 3221 sit,
1229 3159 1417 3228 ignoro
1444 3167 1490 3211 ε.
1538 3158 1709 3214 liabet
1745 3160 1888 3212 tn‘m
1930 3157 1984 3213 in
2013 3154 2059 3215 C
2092 3153 2210 3222 ejus
2240 3153 2473 3220 capitur,
2505 3166 2710 3222 suoque
2745 3167 2863 3207 eam
2893 3152 3161 3223 copulavit
3183 3155 3392 3208 stratui.

280 3310 291 3321 ο
388 3276 507 3330 vico
527 3274 838 3329 Nouienmm
861 3272 1023 3333 dictu,
1051 3272 1220 3326 tribus
1242 3270 1560 3325 milliaribus
1591 3271 1723 3323 infra
1752 3270 1983 3325 Parisios

387 3347 455 3401 ad
493 3348 815 3415 Sequanam,
868 3346 956 3412 qui
987 3344 1147 3415 vulgo
1188 3342 1345 3395 hodie
1386 3341 1580 3415 dicitur
1612 3341 1979 3415 Saint~CIaud,

392 3417 482 3471 ubi
513 3412 740 3471 ecclesia
771 3415 1046 3481 collegiata
1067 3452 1082 3476 ,
1116 3413 1390 3467 destructo
1416 3414 1524 3475 jam
1558 3412 1763 3478 pridem
1797 3427 1986 3466 mona-

388 3488 578 3551 sterio,
603 3501 744 3539 nunc
770 3485 977 3544 visitur,
1006 3485 1056 3536 in
1082 3497 1182 3551 qua
1205 3481 1322 3549 ejus
1344 3496 1556 3551 sacrum
1580 3497 1774 3548 corpus
1800 3497 1982 3536 asser-

389 3550 572 3610 vatur.
616 3556 787 3609 Vitam
835 3555 951 3620 ejus
980 3569 1044 3607 ex
1079 3550 1178 3605 nis.
1202 3552 1325 3605 cod.
1359 3550 1417 3606 S.
1446 3551 1696 3605 Germani
1748 3567 1777 3605 a
1811 3553 1982 3608 Pratis

391 3628 558 3681 habes
606 3626 660 3678 in
705 3625 852 3677 Actis
882 3623 980 3678 SS.
1014 3622 1144 3677 0rd.
1177 3622 1505 3676 Denedictioi
1560 3622 1756 3676 smeulo
1800 3638 1840 3689 ι,
1893 3624 1981 3677 ubi

392 3698 620 3749 habitum
638 3710 797 3747 sacra:
818 3695 1079 3764 religionis
1099 3693 1400 3758 suscepis~e
1427 3706 1455 3745 a
1489 3702 1673 3746 sancto
1696 3693 1980 3755 Severino.

391 3769 479 3830 qui
512 3766 648 3819 alius
679 3775 761 3818 est
785 3765 851 3816 ab
874 3764 1176 3833 Agauncnsi
1209 3764 1343 3816 abba
1371 3777 1423 3827 e,
1450 3773 1799 3825 memoratur,
1828 3780 1975 3817 num.

391 3837 446 3890 8.
497 3836 731 3889 Joannes
781 3832 944 3888 abbas
993 3832 1059 3887 de
1088 3842 1273 3887 sancto
1324 3833 1616 3886 Floiloalilo
1664 3834 1985 3901 subscripsit

391 3906 677 3961 com'entui
707 3903 1055 3959 Attiniaccnsi
1103 3904 1203 3957 sub
1234 3902 1455 3971 Pippino
1502 3916 1629 3970 rege
1673 3918 1815 3957 anno
1843 3902 1981 3969 765;

392 3994 551 4043 quem
581 3976 701 4030 huic
729 3978 1054 4029 monasterio
1080 3974 1357 4043 praefuisse
1388 3990 1492 4027 non
1524 3973 1849 4027 dubitamus.
1885 3975 1984 4030 Ve-

395 4056 539 4101 teres
567 4047 707 4100 enim
733 4048 792 4099 ch
826 4048 876 4099 in
911 4046 1135 4099 litteram
1169 4046 1590 4114 [nonnunquam
1620 4054 1980 4100 mutaverunt.

464 4126 491 4155 ³
535 4117 590 4170 ld
617 4125 698 4171 est
728 4114 1170 4169 sanctimonialis.
1208 4115 1336 4170 Vide
1378 4115 1511 4167 infra
1548 4115 1639 4168 Ιίιι.
1676 4130 1747 4178 tv,
1779 4130 1896 4184 cap.
1932 4118 1980 4170 I.

461 4187 490 4226 δ
534 4188 661 4255 Ejus
677 4188 836 4240 vitam
859 4187 1076 4255 scripsit
1097 4195 1280 4240 noster
1300 4185 1610 4255 Gregorius,
1633 4200 1791 4255 quam
1818 4187 1983 4242 habes

392 4258 529 4313 inira
567 4259 706 4313 inter
728 4257 874 4311 Vitas
899 4256 1137 4321 Patrum,
1171 4272 1290 4323 cap.
1321 4259 1374 4312 7.
1838 4274 1865 4289 ο

466 4340 489 4368 ε
517 4328 607 4384 Sic
629 4330 740 4381 Ilel.
768 4337 824 4382 et
856 4328 1066 4395 Regm.;
1106 4337 1161 4381 at
1186 4329 1369 4383 caeteri
1408 4342 1540 4382 mss.
1574 4335 1630 4382 et
1654 4326 1805 4397 editi,
1847 4337 1985 4383 terra

391 4400 537 4454 valde
558 4400 713 4464 [ertili
747 4410 894 4467 atque
922 4398 1162 4465 fecunda.

464 4469 490 4507 ά
524 4472 618 4523 llic
644 4469 797 4523 Suria
828 4477 1071 4533 vocatur,
1100 4468 1188 4537 qui
1216 4482 1280 4524 ex
1304 4468 1441 4522 valle
1470 4469 1789 4537 cognomine
1813 4469 1984 4525 tribus

393 4542 708 4596 milliaribus
751 4555 913 4609 supra
944 4539 1217 4593 visionem
1255 4538 1513 4594 exoritur.
1558 4542 1633 4594 De
1662 4540 1859 4595 Oscara
1891 4556 1983 4596 su-
2014 4546 2069 4607 1)

396 4628 488 4681 pra
521 4613 611 4664 lib.
647 4626 703 4674 tt,
736 4626 857 4673 cap.
890 4610 979 4664 52.

468 4690 490 4717 ο
520 4681 629 4750 Nec
658 4681 815 4733 hodie
844 4681 1072 4735 civitatis
1096 4681 1217 4747 jure
1252 4679 1449 4750 gaudet
1474 4681 1646 4744 Divio,
1680 4680 1731 4735 id
1765 4689 1848 4735 est
1871 4682 1985 4749 epi-

394 4749 597 4818 scopali
619 4750 872 4820 cathedra
904 4766 1007 4803 nou
1038 4749 1373 4815 nobilitatur;
1409 4754 1531 4805 licet
1561 4753 1721 4807 fuerit
1746 4751 1983 4820 Burgun-

394 4822 614 4874 dionum
646 4819 841 4872 ducum
870 4820 1043 4879 sedes.
1080 4829 1346 4890 lolttlSqlle
1376 4824 1663 4889 provincia:
1690 4819 1870 4891 caput,
1898 4837 1987 4876 su-

396 4892 671 4961 premique
698 4904 913 4943 senatus
942 4893 1098 4961 sides
1126 4895 1286 4943 etiam
1318 4907 1458 4946 nunc
1486 4894 1698 4946 existat.

472 4960 491 4999 ι
518 4960 627 5015 Sic
659 4960 821 5015 habet
851 4960 1007 5032 Curb.
1047 4962 1100 5015 In
1136 4961 1337 5015 Bellov.
1368 4972 1422 5015 et
1450 4963 1601 5017 Golb.
1634 4964 1828 5032 legitur
1853 4963 1987 5019 Sca-

392 5032 672 5097 Iononum;
705 5032 887 5098 Iiegm.
910 5030 1193 5097 Catonum;
1225 5032 1344 5086 Bec.
1370 5042 1423 5086 et
1452 5034 1631 5088 caeteri
1656 5030 1777 5088 cum
1802 5034 1979 5100 editis,

395 5102 698 5157 Scatunum.
728 5102 1068 5156 Corbeieusis
1115 5103 1398 5158 lectionem
1428 5105 1756 5170 pra-tulimus
1799 5121 1813 5158 :
1857 5120 1980 5158 nam

392 5188 581 5228 sensus
610 5184 691 5227 est
721 5172 841 5227 vina
873 5174 943 5226 ita
972 5188 1233 5240 generosa
1268 5175 1411 5227 nasci
1444 5175 1688 5240 Divione,
1718 5183 1777 5227 ttt
1804 5172 1984 5228 Cabil-

396 5243 705 5298 lonensibus
721 5245 857 5296 vinis
873 5259 977 5297 non
998 5244 1271 5311 indigeant
1294 5244 1459 5309 ipsius
1488 5247 1653 5299 cives.
1699 5246 1981 5299 Scalouum

393 5321 568 5367 tamen
588 5328 684 5381 pro
713 5314 1032 5368 Ascalonum
1058 5315 1438 5382 interpretatur
1459 5315 1683 5383 Savaro,
1714 5316 1764 5370 id
1798 5325 1881 5369 est
1905 5317 1981 5369 vi-

394 5397 519 5436 num
548 5399 611 5436 ex
631 5385 759 5437 urbe
779 5385 1076 5439 Palaestina:
1102 5388 1364 5441 Ascalona
1383 5386 1664 5440 advectum
1688 5405 1699 5439 :
1722 5386 1980 5440 Ascalona

393 5453 589 5524 quippe
640 5454 807 5524 vicina
857 5466 971 5510 erat
1015 5455 1190 5524 Gazae,
1239 5459 1382 5509 unde
1427 5458 1547 5508 vina
1602 5456 1864 5520 Gazitina,
1915 5460 1984 5511 de

392 5522 589 5592 quibus
616 5521 751 5577 infra
805 5526 897 5577 lib.
931 5540 1025 5589 vtt,
1062 5521 1297 5593 cap.29.
1350 5526 1602 5580 Claudius
1628 5527 1887 5579 Iiobertus
1915 5527 1980 5580 ad

394 5595 594 5647 calcem
640 5593 826 5648 Galliae
868 5595 1206 5661 Christianae,
1257 5612 1400 5650 anno
1432 5595 1567 5649 1626
1614 5594 1793 5658 editae,
1830 5598 1981 5662 plura

393 5663 463 5719 de
490 5663 715 5734 Divione
740 5663 918 5727 habet,
951 5666 1127 5733 ibique
1149 5667 1252 5720 col.
1291 5667 1357 5721 59
1403 5666 1681 5734 legendum
1715 5677 1864 5734 putat
1896 5667 1981 5721 hic

396 5736 535 5797 apud
562 5733 873 5804 Gregorium
903 5733 1860 5805 C/ialybom'um.Nam’CltaIibottium,
1903 5738 1977 5793 uti

2084 3270 2269 3350 refert,
2298 3270 2706 3351 vinum,_ut‘quo
2747 3268 2857 3351 solo
2894 3268 3170 3351 Persarum
3210 3279 3686 3351 regrsnuterentur,

2084 3342 2380 3463 {finitaqua
2407 3341 2565 3393 smius
2592 3339 2825 3409 Coaspis,
2859 3342 3249 3394 commendatur
3286 3356 3319 3393 a
3353 3339 3525 3410 Syria:
3556 3345 3687 3396 urbe

2165 3430 2191 3461 ιι
2219 3428 2232 3462 ι
2270 3426 2382 3463 one.

2086 3409 2382 3465 Chulibone.

2159 3491 2184 3527 κ
2222 3481 2440 3552 Scilicet
2463 3480 2749 3536 Wacconis
2783 3480 3256 3552 Langobardorum
3309 3479 3472 3552 regis,
3504 3491 3564 3537 ut
3595 3498 3688 3537 re-

2085 3550 2191 3622 fert
2222 3551 2420 3607 Paulus
2450 3552 2595 3606 Diae.
2632 3552 2726 3606 lib.
2775 3567 2791 3605 t
2835 3550 3105 3605 de'Gestis
3150 3550 3411 3621 Langob.,
3442 3568 3561 3622 cap.
3591 3554 3688 3609 2t.

2155 3621 2183 3660 ιι
2212 3623 2579 3677 Theodericus
2610 3622 2772 3677 Italia:
2796 3637 2888 3677 rex
2917 3622 3096 3676 audita
3119 3623 3414 3677 (Ihlodovei
3463 3621 3688 3681 victoria

2084 3693 2225 3760 apud
2248 3693 2539 3763 Vogladum
2565 3703 2856 3761 reportata,
2883 3692 3059 3746 Ibbant
3083 3709 3176 3747 seu
3198 3694 3467 3763 Ehlianem
3490 3694 3689 3752 ducem

2086 3779 2207 3819 cum
2238 3762 2406 3832 copiis
2448 3765 2499 3817 in
2531 3763 2732 3818 Gallias
2763 3765 2927 3827 misit,
2958 3778 3046 3831 qui
3083 3763 3306 3819 Francis
3336 3762 3689 3835 Wisigottho-

2087 3850 2204 3889 rum
2254 3850 2474 3902 regnum
2529 3835 2903 3888 invadentibus
2948 3836 3279 3889 resisterent.
3347 3836 3478 3901 Quae
3519 3851 3687 3892 causa

2086 3903 2218 3977 fuit,
2270 3916 2326 3958 ut
2354 3904 2549 3959 Franci
2596 3906 2765 3977 soluta
2813 3904 3117 3977 Arelatensi
3167 3904 3446 3977 obsidione
3488 3906 3685 3977 togati,

2086 3976 2218 4030 nihil
2268 3986 2465 4057 prteter
2508 3975 2850 4057 Aquitaniam
2897 3974 3267 4057 acquisierint.
3316 3974 3690 4057 'I'heodor'icus

2087 4061 2235 4113 vero,
2263 4047 2481 4101 dimissa
2508 4045 2849 4115 Wisigottliis
2879 4045 3025 4113 regni
3051 4055 3228 4112 parte,
3269 4049 3515 4116 regiones
3542 4048 3684 4102 ultra

2089 4117 2411 4171 Rhodanum
2445 4119 2597 4180 sitas,
2638 4131 2771 4186 quas
2798 4115 3043 4171 Odoacer
3075 4116 3273 4187 Euricﬁo
3304 4115 3502 4170 Alarici
3547 4121 3689 4187 patri

2086 4187 2387 4255 dimiserat,
2412 4195 2715 4256 occupawt.
2769 4187 2972 4241 Bellum
3001 4186 3196 4241 exinde
3221 4186 3334 4241 fere
3360 4186 3681 4242 continuum

2088 4258 2187 4312 fuit
2237 4260 2374 4312 inter
2418 4256 2781 4312 Cblodoveunt
2840 4266 2897 4312 et
2941 4257 3331 4313 Theodoricum
3381 4270 3446 4312 ac
3492 4273 3684 4314 eorum

2087 4342 2451 4383 successores.
2501 4330 2613 4396 Qua
2665 4327 2879 4382 tandem
2931 4329 3213 4382 occasione
3256 4344 3317 4382 ea
3345 4327 3533 4383 Galliae
3565 4345 3689 4397 pars

2089 4400 2419 4525 Fsancorgi'n
2454 4399 2681 4470 imperio
2718 4398 2961 4467 subjecta
2999 4399 3190 4467 fuerit,
3221 4398 3431 4453 dicetur
3461 4400 3511 4453 in
3541 4403 3691 4456 notis

2093 4487 2120 4522 a
2188 4486 2306 4525 can.
2404 4508 2419 4522 .

2093 4472 2159 4522 ad
2188 4486 2306 4525 can.
2330 4472 2419 4525 51.

2169 4486 2389 4595 filii?
2403 4508 2578 4594 locum
2603 4539 2911 4597 Blondellus
2934 4550 2985 4594 et
3014 4539 3102 4593 alii
3133 4547 3319 4609 putant
3346 4553 3463 4593 esse
3484 4539 3686 4594 Monta-

2093 4609 2196 4665 dié.
2229 4612 2425 4666 Mavult
2459 4611 2703 4667 Valesius
2732 4612 2833 4666 hac
2859 4627 2991 4667 vote
3013 4612 3283 4679 designari
3314 4609 3473 4677 Dion,
3507 4613 3561 4665 itt
3591 4614 3690 4667 Se-

2131 4683 2372 4736 timania.

2092 4699 2496 4819 “imagine
2548 4754 2714 4808 etiam
2765 4767 2905 4808 nunc
2926 4751 3188 4817 subsistit,
3237 4750 3395 4821 vulgo
3424 4750 3688 4819 Cabriere,

2091 4824 2281 4893 aequali
2324 4824 2439 4879 fere
2482 4824 2762 4878 interv.dlo
2804 4840 2833 4877 a
2864 4824 3119 4882 Leuteva,
3148 4825 3352 4891 Agatha
3383 4833 3434 4876 et
3463 4823 3689 4880 Biterris

2092 4896 2320 4955 distans,
2367 4896 2460 4948 sed
2504 4896 2569 4948 ad
2608 4896 2968 4951 Biterrensem
3006 4895 3285 4949 dimcesim
3330 4896 3599 4959 attinens,
3633 4908 3688 4949 ut

2091 4966 2345 5020 observat
2380 4965 2637 5020 Valesius.
3518 5022 3521 5025 .

2166 5035 2191 5073 ¹ι
2232 5036 2363 5091 Mss.
2394 5036 2656 5101 nonnulli,
2701 5046 2755 5091 et
2784 5036 2998 5107 quidem
3031 5035 3371 5107 vetustiores,
3405 5036 3687 5103 Deoteria;

2092 5106 2347 5178 Valesius
2376 5116 2551 5162 tanien
2599 5104 2880 5178 legendum
2919 5115 3105 5178 censet
3133 5104 3411 5178 Deuteria;
3452 5109 3688 5176 indeque

2091 5178 2310 5247 conjicit
2337 5177 2474 5231 hanc
2506 5176 2785 5235 mulierem
2814 5193 3012 5247 genere
3048 5176 3252 5247 Gallam
3273 5216 3289 5240 ,
3319 5193 3435 5245 seu,
3470 5189 3528 5233 ttt
3558 5190 3686 5235 tunc

2091 5246 2467 5317 loquebantur,
2498 5249 2789 5305 Romanam
2822 5246 3008 5303 fuisse.
3066 5246 3292 5301 Inscitiae
3324 5264 3451 5304 vero
3482 5250 3686 5304 Frede-

2092 5333 2295 5386 garium
2326 5320 2519 5387 arguit,
2551 5322 2693 5389 quod
2738 5322 3015 5389 scripserit
3060 5317 3371 5382 Deoteriam,
3423 5336 3516 5374 seu
3550 5319 3685 5375 Teo-

2092 5391 2293 5442 teriam.
2322 5388 2440 5461 Sed
2478 5388 2603 5461 tunc
2633 5388 2926 5461 scriptores
2974 5390 3045 5443 ita
3076 5390 3379 5461 promiscue
3412 5391 3618 5445 litteras
3648 5410 3682 5445 tt

2093 5470 2148 5513 et
2191 5476 2243 5525 ο,
2290 5459 2429 5514 sicut
2470 5470 2524 5515 et
2557 5460 2592 5531 ά
2633 5471 2685 5515 et
2720 5459 2762 5528 ιζ
2796 5462 3163 5531 adhibebant,_
3187 5467 3245 5511 ut
3275 5460 3361 5514 vix
3388 5462 3681 5531 quidquam

2091 5532 2223 5600 certi
2250 5546 2313 5584 ex
2340 5532 2525 5586 harum
2556 5530 2856 5588 litterarum
2888 5529 3455 5600 mutationibusgstatui
3488 5529 3679 5600 pessit.

2089 5678 2108 5724 ε
2168 5598 2183 5637 ι
2228 5602 2318 5658 Sic
2347 5616 2479 5660 mss.
2520 5617 2709 5662 omnes
2751 5617 2875 5661 cum
2902 5602 3129 5667 Chesn.;
3161 5598 3403 5673 plerique
3444 5598 3562 5671 ed.,
3592 5604 3683 5659 Bi-

2111 5687 2277 5724 ernns.

2111 5687 2277 5727 ενηηι.
