4006 6182
384 222 479 280 εει

1356 222 1669 281 ΠιδτΟῘῖῙΑ
1715 218 2168 279 FRANCORUM.
2207 220 2404 277 LIBER
2448 223 2746 279 TERTIUS

3540 218 3647 287 sua

451 337 635 392 XXIII.
660 330 717 391 In
754 336 857 391 illis
885 336 1075 394 diebus
1104 338 1466 394 Theudoricus
1496 349 1766 408 parentem
1799 352 1951 390 suum
1986 338 2034 396 Α
2063 338 2248 392 multis
2288 338 2544 392 beneﬁcia
2576 337 2663 407 pia
2695 350 2757 391 ac
2780 335 3084 391 dulcissima
3111 334 3518 392 accommodans
3546 352 3641 390 νυ-

378 425 704 497 Sigivaldum
737 427 935 481 occidit
971 428 1171 498 gladio,
1206 429 1422 483 mittens
1451 428 1657 483 occulte
1684 428 1748 481 ad
1781 428 1955 481 Theu-

374 518 676 582 debertuin,
726 527 783 571 ut
832 529 887 571 et
931 518 1019 572 ille
1042 516 1324 573 Givaldum
1358 529 1407 585 τι,
1449 517 1612 571 ﬁlium
1661 517 1799 587 ejus,
1839 517 1953 571 neci

373 610 553 674 daret,
592 622 750 678 quem
790 618 915 662 tunc
952 624 1132 663 secum
1174 609 1399 664 habebat
1426 625 1440 663 :
1463 608 1556 663 sed
1588 610 1706 677 quia
1735 624 1854 663 eunt
1886 608 1955 661 de.

372 714 525 753 sacro
557 698 701 753 I‘onte
732 708 1040 767 exceperat,
1080 701 1301 767 perdere
1339 699 1526 752 noluit.
1575 699 1798 752 Litteras
1829 712 1954 752 vero

372 806 503 856 quas
544 791 593 845 ei
638 796 787 858 pater
824 788 1211 852 transmiserat,
1247 789 1343 857 ipsi
1384 789 1448 842 ad
1488 789 1643 859 128
1674 788 1952 854 legendum

372 882 537 945 dedit,
562 882 745 935 dicens
772 900 786 935 :
815 881 959 949 Fuge
987 880 1127 945 hinc,
1157 881 1279 950 quia
1311 882 1475 949 patris
1498 884 1600 934 mei
1632 890 1962 949 prmceptttm-

370 975 548 1040 accepi
572 982 631 1027 ut
652 984 702 1027 te
731 973 1084 1026 interﬁciam:
1121 972 1168 1025 si
1194 987 1319 1026 vero
1349 974 1437 1027 ille
1465 972 1745 1026 defunctus
1777 973 1951 1036 luci-it,

372 1074 421 1119 ct
451 1080 538 1118 me
568 1078 792 1132 regnare
817 1063 1074 1127 audieris,
1105 1072 1231 1117 tunc
1259 1077 1477 1117 securus
1500 1063 1564 1117 ad
1596 1078 1680 1116 me
1711 1075 1951 1117 reverte-

371 1154 460 1209 ris.
493 1155 646 1221 Quod
678 1154 1136 1223 audiens,gratias
1165 1170 1348 1224 agens,
1377 1165 1428 1208 et
1470 1155 1791 1220 valedicens,
1830 1154 1953 1209 abs-

370 1245 555 1299 cessit.
604 1247 970 1300 Arelatensem
1019 1245 1157 1299 enim
1189 1254 1312 1299 tunc
1339 1245 1522 1298 urbem
1550 1245 1728 1299 Gotthi
1764 1260 1952 1312 perva-

352 1345 581 1400 gseraut,
615 1336 680 1389 de
723 1352 823 1404 qua
851 1336 1259 1391 Theudebertus
1298 1338 1510 1391 obsides
1551 1337 1807 1391 retinebat
1842 1354 1854 1388 :
1885 1336 1951 1391 ad

371 1443 483 1481 eam
509 1425 757 1480 Givaldus
782 1427 1040 1498 confugit.
1086 1427 1189 1483 Sed
1215 1444 1398 1495 parum
1427 1442 1485 1481 se
1511 1427 1703 1481 ibidem
1728 1426 1953 1481 cernens

369 1531 488 1571 esse
519 1516 804 1581 munitum,
838 1516 1045 1570 Latium
1071 1515 1482 1585 bpetiit,ibique
1522 1528 1575 1572 et
1611 1517 1781 1572 latuit.
1816 1517 1949 1571 Dum

370 1608 485 1661 haec
515 1619 822 1677 agerentur,
850 1608 1123 1663 nuntiatur
1152 1608 1524 1665 Thcudeberto
1553 1620 1755 1678 patrem
1789 1624 1947 1664 suum

2059 429 2289 484 luntate.
2332 430 2502 483 Omne
2526 429 2819 497 tributum,
2854 428 2993 497 quod
3024 427 3154 482 ﬁsco
3182 442 3279 482 suo
3305 429 3371 483 ab
3399 428 3649 495 ccclesiis

2060 519 2117 572 in
2149 519 2389 571 Arverno
2423 518 2541 572 sitis
2578 518 2918 582 reddebatur,
2944 517 3237 573 clementer
3266 517 3486 573 indulsit
3520 517 3566 575 τ.

2133 606 2323 661 XXVI.
2368 609 2611 663 Deuteria
2664 624 2789 664 vero
2834 623 3059 664 cernens
3104 608 3263 662 ﬁliam
3289 624 3438 663 suam
3481 611 3640 664 adul-

2058 711 2168 756 tam
2218 700 2371 755 valde
2415 716 2567 769 esse,
2610 704 2798 755 timens
2854 716 2920 755 ne
2948 716 3065 755 eam
3113 702 3495 768 concupiscens
3538 720 3635 758 rex

2055 790 2160 847 sibi
2188 804 2505 859 assumeret,
2536 794 2586 846 in
2621 795 2865 847 basterna
2893 794 3137 859 positam,
3168 792 3439 847 indomitis
3468 795 3637 849 bobus

2054 886 2385 954 conjunctis,
2418 900 2535 940 eam
2565 886 2633 939 de
2672 895 2829 952 ponte
2859 884 3222 953 praecipitavit,
3262 901 3382 954 quae
3424 887 3477 940 in
3520 887 3638 954 ipso

2056 977 2279 1032 ﬂumine
2307 978 2550 1046 spiritum
2582 978 2830 1033 reddidit.
2860 978 2972 1032 Hoc
2999 979 3138 1046 apud
3169 978 3478 1033 Viridununi
3509 980 3638 1033 civi-

2055 1078 2215 1124 tatem
2244 1081 2424 1123 actum
2454 1079 2556 1125 est.
2632 1107 2634 1110 ν

2130 1158 2347 1214 XXVII.
2390 1158 2626 1229 Cumque
2653 1160 2761 1230 jam
2805 1159 3063 1229 septimus
3095 1172 3270 1213 annus
3297 1169 3458 1223 esset,
3492 1160 3633 1227 quod

2057 1249 2421 1321 Uvisigardem
2449 1249 2819 1321 desponsatam
2849 1251 3087 1317 haberet,
3136 1260 3191 1306 et
3246 1267 3361 1305 eam
3422 1260 3638 1319 propter

2054 1340 2357 1395 Deuteriam
2372 1340 2615 1408 accipere
2631 1341 2813 1403 nollet,
2831 1340 3097 1405 conjuncti
3114 1339 3306 1395 Franci
3319 1348 3497 1394 contra
3512 1354 3634 1393 eum

2052 1431 2208 1483 valde
2245 1430 2770 1497 scundalizabantur,
2803 1445 2967 1499 quare
3003 1444 3251 1496 sponsam
3292 1444 3441 1483 suam
3473 1428 3637 1483 relin-

2052 1531 2257 1590 queret.
2307 1522 2461 1575 Tunc
2499 1530 2827 1585 commotus,
2881 1520 3062 1574 relicta
3112 1519 3379 1587 Deuteria,
3421 1520 3487 1572 de
3530 1534 3633 1588 qua

2052 1614 2327 1680 parvulum
2369 1613 2542 1667 [Ilium
2582 1612 2839 1678 habebat,
2868 1610 3302 1666 Tbeodobaldum
3336 1619 3361 1657 ε
3399 1610 3633 1677 nomine,

369 1697 602 1767 graviter
630 1709 909 1768 :egrmare,
935 1710 987 1752 et
1019 1698 1084 1752 ad
1107 1713 1262 1768 quem
1296 1698 1397 1753 nisi
1429 1698 1663 1753 velocius
1694 1712 1950 1768 propera-
1983 1712 2027 1772 Β
2056 1704 2425 1774 Uvisigardem
2468 1704 2620 1757 duxit
2658 1717 2898 1760 uxorem.
2945 1703 3116 1767 Quam
3159 1715 3257 1756 nec
3300 1700 3468 1755 multo
3501 1712 3637 1757 lem-

369 1802 471 1859 rct,
505 1802 565 1848 ut
591 1808 712 1849 eum
745 1793 1009 1850 inveniret
1035 1794 1239 1860 vivum,
1277 1809 1308 1848 a
1339 1794 1537 1863 patruis
1565 1794 1676 1848 suis
1704 1792 1953 1847 exclude-

352 1898 537 1951 retur,
566 1898 621 1943 et
648 1887 786 1942 ultra
824 1887 949 1943 illuc
988 1900 1094 1942 non
1130 1887 1350 1943 red'ret.
1396 1888 1464 1941 At
1502 1887 1592 1943 ille
1620 1886 1704 1940 his
1734 1886 1950 1952 auditis,

370 1977 579 2031 cunctis
626 1977 931 2045 postpositis
979 1977 1105 2031 illuc
1150 1976 1366 2047 dirigit,
1399 1978 1644 2032 Deuteria
1678 1992 1799 2031 cum
1847 1975 1952 2029 ﬁlia

370 2082 469 2120 sua
503 2067 761 2121 Arvernis
792 2067 996 2122 relicta.
1046 2066 1287 2135 Cumque
1314 2066 1554 2130 abiisset,
1587 2065 1954 2120 Tlieudericus

362 2173 482 2212 non
514 2168 635 2227 post
672 2157 866 2213 multos
895 2158 1009 2211 dies
1045 2157 1180 2212 obiit
1212 2157 1467 2212 vice-imo
1500 2157 1656 2211 tertio
1698 2155 1842 2224 regni
1872 2154 1954 2209 sui

374 2265 538 2304 anno.
585 2251 987 2319 Consurgentes
1016 2259 1193 2305 autem
1223 2250 1594 2304 Cbildcbcrtus
1624 2258 1676 2304 et
1701 2246 1957 2302 Clilotha-

371 2341 593 2395 charius
621 2350 809 2395 contra
836 2334 1289 2407 Theudebertuin,
1324 2356 1546 2410 regnum
1588 2340 1705 2410 ejus
1745 2341 1955 2399 auferre

372 2434 676 2487 voluerunt.
717 2432 823 2488 Sed
864 2433 951 2486 ille
979 2433 1287 2486 muneribus
1317 2432 1536 2501 placatis
1570 2441 1619 2497 ε,
1650 2447 1680 2485 a
1712 2431 1956 2489 leudibus

374 2526 487 2581 suis
514 2525 829 2581 defensatus
867 2534 977 2587 est,
1016 2534 1069 2580 et
1112 2526 1162 2578 iii
1206 2538 1370 2594 regno
1407 2524 1692 2579 stabilitus.
1744 2524 1956 2581 Mittens

375 2629 561 2683 postea
585 2617 905 2681 Arvernum,
931 2617 1232 2671 Deuteriam
1256 2616 1447 2672 exinde
1476 2616 1776 2682 accersivit,
1810 2632 1955 2672 eam-

376 2726 484 2777 que
509 2710 611 2763 sibi
637 2710 983 2782 matrimonio.
1006 2708 1252 2762 sociavit.

450 2801 643 2857 XXIV.
684 2801 881 2856 Videas
922 2809 1100 2855 autem
1133 2799 1534 2863 Childebertus,
1563 2799 1700 2869 quod
1739 2797 1788 2852 ei
1820 2813 1957 2868 prte-

376 2893 557 2947 valere
606 2906 713 2945 non
755 2890 1032 2961 potuisset,
1076 2890 1396 2959 legationem
1437 2889 1502 2941 ad
1540 2904 1663 2942 eum
1710 2887 1871 2952 misit,
1902 2895 1958 2941 et

355 2986 441 3043 .ad
479 2999 542 3039 se
572 2984 756 3040 venire
786 2984 1056 3054 praecepit,
1087 2983 1309 3038 dicens:
1343 2982 1510 3036 Filios
1549 2997 1652 3035 non
1680 2981 1872 3051 habeo,
1905 2988 1954 3035 te

2056 1810 2186 1865 pore
2216 1797 2437 1859 habens,
2469 1795 2714 1851 defuncta
2747 1794 2859 1860 illa,
2887 1794 3047 1848 aliam
3077 1794 3300 1862 accepit.
3355 1789 3635 1847 Verumta-

2055 1903 2176 1942 men
2202 1888 2504 1943 Deuteriam
2538 1887 2675 1941 ultra
2705 1902 2810 1941 non
2841 1886 3045 1943 habuit.

2126 1978 2362 2032 XXVIII.
2437 1977 2810 2033 Childebertus
2871 1985 3046 2029 autem
3112 1985 3167 2029 et
3227 1973 3634 2029 Theudebertus

2056 2080 2452 2126 commoventes
2490 2072 2810 2133 exercitum,
2842 2078 3027 2123 contra
3056 2066 3522 2121 Chlotliacharium
3555 2068 3638 2121 ire

2055 2163 2363 2232 disponunt.
2402 2163 2497 2217 llle
2535 2171 2711 2216 autem
2740 2161 2855 2215 hinc
2883 2160 3123 2225 audiens,
3147 2161 3417 2214 mstimans
3446 2174 3506 2214 se
3538 2160 3634 2213 ho-

2057 2270 2174 2309 rum
2206 2255 2495 2308 exercitum
2523 2253 2790 2307 sustinere
2812 2267 2915 2304 non
2944 2264 3117 2317 posse,
3151 2250 3203 2303 in
3234 2250 3416 2303 silvam
3447 2248 3634 2303 conlu-

2054 2346 2131 2415 git
2165 2341 2214 2407 ιι,
2246 2353 2302 2398 et
2333 2342 2583 2398 concides
2622 2355 2839 2411 magnas
2877 2341 2927 2395 in
2958 2339 3107 2393 silvis
3138 2340 3241 2393 illis
3272 2340 3413 2403 fecit,
3443 2348 3633 2392 ttttatn‘,

2056 2450 2161 2503 que
2187 2449 2334 2502 spem
2361 2447 2509 2487 suam
2537 2431 2588 2485 iti
2621 2431 2711 2485 Dei
2739 2431 2987 2501 pietatem
3022 2428 3415 2483 transfundens.
3448 2428 3550 2483 Sed
3578 2437 3634 2480 et

2057 2525 2447 2582 Chrotechildis
2475 2526 2653 2596 regina
2687 2524 2802 2579 haec
2830 2523 3085 2588 audiens,
3118 2522 3256 2576 beati
3290 2520 3502 2575 Martini
3546 2535 3629 2574 se-

2058 2621 2298 2689 pulcrum
2349 2620 2501 2685 adiit,
2550 2619 2731 2687 ibique
2788 2618 2840 2671 in
2891 2616 3133 2671 oratione
3182 2613 3551 2683 prosternitur,
3578 2620 3634 2666 et

2058 2720 2170 2767 tota
2213 2720 2371 2765 nocte
2416 2708 2621 2778 vigilat,
2663 2722 2822 2762 orans
2869 2724 2935 2762 ne
2971 2708 3125 2779 13o
3153 2707 3290 2761 inter
3330 2706 3466 2760 ﬁlios
3508 2720 3636 2759 ευιιιι

2056 2803 2252 2857 bellum
2284 2800 2435 2855 civile
2463 2809 2825 2868 consurgeret.
2857 2799 3095 2868 Cumque
3124 2798 3175 2865 lii
3210 2800 3485 2853 venientes
3510 2812 3633 2851 cum

2057 2894 2377 2950 exercitibus
2402 2896 2511 2948 suis
2543 2909 2663 2947 cum
2691 2894 3018 2957 obsiderent,
3052 2901 3339 2947 tractantes
3370 2891 3514 2945 illum
3546 2892 3633 2944 die

2057 2988 2297 3057 sequenti
2340 2988 2658 3049 interﬁcere,
2702 3001 2857 3042 mane
2898 2987 3059 3049 Iacto,
3095 2987 3147 3038 in
3196 2985 3312 3038 loco
3338 3000 3443 3053 quo
3481 2994 3633 3038 erant

378 3088 630 3147 tanquam
705 3076 869 3131 ﬁlium
918 3076 1115 3130 habere
1163 3075 1429 3129 desidero.
1501 3074 1618 3140 Quo
1683 3074 1953 3137 veniente,

2065 3079 2365 3148 congregati
2408 3089 2522 3132 orta
2554 3086 2841 3144 tempestas
2882 3076 3109 3129 tentoria
3144 3074 3362 3143 disjicit,
3393 3087 3479 3128 res
3506 3073 3634 3127 diri-

356 3173 541 3231 _tantis
582 3187 704 3225 cum
741 3169 1053 3224 muneribus
1082 3168 1291 3235 ditavit,
1322 3177 1379 3222 ut
1418 3169 1484 3220 ab
1513 3166 1759 3219 omnibus
1788 3165 1951 3219 mira-

377 3274 545 3320 retur.
589 3263 719 3317 Nam
758 3263 826 3317 de
865 3262 1024 3318 rebus
1052 3262 1234 3327 bonis,
1268 3268 1375 3314 tam
1415 3259 1483 3314 de
1511 3259 1675 3313 armis
1701 3273 1859 3329 quam
1888 3260 1955 3311 de

377 3353 639 3419 vestibus,
665 3352 748 3407 vel
781 3353 999 3421 reliquis
1028 3352 1377 3417 ornamentis,
1403 3365 1519 3420 qua}
1549 3364 1726 3420 regem
1760 3348 1955 3403 habere

377 3444 549 3509 decet,
600 3455 745 3497 terna
797 3442 846 3497 ei
891 3440 1037 3511 paria
1090 3440 1448 3505 condonavit;
1498 3438 1745 3502 similiter
1788 3447 1842 3492 et
1889 3437 1957 3491 de

376 3534 640 3605 equitibus
687 3543 845 3600 atque
896 3532 1086 3585 catinis
1125 3531 1174 3583 (³.
1219 3531 1339 3584 Haec
1364 3528 1585 3583 audiens
1616 3527 1869 3581 Givaldus
1902 3535 1953 3591 ο,

376 3626 516 3697 quod
554 3624 756 3679 scilicet
782 3622 1186 3678 Tlieudebertus
1218 3619 1377 3691 I29
1407 3634 1626 3688 regnum
1672 3620 1836 3687 patris
1865 3616 1957 3670 ob-

378 3713 715 3781 tinuisset,ad
737 3728 858 3769 eum
875 3714 942 3768 de
963 3712 1108 3765 Italia
1128 3711 1300 3766 rediit.
1331 3709 1426 3764 Cui
1480 3709 1571 3763 ille
1616 3706 1958 3779 congaudens

377 3824 438 3862 ac
461 3807 804 3870 deosculans,
838 3805 1044 3859 tertiam
1078 3810 1279 3871 partem
1308 3800 1356 3854 ei
1396 3800 1462 3854 de
1497 3799 1811 3853 muneribus
1840 3813 1957 3866 quae

378 3918 402 3953 a
446 3910 637 3969 patruo
677 3904 977 3967 acceperat,
1030 3904 1113 3950 est
1149 3895 1406 3961 largitus;
1448 3901 1501 3945 et
1544 3890 1720 3943 omnia
1760 3905 1878 3959 qua:
1907 3890 1957 3941 in

382 3995 512 4048 ﬁsco
548 4008 675 4047 suus
717 4001 866 4061 pater
905 3997 1155 4058 posuerat
1196 3986 1263 4041 de
1306 3985 1463 4040 rebus
1501 3983 1755 4053 Sigivaldi
1798 3983 1960 4050 patris

382 4084 517 4152 ejus,
542 4084 641 4152 ipsi
667 4083 814 4138 reddi
840 4081 1110 4150 praecepit.

451 4175 619 4231 XXV.
649 4176 716 4228 At
754 4174 844 4228 ille
872 4173 923 4227 in
956 4186 1118 4240 regno
1150 4170 1408 4232 ﬁrmatus,
1442 4182 1688 4236 magnum
1721 4180 1779 4220 se
1805 4174 1960 4234 atque

385 4281 435 4319 tn
484 4264 631 4319 omni
685 4263 921 4318 bonitate
965 4262 1288 4329 praecipuum
1334 4257 1584 4312 reddidit.
1651 4257 1774 4309 Erat
1819 4258 1958 4308 enim

386 4372 600 4425 regnum
645 4370 764 4410 cum
809 4354 1012 4423 justitia
1062 4366 1271 4421 regens,
1323 4340 1631 4403 sacerdotes
1674 4361 1957 4412 venerans,

388 4446 637 4500 ecclesias
695 4456 1016 4508 munerans,
1066 4454 1329 4511 pauperes
1381 4438 1647 4501 relevans,
1696 4446 1747 4488 et
1800 4438 1960 4490 multa
1995 4432 2274 4491 Dsonitus
2338 4427 2558 4484 tonitrui
2603 4436 2687 4481 est
2731 4425 2941 4480 auditus
2988 4440 3001 4477 :

457 4608 481 4635 ⁸
518 4597 677 4651 Corb.
708 4606 761 4651 et
785 4594 1008 4659 Bellov.,
1036 4588 1617 4662 Sigivaldum.Regm.,
1641 4585 1961 4641 Cilvaldum.

463 4667 490 4706 δ
524 4667 652 4721 Cod.
685 4667 867 4727 (Sorb.,
905 4660 1131 4725 Italiam,
1164 4662 1300 4729 qttod
1336 4660 1473 4713 idem
1507 4665 1609 4711 est.

468 4749 487 4777 ε
528 4738 737 4805 llegm.,
764 4736 865 4788 illis
889 4730 1414 4805 muneribuspacotis.
1450 4729 1548 4780 Ed.
1571 4738 1624 4781 et
1655 4739 1805 4786 mss.,
1830 4736 1960 4794 prte-

395 4817 471 4861 tcr
499 4801 656 4860 Corb.
688 4816 741 4860 et
766 4806 923 4870 Bell.,
958 4803 1155 4855 habent
1179 4801 1447 4852 Leadibus.
1474 4822 1491 4839 ι

461 4875 488 4914 ά
518 4877 613 4930 Ms.
659 4878 709 4941 l,
744 4864 951 4928 catenis.
1005 4871 1125 4933 Ed-,
1156 4871 1368 4941 equisct
1396 4868 1603 4920 catenis.
1641 4864 1788 4919 Unde
1815 4864 1969 4941 Vale-

395 4948 500 5001 sius
528 4936 833 5000 catenarum
861 4944 1075 4997 nomine
1105 4938 1370 5014 design:th
1402 4944 1820 5014 putattorques,
1852 4936 1967 5014 qui:

398 5019 509 5082 bus,
537 5025 670 5071 teste
695 5015 853 5069 Floro
878 5015 1079 5067 Annam
1108 5009 1198 5084 lib.
1225 5004 1294 5075 iv,
1326 5004 1625 5084 Germanice
1652 5018 1837 5084 gentes
1866 5004 1966 5084 sibi

396 5073 523 5140 colla
551 5087 812 5140 adornare
837 5084 1100 5139 solebant.
1134 5073 1286 5134 Mor.
1317 5092 1365 5132 s.
1404 5075 1654 5145 explicat,
1685 5074 1885 5138 cannis,
1915 5073 1970 5125 id

397 5166 463 5210 est
493 5158 642 5210 vasis.

468 5236 488 5263 ε
532 5225 661 5281 llell.
689 5230 747 5277 ut
775 5237 954 5291 supra,
989 5220 1305 5292 Sigit'aldus.

471 5294 488 5333 ί
534 5296 665 5349 Vide
702 5281 979 5362 epistolam
1011 5281 1279 5362 Aureliani
1312 5288 1481 5362 cpisc.
1516 5284 1714 5339 Arelat.
1750 5281 1964 5362 adeum

396 5368 667 5435 scriptam.
699 5352 832 5435 infra
864 5366 916 5415 iti
946 5360 1282 5435 Appendice,
1314 5352 1366 5410 et
1396 5357 1742 5435 Fortunalum
1784 5352 1962 5435 litauit,

366 5422 557 5490 cari-tt.
594 5434 679 5489 1‘2.
714 5433 932 5502 Magnus
970 5422 1006 5484 a'
1029 5422 1193 5484 Mario
1222 5426 1558 5482 Aventicensi
1607 5423 1771 5502 episc,
1818 5422 1964 5502 aliis:

397 5522 496 5574 que
524 5491 829 5559 auctoribus
855 5504 1030 5574 dictus
1055 5502 1344 5574 es_t."l‘anta
1376 5505 1549 5574 autem
1580 5503 1696 5574 erat
1724 5491 1962 5574 einaninii

369 5560 813 5645 .magnitududtt
843 5568 1284 5645 Jttstinianiimp.
1314 5582 1434 5645 sese
1559 5564 1723 5643 titulis
1753 5560 1967 5645 Ifrauci-

400 5637 531 5713 ςιυῆ,
552 5644 703 5710 quasi
729 5642 958 5697 Francos
981 5640 1284 5699 devicisset,
1314 5637 1651 5691 inscribcntis
1679 5637 1966 5701 vanitatem

2055 3170 2152 3238 pit,
2195 3176 2248 3222 et
2289 3176 2481 3222 cuncta
2529 3168 2824 3231 subvertit;
2871 3166 3216 3233 immixtaqne
3261 3164 3461 3233 fulgura
3510 3179 3635 3219 cum

2057 3258 2307 3314 tonitruis
2352 3272 2415 3312 ac
2464 3257 2727 3325 lapidibus
2773 3271 2932 3323 super
2980 3270 3073 3309 eos
3116 3254 3468 3309 descendunt.
3527 3253 3631 3321 lp~i

2055 3364 2265 3416 quoque
2309 3363 2469 3413 super
2510 3348 2757 3401 infectam
2797 3346 3056 3415 grandine
3098 3344 3312 3398 humum
3360 3345 3411 3397 in
3443 3343 3631 3398 faciem

2052 3443 2340 3504 proruunt,
2370 3443 2423 3489 et
2442 3450 2470 3487 a
2505 3434 2767 3501 lapidibus
2795 3432 3236 3487 descendentibus
3263 3431 3489 3500 graviter
3514 3447 3635 3483 vcr-

2058 3529 2312 3581 berantur
2339 3543 2351 3577 :
2380 3524 2578 3578 nullum
2610 3523 2750 3578 enim
2775 3524 2853 3577 eis
2886 3532 3126 3591 tegumen
3157 3529 3507 3585 remanserat,
3534 3519 3635 3573 nisi

2058 3633 2257 3687 parma:
2301 3624 2525 3677 tantum,
2555 3614 2656 3667 hoc
2696 3614 2924 3667 maxime
2953 3619 3249 3666 metuentes
3289 3625 3354 3664 ne
3383 3610 3450 3662 ab
3499 3609 3635 3680 igni-

2061 3708 2158 3761 bus
2179 3704 2484 3760 cmlestibus
2509 3712 2891 3757 cremarentur.
2931 3701 3033 3756 Sed
3055 3710 3113 3755 et
3136 3700 3338 3767 equites
3363 3697 3468 3769 [AL
3491 3696 3635 3768 equi]

2061 3813 2247 3852 eorum
2294 3796 2363 3848 ila
2392 3794 2619 3862 dispersi
2662 3802 2807 3858 sunt,
2845 3800 2901 3844 ut
2929 3791 3015 3844 vix
3058 3790 3111 3844 in
3155 3788 3406 3844 vicesimo
3432 3804 3640 3857 quoque

2061 3887 2421 3954 reperirentur
2462 3882 2667 3947 stadio;
2699 3881 2851 3935 multi
2888 3881 3030 3934 enim
3072 3894 3289 3949 prorsus
3319 3893 3384 3933 ex
3428 3879 3505 3931 eis
3535 3892 3639 3931 non

2064 3985 2190 4031 sunt
2218 3973 2440 4029 inventi.
2471 3972 2623 4026 'I‘unc
2651 3972 2749 4035 illi,
2782 3970 3110 4034 ntditiutus,
3144 3983 3172 4021 a
3204 3968 3465 4036 lapidibus
3493 3967 3641 4029 cicsi,

2065 4076 2121 4122 et
2163 4068 2324 4119 humo
2354 4064 2629 4134 prostrati,
2677 4061 3037 4130 paenitentiam
3085 4061 3331 4128 agebant,
3360 4074 3423 4113 ac
3454 4071 3643 4125 preca-

2064 4156 2257 4210 bantttr
2307 4156 2519 4208 veniam
2566 4168 2594 4204 a
2630 4152 2756 4215 Deo,
2786 4150 2925 4219 quod
2969 4151 3066 4203 ista
3098 4159 3281 4202 contra
3328 4147 3641 4214 sanguinem

2066 4264 2219 4303 suum
2252 4262 2410 4317 agere
2448 4244 2756 4299 voluissent.
2803 4243 2976 4310 Super
2997 4239 3464 4292 Cltlothacltariutn
3513 4252 3642 4290 vero

2066 4356 2238 4411 neque
2280 4353 2387 4393 una
2415 4338 2627 4407 quidem
2658 4336 2846 4404 pluvia:
2872 4344 3016 4403 gutta
3042 4331 3262 4394 decidit,
3311 4339 3401 4383 aut
3445 4329 3643 4398 aliquis

3060 4422 3151 4476 sed
3201 4433 3301 4475 nec
3346 4418 3637 4473 anhelitum

2076 4586 2215 4639 l'crre
2241 4596 2349 4635 non
2378 4580 2582 4641 valens,
2621 4576 3012 4644 expeditionem
3050 4574 3318 4644 paraverit
3367 4574 3416 4627 in
3462 4574 3645 4629 Orien-

2077 4665 2206 4714 tem,
2239 4663 2291 4703 nt
2320 4650 2599 4716 subjugatu
2628 4647 2869 4713 imperio,
2920 4647 3078 4713 regia:
3107 4648 3249 4698 urbis
3274 4644 3647 4699 Coostantino-

2068 4725 2202 4791 polis
2250 4721 2640 4788 expugnatione
2678 4719 2850 4785 gentis
2890 4716 3641 4791 stiteAinjuriam_vitulicaret.

2069 4784 2170 4847 Sed
2214 4784 2382 4843 morte
2402 4784 2731 4856 ’prmvetttus,
2782 4802 2895 4840 rem
2949 4786 3196 4839 infectam
3247 4784 3479 4853 reliquit.
3525 4785 3646 4838 lla‘c

2070 4862 2233 4916 refert
2261 4859 2512 4927 Agathias
2543 4858 2635 4911 lib.
2663 4872 2679 4910 ι
2702 4856 2968 4919 llistorize,
2999 4867 3180 4910 auctor
3201 4856 3417 4911 Graecus
3438 4855 3646 4909 illorum

2072 4941 2175 4985 tem
2185 4945 2389 4997 porum.

2153 4995 2195 5047 κ’
2219 4999 2305 5054 Sic
2333 4997 2465 5052 Bell.
2493 5006 2547 5051 et
2572 4996 2757 5058 Corb.,
2788 4997 2899 5060 alii,
2925 4995 3359 5049 ’I‘Iicodovaldum.

2152 5071 2180 5105 ιι
2222 5068 2377 5123 Silvae
2423 5084 2615 5120 nomen
2659 5068 2837 5120 retulit
2878 5078 3063 5119 auctor
3099 5067 3184 5132 qui
3229 5063 3386 5115 Gesta
3420 5061 3645 5132 Franco-

2057 5153 2192 5192 rum
2242 5136 2455 5204 scripsit
2502 5137 2602 5191 sub
2640 5137 2972 5191 Tlicodorico
3014 5130 3270 5204 principe,
3302 5133 3385 5183 his
3431 5130 3646 5204 verbis:

2074 5208 2140 5261 In
2187 5201 2366 5259 silvani
2404 5208 2628 5275 confugit
2678 5208 2730 5259 in
2765 5201 3053 5266 Arelimno,
3094 5203 3315 5275 fecitque
3379 5201 3647 5275 combros:

2074 5278 2158 5330 tibi
2209 5278 2408 5344 aliquot
2456 5271 2582 5329 editi
2623 5287 2675 5329 et
2716 5274 2898 5342 scripti
2945 5289 3039 5337 pro
3069 5273 3346 5344 Arelauno,
3397 5271 3651 5344 mendose

2074 5348 2269 5400 habent
2299 5338 2591 5411 'Auriliano,
2630 5347 2767 5413 quod
2817 5338 2867 5397 in
2907 5356 3140 5413 errorem
3188 5338 3414 5413 coniecit
3454 5340 3652 5413 Aimoi-

2072 5433 2224 5480 num,
2257 5420 2341 5484 qui
2370 5408 2619 5479 combros,
2647 5408 2701 5466 id
2734 5424 2813 5466 est
2841 5413 3087 5465 arborum
3119 5411 3169 5462 in
3188 5408 3345 5484 silvis
3371 5411 3649 5484 concaedes

2074 5480 2284 5549 putavit
2310 5501 2428 5539 esse
2469 5488 2564 5539 \ici
2611 5484 2832 5549 alicujus
2861 5496 3053 5535 nOtneu
3084 5482 3200 5550 pagi
3231 5480 3649 5550 Aurelianensis.

2077 5548 2148 5610 De
2170 5558 2304 5609 saltu
2330 5558 2589 5609 Arelauno
2617 5548 2824 5607 dicetur
2854 5553 3007 5619 infra,
3033 5548 3099 5606 ad
3122 5561 3283 5620 caput
3310 5552 3377 5605 24
3400 5548 3651 5606 Cbronici

2077 5626 2402 5694 Frt-degarii.
