4006 6182
332 250 442 308 9.65

1359 244 1421 301 S.
1463 238 1789 301 GBEGOBII
1830 234 2135 293 EPISCOPI
2175 232 2603 292 TURONENSIS

3510 229 3618 286 €65

331 370 495 426 ullius
522 356 748 423 vcnti'in
779 365 873 421 ilio
896 358 1016 419 loco
1043 356 1282 417 sensere.
1312 359 1375 414 lli
1401 372 1615 430 quoque
1642 358 1916 412 mittentes
1943 357 1997 417 Α
2020 350 2262 406 stabilem
2310 349 2770 413 consuetudinem,
2818 356 2877 405 ut
2918 346 2962 403 si
3002 347 3121 418 quis
3160 347 3238 403 eis
3282 346 3352 403 de
3393 348 3609 415 regibus

333 461 551 519 nuntios
586 458 654 515 ad
702 472 847 520 eum,
880 469 1063 526 pacem
1114 463 1173 508 et
1214 451 1559 507 concordiam
1612 448 1917 518 petierunt:

334 570 437 623 qua
469 553 611 614 data,
643 550 707 604 ad
740 547 949 618 propria
978 554 1103 601 sunt
1129 546 1384 614 regressi.
1422 541 1574 609 Quod
1600 541 1777 595 nullus
1806 554 1923 594 ain-

336 647 481 715 bigat
520 646 657 697 hanc
692 654 786 711 per
814 640 1094 695 obtentum
1127 639 1326 709 reginae
1350 634 1490 691 beati
1518 633 1725 690 Martini
1758 632 1921 689 fuisse

336 742 605 792 virtutem.
1020 744 1023 747 λ

410 827 604 883 XXIX.
665 825 914 881 Postlimc
962 822 1336 879 Cbildebertus
1376 835 1471 878 rex
1512 820 1566 875 in
1613 816 1920 887 Hispaniam

336 920 496 983 abiit;
535 932 694 984 quam
727 916 998 984 ingressus
1024 928 1144 970 cum
1176 913 1615 976 Chlotbachario‘,
1648 909 1929 963 Caesarau-

340 1019 618 1078 gustanam
652 1006 921 1062 civitatem
948 1021 1070 1060 cum
1102 1005 1338 1059 exercitu
1368 1004 1567 1056 vallant
1594 1013 1755 1071 atque
1779 999 1927 1053 ObSl-

339 1099 492 1153 dent.
536 1100 607 1152 At
645 1097 717 1150 illi
760 1097 812 1149 in
855 1103 997 1149 tanta
1032 1094 1331 1149 humilitate
1374 1092 1442 1147 ad
1472 1092 1635 1146 Deum
1676 1089 1924 1144 conversi

336 1198 482 1255 sunt,
520 1198 573 1242 ut
600 1187 772 1241 induti
798 1187 1007 1248 ciliciis.
1040 1186 1370 1240 abstinentes
1400 1199 1430 1237 a
1457 1182 1591 1237 cibis
1617 1190 1672 1236 et
1696 1179 1922 1249 poculis,

337 1290 460 1335 cum
492 1280 669 1333 tunica
712 1278 851 1333 beati
885 1276 1148 1331 Vincentii
1181 1273 1432 1345 martyris
1471 1287 1651 1326 muros
1697 1269 1928 1325 civitatis

338 1370 619 1442 psallendo
651 1369 972 1423 circuirent:
998 1368 1254 1422 mulieres
1278 1379 1489 1434 quoque
1515 1364 1721 1417 amictae
1762 1359 1929 1431 n'gris

339 1456 538 1527 palliis,
566 1455 824 1509 dissoluta
856 1453 1097 1515 caesarie,
1145 1452 1485 1519 superposito
1515 1449 1717 1512 cinere,
1750 1457 1808 1502 nt
1835 1460 1929 1502 eas

341 1556 561 1616 putares
599 1547 837 1599 virorum
883 1544 1157 1598 funeribus
1187 1542 1480 1606 deservire,
1519 1537 1817 1609 plangendo
1842 1552 1932 1592 se-

339 1640 658 1709 quebantur.
686 1637 751 1692 Et
771 1636 841 1691 ita
873 1646 1037 1692 totam
1069 1650 1219 1702 Spem
1250 1649 1400 1689 suam
1434 1632 1583 1686 locus
1612 1631 1701 1685 ille
1730 1629 1795 1682 ad
1825 1629 1930 1683 Do-

2024 459 2129 499 non
2160 444 2466 511 placuisset,
2493 442 2668 512 gladio
2711 457 2832 497 eum
2863 451 3199 511 appeterent,
3222 450 3277 497 et
3304 441 3394 512 qui
3426 441 3611 497 libuise

2022 546 2107 592 set
2125 536 2325 603 animo,
2357 536 2498 591 hunc
2524 536 2624 591 sibi
2650 544 2948 590 statuerent
2976 550 3177 607 regem.

2099 630 2292 687 XXXI.
2352 630 2420 686 Et
2448 630 2569 701 quia
2598 629 2973 685 Theodericus
3002 645 3092 684 rex
3129 628 3292 683 Italite
3319 627 3347 667 (ι
3379 628 3612 682 Cblodo-

2027 724 2180 780 vcchi
2210 723 2351 793 regis
2379 737 2620 776 sororem
2672 722 2723 776 in
2752 721 3095 775 matrimonio
3125 721 3331 781 habuit,
3367 732 3612 775 mortuus

2025 815 2295 884 parvulam
2329 813 2489 866 filiam
2513 827 2633 867 cum
2659 827 2833 867 uxore
2863 811 3094 881 reliquit.
3132 812 3254 865 Hinc
3283 820 3461 865 autem
3490 827 3613 865 cum

2025 905 2203 959 adulta
2248 902 2390 958 facta
2439 912 2606 969 esset,
2660 919 2756 973 per
2801 902 3072 957 levitatem
3120 903 3282 956 animi
3314 902 3395 955 sui
3428 904 3616 958 relicto

2027 997 2214 1051 matris
2240 995 2496 1060 consilio,
2526 1010 2646 1065 qua:
2684 995 2733 1050 ei
2766 996 2908 1065 regis
2940 995 3106 1049 filium
3140 993 3468 1063 providebat,
3503 1009 3616 1050 ser-

2027 1103 2148 1142 vum
2177 1102 2357 1150 suum,
2389 1085 2765 1155 Traguilanem
2798 1094 2822 1122 θ
2866 1086 3109 1153 nomine,
3144 1085 3369 1153 accepit.
3402 1097 3455 1140 et
3490 1102 3615 1141 cum

2027 1192 2093 1233 eo
2122 1177 2187 1230 ad
2214 1176 2507 1239 civitatem,
2539 1189 2642 1244 qua
2681 1174 2949 1230 defensori
2983 1176 3171 1244 possit,
3194 1176 3417 1242 aufugit.
3452 1176 3616 1230 Cum-

2028 1283 2130 1339 que
2164 1267 2320 1339 132
2348 1275 2518 1320 mater
2566 1265 2682 1334 ejus
2721 1274 2908 1320 contra
2952 1282 3068 1320 eam
3118 1266 3274 1321 valde
3325 1267 3614 1334 frenderct,

2028 1366 2344 1429 peteretque
2372 1355 2442 1411 ab
2467 1369 2529 1411 ea
2555 1371 2621 1411 ne
2652 1355 2959 1411 humiliaret
2995 1356 3199 1411 diutius
3228 1356 3403 1411 nobile
3428 1373 3507 1427 ge:
3532 1374 3615 1425 us,

2028 1444 2125 1508 sed
2176 1451 2402 1506 dimisso
2449 1464 2610 1505 servo
2661 1449 2892 1504 similem
2940 1450 3042 1504 sibi
3090 1450 3158 1504 de
3204 1464 3400 1519 genere
3449 1450 3615 1520 regio,

2029 1556 2189 1612 quem
2220 1551 2393 1597 mater
2419 1540 2753 1610 providerat,
2777 1540 3003 1594 deberet
3026 1540 3291 1610 accipere,
3314 1542 3618 1598 nullatenus

2031 1634 2196 1688 voluit
2217 1633 2579 1703 acquiescere.
2602 1631 2755 1687 Tunc
2780 1642 2952 1686 mater
2976 1633 3094 1699 ejus
3117 1640 3303 1687 contra
3333 1647 3451 1688 eam
3476 1634 3618 1689 fren-

340 1729 472 1785 mini
520 1721 942 1783 misericordiam
984 1726 1167 1781 retulit
1208 1733 1258 1791 α,
1305 1736 1361 1777 ut
1408 1723 1679 1777 diceretur
1727 1720 1923 1774 ibidem
1960 1734 2005 1792 Β
2033 1726 2187 1793 dens,
2220 1726 2515 1781 exercitum
2560 1724 2873 1779 commovit.
2914 1729 2983 1779 At,
3025 1725 3097 1781 illi
3148 1729 3429 1782 venientes
3459 1744 3620 1797 super

340 1825 697 1880 Ninivitarum
737 1822 994 1892 jejunium
1055 1819 1317 1876 celebrari
1362 1834 1376 1870 :
1427 1831 1527 1871 nec
1569 1817 1927 1869 aistimaretur

340 1916 479 1971 aliud
524 1931 679 1985 posse
730 1915 865 1979 fieri,
904 1914 1057 1984 1.31
1092 1912 1194 1965 nisi
1229 1924 1413 1963 eorum
1458 1906 1703 1976 precibus
1748 1904 1928 1959 divina

344 2007 713 2063 misericordia
740 2004 1125 2061 inficeteretur.
1170 2003 1233 2058 Hi
1265 2011 1442 2056 autem
1474 1999 1563 2070 qui
1593 1998 1929 2063 obsidebant,

341 2099 643 2155 nescientes
674 2083 813 2168 quid
855 2096 1063 2151 obsessi
1105 2102 1347 2163 agerent,
1396 2106 1518 2146 cum
1570 2090 1817 2145 viderent
1851 2088 1933 2144 sic

342 2204 555 2243 murum
584 2189 821 2251 circuiri,
845 2187 1104 2258 putabant
1132 2199 1227 2239 eos
1256 2184 1453 2253 aliquid
1474 2198 1632 2253 agere
1657 2181 1929 2238 maleficii.

340 2287 494 2342 Tunc
526 2281 919 2353 apprehensum
965 2292 1127 2332 unum
1164 2276 1232 2330 de
1267 2275 1487 2329 civitate
1518 2275 1797 2341 rusticum,
1830 2275 1932 2342 ipsi

348 2379 702 2446 interrogant,
736 2372 862 2442 quid
894 2373 997 2425 hoc
1034 2379 1178 2424 esset
1219 2367 1361 2436 quod
1404 2374 1643 2436 agerent.
1690 2365 1791 2432 Qui
1812 2364 1892 2419 ait
1916 2381 1939 2443 :I

341 2472 599 2527 Tunicam
641 2467 781 2522 beati
810 2463 1075 2518 Vincentii
1117 2461 1421 2530 deportant,
1452 2472 1505 2515 et
1542 2474 1662 2515 cum
1708 2459 1845 2528 ipsa,
1878 2467 1935 2512 ut

342 2560 423 2615 eis
444 2558 701 2612 Dominus
728 2555 1069 2616 misereatur,
1094 2559 1345 2607 exorant.
1378 2550 1531 2619 Quod
1558 2551 1634 2604 illi
1666 2550 1932 2614 timentes,

343 2666 405 2707 se
444 2650 513 2704 ab
546 2664 611 2704 ea
640 2648 857 2703 civitate
897 2653 1242 2701 removerunt
1269 2658 1283 2696 :
1312 2651 1492 2697 tamen
1534 2642 1790 2711 acquisita
1821 2657 1936 2694 ma-

344 2742 485 2795 xima
520 2739 786 2809 Hispania:
836 2747 1008 2807 parte,
1041 2749 1162 2791 cum
1195 2733 1403 2804 magnis
1427 2732 1482 2786 bi
1511 2730 1701 2801 spoliis
1730 2732 1783 2786 in
1810 2730 1934 2786 Gaio

345 2833 442 2889 ﬁas
473 2831 751 2887 redierunt
779 2822 829 2888 δέ

417 2922 591 2977 XXX.
630 2923 753 2977 Post
809 2920 1171 2975 Amalaricnm
1229 2933 1381 2985 vero,
1432 2916 1654 2974 Theoda
1708 2932 1801 2971 rex
1824 2913 1933 2987 [ΑΙ.

346 3014 590 3088 Theuda]
618 3016 898 3071 ordinatus
927 3023 1010 3069 est
1058 3016 1111 3068 in
1144 3013 1435 3082 HiSpauiis.
1483 3012 1599 3078 Quo
1631 3010 1933 3073 interfecto,

2031 1834 2146 1882 eos.
2171 1819 2549 1889 Traguilanem
2578 1819 2961 1874 interfecerunt
2982 1820 3178 1889 gladio,
3211 1820 3378 1889 ipsam
3407 1838 3620 1890 quoque

2030 1911 2300 1968 caedentes
2326 1912 2377 1965 in
2399 1912 2617 1965 domum
2638 1911 2834 1964 matris
2866 1910 3210 1965 reduxerunt.
3245 1911 3413 1966 Erant
3441 1924 3618 1967 autc-in

2031 2002 2129 2057 sub
2148 2002 2342 2057 Ariana
2371 2012 2515 2057 secta
2547 2001 2806 2056 viventes.
2843 2001 2908 2055 Et
2928 2003 3052 2071 quia
3074 2004 3406 2058 consuetudo
3436 2019 3618 2058 corum

2032 2103 2136 2157 est,
2168 2102 2229 2149 ut
2272 2092 2338 2147 ad
2376 2092 2628 2148 altarium
2679 2093 2977 2155 venientes.
3009 2094 3077 2149 de
3115 2093 3221 2149 alio
3260 2094 3430 2149 catice
3471 2109 3623 2164 reges

2032 2182 2463 2252 communicent,
2495 2193 2551 2239 et
2578 2183 2646 2239 de
2670 2184 2778 2238 alio
2812 2182 2832 2227 ι
2870 2185 3099 2254 papulas
3126 2186 3324 2252 minor,
3359 2202 3623 2241 venenum

2031 2278 2087 2333 in
2109 2276 2276 2332 calice
2299 2275 2393 2331 illo
2415 2277 2591 2347 posuit
2612 2276 2799 2348 dequo
2822 2287 2989 2332 mater
3011 2280 3464 2334 communicatum
3488 2292 3625 2335 erat.

2033 2372 2151 2440 Quo
2170 2371 2255 2425 illa
2274 2369 2483 2435 hausto,
2502 2371 2742 2438 protinus
2758 2382 2965 2427 mortua
2989 2380 3101 2438 est;
3123 2389 3226 2427 non
3244 2372 3334 2428 eui
3354 2392 3386 2425 υ
3406 2374 3625 2430 dubium

2032 2473 2119 2520 est
2149 2463 2253 2519 tale
2278 2463 2599 2519 maleficium
2620 2477 2740 2519 esse
2763 2465 2832 2518 de
2860 2473 3008 2533 parte
3030 2465 3246 2520 diaboli.
3285 2467 3417 2534 Quid
3440 2479 3625 2523 contra

2032 2556 2152 2610 haec
2169 2554 2349 2611 miseri
2365 2556 2603 2611 lueretici
2626 2556 3048 2627 respondebunt,
3063 2559 3182 2613 utin
3196 2560 3388 2614 Sancta
3404 2568 3429 2606 ς
3441 2574 3625 2614 comm

2032 2647 2217 2702 iocum
2248 2646 2441 2704 habeat
2471 2649 2766 2705 inimicus?
2812 2648 2920 2705 Nos
2947 2665 3077 2705 vero
3098 2650 3412 2705 Trinitatem
3442 2654 3492 2707 in
3525 2669 3626 2709 una

2038 2739 2342 2808 aequalitate
2370 2740 2567 2810 pariter
2589 2749 2641 2795 et
2684 2740 3070 2809 omnipotentia
3105 2744 3444 2808 confitentes,
3467 2748 3628 2801 etiam

2032 2826 2441 2887 simortif‘erum
2466 2832 2734 2901 bibamus,
2779 2832 2832 2887 in
2882 2834 3096 2889 nomine
3118 2833 3291 2889 Patris
3330 2844 3385 2890 et
3415 2837 3531 2891 Filii
3575 2849 3629 2895 et

2036 2924 2273 2994 Spiritus
2317 2927 2510 2995 sancti,
2538 2926 2652 2982 veri
2692 2934 2855 2997 atque
2900 2928 3326 2996 incorruptibilis
3353 2929 3467 2996 Dei,
3496 2932 3631 2987 nihil

2039 3031 2140 3073 nos
2170 3017 2404 3074 nocebit.
2438 3018 2782 3088 indignantes
2812 3034 2940 3089 ergo
2984 3019 3098 3076 Itali
3140 3023 3485 3079 contrahanc
3511 3028 3631 3079 mu-

347 3104 784 3175 'l‘heudegisitum
816 3105 1130 3161 levaverunt
1159 3120 1362 3175 regem.
1402 3103 1449 3161 Is
1473 3103 1600 3158 dum
1628 3103 1695 3156 ad
1726 3115 1935 3158 (mnam
1965 3102 2011 3164 C
2045 3109 2252 3174 lierem,
2279 3109 2629 3165 Theodadum
2672 3126 2852 3181 regem
2875 3112 3087 3167 Tuscite
3133 3113 3439 3183 invitantes,
3471 3130 3631 3186 super

344 3210 471 3254 cum
514 3198 700 3253 amicis
746 3198 859 3253 suis
907 3196 1235 3266 epularetur,
1282 3203 1508 3251 etesset
1551 3194 1704 3247 valde
1754 3193 1934 3259 latttts,

347 3304 470 3345 cum
498 3289 698 3355 subito,
728 3289 1008 3344 exstinctis
1038 3288 1090 3343 in
1118 3286 1360 3342 recubitu
1393 3284 1743 3340 luminaribus
1776 3293 1825 3348 α,
1871 3284 1939 3337 ab

348 3382 578 3438 inimicis
618 3382 795 3452 gladio
842 3396 1129 3451 pcrcussus
1161 3380 1408 3434 interiit:
1444 3388 1561 3448 post
1594 3393 1753 3446 quem
1789 3376 1937 3446 Agila

349 3480 569 3546 regnum
597 3476 824 3545 accepit.
853 3474 1205 3545 Sumpserant
1230 3472 1375 3529 enim
1404 3470 1589 3528 Gottlii
1622 3469 1760 3524 hanc
1782 3469 1937 3525 dcte-

384 3672 387 3675 ’
432 3682 459 3712 ι
490 3672 624 3727 Cod.
667 3671 804 3725 Bell.
857 3678 910 3724 et
942 3670 1132 3740 chm.
1175 3686 1295 3726 cum
1338 3671 1495 3727 editis
1538 3670 1823 3741 plerisque,
1873 3670 1942 3723 ad

353 3744 629 3797 Dominam
677 3742 1041 3796 misericordia:
1089 3744 1322 3797 contulit.
1368 3743 1536 3797 Bocb.
1565 3740 1943 3808 s.,Dominum

346 3814 750 3867 misericordem.

428 3883 454 3921 ι)
496 3885 825 3953 Anonymus,
877 3883 965 3950 qui
1022 3882 1122 3936 sub
1166 3882 1507 3938 Theodorico
1554 3897 1681 3951 rege
1726 3882 1941 3952 scripsit

354 3949 519 4007 (ἰθεῖα
552 3949 902 4016 Francorum,
939 3953 1106 4007 refert
1137 3953 1531 4009 Cltildehertum
1564 3949 1709 4007 urbis
1734 3949 1942 4021 epis—co-

346 4028 477 4093 'ptttn
520 4023 891 4091 accersivisse,
933 4023 1001 4075 ab
1050 4040 1221 4092 coque
1260 4024 1456 4091 aliquid
1488 4036 1551 4078 ex
1590 4025 1646 4077 li.
1678 4023 1941 4079 Vini-cntii

355 4095 591 4166 r_cliquiis
619 4096 932 4166 postulasse.
961 4093 1101 4166 Qui,
1138 4094 1327 4166 inquit,
1355 4095 1493 4166 dedit
1523 4096 1569 4147 ei
1594 4098 1777 4147 slo’am
1807 4097 1939 4166 ejus.

353 4163 499 4217 Tunc
519 4165 788 4233 acquisita,
812 4172 917 4217 etc.
948 4163 1298 4217 Chifdebertus
1324 4180 1439 4217 vero
1468 4164 1692 4218 Parisios
1719 4163 1940 4232 veniens,

340 4238 618 4292 .ect'lesiam
661 4236 713 4287 in
751 4235 944 4307 honore
984 4233 1050 4290 Β.
1086 4234 1336 4307 Vincentii
1362 4237 1619 4307 martyris
1648 4237 1939 4302 wdiﬁcavit.

355 4307 481 4359 Hn-c
510 4308 605 4357 fuit
633 4306 846 4358 occasio
871 4307 1235 4359 celeberrimae
1262 4306 1495 4360 bn~i|icm
1518 4306 1941 4373 'cxzrdilicandm,

348 4391 499 4445 quan,
542 4374 1000 4447 ctiatn'SJIArucis
1043 4379 1260 4447 nomine
1307 4378 1556 4447 insignita
1586 4378 1721 4444 apud
1751 4376 1941 4430 Fortu-

350 4444 536 4499 uatum
590 4450 641 4498 in
688 4445 782 4498 lib.
829 4445 897 4497 de
929 4444 1045 4498 Vita
1095 4446 1153 4499 S.
1179 4444 1466 4507 Germani,
1514 4459 1692 4514 postea
1754 4463 1936 4515 regum

2042 3216 2100 3257 se
2116 3216 2300 3272 regem
2322 3213 2580 3259 statuunt.
2606 3205 2703 3260 llic
2726 3214 2853 3261 vero
2876 3221 2998 3261 cum
3016 3206 3291 3265 didicisset
3314 3226 3433 3280 quia
3457 3228 3632 3267 mere-

2042 3294 2145 3349 trix
2174 3296 2274 3349 ista
2301 3296 2669 3360 commiserat,
2692 3297 2921 3366 qualiter
2942 3309 3161 3369 propter
3186 3315 3422 3365 servum,
3469 3319 3630 3373 quem

2040 3394 2341 3453 acceperat,
2371 3385 2424 3440 in
2458 3394 2682 3442 matrem
2716 3389 2993 3443 exstiterat
3036 3391 3321 3460 parricida,
3370 3408 3635 3451 succenso

2041 3476 2391 3533 vehementer
2433 3477 2648 3547 balneo,
2679 3494 2800 3536 eam
2844 3480 2895 3535 in
2936 3482 3127 3538 eodem
3169 3498 3291 3539 cum
3328 3500 3429 3541 una
3459 3488 3636 3556 puella

2044 3685 2233 3754 ptores_
2254 3677 2544 3754 celebrem.
2577 3693 2695 3745 quae
2724 3679 2905 3754 nupsit
2927 3677 3233 3754 Eutharico,
3259 3682 3377 3738 viro
3407 3684 3637 3754 principi

2043 3763 2108 3824 ex
2149 3750 2312 3824 nobili
2346 3752 2654 3824 Atnalurttm
2697 3749 2885 3824 stirpe.
2932 3752 3059 3824 Hafc
3100 3764 3277 3824 autem
3322 3749 3440 3820 post
3472 3749 3639 3824 patris

2044 3819 2203 3894 simul
2243 3830 2297 3894 et
2322 3820 2433 3894 viri
2477 3820 2705 3894 obitum,
2739 3822 3073 3891 Albanagildi
3107 3822 3198 3877 filii
3238 3819 3345 3893 sui,
3376 3819 3638 3894 qui'non-

2043 3889 2170 3942 dum
2194 3889 2619 3965 administrando
2645 3905 2812 3965 regno
2836 3906 2932 3965 par
2957 3889 3097 3958 erat,
3122 3889 3341 3948 tutelam
3371 3889 3637 3965 s'usvepit,

2048 3973 2219 4027 eoque
2260 3959 2514 4015 defuncto
2537 4000 2563 4031 ,γ
2593 3960 2658 4013 ad
2689 3960 3018 4016 'l‘beodatum
3071 3978 3166 4017 Seu
3194 3966 3233 4018 Τ
3240 3959 3637 4031 beodahadum,

2044 4031 2132 4098 qui
2164 4044 2229 4082 ex
2262 4031 2427 4098 stirpe
2457 4030 2600 4099 regia
2632 4040 2766 4091 erat.
2798 4044 3067 4099 sceptrum
3100 4038 3373 4090 transferri
3402 4042 3635 4093 curavit.

2044 4099 2152 4171 Sed
2197 4100 2285 4153 ille
2324 4100 2566 4155 beneficii
2607 4102 2812 4170 accepti
2864 4104 3165 4171 immemor,
3194 4108 3638 4163 Amalasnntbam

2046 4171 2099 4223 in
2130 4170 2356 4224 insulam
2391 4172 2491 4246 laci_
2514 4171 2863 4246 volsiniensis
2878 4170 3359 4246 ‘easulare'eoegit,
3386 4193 3449 4232 ac
3479 4180 3640 4242 paulo

2045 4250 2229 4313 postea
2256 4242 2577 4311 strangulari
2621 4243 2799 4313 jussit.
2865 4243 3029 4313 Cujus
3080 4242 3640 4313 mortis'ulciscendgu

2046 4310 2226 4389 specie
2257 4310 2848 4389 _.lustinianusibellutn
2881 4310 2956 4389 _in
2986 4314 3212 4389 Gotthos
3263 4321 3450 4381 movit,
3492 4312 3640 4389 quod

2048 4382 2338 4452 Procopius
2383 4392 2439 4437 et
2484 4383 2571 4436 alii
2601 4392 2846 4436 auctores
2878 4385 3044 4439 fusius
3071 4386 3405 4452 describunt,
3437 4401 3491 4445 et
3511 4382 3640 4445 'tan-

2047 4451 2168 4528 dem
2193 4451 2402 4528 Gotthis
2416 4454 2589 4528 fatale
2614 4452 2844 4528 fuit._E1_t
2878 4456 3130 4528 hispatet
3159 4470 3415 4528 quantum
3447 4476 3476 4514 a
3506 4476 3639 4516 vero

351 4528 657 4598 posueram
680 4559 695 4583 ,
730 4514 1014 4598 stirpisque
1042 4517 1206 4597 regite
1238 4514 1937 4598 principumncuuditoriu‘m
1969 4517 2022 4578 D
2044 4524 2374 4598 aberraverit
2405 4522 2694 4598 Gregorius
2738 4525 2790 4578 in
2820 4524 2920 4579 hoc
2951 4514 3146 4597 capite,
3176 4514 3316 4598 quod
3373 4514 3638 4588 tamenin

346 4583 471 4655 fuit,
526 4594 581 4640 ut
627 4587 823 4655 passim
868 4583 1157 4655 Gregorius
1198 4583 1479 4640 memorat.
1536 4588 1686 4642 Nunc
1728 4590 1829 4641 sub
1872 4592 1931 4645 ὃ.

354 4654 608 4727 Germani
632 4654 669 4708 ’a
694 4656 866 4727 Pratis
889 4654 1105 4727 nomine
1136 4665 1258 4711 nota
1281 4666 1381 4719 est,
1413 4659 1480 4714 de
1504 4674 1606 4727 qua
1638 4674 1741 4711 non
1766 4661 1933 4715 semel

358 4724 576 4779 inferius
612 4724 901 4793 agendum.
944 4726 1107 4781 Porro
1136 4728 1314 4783 Victor
1342 4724 1716 4784 Tunnonensis
1756 4729 1809 4782 in
1839 4744 1932 4785 ex-

357 4794 641 4870 peditionis
685 4794 840 4870 hujus
884 4799 1330 4870 narrationenon
1380 4800 1626 4870 dissentit
1672 4816 1699 4852 a
1731 4800 1931 4870 Grego-

338 4865 440 4918 .rio
481 4880 494 4916 :
534 4873 591 4922 at
616 4867 704 4943 qui
730 4873 919 4943 postea
947 4866 1218 4943 subsecuti
1262 4879 1387 4943 sunt
1417 4865 1926 4943 llispattiauctor'es,

358 4949 600 5004 magnam
628 4934 832 4988 cladem
873 4949 937 4989 ea
968 4938 1251 4991 occasione
1282 4934 1524 4993 Franc's'
1546 4956 1575 4992 a
1596 4934 1933 4996 .Theodisclo

348 5005 482 5059 duce
501 5006 704 5058 illatam
732 5006 894 5059 fuisse
915 5008 1174 5062 scribunt.
1188 5007 1319 5063 Vide
1335 5008 1603 5065 Cointium
1617 5011 1683 5064 ad
1699 5028 1787 5065 an.
1804 5010 1930 5066 542.

425 5106 447 5134 ε
480 5096 569 5150 Sic
600 5096 732 5152 Bell.
762 5104 818 5152 et
843 5096 1033 5165 Corb.;
1065 5100 1243 5155 cancri
1274 5117 1393 5155 cum
1425 5102 1537 5166 ed.,
1587 5105 1743 5157 cereis
1769 5103 1933 5160 subito

348 5167 609 5240 exstinctis
650 5168 703 5221 in
741 5169 967 5223 recubitu
1008 5171 1100 5232 ab,
1133 5181 1238 5225 etc.
1293 5172 1438 5228 lianc
1470 5174 1754 5240 ressimam
1794 5176 1935 5229 occi-

347 5236 641 5316 dendorpm
688 5254 870 5316 regum
932 5236 1538 5316 licentiatnexstirpare
1581 5248 1755 5299 conati
1813 5254 1939 5300 sunt

356 5303 1002 5386 llispaniarunt.episcopi
1021 5313 1181 5386 variis
1211 5312 1263 5367 in
1293 5303 1553 5383 conciliis,
1583 5318 1656 5368 uti
1685 5316 1937 5370 observa-

353 5379 428 5426 vit
454 5379 696 5430 tjointius
723 5379 787 5432 ad
814 5396 902 5437 an.
938 5379 1062 5435 584.

420 5440 450 5479 ἀ
479 5443 871 5524 Theudoricus,
898 5462 1265 5524 cognomento
1295 5454 1533 5523 Magnus,
1563 5454 1937 5524 Ostrogottho:

350 5526 610 5595 ruitura-it,
632 5518 1001 5595 obiibftlgltrio
1026 5540 1165 5578 cons.
1197 5541 1260 5577 ex
1285 5518 1467 5589 Manio,
1502 5518 1552 5579 id
1583 5536 1664 5579 est
1694 5518 1781 5578 an.
1808 5525 1933 5583 526.

353 5583 434 5665 Eii
461 5585 715 5665 Attaflede
745 5583 1031 5665 Chlodovci
1075 5610 1280 5659 sorore,
1316 5611 1420 5648 non
1456 5583 1585 5660 lilia,
1623 5606 1680 5649 nt
1718 5597 1932 5665 quidam

353 5654 579 5724 volunt,
602 5661 839 5727 suscepit
868 5654 1327 5732 Amalasuntbatn,
1355 5666 1494 5733 apud
1513 5654 1644 5733 ejus
1671 5654 1769 5722 arvi
1798 5669 1934 5724 scri-

2023 4592 2291 4652 omnibus
2315 4608 2447 4649 mss.
2471 4592 2531 4650 et
2550 4594 2733 4661 editis,
2755 4603 2810 4651 et
2838 4592 3054 4667 quidem
3082 4592 3351 4670 integrum
3380 4601 3637 4660 habetur.

2115 4686 2331 4759 {_Colb.
2367 4694 2430 4759 et
2475 4687 2678 4759 aliquot
2725 4688 2840 4752 ed.,
2874 4688 3271 4745 Tratwiflanem.
3313 4692 3473 4759 Bell.,
3506 4691 3640 4749 Tra-

2038 4755 2337 4880 Zt‘tillanem.
2365 4755 2577 4859 Restm,
2602 4758 3006 4829 Straguilonem.
3037 4760 3166 4817 Vide
3194 4755 3482 4833 Fredegar.
3510 4780 3637 4836 cap.

2115 4894 2136 4934 ί
2169 4895 2284 4951 Mos
2321 4897 2495 4978 adhuc
2522 4900 2720 4978 seculo
2744 4916 2835 4955 vui
2867 4900 3190 4978 i't_R0mana
3213 4903 3461 4978 Ecclesia
3495 4907 3637 4978 Vige-

2041 4968 2152 5031 bat,
2175 4978 2239 5044 ut
2280 4982 2344 5022 ex
2380 4970 2537 5044 unico
2578 4970 2743 5044 calice
2780 4974 3031 5027 onmibus
3078 4976 3441 5044 porrigeretur
3480 4968 3638 5031 cunt-

2042 5038 2246 5103 munio,
2281 5050 2348 5113 ut_
2374 5040 2627 5113 colligere
2664 5042 2787 5097 licet
2811 5058 2878 5097 ex
2900 5038 3126 5113 epistola
3149 5046 3181 5099 9
3210 5038 3454 5113 Gregorii
3493 5048 3533 5100 ll
3564 5051 3637 5104 ad

2020 5116 2284 5185 sanctum
2320 5109 2646 5165 Bonifacium
2686 5109 3074 5182 Moguntinum,
3107 5116 3194 5170 ubi
3228 5109 3463 5185 porﬁifex
3495 5123 3636 5172 scri-

2046 5178 2122 5232 bit
2149 5194 2440 5248 cungruutn
2483 5197 2586 5234 non
2617 5198 2736 5237 esse
2761 5178 2889 5237 duo:
2919 5185 2995 5239 vel
3028 5197 3126 5238 tres
3153 5178 3336 5241 calices
3366 5189 3419 5241 in
3447 5189 3636 5243 altario

2042 5264 2229 5321 ponere
2256 5266 2371 5302 cum
2401 5251 2683 5313 Missurum
2700 5256 2947 5308 solemnia
2973 5256 3308 5310 celebrantur.

2118 5318 2266 5396 μεὶς
2305 5335 2494 5375 omnes
2536 5338 2663 5396 mss.
2716 5336 2910 5392 pra'ter
2952 5326 3082 5380 Bell.
3117 5328 3207 5396 qui
3251 5329 3429 5396 prima
3472 5346 3633 5387 manu

2048 5388 2435 5467 babet_$ct7_ttt,_
2449 5402 2505 5467 et
2539 5394 2637 5467 alia
2668 5388 2827 5467 manu
2856 5408 3046 5451 sectam
3075 5413 3094 5451 :
3121 5388 3279 5467 quam
3311 5415 3501 5456 vocem
3537 5405 3633 5456 ha-

2043 5461 2135 5513 bet
2154 5462 2374 5539 _edit_.__i.
2404 5463 2507 5517 Sed
2534 5466 2819 5539 retinenda
2842 5474 2926 5539 est
2954 5483 3051 5539 vox
3083 5461 3298 5533 sancta,
3328 5487 3433 5539 quo
3457 5473 3629 5526 nomi-

2043 5533 2463 5608 ne_intelligitur
2497 5536 3027 5608 _sacra_Eucharistia
3064 5547 3118 5593 et
3146 5533 3359 5608 quidem
3394 5539 3484 5596 hic
3528 5543 3628 5599 sul:

2043 5602 2445 5681 uiiicaspecie.
2496 5605 2634 5681 Lege
2659 5606 2947 5662 Mabillonii
2989 5602 3444 5665 Comineotariuut
3494 5627 3622 5680 prteo

2045 5674 2189 5728 vium
2222 5675 2273 5729 in
2300 5674 2552 5733 Ordinem
2576 5677 2873 5736 Romanum
2901 5689 3045 5737 torno
3076 5680 3118 5736 ll
3140 5681 3307 5738 Musei
3340 5674 3529 5740 ltalici.
