4006 6182
156 4342 171 4355 κ
248 4303 373 4343 cum

270 262 375 318 Q65

1138 258 1143 265 ’
1200 266 1523 329 HISTORIA
1564 254 2012 329 sumentium.
2052 273 2255 333 LIBER
2293 270 2605 340 TERTIUS.

3419 291 3525 347 266

265 379 466 435 includi
495 378 772 449 precepit.
803 376 933 448 Qute
959 393 1058 436 nec
1082 395 1255 446 more,
1283 382 1426 437 inter
1450 381 1646 436 arduos
1688 397 1851 453 vapo-
1875 386 1930 447 Α
1954 400 2085 456 gens
2105 431 2120 454 ,
2151 390 2260 459 regi
2292 393 2607 448 transmisit.
2638 392 2821 465 Magne
2850 392 2992 451 enim
3022 395 3072 453 ei
3100 396 3329 457 felicitas
3351 401 3408 458 In
3439 403 3528 462 his

264 486 353 526 res
399 471 673 541 ingressa,
716 471 766 526 in
815 471 1119 543 pavimento
1151 474 1303 545 133
1335 489 1614 538 corruens,
1644 485 1851 531 mortua

262 569 427 630 atque
472 569 789 630 consumpta
826 570 928 615 est.
979 561 1130 628 Quod
1174 573 1560 629 cognoscentes
1605 563 1658 617 hi
1701 580 1853 634 reges

260 650 639 707 Childebertus
666 658 717 704 et
742 648 1189 704 Chlothacharius
1232 652 1541 707 consobrini
1583 652 1722 723 ejus,
1752 670 1853 710 nec

260 755 365 793 non
404 749 462 793 et
490 740 915 805 'I‘lieudebertus,
947 740 1087 809 quod
1118 742 1326 796 scilicet
1357 752 1461 795 tam
1509 745 1645 812 turpi
1692 743 1851 799 fuerit

258 832 540 887 interfecta
564 830 865 901 supplicio,
906 831 972 884 ad
1006 830 1046 885 Τ
1050 831 1345 886 beodadum
1376 833 1696 904 legationem
1721 835 1851 890 diri—

256 936 413 994 gunt,
441 926 826 994 exprobrantes
852 925 921 979 de
950 933 1123 980 morte
1150 923 1289 995 ejus,
1318 935 1480 996 atque
1504 926 1847 984 dicentes:Si

258 1000 375 1073 haec
404 1031 527 1085 quae
559 1017 712 1087 egisti
744 1016 1021 1070 nobiscum
1063 1030 1168 1070 non
1209 1016 1597 1086 composueris,
1625 1032 1845 1089 regnum

255 1098 406 1159 tuum
426 1103 756 1168 auferemus,
776 1115 830 1159 et
849 1102 1012 1159 simili
1034 1119 1189 1174 poena
1208 1113 1260 1158 te
1280 1104 1673 1161 damnabimus.
1696 1105 1847 1164 Tunc

253 1196 343 1271 Ille
369 1196 589 1260 timens,
618 1192 987 1271 quinquagena
1018 1196 1098 1249 eis
1128 1193 1291 1248 millia
1339 1206 1624 1250 aureorum
1667 1205 1844 1253 trans-

258 1268 405 1340 niisit
429 1296 481 1339 ιι.
515 1268 893 1341 Childebertus
921 1293 1121 1350 autem,
1163 1293 1220 1339 ut
1249 1295 1363 1340 erat
1403 1300 1618 1356 semper
1658 1296 1843 1343 contra

254 1376 729 1432 Clilntliacharium
759 1391 940 1446 regem
991 1374 1203 1432 invidus
1233 1387 1393 1447 atque
1422 1387 1688 1443 versutus,
1720 1394 1842 1433 cum

254 1466 638 1524 Theudeberto
680 1475 874 1537 nepote
900 1481 1000 1523 suo
1028 1466 1367 1539 coniunctus,
1398 1468 1571 1522 diviso
1616 1467 1759 1524 inter
1784 1484 1845 1525 se

254 1563 356 1617 hoc
384 1576 548 1628 auro,
591 1560 723 1616 nihil
756 1556 958 1616 exinde
1000 1558 1130 1615 dare
1157 1560 1275 1631 regl'
1298 1558 1723 1616 Chlothaehario
1748 1577 1842 1615 vo-

253 1653 493 1711 luerunt.
542 1655 612 1712 At
656 1652 748 1713 ille
788 1666 953 1722 super
1000 1651 1283 1708 thesauros
1324 1650 1699 1709 Chlodomeris
1742 1670 1835 1727 ag-

1954 479 2354 535 contlilimiibus
2386 482 2502 536 fuit.

2026 565 2265 624 XXXIII.
2309 570 2606 627 Asteriolus
2638 571 2660 611 ι’
2693 581 2822 629 tunc
2856 584 2914 629 et
2960 574 3298 633 Secundinus
3346 582 3524 651 magni

1952 672 2073 712 cum
2099 677 2220 729 rege
2245 662 2594 718 habebantur.
2617 662 2744 718 Erat
2764 676 2941 721 autem
2968 676 3189 736 uterque
3212 671 3446 737 sapiens,
3468 682 3533 729 et‘

1952 748 2238 807 rhetoricis
2269 753 2501 807 imbutus
2529 754 2740 810 litteris.
2776 754 2889 811 Sed
2921 758 3258 813 Secundinus
3289 761 3523 827 plerum-

1950 856 2056 911 que
2094 841 2417 912 fegationem
2456 843 2823 913 imperatoria
2851 861 2974 916 rege
3004 848 3198 903 missus
3221 848 3428 916 intulit,
3468 862 3521 905 et

1950 929 2021 986 ob
2061 931 2162 987 hoc
2195 932 2507 1001 iactantiam
2547 945 2891 1005 sumpserat,
2932 952 2995 992 ac
3033 940 3291 995 nonnulla
3331 952 3518 996 contra

1948 1022 2211 1078 rationem
2241 1025 2543 1103 exercebat.
2575 1024 2687 1093 Qua
2717 1027 2786 1082 de
2813 1044 2971 1082 causa
3004 1026 3199 1086 factum
3228 1043 3330 1101 est,
3359 1042 3416 1087 ut
3436 1036 3519 1090 in-

1950 1122 2033 1168 ter
2087 1110 2237 1168 illum
2276 1124 2435 1185 atque
2473 1116 2799 1171 Asteriolum
2841 1118 2907 1174 Iis
2943 1134 3082 1175 saeva
3122 1134 3518 1194 consurgeret:

1946 1216 2068 1272 quat
2118 1216 2288 1273 usque
2331 1206 2401 1259 ad
2449 1205 2551 1260 hoc
2600 1204 2869 1274 profecit,
2910 1218 2971 1262 ut
3008 1210 3189 1265 oblitis
3231 1215 3517 1271 verborum

1947 1293 2340 1366 objectionibus
2365 1296 2593 1369 propriis
2614 1314 2672 1355 se
2697 1300 2944 1357 manibus
2969 1303 3265 1362 lacerarent
3289 1314 3335 1362 ις.
3358 1305 3519 1362 Cum-

1944 1404 2050 1460 que
2090 1390 2205 1446 Iizec
2244 1407 2340 1463 per
2368 1409 2548 1464 regem
2579 1395 2851 1465 pacilicata
2883 1384 3145 1465 fuissenl’,
3178 1410 3227 1454 et
3253 1398 3519 1455 Secundi-

1944 1494 2045 1534 nus
2074 1480 2247 1537 adbuc
2274 1482 2343 1537 de
2371 1496 2464 1537 sua
2493 1485 2642 1540 crede
2668 1492 2903 1542 tumeret
2922 1483 2972 1554 δ,
3004 1495 3125 1541 nata
3154 1496 3237 1543 est
3266 1492 3402 1544 inter
3424 1506 3517 1546 eos

1944 1584 2160 1626 rursum
2199 1572 2434 1629 intentio
2464 1572 2586 1648 [ΑΙ.
2610 1574 2882 1632 contentio
2901 1575 2941 1649 Ι.
2984 1578 3051 1633 Et
3089 1593 3183 1635 rex
3221 1580 3518 1651 suscipiens

1942 1661 2237 1719 Secundini
2275 1680 2495 1721 causam
2522 1706 2538 1732 ,
2578 1667 2905 1724 Asteriolum
2945 1670 2999 1726 in
3036 1670 3155 1741 ejus
3193 1681 3515 1742 potestatem

250 1759 501 1815 gressus,
529 1746 756 1807 multum
787 1744 896 1801 illis
921 1745 1152 1818 amplius
1178 1760 1336 1817 quam
1367 1746 1421 1800 hi
1448 1742 1843 1821 fraudaverant,
1877 1745 1925 1805 B
1951 1752 2177 1811 dedidit.
2209 1754 2315 1825 Qui
2339 1756 2496 1813 vahle
2523 1757 2834 1817 humiliatus
2860 1769 2945 1817 est
2966 1803 2983 1827 ,
3012 1770 3067 1818 et
3088 1764 3157 1819 ab
3188 1765 3397 1820 honore
3418 1766 3519 1822 de-

249 1833 503 1893 abstulit.

322 1925 543 1983 XXXII.
583 1923 997 1981 Theudebertus
1042 1941 1170 1981 vero
1210 1926 1262 1981 in
1302 1925 1505 1982 Italiam
1543 1927 1677 1983 abiit
1701 1926 1754 1996 δ,
1784 1939 1842 1984 et

251 2018 459 2076 exinde
478 2017 703 2075 multum
730 2017 1039 2088 acquisivit.
1070 2018 1174 2074 Sed
1203 2019 1327 2091 quia
1355 2021 1473 2075 loca
1505 2019 1620 2087 illa,
1650 2031 1705 2075 ut
1735 2023 1838 2077 ler-

256 2119 361 2172 tur.
395 2110 645 2167 morbida
685 2118 811 2164 sunt
832 2129 867 2174 ,λ
893 2109 1165 2165 exercitus
1191 2110 1307 2181 ejus
1336 2110 1389 2165 in
1420 2111 1648 2166 diversis
1678 2111 1840 2168 febri-

256 2201 365 2257 bus
396 2215 709 2267 corruens,
734 2201 1055 2256 vexabatur.
1095 2202 1242 2256 Multi
1271 2204 1415 2257 enim
1446 2218 1513 2257 ex
1544 2205 1627 2259 his
1652 2205 1703 2260 in
1734 2204 1839 2261 illis

252 2292 385 2353 locis
419 2292 619 2350 mortui
652 2302 799 2347 sunt.
830 2291 983 2359 Quod
1010 2291 1199 2347 videns
1226 2291 1651 2357 Theudebertus.
1679 2310 1744 2351 ex
1774 2310 1839 2351 ea

251 2398 508 2439 reversus
540 2392 653 2447 est,
683 2383 843 2439 multa
875 2397 1058 2438 secum
1088 2384 1255 2454 spolia
1288 2384 1436 2455 ipse,
1469 2385 1553 2440 vel
1584 2387 1664 2441 sui
1692 2387 1840 2444 deie-

248 2464 435 2533 rentes
465 2491 484 2541 ;
524 2475 721 2532 dicitur
752 2483 929 2528 tamen
960 2482 1087 2530 tunc
1118 2475 1372 2546 temporis
1402 2491 1569 2547 usque
1596 2476 1837 2532 Ticinum

246 2568 548 2625 accessisse
580 2567 875 2636 civitatem,
913 2566 967 2621 in
1006 2582 1111 2635 qua
1149 2566 1517 2622 Buceellinum
1561 2579 1583 2607 ε
1622 2584 1837 2625 rursum

248 2656 485 2713 direxit-
517 2658 620 2725 Qui
650 2658 854 2713 minore
882 2658 970 2715 illa
1004 2657 1149 2713 Italia
1180 2654 1206 2695 ιι
1234 2670 1389 2727 capta
1414 2701 1430 2725 ,
1470 2670 1630 2733 atque
1668 2660 1721 2716 in
1759 2662 1839 2716 di-

249 2750 455 2805 tionem
501 2750 645 2819 regis
683 2749 940 2808 antedicti
972 2751 1187 2805 redacta
1214 2794 1233 2819 ,
1273 2753 1529 2820 majoiem
1562 2755 1752 2825 petiit:
1783 2754 1837 2813 in

246 2857 350 2909 qua
393 2828 586 2899 contra
631 2842 995 2897 Bellissarium
1032 2850 1056 2880 ε
1089 2842 1270 2898 multis
1310 2844 1512 2898 \‘lClbllS
1553 2862 1792 2917 pugnans
1817 2888 1837 2919 ,

246 2931 530 2986 victoriam
561 2932 810 2986 obtinuit.
834 2932 1073 3001 Cumque
1099 2933 1389 3003 imperator
1411 2936 1651 3003 vidisset,
1680 2939 1821 3007 quod

247 3022 600 3101 Bellissarins
622 3024 867 3080 crebrius
888 3025 1224 3093 vinceretur,
1242 3036 1422 3081 amoto
1441 3042 1539 3093 eo,
1558 3028 1833 3085 Narsetem

1940 1846 2146 1914 positus
2178 1863 2192 1899 :
2235 1848 2333 1903 sed
2373 1863 2477 1918 per
2504 1849 2877 1920 Uvisigardem
2917 1853 3155 1923 reginam
3193 1855 3388 1911 iterum
3426 1864 3521 1913 est'

1940 1936 2239 1993 restitutus;
2294 1938 2499 1996 Mortua
2552 1952 2727 1997 autem
2778 1944 2899 2010 illa,
2948 1936 3275 2016 consurgens
3320 1949 3517 2006 iterum

1938 2026 2304 2093 Secundinus,
2335 2045 2455 2084 eum
2486 2031 2771 2087 interfecit.
2808 2035 2939 2089 Nam
2974 2034 3058 2090 hic
3088 2039 3320 2093 moriens
3349 2038 3519 2098 filium

1937 2119 2255 2191 dereliquit,
2290 2124 2383 2193 qui
2411 2139 2530 2179 cum
2563 2126 2855 2195 crevisset,
2891 2137 2947 2184 et
2973 2141 3120 2186 esset
3141 2135 3373 2199 adultus,
3399 2150 3513 2192 oua-

1939 2209 2017 2279 pit
2056 2213 2221 2279 patris
2237 2214 2319 2267 sui
2356 2214 2497 2270 velle
2533 2215 2780 2282 iniuriam
2812 2219 3103 2277 vindicare.
3132 2223 3283 2279 Tunc
3310 2223 3512 2281 Secun-

1937 2298 2094 2355 dlnus
2126 2303 2317 2359 timore
2348 2305 2683 2372 perterritus,
2705 2307 2831 2362 dum
2856 2309 2925 2365 de
2949 2310 3069 2367 villa
3102 2313 3152 2367 in
3183 2315 3359 2370 villain
3389 2326 3513 2374 ante

1939 2402 2068 2444 eum.
2090 2391 2327 2463 fugeret“,
2355 2409 2475 2449 cum
2505 2412 2565 2450 se
2589 2396 2701 2465 jam
2732 2398 2939 2454 videret
2970 2414 3041 2456 eo
3067 2404 3377 2462 imminente
3405 2423 3513 2465 non

1941 2493 2097 2553 posse
2125 2484 2374 2550 evadere,
2399 2501 2467 2541 ue
2497 2489 2548 2542 in
2583 2503 2771 2543 manus
2800 2486 2999 2548 inimici
3030 2507 3329 2565 cormeret,
3353 2496 3513 2570 135

1940 2588 2147 2630 veneno
2174 2593 2267 2641 se,
2302 2587 2361 2632 ut
2386 2579 2603 2649 dicitur,
2633 2578 2919 2637 interfecit.
3166 2586 3169 2589 ’

2011 2662 2251 2722 XXXIV.
2294 2666 2639 2727 Desideratus
2676 2680 2854 2728 autem
2898 2673 3265 2735 Viridunemis
3302 2684 3510 2752 episco-

1941 2773 2037 2826 pus
2072 2756 2119 2824 ί,
2141 2760 2229 2815 cui
2254 2754 2620 2818 Theodericus
2642 2778 2733 2819 rex
2765 2764 2958 2820 multas
2986 2767 3237 2838 irrogavit
3266 2772 3508 2844 injurias;

1938 2865 2058 2906 cum
2090 2862 2206 2921 post
2235 2855 2399 2909 multa
2429 2854 2613 2923 exitia,
2645 2865 2700 2912 et
2726 2858 2914 2913 damna
2943 2870 3100 2931 atque
3124 2879 3410 2936 :erumnas,
3441 2870 3507 2925 ad

1939 2941 2244 2998 libertatem
2278 2946 2553 3015 propriam
2579 2947 2693 3019 jam
2722 2948 2949 3003 Domino
2976 2952 3194 3019 lubente
3221 2954 3467 3016 rediisset
3486 3003 3505 3029 ,

1938 3042 1993 3087 et
2030 3036 2374 3105 episcopatu,
2412 3046 2473 3091 ut
2509 3038 2776 3104 diximus,
2815 3040 3386 3108 aptid‘Viridunensem
3418 3067 3508 3106 ur-

247 3114 300 3214 in
328 3117 450 3184 ejus
479 3117 658 3214 locum
689 3114 892 3214 statuit.
920 3115 1280 3214 Bellissarium
1302 3133 1432 3214 vero
1451 3119 1700 3174 comitem
1729 3130 1839 3177 sta-
1862 3114 1912 3179 Ο
1943 3124 2063 3179 bern
2093 3126 2375 3195 potiretur,
2409 3127 2598 3183 videns
2630 3128 2960 3188 habitatores
2986 3134 3109 3203 ejus
3129 3137 3279 3194 valde
3310 3156 3506 3214 paupe-

247 3205 382 3269 buli,
415 3206 574 3274 quasi
601 3220 697 3275 pro
719 3206 1039 3272 humilitate,
1066 3207 1207 3275 quod
1234 3207 1382 3277 prius
1409 3206 1603 3277 fuerat,
1633 3212 1828 3279 posuit.

249 3297 597 3357 Buccellinus
636 3314 762 3374 vero
792 3306 976 3353 contra
1008 3297 1286 3353 Narsetem
1321 3313 1511 3370 magna
1540 3304 1830 3359 certamina

253 3387 420 3461 135
446 3388 655 3459 gessit;
689 3399 839 3460 capta
873 3389 1020 3443 omni
1061 3389 1249 3455 Italia,
1273 3403 1441 3458 usque
1468 3390 1519 3446 in
1552 3408 1695 3448 mare
1724 3404 1833 3449 ter-

248 3482 456 3535 minum
491 3481 735 3534 dilatavit
766 3524 780 3545 ,
818 3481 1097 3536 thesauros
1126 3495 1256 3547 vero
1295 3496 1518 3550 magnos
1554 3485 1619 3537 ad
1659 3484 1830 3541 Theu-

252 3573 542 3628 debertum
575 3572 641 3626 de
676 3572 823 3626 italia
855 3572 1067 3627 direxit.
1097 3570 1249 3638 Quod
1280 3589 1401 3627 rum
1431 3573 1623 3630 Nares
1659 3574 1832 3648 impe-

249 3668 419 3722 ratori
475 3666 747 3737 posuisset
791 3667 842 3720 in
895 3665 1172 3732 notitiam,
1221 3667 1511 3737 imperator
1557 3670 1832 3733 conductis

248 3762 421 3829 pretio
450 3759 700 3832 gentibus
725 3802 742 3826 ,
788 3756 995 3814 Narseti
1023 3757 1271 3813 solatium
1302 3758 1482 3827 mittit,
1518 3760 1833 3833 conﬂigens-

246 3866 349 3922 que
378 3860 566 3921 p05tea
586 3850 763 3905 victus
792 3850 1072 3905 abscessit.
1114 3848 1380 3919 Deinceps
1409 3865 1535 3904 vero
1567 3851 1831 3911 Buccelli‘.

246 3959 348 3999 nus
386 3942 630 3999 Siciliam
670 3944 989 4015 occupavit,
1029 3942 1098 4000 de
1136 3958 1238 4017 qua
1277 3945 1439 4000 etiam
1482 3945 1675 4003 tributa
1717 3948 1831 4002 exi-

318 4085 353 4115 ι
387 4074 508 4131 his.
546 4089 615 4131 ea
648 4077 962 4141 occasione,
1004 4091 1127 4146 «pitu
1164 4074 1403 4131 fabulosa
1444 4084 1556 4138 est,
1590 4077 1663 4134 uti
1694 4077 1832 4133 dixi-

247 4163 407 4219 mus,
439 4148 699 4214 pecunias
725 4147 1051 4219 Francorum
1082 4149 1296 4219 regibus
1326 4146 1474 4219 dedit
1500 4146 1826 4219 Theodatus:

248 4217 341 4272 sed
383 4219 655 4285 ingentem
701 4226 875 4271 tatnen
916 4218 995 4271 eis
1034 4215 1294 4270 summam
1338 4215 1607 4285 pollicitus
1659 4215 1831 4273 fllt‘l‘ul

461 4287 698 4341 rovincia
723 4303 786 4341 ac
816 4289 939 4339 aliis
967 4287 1270 4354 regionibus
1290 4325 1305 4349 ,
1337 4300 1467 4355 quas
1496 4286 1829 4355 Ostrngutthi

247 4359 303 4412 in
328 4358 523 4411 Galliis
550 4360 889 4426 possidebant
907 4396 925 4422 ,
949 4368 1003 4411 ut
1030 4371 1218 4411 eorum
1246 4372 1404 4424 opem
1431 4358 1688 4426 adserui:
1708 4359 1831 4412 lusi-

248 4429 514 4510 tinianum
553 4424 881 4510 implogaret.
939 4428 1043 4483 Sed
1083 4428 1351 4510 remadlmc
1391 4424 1585 4505 infecti
1629 4428 1827 4509 Vitigcs

246 4498 534 4553 Theodato
561 4494 909 4562 substitutus,
944 4512 1049 4550 non
1080 4497 1254 4550 solum
1281 4494 1531 4566 pecunias
1561 4512 1623 4551 ac
1654 4494 1825 4567 regio-

248 4583 346 4622 nes
388 4569 653 4637 pollicitus
693 4568 913 4622 Francis
952 4568 1208 4629 tradidit;
1248 4567 1342 4621 sed
1379 4567 1549 4637 etiam
1575 4568 1823 4635 Alaman-

248 4635 404 4705 nos,
431 4641 522 4710 qui
561 4652 685 4710 post
708 4639 1059 4694 Tolbiacense
1096 4638 1337 4707 prmlium
1376 4636 1437 4689 in
1461 4635 1664 4710 Ite-liam
1696 4654 1822 4710 pro-

251 4711 363 4777 fugi
389 4707 548 4765 sedes
566 4707 603 4765 Va
627 4708 963 4765 Theoderico
991 4714 1309 4775 acceperant
1328 4746 1345 4774 ,
1376 4721 1561 4761 eorum
1588 4707 1826 4763 dominis

247 4781 487 4857 subjecit
507 4824 522 4850 ,
552 4781 823 4857 ut__sct_'ibit
850 4779 1130 4857 {igathi‘t‘ig1

320 4846 370 4891 δ’
392 4854 483 4907 Sic
508 4846 565 4907 et
592 4850 788 4906 Marius
816 4851 879 4904 ad
901 4846 1001 4903 an.
1030 4848 1157 4912 539,
1186 4861 1291 4916 quo
1318 4846 1523 4901 scilicet
1548 4847 1683 4916 Apin
1710 4858 1826 4901 erat

246 4924 463 4977 consul.
510 4924 663 4978 Plura
702 4922 771 4977 de
811 4925 910 4975 hoc
949 4919 1087 4974 bello
1120 4918 1441 4985 Procopius,
1473 4915 1562 4986 qui
1596 4918 1827 4972 Francos

247 4994 466 5047 violate
510 4994 630 5048 lidei
670 5003 919 5055 accusat,
962 4988 1101 5059 quod
1146 4995 1265 5056 post
1294 4997 1568 5055 susceptas
1593 4987 1822 5059 adusti-

246 5066 416 5116 niauo
473 5064 767 5133 legationes
823 5076 885 5116 ac
912 5058 1190 5133 mune_ra,_
1216 5071 1338 5133 sese
1387 5069 1563 5133 tamen
1602 5058 1826 5133 _Gotthis

244 5127 694 5200 coniunxissent;
723 5142 817 5186 aut
847 5132 1019 5198 potius
1051 5127 1351 5200 Guttliis_ac
1392 5127 1645 5200 [inmanis
1688 5132 1826 5182 inter

243 5195 372 5258 sese
402 5195 734 5258 certantibus
757 5242 773 5268 ,
808 5195 905 5270 ipsi
937 5195 1380 5270 utrisqneinl'esti
1413 5198 1577 5251 Italiae
1621 5211 1822 5266 partem

244 5273 542 5327 maximam
571 5268 915 5341 diripuissent
945 5285 1007 5323 ac
1036 5268 1373 5341 invasissent.

321 5353 347 5381 ε
388 5345 523 5411 Ileg.
564 5352 617 5395 et
654 5336 840 5397 omnes
880 5343 1045 5395 ferme
1089 5340 1239 5411 editi,
1274 5337 1638 5411 Burcilemmt._
1676 5336 1823 5390 Hunc

242 5406 537 5466 Butilimim
579 5415 869 5480 Promptus
906 5420 960 5464 et
997 5409 1580 5480 Agatliiasappellant.
1621 5406 1671 5480 Is
1706 5419 1826 5480 erat

242 5484 471 5538 natione
497 5477 822 5537 Alemanni-us
850 5500 862 5534 :
891 5496 1118 5547 cumque
1147 5479 1196 5531 iu
1226 5478 1341 5548 ejus
1365 5477 1607 5532 exercitu
1635 5477 1823 5530 Franci

240 5554 412 5609 simul
443 5553 685 5622 permisti
712 5564 891 5606 essent
922 5566 1042 5622 cum
1078 5550 1415 5614 Alemannis,
1446 5562 1669 5622 quorum
1706 5549 1822 5622 ple-

240 5624 408 5693 rique
444 5616 682 5693 nondum
719 5621 1042 5693 Christiani,
1084 5628 1175 5693 aut
1214 5630 1358 5693 certe
1384 5620 1545 5673 variis
1570 5616 1826 5693 supersti-

243 5686 489 5751 litinilius
514 5692 686 5746 adhuc
711 5692 878 5747 dediti
906 5701 1059 5746 erant
1085 5733 1098 5755 ,
1131 5689 1417 5744 Procooins
1444 5696 1629 5744 contra
1658 5686 1827 5741 Frau-

533 5808 806 5867 Pu‘nox.
867 5806 1092 5865 LXXI.

1936 3234 2022 3274 res
2052 3230 2211 3288 a'que
2238 3220 2546 3285 destitutos,
2578 3220 2797 3277 dolebat
2823 3238 2991 3294 super
3016 3226 3131 3291 eis;
3163 3238 3369 3286 etcum
3394 3234 3509 3303 ipse

1936 3324 2031 3377 per
2068 3309 2462 3365 Tlieudericum
2502 3313 2571 3366 de
2610 3312 2771 3367 rebus
2808 3314 2920 3368 suis
2946 3318 3299 3374 remansisset
3320 3331 3503 3377 extra-

1936 3414 2103 3465 neus,
2145 3414 2244 3454 nec
2286 3401 2503 3456 haberet
2542 3403 2609 3455 de
2647 3403 2862 3471 proprio
2888 3405 3125 3474 qualiter
3140 3422 3233 3464 eos
3261 3412 3505 3467 consola-

1933 3498 2103 3555 retur,
2148 3488 2440 3545 bonitatem
2479 3499 2539 3545 et‘
2569 3491 2911 3547 clementiam
2941 3495 3080 3550 circa
3112 3512 3298 3555 omnes
3314 3500 3504 3559 ’Τιιειιι-

1933 3580 2144 3635 deberti
2184 3582 2325 3651 regis
2365 3593 2623 3650 cernens,
2676 3583 2819 3637 misit
2862 3583 3089 3640 adeum
3132 3587 3450 3659 legationem
3474 3634 3490 3658 ,

1933 3669 2153 3725 dicens:
2187 3671 2346 3725 Fama
2384 3671 2640 3727 bonitatis
2674 3678 2793 3727 ture
2840 3674 2893 3728 iu
2941 3676 3243 3732 universam
3292 3688 3494 3739 terram

1933 3760 2197 3828 vulgatur,
2240 3776 2361 3816 cum
2401 3771 2545 3817 tanta
2580 3762 2650 3820 sit
2669 3772 2755 3818 tua
2796 3765 3040 3834 largitas.
3097 3779 3155 3824 ut
3190 3772 3350 3827 etiam
3391 3790 3498 3831 non

1934 3854 2234 3922 petentibus
2261 3869 2418 3925 opem
2449 3862 2687 3925 praestes.
2720 3856 2888 3927 Rogo,
2940 3860 2989 3914 si
3028 3860 3192 3929 pietas
3222 3872 3308 3918 tia
3342 3867 3503 3922 habet

1933 3943 2132 4015 aliquid
2163 3944 2229 4001 de
2256 3948 2476 4016 pecunia
2502 3989 2517 4013 ,
2551 3946 2704 4003 nobis
2743 3949 3071 4018 commodes,
3087 3966 3192 4021 qua
3208 3956 3355 4010 cives
3374 3965 3499 4008 nos-

1932 4090 2125 4152 eoruni
2158 4090 2336 4152 mores
2373 4077 2814 4152 passimserilgit.
2873 4080 2943 4152 At
2979 4081 3144 4152 multo
3182 4098 3383 4152 a-qiuor
3419 4097 3503 4142 est

1936 4146 2205 4224 Agatliias‘
2224 4147 2315 4224 lib_.
2350 4144 2396 4213 l,
2425 4148 2514 4214 qui
2542 4148 2612 4200 ait
2638 4164 2653 4201 :
2688 4144 2808 4224 Νςζη
2829 4150 3102 4224 Aenimfert"
3121 4144 3460 4208 siml-Franci
3482 4197 3501 4224 ,

1934 4228 1990 4269 ut
2015 4217 2162 4269 multi
2189 4216 2518 4269 barbarorum
2537 4258 2551 4279 ,
2578 4228 2682 4270 etc.
2716 4216 2996 4269 Christiani
3020 4220 3155 4271 enim
3183 4232 3299 4274 sunt
3324 4216 3500 4276 rectis:

1931 4287 2177 4340 simorum
2202 4287 2566 4340 sententiarum
2584 4326 2601 4352 ,
2632 4297 2738 4339 etc.

2002 4353 2029 4393 ἀ
2072 4357 2331 4413 Binet-em
2382 4358 2582 4411 Italiam
2628 4356 2859 4423 appellat
2903 4356 3187 4426 Gregorius
3234 4359 3498 4425 Liguriam

1933 4441 2001 4483 ac
2042 4427 2356 4495 Venetiam,
2396 4436 2452 4481 ut
2489 4427 2739 4483 observat
2780 4426 3019 4482 Valesius
3059 4428 3154 4482 lib.
3186 4431 3499 4487 vntlleruin

1851 4471 1906 4533 D
1929 4495 2321 4552 Francicarum.

2000 4577 2028 4613 ε’
2071 4569 2162 4623 Sic
2206 4568 2332 4638 editi
2360 4576 2415 4622 et.
2458 4566 2580 4621 cod.
2631 4566 2813 4633 llegm.
2857 4566 3066 4638 semt-l._
3086 4566 3189 4638 Sed
3233 4569 3319 4623 alii
3343 4586 3497 4638 mss.,

1932 4637 2094 4692 etiam
2129 4637 2513 4695 vetustissimi.
2545 4650 2760 4701 semper
2791 4637 2995 4689 habent
3027 4634 3374 4694 Belwaréuui.
3406 4634 3503 4696 llic

1931 4716 2109 4781 autem
2142 4704 2380 4781 famosus
2420 4706 2513 4760 ille
2557 4705 2845 4781 Belisarius
2876 4705 3218 4781 designatur,
3260 4710 3328 4764 ile
3361 4728 3503 4781 riuo,

1928 4775 2072 4834 sicut
2099 4785 2154 4831 et
2181 4777 2249 4831 de
2277 4776 2501 4831 Narsete
2528 4776 2809 4842 eunucho,
2840 4777 2991 4845 plura
3029 4776 3209 4833 dicere
3250 4775 3506 4850 super-va.-

1929 4861 2154 4902 caueum
2181 4856 2342 4901 esset.

2004 4917 2023 4956 ι
2067 4916 2221 4989 lleg.,
2251 4916 2531 4989 Etruriam:
2565 4916 2765 4989 semel.
2810 4926 2920 4970 tum
2962 4919 3260 4975 Asterium.
3302 4920 3503 4975 Secun-

1929 4989 2087 5046 dinus
2119 4986 2244 5042 vero
2276 4988 2319 5041 is
2346 5002 2468 5042 esse
2497 4986 2730 5051 videtur,
2756 5002 2913 5057 quem
2935 4991 3007 5041 oh
3025 4999 3260 5057 spretam
3283 4991 3505 5047 ,Μινωὶς

1930 5057 2279 5115 Reomaensis
2311 5058 2523 5112 abbatis
2548 5058 3108 5128 epi~tolamdivinitus
3149 5059 3316 5114 fuisse
3351 5063 3505 5128 puni.

1928 5142 2040 5184 tum
2075 5128 2525 5183 memorauimus
2556 5129 2610 5181 in
2644 5127 2758 5182 Vita
2800 5126 3039 5192 ejusdem
3081 5128 3251 5183 sancti
3292 5126 3385 5183 lib.
3430 5144 3502 5195 u,

1933 5215 2052 5267 cap.
2086 5201 2106 5251 I
2137 5240 2152 5263 ,
2184 5199 2273 5252 ubi
2302 5198 2496 5252 dicitur
2528 5199 2855 5252 Secundinus
2883 5199 3152 5267 patricius.

2007 5280 2031 5316 κ
2072 5270 2163 5325 Sic
2191 5269 2348 5322 Cori).
2377 5280 2429 5323 et
2454 5269 2655 5321 Bellov.
2686 5268 2786 5321 Alii
2818 5266 2935 5319 cum
2962 5268 3137 5325 editis.
3162 5266 3478 5320 verberarem

2007 5339 2034 5375 ιι
2074 5340 2162 5393 Sic
2190 5339 2346 5391 iidem
2376 5339 2530 5392 codd.
2557 5354 2675 5392 cum
2706 5336 2854 5403 Bern,
2883 5336 3009 5404 Reg.
3036 5348 3089 5391 et
3115 5337 3300 5404 Regni.
3325 5338 3506 5403 Colb.,

1939 5419 2207 5464 'umuerat.
2246 5409 2381 5462 Editi
2404 5451 2417 5472 ,
2450 5410 2661 5461 timeret.

2011 5481 2027 5517 ι
2072 5482 2131 5533 S.
2170 5478 2360 5533 Vitono
2389 5482 2675 5542 successit,
2710 5474 3127 5544 subscripsitque
3148 5476 3377 5531 concilio
3408 5480 3503 5529 Ar-

1935 5551 2181 5606 vernensi
2210 5565 2349 5602 anno
2377 5548 2479 5601 555
2504 5588 2518 5611 ,
2547 5557 2600 5601 et
2625 5546 2987 5600 Aurelianensi
3011 5560 3063 5608 ν,
3096 5560 3185 5601 au.
3222 5546 3348 5611 549;
3373 5546 3506 5601 obiit

1934 5636 2023 5676 au.
2056 5621 2181 5676 550.
2214 5619 2437 5675 Sanctus
2465 5618 2658 5673 dicitur
2684 5632 2714 5670 a
2748 5614 3150 5687 Wasseburgio.

3071 5788 3109 5848 9
