4006 6182
495 334 595 384 Ξδῗ

1125 333 1181 384 S.
1225 330 1546 386 GREGORII
1589 330 1883 386 EPISCOPI
1925 325 2346 386 TiiltONiﬁNSiS
2387 325 2559 386 iiiST.
2599 324 2842 388 FRANC.
2880 333 3013 389 LIB.
3049 331 3133 389 lli.

3626 326 3726 389 2%!

500 460 614 504 tros
645 449 882 501 relevare
921 449 1210 499 valeamus.
1245 448 1482 516 (Eumque
1524 449 1574 501 hi
1610 447 1878 515 negotium
1905 461 2060 498 exer—
2091 463 2138 521 Α
2170 446 2286 499 hem
2316 448 2651 501 'l‘revericam
2681 449 3004 501 deducentes
3026 489 3039 512 ,
3075 446 3250 514 populi
3293 445 3566 500 szevient'rs

484 548 718 602 mites,
753 553 1068 605 respousmn
1106 546 1130 573 ⁸
1165 540 1216 592 in
1255 540 1469 592 civitate
1507 549 1721 598 nostra,
1764 538 1902 591 sicut
1939 537 2063 591 reli-

506 645 624 698 quae
657 629 849 681 habent
868 668 883 691 ,
914 630 1253 696 prmstiterint
1273 669 1288 692 ,
1318 629 1594 698 pecuniam
1620 637 1760 680 tuam
1787 643 1907 682 cum
1936 643 2064 680 usu-

504 722 578 770 ris
612 717 860 785 legitimis
892 718 1195 772 reddemus.
1225 720 1374 771 Tunc.
1405 719 1492 773 ille
1519 718 1717 786 pietate
1742 729 2060 783 commotus,

496 817 700 874 septem
731 807 779 860 ei
810 806 974 860 millia
1004 823 1289 862 aureorum
1318 810 1586 878 praestitit.
1625 809 1756 876 Quae
1794 809 1885 864 ille
1923 810 2062 862 acci-

473 898 650 976 ’piens
671 937 687 960 ,
715 913 806 965 per
834 899 983 954 cives
1012 913 1139 952 suos
1168 900 1424 968 erogavit.
1467 901 1534 954 At
1563 901 1640 955 illi
1672 902 1878 971 negotia
1907 915 2062 955 exer—

498 998 713 1049 centes,
754 987 947 1042 divites
977 1005 1071 1055 per
1100 989 1199 1042 hoc
1228 991 1400 1043 effecti
1428 1000 1589 1055 sunt,
1618 1000 1672 1043 et
1701 1006 1867 1058 usque
1907 989 2064 1042 hodie

497 1080 671 1144 magni
715 1080 995 1132 habentur.
1037 1081 1276 1149 Cumque
1315 1083 1610 1136 antedictus
1646 1083 1934 1150 episeopus
1971 1083 2065 1135 de-

500 1168 662 1221 hitam
694 1171 969 1237 pecuniam
1000 1172 1285 1225 obtulisset
1311 1175 1458 1240 regi,
1487 1173 1760 1240 respondit
1788 1187 1876 1225 rex
1903 1187 1918 1224 :
1949 1173 2062 1224 Non

501 1259 675 1331 habeo
716 1265 1080 1316 necessarium
1125 1265 1224 1317 hoc
1263 1265 1539 1332 recipere;
1583 1265 1710 1318 illud
1752 1265 1879 1318 mihi
1918 1263 2068 1316 sulti-

499 1354 602 1415 cit,
634 1354 678 1405 si
709 1354 1106 1420 diSpensatione
1147 1365 1232 1408 tua
1273 1369 1534 1423 pauperes
1571 1355 1662 1424 qui
1692 1355 2066 1423 opprimeban-

504 1455 589 1495 tur
628 1444 835 1512 inopia,
883 1460 974 1512 per
1017 1455 1156 1498 tuam
1197 1449 1619 1516 suggestionem,
1649 1446 1731 1500 vel
1762 1461 1855 1515 per
1892 1460 2063 1499 meam

501 1533 798 1602 largitatem
825 1544 948 1588 sunt
975 1537 1219 1591 relevati.
1244 1537 1312 1591 Et
1337 1537 1466 1592 nihil
1493 1537 1745 1608 exigens,
1767 1536 2068 1592 antedictos

503 1621 646 1674 cives
675 1621 871 1675 divites
903 1623 1049 1677 fecit.

575 1731 792 1786 XXXV.
821 1733 1081 1788 Defuncto
1101 1744 1276 1790 autem
1315 1736 1452 1805 apud
1490 1736 1679 1792 urbem
1711 1735 2063 1805 supradictam

2167 541 2364 593 tionem
2389 554 2480 591 sua
2505 535 2887 606 prtedicatio'ne
2908 540 3341 604 comprimerent.
3368 537 3576 602 Quibus
3597 552 3728 592 etma-

2164 628 2336 694 tibus,
2368 637 2524 680 nocte
2562 628 2685 680 dum
2727 629 2778 680 in
2815 635 2986 680 stratu
3025 625 3124 680 suo
3153 627 3520 694 decumberet,
3560 628 3732 682 subito

2163 735 2259 785 per
2286 721 2552 772 Somnium
2579 734 2765 772 vocem
2797 719 3261 784 magnam-emittit
3281 757 3296 778 .
3324 707 3513 774 dicens
3540 736 3552 771 :
3585 720 3730 786 Heu,

2165 809 2306 862 heu!
2346 809 2652 863 Succurrite
2688 807 2777 876 qui
2812 805 3045 872 adestis,
3076 818 3130 861 et
3163 811 3422 862 auxilium
3453 808 3588 863 ferte
3615 815 3733 878 per-

2161 898 2347 952 eunti!
2392 899 2434 952 A
2472 913 2578 968 quo
2633 898 2866 951 clamore
2921 898 3285 967 expergefacti
3331 901 3421 966 qui
3469 899 3732 966 aderant,

2167 987 2501 1058 interrogant
2525 988 2651 1056 quid
2683 987 2782 1040 hoc
2804 997 2968 1043 esset.
2997 988 3288 1056 Respondit
3313 990 3439 1043 ille:
3469 987 3735 1044 Ausanius

2165 1077 2366 1129 amicus
2406 1092 2560 1131 meus
2597 1092 2717 1129 cum
2761 1075 3052 1143 Papianilla
3083 1087 3107 1114 ε’
3137 1079 3401 1147 conjuge,
3432 1094 3566 1145 quos
3603 1079 3734 1132 olim

2167 1168 2442 1234 interfeci,
2498 1168 2565 1222 ad
2615 1168 2878 1237 judicium
2919 1184 3007 1224 tne
3042 1175 3414 1235 arcessebant,
3453 1172 3726 1225 dicentes:

2167 1261 2301 1314 Veni
2329 1261 2392 1312 ad
2427 1260 2878 1333 reSpondendum,
2899 1262 3021 1330 quia
3045 1271 3358 1316 causaturus
3379 1277 3439 1316 es
3461 1263 3736 1317 nobiscum

2166 1364 2344 1403 corzun
2374 1351 2619 1407 Domino.
2639 1353 2764 1405 Zelo
2787 1355 2929 1407 enim
2958 1354 3148 1408 ductus
3173 1363 3297 1407 ante
3321 1369 3491 1407 annos
3532 1354 3740 1424 aliquot

2168 1441 2449 1508 cmujugem
2499 1441 2869 1509 innocentem,
2908 1444 3244 1513 amicumque
3277 1453 3594 1513 peremerat.
3640 1446 3735 1515 Igi-

2164 1540 2256 1584 tur
2309 1531 2690 1586 accedentibus
2754 1534 3018 1601 episcopis
3054 1533 3119 1586 ad
3153 1536 3472 1588 antedictam
3513 1535 3733 1602 urbem;

2164 1636 2288 1674 cum
2316 1619 2599 1689 strepentis
2631 1622 2805 1690 populi
2837 1623 3153 1676 seditionem
3186 1624 3325 1678 ferre
3353 1639 3456 1679 non
3487 1634 3710 1692 possent

2177 1707 2329 1780 137
2360 1725 2482 1764 eum
2515 1711 2565 1763 in
2595 1710 2820 1765 ecclesia
2851 1711 3049 1766 abdere
3076 1712 3387 1778 voluerunt,
3415 1712 3620 1768 scilicet
3648 1727 3725 1781 po

503 1833 797 1877 memorato
821 1826 1058 1880 antistite
1079 1867 1095 1890 ,
1128 1800 1375 1896 Agiricus
1401 1827 1618 1896 quidam
1633 1842 1676 1880 -e
1694 1800 1898 1882 civibus
1919 1824 1970 1879 in
1991 1841 2071 1879 ca-

2181 1811 2367 1854 nentes
2408 1813 2529 1852 eum
2578 1800 2629 1852 iu
2674 1815 2828 1866 arca,
2870 1809 2923 1855 et
2969 1801 3199 1869 desuper
3239 1811 3540 1856 sternentes
3577 1803 3744 1858 vesti-

502 1912 746 1966 thedram
770 1911 886 1981 ejus
905 1915 1249 1983 subrogatur.
1273 1915 1514 1985 Siagrius
1534 1914 1562 1953 δ
1587 1923 1763 1970 autem
1792 1915 1928 1968 filius
1956 1914 2070 1984 ejus

502 2003 848 2057 reminiscens
873 2005 1093 2073 injurias
1123 2006 1322 2072 patris,
1362 2006 1596 2076 qualiter
1632 2021 1662 2060 a
1700 2005 1969 2062 Sirivaldo
2005 2005 2070 2059 ad

505 2107 686 2160 regem
709 2092 1100 2147 Theudericum
1129 2095 1759 2160 incusatus,-non-solum
1791 2096 2070 2166 spoliatus,

510 2197 696 2234 verum
737 2185 896 2235 etiam
939 2184 1213 2250 suppliciis
1245 2184 1468 2238 affectus
1493 2185 1719 2254 fuisset,
1760 2193 2073 2253 Oppress'tttn

507 2287 631 2324 cum
682 2281 885 2325 armata
955 2288 1115 2328 manu
1188 2273 1509 2329 Sirivaldum
1562 2278 1738 2331 taliter
1786 2276 2073 2331 interfecit.

507 2365 658 2419 Tunc
685 2381 842 2420 mane
869 2365 1028 2432 facto,
1052 2381 1171 2420 cum
1200 2368 1390 2422 nebula
1422 2378 1564 2423 esset
1587 2370 1858 2423 condensa
1878 2412 1893 2436 ,
1919 2372 2077 2440 136

504 2467 563 2510 et
599 2458 684 2510 vix
727 2457 903 2510 adhuc
932 2457 1385 2527 disrumpentibus
1426 2463 1658 2516 tenebris
1711 2461 1906 2532 aliquid
1955 2464 2075 2529 quis

509 2557 694 2616 posset
724 2549 1056 2613 discernere,
1088 2552 1232 2603 venit
1262 2551 1326 2604 ad
1354 2551 1526 2605 villam
1552 2553 1669 2620 ejus
1695 2553 1747 2606 in
1774 2551 2076 2606 Divionensi

507 2640 801 2703 territorio,
833 2642 915 2694 cui
960 2655 1152 2694 nomen
1191 2652 1273 2697 est
1311 2642 1607 2698 Floriacum
1652 2655 1714 2698 εξ
1756 2660 2078 2715 cgressoque

510 2733 724 2787 domum
787 2747 892 2787 uno
944 2733 1272 2799 amicorum,
1329 2742 1576 2802 putantes
1624 2735 1796 2805 ipsum
1853 2734 2075 2790 Sirival-

507 2826 639 2878 dum
678 2839 797 2879 esse
822 2865 836 2888 ,
878 2824 1262 2879 interfecerunt
1297 2839 1460 2891 eum;
1500 2837 1550 2880 et
1593 2826 1978 2881 revertentibus
2026 2821 2075 2892 ά,

509 2916 661 2984 quasi
693 2917 972 2971 victoriam
1001 2916 1360 2972 obtinuissent
1387 2918 1451 2971 de
1496 2919 1731 2984 inimico,
1769 2917 1966 2973 indicat
2002 2918 2080 2970 eis

513 3022 651 3061 unus
680 3023 742 3061 ex
780 3007 976 3060 familia
995 3045 1010 3071 ,
1044 3024 1147 3062 non
1175 3022 1269 3062 eos
1295 3008 1568 3061 dominum
1604 3010 1954 3072 interfecisse,
1985 3009 2077 3062 sed

507 3101 806 3157 subditum.
849 3101 919 3154 At
954 3101 1030 3154 illi
1059 3102 1323 3170 regressi,
1364 3100 1696 3171 requirentes
1722 3116 1875 3165 eum,
1908 3101 2076 3154 cellu-

2174 1901 2348 1946 ntenta
2366 1932 2380 1956 ,
2412 1905 2530 1960 quae
2561 1900 2714 1945 erant
2740 1892 2804 1944 ad
2834 1906 2986 1945 usum
3015 1892 3276 1947 ecclesiae.
3305 1893 3535 1962 Populus
3560 1901 3740 1948 autem

2174 1984 2445 2052 ingressus
2464 2023 2480 2049 ,
2504 1992 2979 2052 perscrutatusque
3011 1982 3287 2038 universes
3313 1984 3535 2054 angulos
3563 1985 3744 2039 eccle-

2173 2075 2457 2139 siregcum
2501 2073 2630 2126 nihil
2676 2076 2999 2141 reperisset,
3039 2074 3301 2130 frendens
3340 2075 3743 2144 egrediebatur.

2174 2167 2323 2222 Tunc
2346 2181 2481 2220 unus
2510 2179 2574 2218 ex
2603 2167 2910 2232 suspicione
2937 2166 3179 2232 locutus,
3211 2169 3322 2221 ait:
3355 2167 3433 2222 En
3477 2181 3598 2222 arca
3627 2209 3644 2232 ,
3688 2168 3742 2222 in

2174 2275 2275 2329 qua
2306 2274 2407 2312 non
2435 2255 2823 2327 estinquisitus
2844 2258 3183 2313 adversarius
3209 2269 3410 2314 noster.
3435 2257 3745 2313 Dicentibus

2169 2365 2304 2404 vero
2326 2349 2662 2416 custodibus,
2694 2347 2826 2404 nihil
2857 2350 2908 2403 in
2937 2366 2997 2404 ea
3029 2350 3171 2404 aliud
3200 2350 3298 2404 nisi
3320 2357 3630 2404 ornamenta
3657 2363 3744 2405 ec-

2176 2443 2359 2495 clesia:
2387 2441 2674 2508 contineri,
2701 2439 2776 2494 illi
2804 2441 3009 2495 clavem
3042 2441 3332 2510 postulant,
3365 2442 3568 2495 aieutes
3594 2456 3609 2493 :
3634 2437 3747 2494 Nisi

2179 2530 2546 2586 reseraveritis
2567 2530 2802 2584 velocius
2817 2572 2832 2594 ,
2864 2531 2964 2600 ipsi
2991 2546 3106 2585 eam
3133 2540 3322 2599 sponte
3342 2529 3748 2599 confringirnus.

2179 2619 2419 2688 Denique
2444 2630 2680 2673 reserata
2710 2634 2831 2674 arca
2852 2660 2868 2686 ,
2901 2621 3094 2674 amotis
3122 2620 3539 2686 linteaminibus,
3572 2620 3753 2673 inven-

2181 2721 2291 2765 tum
2323 2711 2640 2776 extrahunt,
2671 2711 2984 2780 plaudentes
3012 2721 3170 2781 atque
3198 2712 3476 2766 dicentes:
3506 2711 3750 2765 Tradidit

2178 2802 2319 2858 Deus
2345 2803 2614 2858 inimicum
2648 2813 2884 2858 nostrum
2916 2806 2967 2858 in
2998 2821 3183 2860 manus
3213 2816 3442 2859 nostras.
3466 2804 3616 2859 Tunc
3638 2819 3750 2860 ca!-

2182 2895 2371 2949 dentes
2401 2911 2522 2950 emn
2557 2897 2775 2964 pugnis,
2807 2898 3083 2965 sputisque
3114 2906 3457 2966 perurgentes
3477 2895 3530 2963 "f,
3558 2897 3752 2951 vinctis

2181 2997 2302 3056 post
2333 2995 2536 3056 tergum
2570 2987 2814 3042 manibus
2841 2988 2907 3042 ad
2934 2989 3232 3042 columnam
3268 2989 3527 3058 lapidibus
3555 2990 3754 3044 obrue-

2180 3085 2323 3130 runt.
2367 3077 2490 3132 Fuit
2526 3089 2702 3131 autem
2743 3078 2795 3131 in
2836 3077 2970 3132 cibis
3013 3078 3174 3149 138
3209 3079 3365 3133 valde
3402 3093 3614 3133 vorax:
3659 3078 3754 3132 sed

513 3195 655 3260 lam,
688 3192 739 3246 in
766 3207 867 3260 qua
895 3191 1135 3267 dormire
1173 3191 1360 3246 solitus
1395 3200 1539 3256 erat,
1579 3200 1845 3259 repertam
1885 3206 2071 3260 aggre-

2184 3181 2302 3236 quze
2340 3169 2620 3233 sumebat,
2650 3183 2758 3238 quo
2774 3166 3014 3223 celerius
3039 3170 3104 3222 ad
3135 3168 3560 3223 manducandum
3603 3183 3755 3223 cam-

508 3282 753 3340 diuntur.
783 3285 864 3338 Ad
894 3284 1046 3352 cujus
1071 3284 1265 3337 ostium
1295 3282 1924 3352 diutissimepugnantes,
1949 3281 2078 3335 nihil

510 3376 562 3429 ei
594 3383 839 3442 poterant
877 3375 1189 3440 przevalere.
1220 3372 1431 3425 Dehinc
1470 3382 1626 3426 cruto
1652 3372 1732 3426 ab
1763 3386 1876 3426 uno
1912 3371 2078 3425 lati-re

502 3464 718 3532 pariete
746 3463 1102 3531 ingredientes
1125 3503 1138 3526 ,
1170 3459 1346 3529 gladio
1375 3475 1496 3514 eum
1529 3460 1925 3514 interfecerunt.
1956 3460 2080 3512 Post

505 3560 741 3604 ~m0rtem
771 3553 911 3604 enim
941 3549 1258 3604 Theuderici
1291 3551 1376 3603 hic
1404 3548 1712 3604 interfectus
1740 3559 1840 3602 est.

583 3642 824 3695 XXXVI.
879 3642 972 3696 liis
1028 3641 1476 3710 deniquegestis
1524 3640 1925 3694 Theudebertus
1983 3654 2076 3693 rex

507 3742 768 3802 mgrotare
797 3732 981 3800 erepit.
1014 3732 1092 3785 Ad
1130 3748 1288 3800 quem
1331 3732 1522 3786 medici
1567 3731 1731 3784 multa
1767 3731 1940 3784 studia
1984 3731 2079 3782 im-

505 3824 856 3892 penderunt:
885 3823 976 3876 sed
1011 3822 1142 3875 nihil
1165 3822 1363 3886 valuit,
1397 3823 1518 3890 quia
1545 3837 1664 3875 eum
1691 3822 1799 3890 jam
1825 3821 2078 3874 Dominus

509 3917 686 3966 vocari
714 3912 958 3982 jubebat.
993 3911 1132 3980 Ergo
1163 3926 1283 3965 cum
1313 3911 1613 3965 diutissime
1640 3920 1978 3980 wgrotasset,
2010 3910 2078 3964 ab

513 4007 622 4070 ipsa
663 4004 972 4056 infirmitate
1011 4000 1299 4065 deficiens,
1332 4000 1561 4054 reddidit
1587 4001 1855 4069 spiritum.
1887 3999 2074 4054 Franci

508 4113 634 4151 vero
665 4111 784 4152 cum
815 4096 1159 4150 Parthenium
1194 4095 1244 4148 in
1273 4094 1398 4147 odio
1435 4108 1635 4164 magno
1661 4093 1948 4158 haberent,
1979 4109 2077 4163 pro

506 4205 570 4242 eo
608 4187 748 4258 quod
791 4186 867 4242 eis
908 4186 1105 4240 tributa
1133 4185 1384 4239 antedicti
1412 4185 1555 4254 regis
1584 4194 1822 4254 tempore
1851 4185 2075 4240 influxis-

503 4289 610 4343 set,
654 4293 775 4332 eum
820 4276 1069 4345 persequi
1107 4285 1406 4343 creperum.
1450 4275 1542 4329 Ille
1581 4289 1708 4330 vero
1747 4277 1798 4330 in
1839 4275 2076 4344 pericqu

506 4369 736 4438 positum
780 4380 839 4420 se
878 4379 1136 4430 cernens,
1167 4364 1473 4434 confugium
1519 4364 1587 4416 ab
1622 4363 1756 4417 urbe
1782 4361 1937 4430 facit,
1965 4373 2019 4418 et
2045 4378 2074 4416 a

504 4460 710 4511 duobus
738 4455 1006 4524 episcopis
1035 4454 1346 4521 suppliciter
1369 4463 1594 4518 exorat,
1636 4460 1694 4506 ut
1729 4466 1850 4506 eum
1891 4453 1957 4505 ad
1987 4467 2074 4507 ur-

573 4639 606 4665 “
629 4634 715 4686 Sic
745 4645 875 4687 mss.
907 4630 1007 4685 Ed.
1035 4644 1164 4685 vero
1184 4669 1199 4694 ,
1232 4628 1575 4694 sponsionem.

579 4694 613 4732 δ
639 4701 792 4769 Reg.,
822 4703 980 4754 Colb.
1008 4710 1062 4754 et
1093 4693 1243 4764 Bad.,
1274 4699 1540 4769 Siacrius.
1559 4693 1792 4769 Et_i_ni‘ra_
1814 4708 1910 4763 pro
1937 4694 2069 4750 Siri-

500 4771 650 4822 vatdo
672 4764 877 4839 aliquot
899 4769 1029 4822 editi
1052 4781 1104 4822 et
1134 4783 1289 4832 mss.,
1315 4768 1596 4839 Siriruldo.
1624 4764 1862 4839 Siegrius
1888 4776 2066 4818 autem

499 4845 637 4893 lilius
689 4835 786 4892 fuit
837 4839 1159 4901 Desiderati,
1192 4841 1281 4904 qui
1320 4838 1575 4905 injurias,
1617 4835 1684 4888 de
1713 4835 1904 4902 quibus
1942 4847 2064 4901 cap.

501 4909 856 4977 praecedenti,
891 4922 1022 4976 quas
1051 4919 1202 4976 pater
1242 4909 1341 4961 sub
1370 4907 1704 4960 Theoderico
1749 4905 2068 4972 pertulerat,

500 4983 641 5033 nitus
667 4987 770 5033 est.
806 4977 886 5031 De
916 4981 1141 5045 Agerico
1173 4978 1320 5043 plura
1355 4977 1598 5030 inferius.
1957 5012 1964 5020 .

571 5060 592 5087 ο
641 5050 796 5102 Vicus
839 5047 904 5100 ad
949 5052 1198 5100 Uscaram
1241 5048 1459 5100 fluvium
1504 5047 1555 5100 in
1596 5045 1814 5099 dioecesi
1863 5045 2060 5114 Lingo-

496 5117 648 5174 netsi
675 5163 689 5185 ,
722 5118 878 5187 vulgo
912 5117 1120 5186 Florey.
1157 5116 1393 5171 Pertinet
1429 5115 1495 5170 ad
1537 5115 1919 5171 monasterium
1964 5117 2065 5169 Ca-

497 5191 789 5244 billonense
817 5188 986 5243 sancti
1015 5187 1267 5241 Marcelli.

563 5259 594 5298 ‘
629 5258 838 5329 ﬂegm.,
873 5256 1243 5313 exsultantibus
1272 5256 1362 5310 eis.

2186 3267 2510 3321 moveretur,
2540 3270 2754 3327 sumpto
2783 3260 2900 3313 a'loe
2929 3260 3184 3314 velociter
3212 3260 3520 3329 digerebat,
3556 3260 3661 3314 sed
3702 3267 3756 3312 et

2183 3350 2443 3415 strepitus
2463 3348 2667 3403 ventris
2686 3351 2894 3417 absque
2916 3350 3018 3403 ulla
3040 3350 3335 3408 auditorum
3368 3351 3671 3406 reverentia
3701 3352 3756 3407 in

2181 3438 2391 3508 publico
2421 3439 2724 3493 emittebat.
2754 3439 2866 3494 Hoc
2903 3455 3029 3511 ειεεο
3048 3443 3215 3496 exitu
3243 3451 3645 3498 consummatus
3676 3443 3758 3496 ie-

2176 3529 2343 3583 teriit.

2247 3637 2511 3694 XXXVII.
2555 3639 2779 3694 Gravem
2819 3655 2885 3695 eo
2919 3655 3093 3707 anno,
3133 3651 3187 3698 et
3224 3643 3384 3699 solito
3420 3645 3755 3713 asperiorem

2183 3728 2426 3799 hyemetn
2465 3725 2670 3798 fecit's,
2714 3730 2784 3784 ita
2823 3741 2880 3785 ut
2917 3740 3178 3788 torrentes
3206 3736 3549 3789 concatenati
3587 3736 3714 3806 gelu
3739 3777 3757 3800 ,

2180 3820 2424 3888 pervium
2455 3820 2662 3889 populis
2693 3821 2810 3884 iter,
2845 3831 3093 3892 tanquam
3126 3824 3328 3894 reliqua
3360 3826 3576 3893 humus,
3610 3842 3756 3895 prae-

2180 3915 2390 3966 berent.
2413 3917 2551 3967 Aves
2575 3928 2786 3981 quoque
2814 3911 2990 3982 rigore
3014 3913 3218 3971 affectat
3242 3917 3324 3971 vel
3355 3918 3514 3984 fame,
3540 3919 3759 3987 absque

2179 4002 2289 4056 ullo
2325 3993 2605 4058 hominum
2627 4003 2772 4069 dolo,
2797 4018 2917 4058 cum
2947 4020 3152 4075 magna:
3181 4016 3359 4061 essent
3387 4008 3558 4072 nives,
3590 4023 3758 4062 manu

2177 4095 2551 4163 capiebantur.
2583 4099 2623 4149 A
2658 4096 2887 4150 transitu
2922 4096 3082 4166 igitur
3109 4097 3466 4154 Chlodovecbi
3495 4114 3674 4169 usque
3704 4101 3756 4156 in

2179 4183 2458 4238 transitum
2508 4184 2902 4250 Theudeberti,
2941 4195 3321 4256 computantur
3360 4191 3483 4243 anni
3532 4190 3756 4259 triginta

2177 4281 2381 4342 septem
2413 4270 2463 4328 ³³.
2491 4274 2697 4329 Mortuo
2726 4290 2852 4345 ergo
2883 4276 3285 4344 Theudeberto,
3320 4290 3512 4349 quarto
3539 4281 3758 4335 decimo

2172 4365 2327 4434 regni
2353 4365 2434 4419 sui
2461 4379 2636 4432 anno,
2677 4370 2918 4437 regnavit
2955 4367 3366 4426 Theodebaldus
3402 4369 3418 4409 ι
3451 4371 3593 4426 filius
3633 4374 3759 4442 ejus

2173 4471 2274 4526 pro
2297 4471 2382 4511 eo.

2098 4631 2152 4691 D
2249 4640 2274 4713 ὲ
2304 4630 2498 4713 _Co'b.,
2542 4631 2710 4713 Papia
2748 4633 3141 4713 illiusronjttge,
3157 4635 3590 4713 _sed_mendos_e;
3627 4654 3757 4694 nam

2170 4709 2402 4775 patetett
2427 4703 2767 4771 sequentibus
2791 4703 3130 4768 Papianillam
3155 4705 3420 4760 Parthenii
3437 4709 3601 4775 ipsius
3618 4726 3758 4764 uxo-

2177 4785 2290 4842 rem
2316 4771 2518 4842 fuisse,
2551 4788 2707 4840 quam
2743 4775 2998 4842 zelotypia
3031 4776 3275 4829 laborans
3302 4771 3595 4833 occiderat.

2252 4840 2269 4875 ί
2310 4839 2398 4916 S_i_c
2428 4839 2591 4916 mss.';
2627 4852 2682 4894 at
2703 4839 2950 4916 plerique
2979 4844 3137 4910 editi,
3169 4856 3528 4916 perungenm.

2250 4919 2275 4956 ε
2325 4911 2542 4964 Phrasis
2584 4922 2664 4964 est
2691 4913 2925 4979 Gallica,
2958 4929 3114 4977 quam
3144 4911 3493 4971 habent'mss.
3524 4932 3762 4978 omnes,

2179 4991 2382 5057 praeter
2415 4980 2531 5057 Bec.
2568 4982 2656 5050 qui
2685 4997 2805 5036 cum
2835 4985 2920 5036 ed.
2953 4984 3145 5052 habet,
3176 4984 3394 5039 Gravis.
3419 5023 3437 5041 .
3467 5024 3481 5039 .
3515 5002 3756 5057 asperior

2174 5050 2330 5101 hiems
2359 5055 2382 5115 Ῑ
2384 5054 2475 5102 uit.

2243 5118 2270 5155 ιι
2309 5119 2421 5172 Coi.
2445 5158 2458 5183 ,
2487 5122 2692 5188 triginla
2717 5138 2822 5175 scrc.

2251 5189 2262 5225 ί
2310 5191 2396 5244 Sic
2429 5195 2549 5246 hec.
2573 5209 2588 5256 ;
2621 5193 2705 5247 alii
2737 5193 3142 5250 'I'Iteodovaldus.
3169 5194 3299 5250 Vide
3317 5209 3482 5266 supra
3502 5209 3629 5265 cap.
3655 5196 3754 5246 27.
