4006 6182
398 276 493 331 271

1379 276 1437 331 s.
1482 273 1805 329 Gttsuouu
1852 238 2153 327 ertscort
2198 270 2620 331 TIJRONENSIS

3540 280 3640 333 272

395 393 582 447 beatus
624 389 915 461 lnjuriosus
960 405 1217 461 respuens
1266 391 1602 448 subscribere
1646 390 1963 459 dedignatus
1993 389 2041 447 Δ
2070 390 2253 455 cessit,
2310 389 2547 446 decinus
2576 400 2755 446 sextus
2810 401 2929 460 post
2977 394 3175 446 exitum
3228 393 3366 447 beati
3416 391 3644 447 Martini.

393 494 498 549 est,
525 483 712 538 dicens
733 498 750 537 :
771 481 829 537 Si
858 481 1091 535 volueris
1111 496 1199 535 res
1223 482 1317 536 Dei
1350 482 1538 536 tollere
1558 521 1572 546 ,
1596 481 1850 558 Domi'nus
1872 494 1960 533 re-

396 588 557 646 gnum
591 584 736 627 tuum
766 570 1025 627 velociter
1060 571 1269 627 auferet
1297 590 1309 624 :
1341 571 1462 641 quia
1495 572 1733 641 iniquum
1762 579 1876 634 est,
1908 579 1967 624 ut

397 678 658 733 pauperes
703 677 837 731 quos
886 672 977 716 tuo
1025 662 1190 716 debes
1236 663 1384 717 alere
1431 662 1656 726 horreo,
1685 661 1753 714 ab
1780 675 1963 715 eorum

397 758 534 825 stipe
563 765 649 810 tua
687 754 841 825 142
874 756 1063 807 horrea
1099 754 1426 821 repleantur.
1472 753 1537 807 Et
1580 753 1745 807 iratus
1783 760 1965 805 contra

398 862 595 914 regem,
646 859 745 900 nec
792 845 1096 898 valedicens
1144 844 1427 898 abscessit.
1470 844 1622 897 Tunc
1668 850 1969 895 commotus

398 953 515 1002 rex,
541 938 736 990 timens
762 936 923 990 etiam
955 935 1201 989 virtutem
1231 934 1369 987 beati
1398 933 1603 987 Martini
1627 975 1641 996 ,
1676 932 1821 986 misit
1849 916 1971 1000 pbst

399 1040 523 1078 eum
564 1040 685 1079 cum
728 1024 1067 1086 muneribus,
1098 1022 1306 1077 veniam
1338 1037 1593 1091 precans,
1625 1031 1678 1076 et
1704 1022 1805 1075 hoc
1830 1019 1968 1090 quod

402 1115 598 1170 fecerat
626 1113 908 1179 damnans,
940 1114 1206 1181 simulque
1237 1129 1429 1182 rogans
1455 1154 1471 1179 ,
1503 1124 1559 1167 ttt
1589 1118 1685 1183 pro
1712 1126 1775 1167 se'
1802 1113 1972 1166 virtu-

399 1215 508 1261 tem
540 1205 677 1259 beati
709 1203 918 1258 Martini
943 1202 1198 1281 antistitis
1226 1210 1494 1258 exoraret.
1858 1266 1861 1269 _

476 1294 563 1349 Ill.
610 1293 1060 1348 Cblotbacbarius
1084 1292 1312 1363 denique
1353 1293 1468 1362 ipse
1507 1308 1601 1347 rex
1643 1288 1717 1347 de
1748 1290 1974 1346 diversis

407 1385 722 1441 mulieribus
749 1394 953 1452 septem
991 1384 1129 1439 lilios
1157 1383 1371 1447 habuit,
1400 1383 1451 1438 id
1482 1392 1566 1439 est
1602 1383 1670 1437 de
1701 1381 1936 1452 Ingunde
1956 1420 1972 1447 ,

402 1476 773 1541 Guntbarinm,
797 1473 1179 1540 Cbilderieum,
1203 1473 1593 1538 Cbaribertum,
1622 1470 1974 1527 Guntcltraut-

406 1584 534 1625 num
559 1609 574 1634 ,
618 1567 974 1637 Sigibertum,
1008 1575 1065 1621 et
1092 1564 1460 1620 Cltlotsindatn
1508 1564 1706 1628 filiam;
1744 1564 1809 1617 de
1842 1566 1974 1617 Are-

410 1659 588 1727 gunde
612 1673 740 1713 vero
766 1670 953 1712 sorore
980 1655 1252 1726 lngundis,
1278 1655 1667 1725 Cltilpericum;
1699 1653 1767 1708 de
1796 1651 1976 1707 Chun—

2146 481 2232 534 ιν.
2258 479 2478 535 Chartae
2502 490 2712 550 quoque"
2727 482 3099 536 Britannorum
3119 497 3301 536 comes
3325 492 3434 537 tres
3455 480 3646 537 fratres

2068 583 2193 625 suos
2221 570 2503 626 interfecit.
2521 571 2719 626 Veiens
2745 582 2918 626 autem
2950 571 3121 626 adhuc
3142 573 3453 628 Maeliavum
3483 574 3648 630 inter-
3692 616 3709 623 -

2070 659 2258 725 licere,
2309 653 2757 729 comprehensum
2806 673 2967 732 atque
3011 666 3217 719 catenis
3264 675 3544 722 oneratum
3594 668 3648 721 in

2068 765 2285 805 carcere
2314 751 2597 817 retinebat,
2627 752 2717 822 qui
2750 767 2844 821 per
2875 754 3103 809 Felicem
3135 755 3503 810 Namneticum
3526 757 3645 825 epi-

2069 853 2290 909 scopum
2319 856 2346 891 a
2381 849 2552 895 morte
2581 840 2838 896 liberatus
2870 841 2970 894 est.
3009 843 3249 896 Postltze‘e
3270 844 3467 911 juravit
3494 845 3644 900 fratri

2071 944 2189 993 suo,
2220 938 2279 983 ut
2306 932 2355 983 el
2399 929 2570 984 fidelis
2596 934 2773 1002 esset;
2820 932 2913 991 sed
2965 934 3145 985 nescio
3174 948 3279 999 quo
3318 949 3446 987 casu
3471 948 3649 988 saera-

2074 1028 2307 1073 metttnm
2358 1021 2653 1091 irrumpere
2680 1021 2849 1075 voluit
2879 1013 2903 1076 ε’
2925 1025 3068 1091 quod
3112 1026 3331 1077 Clmuao
3372 1028 3647 1088 sentiens,

2073 1110 2263 1165 iterum
2288 1125 2410 1166 eum
2441 1113 2884 1183 persequebatur.
2920 1116 2989 1167 At
3017 1115 3141 1177 ille,
3172 1124 3299 1169 cum
3322 1129 3383 1170 se
3417 1117 3649 1172 evadere

2074 1215 2177 1254 non
2212 1202 2611 1268 posservideret,
2638 1208 2759 1273 post
2780 1203 2941 1256 alium
2969 1198 3216 1259 comitem
3245 1206 3477 1274 regionis
3503 1205 3651 1261 illius

2074 1287 2225 1359 fugit,
2256 1290 2472 1346 nomine
2502 1289 2658 1361 144
2684 1291 3087 1347 Cbotmmorem
3109 1303 3154 1345 ο.
3192 1293 3244 1349 Is
3271 1308 3395 1350 mm
3422 1295 3653 1350 sentiret

2075 1388 2446 1447 persecutores
2470 1379 2585 1448 ejus
2606 1381 3068 1449 apprdpiltquuro.
3114 1384 3215 1437 sub
3268 1395 3406 1439 terra
3447 1399 3569 1439 eum
3600 1386 3654 1441 in

2076 1467 2261 1521 loculo
2292 1468 2573 1539 abscOndit‘
2594 1498 2623 1538 ,ι
2661 1476 2991 1539 com‘p‘onens
3021 1471 3255 1542 desuper‘
3284 1488 3348 1527 es
3390 1484 3541 1529 more
3569 1484 3654 1529 tu-

2078 1557 2277 1611 mulum
2305 1596 2320 1622 ,
2354 1572 2679 1628 parvumque
2719 1561 2766 1615 ei
2795 1563 3119 1630 spiraculum
3157 1580 3466 1634 reservans,
3501 1568 3649 1623 Indo

2079 1645 2301 1702 balitutu
2334 1662 2614 1705 resumen-
2638 1652 3279 1718 AdVenientibus
3318 1662 3497 1712 autem
3526 1666 3655 1727 per-

404 1764 533 1805 sena
560 1747 745 1803 habuit
764 1746 1115 1802 Cbramnum.
1143 1747 1273 1813 Quae
1302 1754 1478 1799 autem
1506 1758 1669 1798 causa
1698 1742 1886 1807 luerit,
1915 1749 1976 1795 ut
2006 1733 2051 1793 Β
2075 1738 2413 1793 secutoribus
2432 1738 2548 1809 ejus
2573 1738 2826 1794 dixerunt
2850 1758 2869 1796 θ
2904 1740 3049 1797 Ecce
3070 1744 3153 1798 lric
3182 1742 3469 1801 Blacliavus
3495 1762 3644 1803 mor-

405 1840 591 1895 uxoris
636 1852 747 1893 sua:
797 1850 1040 1892 sororem
1082 1836 1384 1903 acciperet,
1417 1834 1675 1888 dicamus.
1707 1832 1839 1887 Cum
1866 1830 1977 1901 jam

306 1996 313 2005 κ
411 1930 699 2001 lngundem
726 1930 778 1985 in
802 1928 1049 1999 conjugio
1069 1927 1381 1996 accepisset,
1401 1934 1453 1979 et
1475 1940 1593 1980 eam
1616 1924 1774 1986 unico
1798 1937 1980 1978 amore

407 2022 674 2090 diligeret,
703 2022 1096 2091 suggestionem
1118 2020 1186 2074 ab
1205 2034 1267 2074 ea
1293 2018 1520 2087 accepit,
1543 2016 1756 2072 dicente
1785 2032 1798 2068 :
1834 2015 1979 2070 Fecit

408 2112 658 2167 dominus
685 2121 838 2167 meus
863 2109 931 2164 de
952 2093 1146 2163 ancilla
1174 2121 1271 2162 sua
1301 2107 1442 2177 quod
1473 2106 1647 2171 libuit,
1678 2113 1734 2160 et
1761 2118 1859 2157 suo
1887 2117 1977 2158 me

407 2213 576 2258 strato
624 2204 812 2260 ascivit
862 2217 876 2256 :
917 2215 1059 2255 nunc
1107 2200 1171 2253 ad
1215 2199 1585 2269 complendum
1642 2198 1976 2265 mercedem,

408 2292 535 2362 quid
550 2292 743 2347 famula
774 2300 861 2347 tua
889 2300 1160 2361 suggerat,
1188 2288 1341 2360 15.3
1357 2286 1805 2343 audiatdominus
1828 2303 1978 2343 meus

407 2398 524 2440 rex.
556 2383 755 2439 Precor
780 2392 838 2438 ut
860 2384 1031 2438 sorori
1061 2396 1214 2450 mete,
1246 2396 1416 2436 serva:
1444 2389 1658 2445 vestrae,
1682 2380 1866 2435 utilem
1897 2388 1977 2434 at-

409 2488 517 2544 que
568 2472 854 2529 habentem
887 2482 913 2510 ι
952 2473 1122 2527 virum
1177 2472 1425 2526 ordinare
1470 2470 1791 2541 dignemini,
1839 2469 1980 2524 unde

334 2604 337 2607 λ
415 2579 521 2619 non
579 2563 848 2627 ltumilier,
895 2560 988 2617 sed
1034 2562 1210 2631 potius
1245 2563 1474 2616 cxaltata
1523 2563 1725 2617 servire
1773 2560 1980 2615 fidelius

410 2652 634 2724 possim.
664 2650 815 2720 Quod
842 2652 931 2707 ille
950 2652 1206 2720 audiens,
1240 2664 1363 2706 cum
1387 2657 1533 2706 esset
1561 2650 1786 2705 nimium
1823 2650 1978 2704 luxu-

412 2743 609 2804 riosus,
627 2743 679 2797 in
701 2756 935 2796 amorem
952 2742 1253 2810 Aregunuis
1282 2740 1604 2806 incenditur,
1633 2748 1685 2795 et
1711 2739 1777 2794 ad
1805 2741 1978 2795 villam

408 2835 463 2889 in
494 2848 599 2903 qua
626 2832 740 2901 ipsa
769 2830 1035 2887 residebat
1060 2830 1236 2900 dirigit
1266 2827 1364 2902 [Ιι.
1393 2829 1578 2902 vadit],
1629 2845 1853 2899 eamque
1881 2831 1978 2884 sibi
2012 2837 2031 2863 ’-

405 2927 462 2981 in
490 2922 831 2980 matrimonio
878 2922 1122 2977 sociavit.
1144 2921 1265 2989 Qua
1306 2931 1554 2992 accepta,
1584 2920 1650 2974 ad
1690 2920 1977 2989 lngundem

404 3018 654 3085 rediens”,
700 3015 825 3071 ait:
864 3013 1116 3071 Tractavi
1172 3014 1478 3070 mercedem
1533 3014 1673 3068 illam
1725 3013 1976 3083 imp'ere,

2080 1836 2203 1883 tuus
2226 1840 2385 1898 atque
2408 1830 2649 1896 sepultus
2673 1830 2836 1899 jacet.
2869 1830 3021 1900 Quod
3054 1826 3127 1889 illi
3155 1836 3465 1906 audientes,
3483 1848 3655 1910 atque

2036 1982 2039 1983 ν
2080 1920 2397 1989 gaudentes,
2423 1930 2480 1976 et
2505 1912 2669 1991 super
2698 1924 2961 1981 iustitium
2990 1927 3138 1980 iitum
3169 1928 3431 1995 bibentes,
3457 1940 3656 1989 l’enhll-

2081 2012 2349 2066 tiaveruttt
2396 2010 2545 2066 fratri
2594 2026 2715 2066 eum
2764 2020 3037 2068 mortuum
3072 2026 3209 2071 esse.
3248 2020 3400 2086 Quod
3440 2020 3532 2076 itte
3559 2034 3655 2078 att-

2079 2099 2266 2169 dicns,
2311 2116 2532 2170 regnum
2560 2102 2677 2172 ejus
2705 2103 2972 2174 integrum
3014 2109 3250 2175 accepit:
3283 2125 3405 2165 naut
3443 2128 3656 2183 semper

2081 2190 2320 2247 Britanni
2349 2195 2448 2249 sub
2474 2192 2809 2249 Francorum
2832 2205 3093 2266 potestate
3117 2210 3245 2269 post
3266 2201 3471 2257 obitum
3510 2214 3653 2276 regis

2079 2280 2436 2336 Chlodovechi
2467 2283 2702 2346 fuerunt,
2729 2293 2790 2338 es
2809 2285 3066 2351 Comites,
3100 2300 3209 2342 non
3237 2303 3388 2359 reges
3413 2288 3441 2328 ά
3472 2296 3652 2362 appel-

2079 2374 2171 2429 lati
2198 2383 2342 2428 sunt.
2374 2373 2659 2428 Macliavus
2688 2380 2865 2429 autem
2895 2375 2963 2431 de
2992 2377 3091 2432 Sub
3116 2380 3254 2434 terra
3280 2388 3650 2453 consurgens,

2084 2462 2386 2518 Veneticum
2459 2462 2640 2517 urbem
2688 2462 2949 2532 expetiit,
2998 2454 3175 2536 ibique
3220 2477 3567 2541 tonsuratus,
3603 2485 3655 2533 et

2078 2554 2358 2623 episcopus
2407 2553 2687 2609 ordinatus
2716 2564 2821 2609 est.
2860 2556 3065 2611 llortuo‘
3105 2569 3285 2614 autem
3328 2562 3653 2633 Chattabne‘,

2081 2644 2168 2699 hic
2194 2644 2515 2714 apustatavit
2535 2686 2550 2711 ,
2582 2654 2635 2700 et
2661 2646 2906 2701 demissis
2931 2646 3173 2716 capillis,
3220 2665 3442 2710 exorent
3495 2670 3655 2723 quam

2081 2748 2197 2808 post
2225 2739 2532 2805 clericatum
2562 2737 2879 2807 reliquerat,
2906 2755 3029 2796 cum
3058 2756 3224 2812 regno
3283 2747 3468 2805 fratris
3495 2748 3655 2807 simul

2080 2832 2322 2897 accepit:
2353 2830 2444 2884 sed
2489 2829 2556 2883 ab
2594 2829 2862 2900 episcopis
2891 2838 3379 2892 escommunicaztus
3406 2848 3524 2903 est,
3565 2854 3653 2897 cut

2082 2919 2253 2989 qualis
2277 2920 2437 2974 fuerit
2468 2920 2718 2975 interitus
2741 2965 2754 2987 ,
2789 2928 3074 2993 sequenter
3103 2928 3398 2983 scribemus
3426 2931 3557 2999 (lib.
3592 2946 3652 2999 τ,

2080 3025 2196 3079 cap.
2229 3010 2340 3078 l6).
2367 3010 2511 3071 Obiit
2542 3022 2717 3067 autem
2742 3007 3009 3069 Baudinus
3028 3016 3310 3088 episcopus
3335 3026 3477 3077 anno
3496 3036 3656 3082 sexto

407 3123 566 3177 quam
594 3122 679 3162 me
708 3117 795 3162 tua
841 3105 1071 3162 dulcedo
1102 3104 1349 3176 expetiit.
1385 3106 1456 3161 Et
1490 3106 1769 3175 requirens
1806 3107 1978 3159 virum
2007 3094 2054 3157 C
2083 3100 2419 3168 epi~copatus
2456 3100 2536 3155 sui
2565 3117 2579 3153 :
2611 3101 2662 3154 in
2703 3104 2853 3172 cujus
2898 3104 3075 3160 locum
3119 3107 3446 3168 Guntltarius
3490 3115 3657 3173 abbas

409 3201 629 3255 divitem
657 3209 814 3270 atque
842 3198 1161 3267 sapientem,
1193 3212 1348 3268 quem
1382 3207 1434 3251 tu
1452 3212 1484 3250 e
1514 3195 1685 3251 sorori
1704 3196 1977 3252 deberem

409 3288 867 3361 adjungere,nibil
890 3288 1081 3344 melius
1099 3302 1258 3357 quam
1288 3286 1547 3354 meipsum
1571 3285 1771 3339 inveni.
1798 3285 1979 3354 Itaque

410 3381 643 3444 noveris,
674 3380 797 3449 quia
818 3393 934 3433 eam
964 3379 1242 3446 coniugem
1271 3374 1475 3443 accepi,
1505 3373 1643 3444 quod
1674 3375 1764 3427 tibi
1795 3374 1978 3443 displi-

409 3487 539 3527 cere
569 3486 672 3526 non
703 3469 884 3525 credo.
916 3469 984 3523 At
1012 3469 1099 3522 illa
1125 3483 1139 3523 :
1165 3466 1316 3534 Quod
1345 3466 1538 3520 bonum
1560 3505 1575 3529 ,
1604 3466 1805 3535 inquit,
1834 3468 1978 3522 vide-

416 3571 502 3616 tur
531 3563 582 3615 in
611 3561 780 3614 oculis
810 3559 1009 3613 domini
1045 3558 1153 3613 mei
1185 3556 1382 3611 faciat:
1415 3564 1615 3610 tantum
1652 3558 1841 3609 ancilla
1888 3567 1975 3610 tua

410 3666 533 3705 cum
577 3651 745 3720 gratia
778 3650 921 3719 regis
952 3649 1111 3703 vivat.
1141 3647 1465 3704 Guntbarius
1501 3662 1651 3715 vero,
1680 3648 1980 3704 Cbramnus

414 3751 573 3810 atque
601 3739 934 3794 Cbildericus
955 3778 972 3804 ,
1004 3740 1221 3793 vivente
1251 3748 1404 3808 patre
1440 3739 1633 3793 mortui
1663 3747 1810 3793 sunt.
1840 3739 1978 3795 Exi-

413 3840 523 3883 tum
567 3843 695 3883 vero
740 3827 995 3883 Cbramni
1044 3828 1097 3882 in
1142 3836 1412 3897 posterum
1448 3829 1762 3884 scribemus.
1799 3829 1980 3884 Alboi-

408 3936 509 3974 nus
531 3919 557 3957 ι’
587 3934 795 3988 quoque
817 3933 907 3973 rex
927 3918 1399 3989 Langobardorum
1424 3917 1788 3973 Cblotsindam
1814 3918 1976 3974 filiam

409 4013 547 4079 regis
577 4010 802 4080 accepit.
825 4008 968 4065 Obiit
992 4020 1179 4065 autem.
1202 4010 1494 4080 lnjuriosus
1518 4012 1603 4079 epi
1615 4026 1801 4078 scapus
1830 4013 1976 4068 urbis

409 4102 685 4157 Turouica:
715 4102 923 4157 decimo
950 4111 1004 4156 et
1047 4102 1278 4173 septimo
1312 4102 1653 4171 episcOpatus
1682 4104 1763 4159 sui
1794 4118 1977 4158 anno:

407 4192 485 4247 cui
524 4190 814 4261 Baudinus,
842 4207 906 4248 ex
932 4192 1228 4249 domestico
1250 4192 1642 4250 Cblotbacbarii
1669 4195 1830 4267 regis,
1858 4211 1980 4253 suc-

479 4352 504 4415 _'
547 4344 601 4397 ltl
631 4339 714 4415 est
748 4343 988 4415 divitem.
1016 4346 1145 4415 Reg.
1176 4355 1229 4400 et
1258 4346 1387 4402 editi
1416 4347 1471 4413 2,
1505 4348 1752 4404 habilem.

476 4411 506 4451 δ
545 4413 731 4480 Corb.,
763 4412 1044 4480 Alimenta,
1069 4411 1227 4482 Delb,
1268 4411 1542 4470 Alboen'us.
1578 4418 1652 4473 De
1687 4419 1785 4472 hoc
1812 4420 1978 4474 fusius

404 4483 601 4555 Paulus
626 4483 718 4538 lib.
746 4498 761 4537 t
781 4493 837 4539 et
857 4498 895 4555 lt
917 4484 985 4539 de
1004 4487 1167 4554 gestis
1184 4485 1668 4555 Langobardorum.
1694 4486 1775 4541 Ad
1793 4489 1977 4544 Cblot-

406 4553 613 4607 sindam
642 4568 770 4628 vero
796 4553 1232 4628 scripsit’beatus
1248 4553 1485 4628 Nicetius
1505 4556 1838 4628 Trevirensis
1862 4560 1979 4628 epi-

406 4636 620 4690 scopus,
654 4624 804 4693 cujus
829 4625 1107 4692 epistolam
1130 4626 1184 4680 iu
1206 4624 1914 4709 Appendiceproferemtts;

414 4760 439 4767 _
479 4690 757 4767 ¢_l_iegm.,
786 4692 1159 4767 Clouomorem.
1205 4694 1279 4767 De
1317 4695 1417 4767 huc
1454 4704 1564 4767 agtt
1608 4702 1793 4752 auctor
1841 4698 1978 4753 Vita:

718 4730 733 4744 ο
744 4733 757 4758 ’
787 4730 1047 4747 νοννινισῠυι
1061 4730 1159 4748 ι’,ιο

404 4760 465 4814 S.
498 4758 668 4831 (ἱερειεῇ
689 4794 706 4827 ,
738 4775 857 4831 qua:
886 4761 1114 4817 habetur
1140 4765 1279 4831 apud
1302 4758 1517 4820 δυτὶυῶ
1535 4806 1549 4830 ,
1572 4775 1626 4820 et
1658 4767 1973 4824 Bollandum

402 4832 500 4911 die
526 4828 864 4911 lghttuarii,
894 4840 949 4885 et
976 4832 1028 4911 in
1042 4828 1266 4911 §teculo
1288 4828 1690 4911 tbenedietino.

474 4898 503 4937 ἀ
544 4897 792 4975 [furibus
813 4897 1028 4956 disserit
1042 4900 1286 4975 Valesius
1308 4903 1469 4975 lib.“
1488 4905 1681 4958 Rerum
1701 4905 1968 4975 Francic.,

404 4967 736 5045 p-tg._28l_et
765 4981 941 5039 seqq.,
970 4978 1149 5026 utrum
1180 4970 1415 5045 Britanni
1441 4974 1541 5045 sub
1570 4977 1798 5043 prepriis
1831 4967 1972 5045 regi;

406 5039 503 5095 bus
533 5039 765 5115 fuerint,
798 5046 851 5094 et
880 5054 986 5110 quo
1016 5045 1294 5115 tempore?
1318 5042 1432 5115 Eos
1469 5042 1522 5115 in
1546 5039 1931 5115 Δᾖξε-βἰιιοινίοιαιῐι
1952 5088 1969 5115 ,

404 5128 499 5164 seu
530 5109 938 5179 Lugdunensem
970 5109 1178 5164 tertiam
1199 5148 1214 5179 ,
1252 5111 1350 5165 sub
1378 5109 1580 5166 Placidi
1612 5109 1969 5170 Valwn'iniani

406 5180 869 5253 imp._ptineipatu
887 5194 951 5253 ex
974 5179 1162 5253 majori
1188 5181 1461 5253 Britannia
1487 5183 1761 5237 transiisse
1786 5186 1968 5253 refert,

406 5249 495 5311 qui
528 5249 960 5304 domitis’ineolis
993 5250 1200 5321 regioni
1231 5265 1355 5305 suas
1388 5256 1531 5321 leges
1566 5262 1620 5306 et
1648 5268 1843 5308 nomen
1872 5249 1972 5309 iur-

408 5329 728 5393 posuerunt;
747 5334 825 5393 an
850 5334 975 5376 vero
1000 5319 1036 5375 b
1054 5319 1114 5374 cc
1140 5322 1284 5389 regio
1304 5319 1625 5376 Francorum
1652 5324 1865 5390 regibus
1888 5340 1970 5393 pa-

406 5385 816 5469 rueritnambigi
860 5404 1019 5469 posse
1067 5385 1277 5455 censet,
1328 5406 1447 5469 eum
1488 5406 1611 5446 cum
1635 5385 1839 5469 constet
1871 5385 1969 5469 sub

408 5455 637 5536 propriis
648 5455 976 5536 principibus
995 5460 1511 5536 semperexs‘i‘isse,
1534 5477 1667 5529 quos
1688 5462 1971 5529 aliquando

407 5525 654 5597 comites,
680 5525 965 5594 aliquando
991 5525 1174 5596 duces,
1209 5531 1372 5585 immo
1401 5539 1454 5584 et
1482 5525 1855 5597 nonnunquam
1886 5549 1968 5587 te-

405 5609 509 5673 ges
529 5595 656 5673 varii
684 5600 927 5673 auctores
953 5595 1307 5673 appellarunt.
1338 5600 1538 5673 Deinde
1576 5595 1730 5668 regni
1759 5605 1970 5658 nomine

407 5665 704 5720 Brittonum
733 5665 999 5732 regionem
1033 5668 1192 5734 script
1214 5685 1316 5723 tres
1348 5669 1564 5735 passim,
1589 5665 1648 5724 ct
1674 5672 1781 5738 ipse
1808 5674 1967 5724 etiam

2082 3188 2418 3258 subrogatur,
2448 3189 2688 3246 decimus
2716 3195 2978 3262 septimus
3004 3205 3131 3265 post
3158 3200 3440 3256 transitum
3484 3206 3654 3261 sancti

2084 3278 2319 3349 Martini.

2164 3370 2227 3425 Υ.
2262 3370 2498 3441 Denique
2529 3381 2552 3409 °
2584 3387 2703 3427 eum
2736 3374 2923 3431 beatus
2943 3377 3291 3447 Quintianus,
3320 3386 3460 3440 sicut
3492 3400 3653 3458 supra

2083 3462 2335 3530 dximus,
2361 3466 2429 3519 ab
2457 3464 2560 3520 boc
2589 3467 2787 3522 mundo
2813 3469 3092 3540 migrasset
3109 3517 3125 3541 ,
3148 3486 3369 3534 sanctus
3386 3480 3571 3539 Gallus
3598 3487 3653 3540 in

2082 3554 2197 3623 ejus
2236 3558 2572 3621 cathedram,
2622 3575 2747 3630 rege
2789 3564 3086 3631 opitulante
3112 3608 3127 3635 ,
3174 3570 3494 3631 substitutus
3550 3591 3653 3635 est.

2086 3647 2251 3717 llujus
2283 3636 2521 3718 tempore
2548 3664 2671 3704 cum
2712 3652 2828 3708 lues
2860 3653 2988 3720 illa,
3022 3666 3180 3727 quam
3237 3661 3595 3733 inguinariam
3629 3670 3649 3710 ῐ

2084 3750 2299 3805 vocant,
2329 3755 2423 3809 per
2450 3742 2688 3798 diversas
2711 3744 2954 3814 regiones
2981 3747 3299 3819 desaeviret,
3330 3767 3386 3811 et
3415 3762 3657 3817 maxime

2083 3837 2209 3884 tunc
2230 3829 2594 3887 Arelatensem
2619 3834 2949 3902 provinciam
2970 3837 3406 3910 depopularetur,
3432 3858 3655 3907 sanctus

2082 3920 2267 3977 Gallus
2296 3938 2407 3979 non
2436 3931 2638 3980 tantum
2672 3919 2767 3994 pro
2795 3942 2889 3994 se,
2922 3942 3175 4000 quantum
3204 3951 3303 4005 pro
3325 3941 3522 4009 popqu
3552 3958 3654 3998 suo

2085 4015 2323 4084 trepidus
2348 4023 2485 4077 erat.
2514 4014 2754 4085 Cumque
2794 4018 2886 4073 diu
2922 4031 3190 4093 noctuque
3230 4026 3511 4087 Dominum
3552 4034 3652 4090 de-

2083 4114 2415 4176 precaretur,
2447 4114 2505 4161 ut
2532 4107 2714 4163 vivens
2743 4108 2951 4180 plebem
2980 4120 3362 4175 suamvastari
3395 4136 3500 4177 non
3528 4140 3650 4181 cer-

2083 4207 2254 4265 neret,
2285 4212 2380 4268 per
2408 4198 2581 4253 visum
2606 4199 2776 4255 noctis
2800 4203 3046 4271 apparuit
3072 4206 3120 4261 ei
3146 4208 3369 4278 angelus
3405 4213 3649 4287 Domini,

2083 4359 2370 4434 Gregorith
2394 4359 2497 4434 bic,
2527 4367 2580 4414 et
2607 4351 2737 4434 alias
2765 4373 2869 4434 non
2891 4360 3079 4434 semel,
3111 4361 3550 4434 designaverunt.
3588 4373 3655 4426 Et

2004 4458 2057 4520 Β
2082 4428 2296 4520 quidem
2322 4430 2617 4484 Brittonum
2642 4428 2907 4520 principes
2928 4431 3124 4498 saepius
3139 4428 3397 4518 adv'ersus
3418 4437 3656 4496 Francos

2083 4499 2281 4575 bellum
2330 4512 2580 4575 gessere,
2627 4499 2739 4575 suis
2762 4498 2985 4575 legibus
3008 4514 3235 4575 sotnper
3258 4506 3339 4560 usi
3368 4517 3521 4575 sunt,
3554 4512 3656 4566 sub

2082 4567 2420 4623 hereditariis
2448 4569 2561 4624 suis
2603 4568 2934 4635 principibus
2969 4567 3240 4636 viventes,
3285 4589 3407 4629 cum
3445 4567 3656 4636 in'aliis

2078 4637 2384 4714 regionibus
2413 4637 2637 4693 comites
2664 4647 2757 4691 aut
2786 4638 2947 4714 duces
2970 4646 3273 4714 nostrorum
3306 4659 3488 4714 regum
3517 4664 3650 4705 nutu

2076 4706 2387 4784 frequenter
2429 4714 2778 4784 mutarentur.
2811 4709 2934 4784 l_l_:ec
2966 4723 3061 4784 p_r_o
3103 4711 3297 4765 tuenda
3338 4706 3477 4784 apud
3517 4719 3653 4775 lit-ii-

2079 4788 2230 4855 tones
2255 4777 2394 4847 regia
2422 4777 2709 4855 dignitate;
2745 4778 3051 4855 quibusnalii
3086 4777 3654 4855 opponunt'Gre‘gorii

2079 4847 2277 4911 locum,
2310 4861 2468 4917 quem
2501 4847 2827 4918 illustramus
2848 4888 2863 4913 ,
2895 4847 3228 4918 aliorumque
3251 4861 3487 4907 veterum
3511 4847 3656 4912 seri-

2080 4928 2291 4991 plerum
2317 4918 2710 4991 auctoritatem,
2735 4917 3054 4991 quidiserte
3090 4917 3341 4991 asserunt
3383 4924 3657 4991 Brittones
3692 4965 3709 4977 .

2081 4985 2407 5064 Francorum
2453 4985 2970 5064 regibusparuisse;
3014 4986 3208 5055 quibus
3237 4991 3492 5061 aliisque,
3526 4986 3655 5064 {qua

2081 5003 2407 5041 r'rancorom
2453 5003 2667 5107 reguus
2701 5003 2970 5051 paruisse;
3014 5003 3208 5055 quibus
3237 5003 3492 5061 altisque,
3530 5012 3647 5064 qua

2073 5056 2246 5112 fusius
2274 5055 2494 5125 exponit
2569 5055 2763 5109 :tlesius
2786 5096 2800 5118 ,
2833 5057 3173 5124 antiquorum
3200 5071 3476 5116 auctorum
3508 5065 3647 5123 locis

2071 5128 2339 5196 expensis,
2370 5125 2639 5179 concludit
2667 5126 2963 5185 Brittones.
2991 5128 3088 5180 e'si
3118 5130 3314 5196 sumius
3358 5135 3522 5188 armis
3551 5136 3652 5190 du-

2076 5195 2254 5258 tnitus,
2284 5209 2557 5265 nunquam
2581 5204 2758 5248 tamen
2781 5203 2872 5248 aut
2896 5195 3269 5263 Merovingit‘m
3298 5202 3320 5252 f
3335 5203 3532 5265 iutilia.
3556 5214 3655 5262 aut

2074 5265 2490 5341 {Sarolovingicte
2524 5263 2847 5319 Francorum
2877 5265 3090 5336 regibus
3110 5278 3255 5323 certa
3278 5271 3493 5341 imperii
3514 5263 3650 5331 cou-

2074 5335 2305 5389 fessiene
2334 5334 2591 5400 paruisse.

2148 5404 2363 5485 {Deest
2381 5406 2494 5485 _boc
2516 5414 2673 5485 caput
2692 5406 2750 5485 in
2774 5404 3316 5485 (Eorbqpellncmb.
3347 5420 3407 5485 et
3432 5413 3557 5485 Reg.
3583 5414 3644 5469 S.

2076 5474 2598 5550 Gallijiitababetur
2629 5475 3208 5550 ittter;\’itas.l’a'rum,
3234 5495 3355 5550 cap.
3378 5483 3432 5536 θ.

2150 5544 2168 5581 ί
2212 5543 2626 5616 Sicdicebatur,
2655 5544 2794 5616 quod
2830 5558 3083 5602 nascente
3111 5552 3161 5601 in
3193 5543 3403 5616 inguine
3426 5593 3440 5615 ,
3474 5555 3557 5607 vel
3592 5554 3645 5611 iu

2079 5616 2238 5670 axilla
2268 5615 2465 5682 ulccte,
2492 5614 2543 5668 in
2572 5614 2784 5669 modum
2817 5619 3079 5684 serpentis
3112 5614 3463 5677 interiit-cret.
3552 5621 3559 5627 ’
