4006 6182
451 385 559 439 275
629 340 632 343 Ι

1439 386 1498 444 S.
1538 385 1868 444 GREGORII
1906 385 2213 445 EPISCOPI
2247 384 2674 443 TURONENSIS

3584 381 3690 436 275

453 499 856 554 Uvaldetradam
884 509 909 538 ο
940 499 1090 556 duxit
1114 512 1356 558 uxorem.
1394 501 1546 556 Hunc
1579 501 2014 558 Theodobaldutn
2045 506 2093 565 Α
2118 511 2260 557 rent.
2289 493 2526 569 Cumque
2551 500 2738 556 Catoni
2770 499 2910 570 regis
2937 499 3266 554 voluntatem
3289 497 3691 575 patefecissent,

450 588 627 645 ferunt
652 591 774 645 mali
805 591 969 646 fuisse
991 592 1210 662 ingenii.
1239 593 1309 646 ita
1333 593 1578 648 utiratus
1597 593 1832 663 cuidam,
1854 608 2012 662 quem

454 690 753 748 suspectum
775 681 845 736 de
873 682 1035 737 rebus
1059 683 1170 736 suis
1204 683 1461 747 habebat,
1489 683 1721 738 fabulam
1756 679 2013 755 lingeret,

450 769 634 823 dicens
661 786 674 823 :
700 770 932 838 Serpens
957 772 1242 840 ampullam
1273 770 1400 826 vino
1429 771 1638 839 plenam
1671 773 1892 840 reperit,
1922 785 2018 841 per

447 859 598 926 (ujus
626 875 686 913 os
715 860 1009 930 ingressus,
1035 861 1172 927 quod
1199 860 1338 914 intus
1363 859 1658 914 habebatur
1677 861 1862 916 avidus
1886 862 2016 914 hau-

448 949 518 1001 sit
543 965 558 1002 :
589 963 620 1002 a
647 963 753 1017 quo
780 948 991 1003 inﬂatus
1023 949 1179 1020 148
1204 950 1358 1013 vino,
1387 951 1535 1004 exire
1563 965 1658 1019 per
1686 951 1887 1005 aditum
1913 966 2019 1021 quo

450 1037 723 1105 ingressus
772 1038 979 1104 fuerat,
1029 1054 1132 1092 non
1177 1039 1411 1094 valebat.
1467 1039 1696 1095 Veniens
1741 1055 1868 1096 vero
1910 1041 2018 1095 vini

449 1129 723 1194 dominus,
745 1146 864 1185 cum
896 1129 988 1185 ille
1007 1130 1156 1185 exire
1187 1133 1469 1199 niteretur,
1501 1147 1599 1187 nec
1628 1141 1828 1201 posset,
1860 1135 1932 1188 ait
1952 1134 2018 1188 ad
2064 1118 2072 1125 ’

449 1226 792 1285 serpentem:
825 1220 1026 1274 Evome
1073 1220 1222 1288 prius
1271 1221 1412 1290 quod
1462 1222 1755 1292 inglutisti,
1797 1231 1853 1280 et
1895 1235 2022 1278 tunc

451 1309 652 1376 poteris
702 1309 992 1364 abscedere
1035 1309 1188 1364 liber.
1215 1311 1346 1377 Qua;
1389 1311 1564 1367 fabula
1595 1328 1842 1381 magnum
1871 1314 1920 1369 ei
1951 1315 2021 1368 ti-

449 1413 652 1452 morem
703 1408 863 1468 atque
902 1401 1082 1455 odium
1124 1403 1460 1470 prteparavit.
1510 1401 1622 1458 Sub
1673 1418 1740 1459 eo
1785 1405 1927 1459 enim
1968 1414 2025 1460 et

451 1489 802 1557 ltuccellinus,
820 1505 941 1546 cum
964 1502 1127 1547 totam
1154 1493 1357 1546 Italiam
1380 1493 1431 1547 in
1449 1493 1775 1548 Francorum
1799 1509 2021 1565 regnum

451 1585 762 1654 redegisset,
785 1600 815 1638 a
844 1584 1066 1640 Narsete
1108 1585 1422 1641 interfectus
1452 1595 1556 1653 est,
1584 1585 1611 1624 δ
1640 1586 1787 1641 Italia
1813 1587 1878 1641 ad
1902 1602 2025 1656 par-

450 1685 556 1728 tem
585 1674 921 1744 imperatoris
945 1685 1124 1744 capta,
1152 1690 1251 1730 nec
1273 1676 1368 1729 fuit
1395 1676 1487 1744 qui
1513 1691 1631 1730 eam
1659 1676 1799 1730 ultra
1823 1676 2025 1745 recipe-

450 1775 547 1819 ret.
576 1763 689 1818 Sub
716 1763 876 1832 hujus
905 1773 1147 1834 tempore
1174 1778 1304 1819 uvas
1332 1764 1385 1818 in
1416 1763 1608 1819 arbore
1628 1805 1644 1830 ,
1672 1779 1832 1831 quam
1875 1779 2021 1819 sam-

2115 592 2394 660 suspendit
2414 607 2557 647 eosa
2592 606 2850 660 reaponso
2882 590 3063 659 paucis
3097 589 3312 643 diebus.
3348 588 3412 641 IIi
3446 602 3577 641 vero
3606 603 3694 642 re-

2115 681 2268 753 gredi
2304 681 2616 751 cupientes,
2661 680 2844 735 dicunt
2879 696 2892 731 :
2939 678 3115 734 Pande
3157 676 3310 731 nobis
3359 681 3690 730 voluntatem

2117 780 2295 840 tuam,
2345 781 2405 825 ut
2452 771 2686 827 sciamus
2730 769 2856 838 quid
2903 768 3193 823 debeamus
3240 768 3426 835 sequi;
3461 767 3696 835 alioquin

2118 861 2436 916 revertimur
2461 861 2528 914 ad
2559 860 2794 927 pr0pria.
2821 859 2939 914 Non
2961 859 3100 913 enim
3132 868 3312 912 nostra
3344 867 3397 912 te
3422 857 3698 912 voluntate

2119 951 2494 1018 expetivimus,
2526 949 2620 1004 sed
2657 950 2797 1018 regis
2843 949 3223 1017 praeceptione.
3250 948 3319 1000 At
3351 947 3473 1012 ille,
3497 957 3556 1000 ut
3585 954 3704 1000 erat

2119 1056 2270 1096 vanae
2314 1041 2498 1111 gloriae
2546 1040 2808 1109 cupidus,
2839 1039 3071 1092 adunata
3116 1051 3405 1106 pauperum
3455 1045 3702 1098 caterva,

2120 1133 2408 1188 clamorem
2436 1133 2548 1186 dari
2575 1130 2826 1202 praecepit
2857 1131 2940 1184 his
2965 1130 3141 1185 verbis
3167 1147 3180 1182 :
3212 1129 3321 1183 Cur
3345 1143 3443 1182 nos
3467 1127 3699 1193 deseris,

2123 1225 2264 1281 bone
2293 1236 2466 1294 pater,
2494 1225 2667 1288 ﬁlios,
2697 1237 2833 1292 quos
2880 1236 3020 1275 nunc
3059 1234 3226 1289 usque
3266 1218 3540 1273 educasti?
3566 1217 3705 1284 Quis

2122 1332 2223 1374 nos
2263 1318 2384 1373 cibo
2411 1327 2645 1387 potuque
2669 1315 2873 1370 relleiet
2891 1357 2906 1381 ,
2937 1315 2982 1370 si
3011 1323 3066 1368 tu
3095 1313 3328 1387 abieris?
3358 1328 3607 1380 rogamus
3635 1326 3706 1365 ne

2124 1423 2223 1464 nos
2266 1408 2537 1477 relinquas
2560 1447 2578 1472 ,
2619 1420 2754 1475 quos
2781 1406 2926 1460 alere
2955 1404 3244 1459 consuesti.
3270 1403 3419 1456 Tunc
3450 1402 3537 1456 ille
3565 1416 3698 1456 eon-

2124 1511 2316 1551 versus
2359 1495 2424 1550 ad
2470 1497 2674 1551 clerum
2724 1496 3083 1558 Turonicum,
3125 1494 3244 1547 ait:
3279 1493 3479 1547 Videtis
3523 1507 3700 1557 nunc,

2124 1585 2317 1640 lratres
2345 1584 2668 1651 charissimi,
2693 1585 2924 1654 qualiter
2948 1585 3061 1640 haec
3083 1583 3368 1638 multitudo
3395 1598 3700 1651 pauperum

2125 1689 2214 1730 me
2238 1675 2440 1745 diligit;
2465 1690 2568 1730 non
2599 1689 2815 1743 possum
2851 1689 2946 1728 eos
2991 1675 3293 1742 relinquere
3323 1682 3377 1728 et
3419 1672 3498 1726 ire
3525 1672 3708 1727 vobis-

2126 1780 2270 1820 eum.
2295 1764 2440 1819 Istud
2473 1765 2524 1818 hi
2556 1779 2870 1833 responsum
2915 1763 3266 1832 accipientes,
3299 1761 3528 1833 regressi
3574 1771 3709 1817 sunt

451 1853 644 1909 hucum
672 1864 695 1893 ε
725 1869 977 1911 vocamus
997 1895 1013 1920 ,
1041 1855 1244 1921 absque
1285 1854 1408 1909 vitis
1453 1853 1830 1924 conjunctione
1871 1865 2035 1909 natas
2054 1872 2104 1933 Β
2130 1856 2382 1913 Turonis.
2408 1855 2539 1912 Cato
2565 1865 2741 1910 autem
2771 1855 3031 1910 amicitias
3053 1869 3174 1910 cum
3205 1854 3476 1910 Chramuo
3501 1869 3708 1908 nexue-

451 1945 710 2011 vidimus;
734 1953 788 1999 et
816 1945 979 2000 ﬂores
1005 1946 1240 2014 ipsarum
1267 1946 1555 2008 arborum,
1583 1959 1701 2013 quae
1743 1944 1923 2012 nigra,
1967 1951 2026 1999 ut

452 2035 642 2100 nostis.
661 2048 820 2104 grana
851 2034 1091 2103 proferre
1116 2035 1290 2090 solita:
1315 2044 1461 2098 sunt,
1485 2047 1827 2088 racemorum
1857 2048 2026 2103 gratia

453 2127 732 2184 dederunt.
763 2125 915 2183 Tunc
948 2135 1004 2181 et
1046 2128 1100 2179 in
1127 2125 1387 2180 circulum
1431 2124 1571 2177 lunae
1604 2123 1762 2179 stella
1784 2121 1812 2161 ἀ
1842 2124 2027 2193 quinta

455 2236 518 2274 ex
549 2220 778 2274 adverso
822 2218 1045 2273 veniens
1088 2218 1346 2272 introisse
1390 2215 1502 2270 visa
1551 2223 1655 2270 est.
1696 2213 1870 2270 Credo
1913 2213 2030 2270 hinc

455 2313 604 2382 signa
646 2318 872 2365 mortem
924 2309 1092 2376 ipsius
1137 2308 1280 2378 regis
1327 2305 1698 2360 annuntiasse.
1736 2303 1858 2374 Ipse
1899 2318 2029 2361 vero

457 2403 613 2456 valde
665 2399 998 2463 inﬁrmatus,
1038 2409 1069 2452 a
1111 2397 1346 2453 cinctura
1389 2397 1639 2452 deorsum
1681 2409 1741 2450 se
1790 2394 2032 2452 volutare

459 2505 563 2544 non
590 2495 798 2560 poterat
833 2489 1007 2555 ⁸.ρυί
1028 2487 1282 2559 paulatim
1308 2486 1582 2553 decidens,
1612 2487 1842 2556 septimo
1881 2483 2032 2555 regni

459 2586 539 2639 sui
564 2599 707 2638 anno
731 2593 975 2639 mortuus
1000 2589 1114 2646 est,
1154 2594 1488 2652 regnumque
1516 2579 1634 2648 ejus
1670 2577 2034 2634 Chlotbacba-

463 2679 576 2731 rius
632 2689 724 2732 rex
771 2676 1009 2744 accepit,
1067 2673 1326 2743 copulatis
1374 2670 1748 2727 Vuldetradam
1812 2684 2032 2726 uxorein

463 2769 584 2837 ejus
605 2777 774 2824 strato
796 2779 917 2826 suo.
951 2763 1059 2823 Sed
1100 2765 1390 2833 increpitus
1415 2777 1447 2818 a
1475 2751 1878 2829 sacerdotibus,
1907 2762 2036 2818 reli‘

462 2862 574 2930 quit
600 2875 741 2926 eam,
769 2861 902 2913 dans
929 2857 978 2912 ei
1008 2854 1348 2913 Garivaldum
1381 2853 1570 2911 ducem
1591 2895 1607 2923 ,
1638 2853 1980 2925 dirigensque
2008 2851 2029 2892 ί

464 2952 721 3008 Arvernis
748 2950 1074 3005 Chramnnm
1109 2945 1276 3001 lilium
1299 2961 1476 3001 suum.

534 3043 601 3098 Χ.
631 3043 708 3099 Eo
743 3050 770 3090 ε
799 3056 942 3096 anno
979 3037 1364 3097 rebellantibus
1404 3036 1710 3092 Saxonibus
1730 3075 1746 3101 ,
1776 3034 2035 3090 Chlotba-

463 3136 677 3190 charius
699 3149 816 3203 rex,
843 3142 1115 3187 commoto
1134 3140 1319 3186 contra
1342 3143 1436 3184 eos
1463 3128 1729 3193 exercitu,
1751 3127 2034 3181 maximam

464 3242 650 3281 eorum
683 3234 888 3295 partem
919 3223 1149 3287 delevit,
1174 3234 1468 3291 pervagans
1499 3227 1663 3272 totam
1688 3215 2031 3284 Tlioringiam
2058 3234 2108 3296 α

466 3335 528 3374 ac
555 3320 861 3375 devastans.
891 3331 988 3386 pro
1017 3330 1083 3372 eo
1105 3314 1248 3385 quod
1279 3311 1588 3368 Saxonibus
1616 3308 1864 3365 solatium
1900 3323 2038 3378 prte-

465 3411 705 3466 buissent
734 3406 784 3461 δ.

542 3502 634 3557 XI.
687 3497 988 3556 Decedente
1037 3495 1053 3534 ί
1099 3509 1228 3550 vero
1285 3492 1424 3561 apud
1479 3491 1664 3546 urbem
1716 3489 2040 3545 Turonicam

467 3589 765 3644 Gunthario
794 3591 1069 3656 episcopo,
1096 3599 1188 3654 per
1207 3581 1574 3646 emissionem,
1598 3591 1654 3634 ut
1682 3580 1879 3646 ierunt,
1902 3578 2046 3634 Cau-

467 3681 565 3736 tini
596 3680 857 3748 episcopi,
886 3677 1016 3731 Cato
1048 3674 1324 3744 presbyter
1345 3671 1410 3726 ad
1439 3670 1839 3741 gubernandam
1865 3670 2046 3724 'I‘nroo

468 3773 604 3828 nica)
632 3771 779 3825 urbis
809 3769 1101 3824 Eeelesiam
1133 3767 1433 3836 petebatur.
1472 3764 1629 3836 149
1659 3763 1810 3819 Unde
1843 3764 2043 3818 factum

467 3877 572 3930 est,
602 3873 658 3916 ut
683 3863 955 3932 conjuncti
986 3860 1186 3927 clerici,
1215 3875 1336 3912 cum
1371 3860 1630 3912 Leubaste
1659 3857 1976 3928 martyrario
2005 3855 2020 3907 i

468 3967 522 4013 et
549 3957 762 4022 abbate,
788 3970 910 4010 cum
942 3968 1135 4022 magno
1162 3961 1418 4022 apparatu
1451 3955 1752 4003 Arvernum
1784 3963 2040 4018 propera-

544 4139 570 4168 ⁸
608 4129 697 4184 Sic
716 4127 900 4191 Cori»,
925 4125 1082 4188 Bell.,
1107 4124 1224 4178 Bee.
1251 4131 1307 4177 et
1325 4122 1478 4191 Reg.;
1504 4121 1592 4174 alii
1617 4120 2034 4191 Waltletrudam,

469 4211 559 4254 aut
618 4190 980 4254 Uldotradnm.
1039 4196 1162 4248 “ac
1201 4197 1296 4247 Iu't
1326 4190 1614 4246 W..cliouis
1659 4190 2039 4260 Langobardo-

470 4287 587 4326 rum
618 4271 756 4336 regis
784 4271 948 4319 altera
973 4265 1097 4326 lilia,
1126 4264 1452 4330 \V’isegardis
1473 4261 1830 4336 'I‘beodcberti
1854 4276 2035 4316 uxoris

466 4356 644 4399 Soror.
668 4332 733 4392 de
759 4339 952 4407 quibus
975 4336 1166 4389 Paulus
1183 4336 1290 4407 lib.
1315 4348 1365 4407 ι.Δ
1381 4349 1507 4407 cap.
1526 4332 1618 4407 2i.

542 4411 567 4450 δ
611 4410 684 4463 De
713 4399 1140 4475 expeditionibus
1180 4399 1457 4475 Buccrltni
1496 4403 1550 4475 in
1584 4400 1813 4465 Italiam,
1843 4411 2038 4475 praeter

470 4483 604 4538 alios
628 4471 891 4542 auctores,
919 4475 1124 4544 legendi
1157 4473 1486 4544 potissimum
1510 4471 1800 4538 Procoinus
1820 4483 1870 4544 et
1900 4473 2038 4539 Aga-

471 4555 627 4612 tbias,
659 4550 749 4617 qui
778 4538 894 4602 inse
923 4538 995 4600 de
1015 4538 1170 4599 bellis
1189 4542 1699 4617 inter_.lusti_niauum
1724 4554 1777 4617 et
1811 4538 2036 4617 Gottlins

465 4622 523 4677 In
551 4611 694 4674 Italia
723 4622 910 4681 motis,
937 4617 1129 4682 quibus
1157 4629 1276 4668 sese
1304 4612 1492 4668 Franci
1536 4613 1743 4682 saepius,
1761 4611 2031 4682 intermis-

468 4705 649 4748 cuere.
677 4681 1026 4752 scripserunt.
1050 4686 1213 4738 Iidem
1237 4685 1305 4737 de
1323 4683 1672 4749 legationibus
1696 4681 1818 4752 hinc
1835 4688 1889 4733 et
1908 4681 2030 4736 inde

471 4761 650 4812 missis
677 4770 740 4809 ea
769 4751 836 4810 de
863 4771 1044 4809 causa.
1075 4755 1413 4807 Bucceliunm
1443 4767 1580 4805 anno
1611 4751 1715 4804 55’s
1749 4751 1910 4803 fuisse
1947 4752 2028 4803 in-

469 4836 791 4894 teremptum
831 4834 1018 4878 censet
1045 4823 1316 4894 Valesius,
1355 4823 1670 4890 llamingum
1703 4836 1861 4883 vero,
1893 4821 2029 4873 alte—

468 4915 586 4952 rum
613 4893 854 4950 Francic't
883 4894 1151 4947 exercitus
1180 4893 1407 4953 ducem,
1439 4908 1582 4944 anno
1610 4894 1848 4960 sequenti
1867 4929 1883 4952 ,
1909 4905 2030 4943 cum

465 4968 573 5040 jam
620 4962 1237 5040 Leutliarius‘Bucceliui
1268 4961 1658 5040 Iratermprazda
1706 4969 1928 5040 onustus
1975 4960 2030 5018 in

467 5029 689 5106 patriam
716 5037 908 5106 reverti
942 5035 1197 5086 lestiuans
1221 5072 1236 5092 ,
1267 5029 1741 5106 inter_'_I‘ride_ntum
1773 5045 1835 5082 ac
1871 5029 2032 5106 Vero-

466 5099 590 5164 nam
621 5109 794 5162 luisset
826 5105 1127 5159 defunctus.
1161 5106 1302 5164 Quis
1330 5101 1546 5168 quidem
1575 5099 1901 5152 Francorum
1928 5101 2036 5152 cla-

465 5182 562 5233 des
601 5176 862 5248 appendix
916 5175 982 5248 ad
1031 5170 1717 5248 MarcellinumLeoniitetn,
1759 5169 1954 5222 Marius
1983 5170 2034 5248 in

466 5238 764 5312 tlhroiiico,
805 5245 997 5301 Paulus
1040 5243 1352 5312 diaconust
1374 5241 1565 5312 aliique
1615 5238 2034 5312 auetores,_sed

465 5319 627 5371 variis
653 5309 825 5379 annis,
854 5321 1292 5372 conmientornut.
1321 5311 1486 5363 Porro
1517 5311 1639 5362 licet
1666 5325 1726 5364 ea
1754 5309 2036 5362 occasione

466 5385 654 5443 Franci
681 5404 740 5440 ea
763 5405 878 5456 qua;
897 5387 950 5439 in
975 5385 1122 5440 Italia
1149 5381 1487 5456 possidebunt
1518 5381 1724 5456 penitus
1739 5381 2037 5456 amiserint,

470 5472 569 5511 nec
601 5468 725 5511 tunc
751 5451 1005 5522 temporis
1029 5460 1306 5523 quisquam
1343 5452 1537 5523 missus
1583 5451 1744 5523 fuerit
1768 5452 1832 5500 ad
1865 5465 1924 5500 ea
1953 5464 2041 5523 r_e_-

469 5526 800 5595 cuperanda;
829 5517 1142 5578 certum-est
1163 5517 1339 5595 tamen
1369 5521 1701 5595 Chlotarium
1731 5530 1912 5595 postea
1943 5517 2042 5595 ali-

466 5588 592 5665 quid
624 5598 676 5651 iu
705 5596 848 5647 Italia
875 5612 939 5656 po
970 5595 1192 5657 sedisse,
1222 5605 1276 5665 ut
1305 5592 1417 5660 ip~e
1441 5589 1908 5665 Sigiliertustilius
1923 5588 2041 5665 ejus

467 5657 694 5721 testatur
720 5667 850 5718 inira
880 5665 966 5716 lib.
996 5679 1066 5724 Ix,
1099 5679 1216 5727 cap.
1249 5657 1340 5724 2t),
1370 5673 1423 5713 et
1448 5657 1778 5726 Langobardi
1813 5657 2038 5727 iiiitalia

466 5747 863 5792 cmmuaueules
891 5735 1086 5786 tributa
1115 5725 1434 5784 Francorum
1468 5725 1678 5799 regibus
1713 5725 2034 5797 pendebant,

467 5825 538 5863 ct
564 5809 656 5864 Illi.
688 5824 743 5870 ι,
771 5822 884 5874 cap.
916 5807 964 5856 '5.

2131 1958 2234 2014 rat,
2264 1947 2670 2016 promissionem
2692 1948 2761 2002 ab
2781 1962 2847 2002 eo
2861 1948 3150 2016 accipiens,
3183 1955 3240 2001 ut
3260 1947 3305 2000 si
3335 1945 3618 2015 contigerit
3647 1945 3706 1999 in

2129 2039 2356 2095 articulo
2377 2039 2633 2110 temporis
2661 2039 2804 2092 illius
2833 2054 3011 2108 regem
3037 2028 3660 2093 moriCltlothacharium
3685 2077 3706 2101 ,

2129 2127 2311 2183 statim
2333 2127 2502 2197 ejecto
2523 2127 2751 2183 Cautino
2773 2127 2840 2182 ab
2862 2128 3175 2196 episcopatu
3191 2168 3207 2193 ,
3233 2128 3331 2182 isre
3359 2141 3709 2197 praeponere-

2131 2227 2219 2275 tur
2249 2218 2522 2274 Ecclesia.
2548 2217 2653 2273 Sed
2682 2218 2772 2288 qui
2801 2217 3110 2272 cathedram
3153 2217 3290 2271 beati
3323 2217 3530 2271 Martini
3571 2230 3710 2269 con-

2132 2309 2358 2380 temptui
2388 2309 2594 2376 habuit,
2625 2324 2783 2378 quam
2810 2308 2976 2360 voluit
2997 2322 3101 2361 non
3132 2307 3335 2375 accepit
3360 2323 3373 2358 :
3404 2305 3712 2374 impletum.

2131 2417 2239 2474 que
2280 2411 2366 2458 est
2410 2403 2462 2458 in
2509 2418 2574 2459 eo
2617 2402 2755 2472 quod
2805 2401 2966 2455 David
2998 2399 3224 2466 cecinit,
3270 2397 3492 2453 dicens:
3523 2397 3713 2452 Noluit

2133 2493 2544 2558 benedictionem,
2575 2502 2622 2547 et
2645 2490 3116 2562 prolongabiturab
3137 2506 3197 2544 eo
3221 2488 3392 2562 (Psnl.
3419 2505 3562 2551 cvtn,
3592 2489 3713 2558 I8).

2135 2582 2263 2640 Erat
2287 2586 2429 2642 enim
2459 2586 2708 2639 vanitatis
2729 2584 2992 2639 cothurno
3017 2583 3213 2649 elatus,
3246 2583 3447 2634 nullum
3475 2581 3574 2634 sibi
3607 2597 3713 2650 pu-

2135 2686 2254 2734 tans
2275 2679 2327 2734 in
2347 2679 2629 2733 sanctitate
2655 2677 2836 2732 haberi
2857 2677 3301 2747 praestantiorem.
3322 2675 3450 2728 Nam
3477 2675 3716 2742 quadam

2133 2771 2254 2826 vice
2292 2769 2553 2825 conducta
2602 2770 2825 2839 pecunia
2869 2769 3147 2824 mulierem
3204 2769 3440 2822 clamare
3483 2766 3607 2820 leeit
3655 2767 3717 2818 in

2136 2862 2384 2927 ecclesia,
2406 2863 2554 2932 quasi
2578 2877 2671 2930 per
2688 2861 2976 2930 energiam,
3003 2869 3058 2915 et
3087 2874 3147 2915 se
3168 2869 3409 2913 sanctum
3433 2872 3717 2926 magnum,

2137 2952 2350 3020 Deoque
2389 2952 2608 3006 charum
2637 2949 2910 3016 confiteri;
2948 2950 3227 3007 Cautiuum
3274 2955 3453 3003 autem
3497 2949 3718 3015 episco-

2141 3061 2264 3116 pum
2306 3043 2554 3098 omnibus
2592 3041 2887 3096 sceleribus
2935 3042 3306 3104 criminosum,
3331 3038 3720 3108 indignumque

2138 3135 2228 3204 qui
2255 3133 2612 3191 sacerdotium
2644 3131 2919 3186 debuisset
2937 3129 3176 3200 adipisci.

2210 3227 2321 3282 XI.
2350 3225 2588 3295 Denique
2613 3223 2640 3262 ι
2667 3223 2920 3278 Cautinus
2963 3232 3233 3289 assumpto
3262 3221 3592 3290 episcopatu,
3621 3228 3714 3273 ta-

2143 3316 2247 3372 lem
2292 3331 2359 3372 se'
2396 3315 2646 3380 reddidit,
2676 3324 2729 3368 ut
2760 3314 2829 3368 ab
2855 3313 3104 3366 omnibus
3150 3322 3539 3376 exsecraretur,
3585 3313 3720 3368 vino

2144 3410 2279 3462 ultra
2301 3407 2514 3462 modum
2545 3405 2753 3461 deditus
2783 3423 2794 3457 :
2827 3420 2947 3458 nam
2986 3403 3295 3472 plerumque
3321 3402 3374 3456 in
3405 3410 3607 3455 tantum
3630 3403 3719 3455 in-

2145 3501 2467 3556 fundebatur
2498 3511 2645 3568 potu,
2677 3507 2734 3552 ut
2759 3497 2826 3552 de
2847 3497 3094 3551 convivio
3123 3495 3280 3567 150
3318 3494 3405 3549 vix
3427 3509 3456 3546 a
3487 3503 3721 3562 quatuor

2144 3602 2462 3662 portaretur.
2489 3591 2639 3648 Unde
2678 3590 2871 3644 factum
2903 3597 3006 3651 est,
3037 3597 3092 3640 ttt
3124 3587 3440 3657 epileptieus
3477 3585 3632 3639 ﬁeret
3660 3585 3720 3638 in

2142 3682 2593 3752 sequentizquod
2645 3681 2839 3748 sacpius
2888 3677 3096 3746 populis
3145 3675 3535 3730 manifestatum
3594 3675 3720 3728 luit.

2143 3773 2270 3828 Erat
2297 3773 2441 3827 enini
2465 3780 2519 3828 et
2546 3768 2780 3824 avaritia:
2811 3767 3071 3821 intantutn
3099 3764 3432 3827 incumbens,
3456 3773 3511 3816 ut
3537 3762 3722 3832 cujus-

2140 3878 2349 3933 cunque
2391 3861 2741 3932 possessionis
2775 3858 2910 3914 Iiues
2929 3858 3045 3927 ejus
3073 3858 3300 3911 termino
3330 3855 3715 3922 adhtesissent,

2140 3955 2410 4011 Interitum
2436 3952 2535 4008 sibi
2567 3959 2794 4020 putaret,
2819 3951 2862 4004 si
2904 3949 2972 4005 ab
3008 3947 3208 4004 eisdem
3237 3946 3434 4016 aliquid
3467 3962 3573 4000 non
3607 3947 3713 3999 tui-

2215 4141 2238 4169 ο
2282 4129 2412 4184 Mor.
2442 4144 2511 4190 ς..
2542 4142 2771 4180 anticum.

2210 4198 2237 4238 ⁸
2279 4203 2365 4254 Sic
2421 4199 2582 4251 (20th.
2618 4210 2669 4249 et
2708 4198 2919 4265 llegnu;
2951 4193 3126 4250 caueri
3173 4192 3315 4258 fere,
3349 4191 3487 4246 (una!
3521 4190 3721 4260 quinta:

2139 4271 2305 4327 stella:
2337 4269 2444 4334 alii,
2473 4267 2691 4321 stellam.

2150 4412 2162 4424 ο
2279 4329 2493 4408 Regum,
2528 4338 2617 4387 diu
2645 4353 2747 4390 non
2791 4343 2983 4406 poterat
3023 4345 3178 4387 stare.
3209 4333 3331 4387 Bec.
3365 4340 3419 4384 et
3461 4329 3620 4390 BelL.
3662 4346 3722 4383 se

2132 4411 2492 4548 “imago,
2517 4475 2742 4548 dirigens
2771 4475 3003 4528 Arvernis
3032 4474 3099 4526 ad
3121 4472 3288 4540 ﬁlium
3312 4487 3462 4525 suum
3487 4468 3711 4523 Claram-

2212 4648 2238 4686 ε
2283 4638 2396 4693 [ioc
2422 4637 2754 4707 caputdcest
2782 4634 2834 4688 in
2862 4633 2986 4704 Reg.
3021 4644 3073 4686 et
3095 4633 3249 4686 Coll).

2205 4726 2237 4767 ¹³
2277 4730 2505 4798 Aliquot,
2529 4727 2787 4798 suppetias
2810 4726 3177 4798 prwstitjssmit.
3199 4725 3253 4798 Et
3283 4733 3554 4798 pro_to'nm
3569 4723 3721 4798 Iba-

2135 4793 2618 4869 ringiant,'habent,
2646 4797 2951 4860 Tornacum,
2976 4794 3325 4869 Thort'ngium.
3353 4794 3550 4869 illarius
3569 4793 3721 4869 Thu-

2140 4865 2324 4939 rittgite
2353 4869 2780 4939 devastatitment
2803 4869 2872 4919 ob
2905 4866 3136 4939 prsestita
3167 4865 3465 4939 δειχυιιιιιιις
3500 4865 3706 4939 auxilia

2138 4932 2258 5009 post
2282 4941 2502 4992 alteram
2527 4933 3210 5009 illilotarii‘expeditionem
3233 4934 3517 5002 contigisse
3541 4932 3712 4986 refert

2140 5002 2229 5062 an.
2265 5009 2332 5063 15
2357 5009 2416 5062 P.
2440 5009 2501 5061 C.
2528 5007 2727 5068 Basilii,
2755 5005 2805 5057 id
2827 5012 2910 5058 est
2931 5002 3056 5068 556,
3092 5007 3318 5069 priorem
3347 5019 3487 5056 anno
3513 5019 3720 5071 praeco-

2139 5081 2309 5144 deuti,
2335 5093 2442 5147 quo
2461 5075 2876 5132 Theodebaldus
2901 5074 3050 5138 obiit,
3075 5077 3370 5142 consignat.

2217 5168 2234 5208 ί
2283 5169 2392 5222 Hoc
2418 5177 2579 5235 caput
2601 5181 2705 5220 non
2736 5165 2936 5220 habent
2955 5165 3115 5218 (ιω-ι).
3147 5175 3202 5235 et
3223 5164 3354 5217 Bell.

2217 5241 2231 5289 i
2271 5233 2565 5293 Concilium
2588 5237 2861 5290 'Aureliau.
2891 5250 2928 5288 Il
2950 5250 3090 5288 anno
3110 5233 3484 5295 555,cau..l5,
3508 5235 3722 5294 statuit,

2140 5321 2193 5363 ut
2213 5310 2436 5374 abbates,
2468 5306 2787 5376 martyrarii,
2819 5315 2946 5368 etc.,
2978 5305 3251 5376 oportetin,
3272 5305 3320 5356 id
3376 5313 3488 5376 est
3513 5303 3725 5376 litteras

2143 5373 2500 5441 dimissorias,
2526 5373 2651 5430 dare
2673 5393 2774 5429 non
2801 5384 3125 5441 primumut.
3145 5375 3436 5444 Martyrarii
3459 5373 3721 5444 diceban-

2143 5462 2252 5515 tur,
2277 5449 2415 5518 quud
2440 5458 2730 5518 martyrum
2761 5446 3013 5497 oratoriis
3037 5441 3349 5518 praeessent.
3374 5444 3453 5518 Et
3477 5441 3728 5518 formula

2148 5512 2536 5588 Atidegavetisi,
2570 5512 2717 5571 num.
2741 5518 2838 5588 d8,
2873 5525 3016 5568 tomo
3045 5514 3377 5588 IV_Ana|ect.
3412 5512 3736 5588 Mabillott_.,.

2147 5583 2414 5659 colligitur
2471 5583 2844 5656 martyrarium
2901 5585 3195 5639 "nutricula:
3251 5598 3346 5637 seu
3399 5583 3736 5636 n'tsocumiw

2147 5674 2434 5730 pauperum
2468 5659 2764 5730 praemissa

2217 5722 2380 5784 {Hoc
2424 5722 2582 5797 caput
2621 5729 2770 5781 dee~t
2800 5727 2849 5780 iu
2883 5726 3064 5786 Corli..
3116 5725 3267 5783 liell,
3315 5723 3439 5790 Reg.
3472 5731 3527 5776 et
3554 5722 3737 5776 Coll).-
