  <div class='ocr_page' id='page_1' title='image "/cluster/home/n/w/nwhite01/storage/ocr_20150623/71/hvd.32044054758750/144.png"; bbox 0 0 4006 6182; ppageno 0'>
   <div class='ocr_carea' id='block_1_1' title="bbox 285 257 376 311">
    <p class='ocr_par' dir='ltr' id='par_1_1' title="bbox 285 257 376 311">
     <span class='ocr_line' id='line_1_1' title="bbox 285 257 376 311; baseline 0 0"><span class='ocrx_word' id='word_1_1' title='bbox 285 257 376 311; x_wconf 74' lang='grc'><strong>277</strong></span> 
     </span>
    </p>
   </div>
   <div class='ocr_carea' id='block_1_2' title="bbox 1195 235 2618 306">
    <p class='ocr_par' dir='ltr' id='par_1_2' title="bbox 1195 235 2618 306">
     <span class='ocr_line' id='line_1_2' title="bbox 1195 235 2618 306; baseline -0.01 1"><span class='ocrx_word' id='word_1_2' title='bbox 1195 248 1512 306; x_wconf 65' lang='lat' dir='ltr'><strong>HISTORIA</strong></span> <span class='ocrx_word' id='word_1_3' title='bbox 1553 242 1990 299; x_wconf 73' lang='lat' dir='ltr'><strong>FRANCORUM.</strong></span> <span class='ocrx_word' id='word_1_4' title='bbox 2035 239 2237 294; x_wconf 83' lang='lat' dir='ltr'><strong>LIBER</strong></span> <span class='ocrx_word' id='word_1_5' title='bbox 2274 235 2618 303; x_wconf 80' lang='lat' dir='ltr'><strong>QUARTUS.</strong></span> 
     </span>
    </p>
   </div>
   <div class='ocr_carea' id='block_1_3' title="bbox 3405 230 3506 286">
    <p class='ocr_par' dir='ltr' id='par_1_3' title="bbox 3405 230 3506 286">
     <span class='ocr_line' id='line_1_3' title="bbox 3405 230 3506 286; baseline 0.04 -5"><span class='ocrx_word' id='word_1_6' title='bbox 3405 230 3506 286; x_wconf 77' lang='lat'><strong>‘278</strong></span> 
     </span>
    </p>
   </div>
   <div class='ocr_carea' id='block_1_4' title="bbox 281 346 3512 438">
    <p class='ocr_par' dir='ltr' id='par_1_4' title="bbox 281 346 3512 438">
     <span class='ocr_line' id='line_1_4' title="bbox 281 346 3512 438; baseline -0.009 -10"><span class='ocrx_word' id='word_1_7' title='bbox 281 373 486 428; x_wconf 84' lang='lat' dir='ltr'><strong>nuisset</strong></span> <span class='ocrx_word' id='word_1_8' title='bbox 511 390 524 425; x_wconf 89' lang='lat'>:</span> <span class='ocrx_word' id='word_1_9' title='bbox 557 378 613 427; x_wconf 91' lang='lat' dir='ltr'><strong>et</strong></span> <span class='ocrx_word' id='word_1_10' title='bbox 640 384 670 424; x_wconf 92' lang='lat' dir='ltr'><strong>a</strong></span> <span class='ocrx_word' id='word_1_11' title='bbox 692 366 982 438; x_wconf 77' lang='lat' dir='ltr'><strong>majoribus</strong></span> <span class='ocrx_word' id='word_1_12' title='bbox 1003 365 1214 438; x_wconf 85' lang='lat' dir='ltr'><strong>quidem</strong></span> <span class='ocrx_word' id='word_1_13' title='bbox 1233 382 1355 422; x_wconf 90' lang='lat' dir='ltr'><strong>cttm</strong></span> <span class='ocrx_word' id='word_1_14' title='bbox 1381 365 1494 419; x_wconf 77' lang='lat' dir='ltr'><strong>rixa</strong></span> <span class='ocrx_word' id='word_1_15' title='bbox 1511 373 1566 420; x_wconf 90' lang='lat' dir='ltr'><strong>et</strong></span> <span class='ocrx_word' id='word_1_16' title='bbox 1593 361 1846 417; x_wconf 88' lang='lat' dir='ltr'><strong>scandan</strong></span> <span class='ocrx_word' id='word_1_17' title='bbox 1878 363 1924 418; x_wconf 80' lang='grc' dir='ltr'><strong>Α</strong></span> <span class='ocrx_word' id='word_1_18' title='bbox 1954 366 2036 410; x_wconf 83' lang='lat' dir='ltr'><strong>tus</strong></span> <span class='ocrx_word' id='word_1_19' title='bbox 2065 353 2179 418; x_wconf 87' lang='lat' dir='ltr'><strong>fuit,</strong></span> <span class='ocrx_word' id='word_1_20' title='bbox 2211 361 2267 407; x_wconf 95' lang='lat' dir='ltr'><strong>ut</strong></span> <span class='ocrx_word' id='word_1_21' title='bbox 2294 352 2570 420; x_wconf 81' lang='lat' dir='ltr'><strong>presbyter</strong></span> <span class='ocrx_word' id='word_1_22' title='bbox 2589 362 2748 421; x_wconf 87' lang='lat' dir='ltr'><strong>caput</strong></span> <span class='ocrx_word' id='word_1_23' title='bbox 2778 352 2921 405; x_wconf 87' lang='lat' dir='ltr'><strong>foras</strong></span> <span class='ocrx_word' id='word_1_24' title='bbox 2946 350 3218 412; x_wconf 87' lang='lat' dir='ltr'><strong>educeret,</strong></span> <span class='ocrx_word' id='word_1_25' title='bbox 3253 346 3512 417; x_wconf 61' lang='lat' dir='ltr'><strong>majorem</strong></span> 
     </span>
    </p>
   </div>
   <div class='ocr_carea' id='block_1_5' title="bbox 280 451 1846 527">
    <p class='ocr_par' dir='ltr' id='par_1_5' title="bbox 280 451 1846 527">
     <span class='ocr_line' id='line_1_5' title="bbox 280 451 1846 527; baseline -0.011 -7"><span class='ocrx_word' id='word_1_26' title='bbox 280 462 576 527; x_wconf 86' lang='lat' dir='ltr'><strong>auferebat,</strong></span> <span class='ocrx_word' id='word_1_27' title='bbox 603 476 633 515; x_wconf 91' lang='lat' dir='ltr'><strong>a</strong></span> <span class='ocrx_word' id='word_1_28' title='bbox 666 459 963 515; x_wconf 84' lang='lat' dir='ltr'><strong>minoribus</strong></span> <span class='ocrx_word' id='word_1_29' title='bbox 1009 468 1186 511; x_wconf 90' lang='lat' dir='ltr'><strong>autem</strong></span> <span class='ocrx_word' id='word_1_30' title='bbox 1234 457 1497 512; x_wconf 86' lang='lat' dir='ltr'><strong>violenter</strong></span> <span class='ocrx_word' id='word_1_31' title='bbox 1541 451 1846 520; x_wconf 91' lang='lat' dir='ltr'><strong>diripiebat.</strong></span> 
     </span>
    </p>
   </div>
   <div class='ocr_carea' id='block_1_6' title="bbox 278 543 1852 621">
    <p class='ocr_par' dir='ltr' id='par_1_6' title="bbox 278 543 1852 621">
     <span class='ocr_line' id='line_1_6' title="bbox 278 543 1852 621; baseline -0.008 -14"><span class='ocrx_word' id='word_1_32' title='bbox 278 552 480 621; x_wconf 84' lang='lat' dir='ltr'><strong>Quibus</strong></span> <span class='ocrx_word' id='word_1_33' title='bbox 509 560 565 606; x_wconf 90' lang='lat' dir='ltr'><strong>et</strong></span> <span class='ocrx_word' id='word_1_34' title='bbox 592 566 622 604; x_wconf 92' lang='lat' dir='ltr'><strong>a</strong></span> <span class='ocrx_word' id='word_1_35' title='bbox 648 549 859 619; x_wconf 84' lang='lat' dir='ltr'><strong>quibus,</strong></span> <span class='ocrx_word' id='word_1_36' title='bbox 893 557 949 603; x_wconf 97' lang='grc' dir='ltr'><strong>ιιι</strong></span> <span class='ocrx_word' id='word_1_37' title='bbox 974 547 1171 604; x_wconf 85' lang='lat' dir='ltr'><strong>Sollius</strong></span> <span class='ocrx_word' id='word_1_38' title='bbox 1200 557 1226 584; x_wconf 71' lang='grc' dir='ltr'><strong>ι</strong></span> <span class='ocrx_word' id='word_1_39' title='bbox 1259 559 1439 601; x_wconf 85' lang='lat' dir='ltr'><strong>noster</strong></span> <span class='ocrx_word' id='word_1_40' title='bbox 1461 548 1555 611; x_wconf 90' lang='lat' dir='ltr'><strong>ait,</strong></span> <span class='ocrx_word' id='word_1_41' title='bbox 1589 564 1606 596; x_wconf 82' lang='grc' dir='ltr'><strong>ι</strong></span> <span class='ocrx_word' id='word_1_42' title='bbox 1632 559 1729 598; x_wconf 90' lang='lat' dir='ltr'><strong>nec</strong></span> <span class='ocrx_word' id='word_1_43' title='bbox 1758 543 1852 595; x_wconf 86' lang='lat' dir='ltr'><strong>da-</strong></span> 
     </span>
    </p>
   </div>
   <div class='ocr_carea' id='block_1_7' title="bbox 279 637 1850 710">
    <p class='ocr_par' dir='ltr' id='par_1_7' title="bbox 279 637 1850 710">
     <span class='ocr_line' id='line_1_7' title="bbox 279 637 1850 710; baseline -0.008 -14"><span class='ocrx_word' id='word_1_44' title='bbox 279 643 368 696; x_wconf 88' lang='lat' dir='ltr'><strong>bat</strong></span> <span class='ocrx_word' id='word_1_45' title='bbox 404 639 581 710; x_wconf 89' lang='lat' dir='ltr'><strong>pretia</strong></span> <span class='ocrx_word' id='word_1_46' title='bbox 623 647 1124 704; x_wconf 34' lang='lat' dir='ltr'><strong>contemnens,,nec</strong></span> <span class='ocrx_word' id='word_1_47' title='bbox 1160 637 1453 702; x_wconf 83' lang='lat' dir='ltr'><strong>accipiebat</strong></span> <span class='ocrx_word' id='word_1_48' title='bbox 1499 637 1850 687; x_wconf 87' lang='lat' dir='ltr'><strong>instrumenta</strong></span> 
     </span>
    </p>
   </div>
   <div class='ocr_carea' id='block_1_8' title="bbox 277 722 1852 798">
    <p class='ocr_par' dir='ltr' id='par_1_8' title="bbox 277 722 1852 798">
     <span class='ocr_line' id='line_1_8' title="bbox 277 722 1852 798; baseline -0.007 -13"><span class='ocrx_word' id='word_1_49' title='bbox 277 731 642 798; x_wconf 86' lang='lat' dir='ltr'><strong>desperans.s</strong></span> <span class='ocrx_word' id='word_1_50' title='bbox 697 729 824 782; x_wconf 84' lang='lat' dir='ltr'><strong>Erat</strong></span> <span class='ocrx_word' id='word_1_51' title='bbox 875 731 1018 783; x_wconf 89' lang='lat' dir='ltr'><strong>enim</strong></span> <span class='ocrx_word' id='word_1_52' title='bbox 1072 734 1196 780; x_wconf 92' lang='lat' dir='ltr'><strong>tunc</strong></span> <span class='ocrx_word' id='word_1_53' title='bbox 1246 724 1500 792; x_wconf 87' lang='lat' dir='ltr'><strong>temporis</strong></span> <span class='ocrx_word' id='word_1_54' title='bbox 1542 722 1852 776; x_wconf 71' lang='lat' dir='ltr'><strong>Anastasius</strong></span> 
     </span>
    </p>
   </div>
   <div class='ocr_carea' id='block_1_9' title="bbox 282 811 1854 892">
    <p class='ocr_par' dir='ltr' id='par_1_9' title="bbox 282 811 1854 892">
     <span class='ocr_line' id='line_1_9' title="bbox 282 811 1854 892; baseline -0.009 -16"><span class='ocrx_word' id='word_1_55' title='bbox 282 821 582 892; x_wconf 76' lang='lat' dir='ltr'><strong>presbyter,</strong></span> <span class='ocrx_word' id='word_1_56' title='bbox 613 819 876 888; x_wconf 86' lang='lat' dir='ltr'><strong>ingenuus</strong></span> <span class='ocrx_word' id='word_1_57' title='bbox 900 831 1120 882; x_wconf 79' lang='lat' dir='ltr'><strong>genere,</strong></span> <span class='ocrx_word' id='word_1_58' title='bbox 1150 815 1236 882; x_wconf 81' lang='lat' dir='ltr'><strong>qui</strong></span> <span class='ocrx_word' id='word_1_59' title='bbox 1262 831 1354 884; x_wconf 91' lang='lat' dir='ltr'><strong>per</strong></span> <span class='ocrx_word' id='word_1_60' title='bbox 1378 814 1590 871; x_wconf 85' lang='lat' dir='ltr'><strong>chartas</strong></span> <span class='ocrx_word' id='word_1_61' title='bbox 1609 811 1854 882; x_wconf 72' lang='lat' dir='ltr'><strong>gloriosa:</strong></span> 
     </span>
    </p>
   </div>
   <div class='ocr_carea' id='block_1_10' title="bbox 281 902 1853 975">
    <p class='ocr_par' dir='ltr' id='par_1_10' title="bbox 281 902 1853 975">
     <span class='ocr_line' id='line_1_10' title="bbox 281 902 1853 975; baseline -0.008 -9"><span class='ocrx_word' id='word_1_62' title='bbox 281 909 558 966; x_wconf 60' lang='lat' dir='ltr'><strong>metuaris</strong></span> <span class='ocrx_word' id='word_1_63' title='bbox 586 907 984 963; x_wconf 84' lang='lat' dir='ltr'><strong>Chrotecbildis</strong></span> <span class='ocrx_word' id='word_1_64' title='bbox 1013 908 1208 975; x_wconf 68' lang='lat' dir='ltr'><strong>reginae</strong></span> <span class='ocrx_word' id='word_1_65' title='bbox 1229 906 1604 974; x_wconf 85' lang='lat' dir='ltr'><strong>preprietatem</strong></span> <span class='ocrx_word' id='word_1_66' title='bbox 1623 902 1853 969; x_wconf 83' lang='lat' dir='ltr'><strong>aliquam</strong></span> 
     </span>
    </p>
   </div>
   <div class='ocr_carea' id='block_1_11' title="bbox 282 992 1856 1069">
    <p class='ocr_par' dir='ltr' id='par_1_11' title="bbox 282 992 1856 1069">
     <span class='ocr_line' id='line_1_11' title="bbox 282 992 1856 1069; baseline -0.006 -13"><span class='ocrx_word' id='word_1_67' title='bbox 282 1001 591 1069; x_wconf 80' lang='lat' dir='ltr'><strong>possidebat</strong></span> <span class='ocrx_word' id='word_1_68' title='bbox 622 1016 636 1051; x_wconf 92' lang='lat'><strong>:</strong></span> <span class='ocrx_word' id='word_1_69' title='bbox 669 1013 827 1067; x_wconf 87' lang='lat' dir='ltr'><strong>quem</strong></span> <span class='ocrx_word' id='word_1_70' title='bbox 863 997 1175 1065; x_wconf 87' lang='lat' dir='ltr'><strong>plerumque</strong></span> <span class='ocrx_word' id='word_1_71' title='bbox 1220 1003 1538 1049; x_wconf 87' lang='lat' dir='ltr'><strong>conventum</strong></span> <span class='ocrx_word' id='word_1_72' title='bbox 1573 992 1856 1061; x_wconf 89' lang='lat' dir='ltr'><strong>episcopus</strong></span> 
     </span>
    </p>
   </div>
   <div class='ocr_carea' id='block_1_12' title="bbox 281 1085 1858 1161">
    <p class='ocr_par' dir='ltr' id='par_1_12' title="bbox 281 1085 1858 1161">
     <span class='ocr_line' id='line_1_12' title="bbox 281 1085 1858 1161; baseline -0.01 -13"><span class='ocrx_word' id='word_1_73' title='bbox 281 1091 508 1161; x_wconf 75' lang='lat' dir='ltr'><strong>rogabat</strong></span> <span class='ocrx_word' id='word_1_74' title='bbox 534 1089 806 1143; x_wconf 90' lang='lat' dir='ltr'><strong>humiliter</strong></span> <span class='ocrx_word' id='word_1_75' title='bbox 827 1102 890 1142; x_wconf 91' lang='lat' dir='ltr'><strong>ac</strong></span> <span class='ocrx_word' id='word_1_76' title='bbox 918 1086 1248 1152; x_wconf 85' lang='lat' dir='ltr'><strong>suppliciter,</strong></span> <span class='ocrx_word' id='word_1_77' title='bbox 1273 1095 1327 1138; x_wconf 91' lang='lat' dir='ltr'><strong>ut</strong></span> <span class='ocrx_word' id='word_1_78' title='bbox 1353 1085 1399 1138; x_wconf 94' lang='lat' dir='ltr'><strong>ei</strong></span> <span class='ocrx_word' id='word_1_79' title='bbox 1432 1087 1645 1136; x_wconf 81' lang='lat' dir='ltr'><strong>chartas</strong></span> <span class='ocrx_word' id='word_1_80' title='bbox 1673 1097 1858 1149; x_wconf 88' lang='lat' dir='ltr'><strong>supra-</strong></span> 
     </span>
    </p>
   </div>
   <div class='ocr_carea' id='block_1_13' title="bbox 281 1170 1860 1247">
    <p class='ocr_par' dir='ltr' id='par_1_13' title="bbox 281 1170 1860 1247">
     <span class='ocr_line' id='line_1_13' title="bbox 281 1170 1860 1247; baseline -0.008 -11"><span class='ocrx_word' id='word_1_81' title='bbox 281 1180 439 1236; x_wconf 77' lang='lat' dir='ltr'><strong>dicta:</strong></span> <span class='ocrx_word' id='word_1_82' title='bbox 470 1179 672 1247; x_wconf 71' lang='lat' dir='ltr'><strong>regina:</strong></span> <span class='ocrx_word' id='word_1_83' title='bbox 701 1178 882 1245; x_wconf 70' lang='lat' dir='ltr'><strong>daret,</strong></span> <span class='ocrx_word' id='word_1_84' title='bbox 906 1175 1114 1243; x_wconf 77' lang='lat' dir='ltr'><strong>sibique</strong></span> <span class='ocrx_word' id='word_1_85' title='bbox 1145 1173 1539 1243; x_wconf 79' lang='lat' dir='ltr'><strong>possessionem</strong></span> <span class='ocrx_word' id='word_1_86' title='bbox 1571 1173 1706 1226; x_wconf 88' lang='lat' dir='ltr'><strong>hanc</strong></span> <span class='ocrx_word' id='word_1_87' title='bbox 1735 1170 1860 1224; x_wconf 83' lang='lat' dir='ltr'><strong>sub-</strong></span> 
     </span>
    </p>
   </div>
   <div class='ocr_carea' id='block_1_14' title="bbox 284 1261 1861 1329">
    <p class='ocr_par' dir='ltr' id='par_1_14' title="bbox 284 1261 1861 1329">
     <span class='ocr_line' id='line_1_14' title="bbox 284 1261 1861 1329; baseline -0.005 -6"><span class='ocrx_word' id='word_1_88' title='bbox 284 1268 459 1323; x_wconf 86' lang='lat' dir='ltr'><strong>deret.</strong></span> <span class='ocrx_word' id='word_1_89' title='bbox 483 1266 589 1323; x_wconf 87' lang='lat' dir='ltr'><strong>Sed</strong></span> <span class='ocrx_word' id='word_1_90' title='bbox 608 1266 833 1320; x_wconf 89' lang='lat' dir='ltr'><strong>illecum</strong></span> <span class='ocrx_word' id='word_1_91' title='bbox 859 1265 1186 1318; x_wconf 79' lang='lat' dir='ltr'><strong>voluntatem</strong></span> <span class='ocrx_word' id='word_1_92' title='bbox 1202 1261 1497 1316; x_wconf 82' lang='lat' dir='ltr'><strong>sacerdotis</strong></span> <span class='ocrx_word' id='word_1_93' title='bbox 1517 1261 1598 1315; x_wconf 89' lang='lat' dir='ltr'><strong>sui</strong></span> <span class='ocrx_word' id='word_1_94' title='bbox 1640 1261 1861 1329; x_wconf 90' lang='lat' dir='ltr'><strong>implere</strong></span> 
     </span>
    </p>
   </div>
   <div class='ocr_carea' id='block_1_15' title="bbox 283 1353 1859 1425">
    <p class='ocr_par' dir='ltr' id='par_1_15' title="bbox 283 1353 1859 1425">
     <span class='ocr_line' id='line_1_15' title="bbox 283 1353 1859 1425; baseline -0.004 -14"><span class='ocrx_word' id='word_1_95' title='bbox 283 1356 544 1420; x_wconf 69' lang='lat' dir='ltr'><strong>diﬂerret,</strong></span> <span class='ocrx_word' id='word_1_96' title='bbox 561 1369 789 1425; x_wconf 89' lang='lat' dir='ltr'><strong>eumque</strong></span> <span class='ocrx_word' id='word_1_97' title='bbox 801 1354 1079 1423; x_wconf 77' lang='lat' dir='ltr'><strong>episcOpus</strong></span> <span class='ocrx_word' id='word_1_98' title='bbox 1091 1368 1231 1408; x_wconf 90' lang='lat' dir='ltr'><strong>nunc</strong></span> <span class='ocrx_word' id='word_1_99' title='bbox 1244 1353 1510 1407; x_wconf 87' lang='lat' dir='ltr'><strong>blanditiis</strong></span> <span class='ocrx_word' id='word_1_100' title='bbox 1524 1367 1750 1422; x_wconf 87' lang='lat' dir='ltr'><strong>provoca</strong></span> <span class='ocrx_word' id='word_1_101' title='bbox 1759 1361 1859 1420; x_wconf 90' lang='lat' dir='ltr'><strong>ret,</strong></span> 
     </span>
    </p>
   </div>
   <div class='ocr_carea' id='block_1_16' title="bbox 286 1445 1860 1510">
    <p class='ocr_par' dir='ltr' id='par_1_16' title="bbox 286 1445 1860 1510">
     <span class='ocr_line' id='line_1_16' title="bbox 286 1445 1860 1510; baseline -0.001 -8"><span class='ocrx_word' id='word_1_102' title='bbox 286 1462 430 1502; x_wconf 87' lang='lat' dir='ltr'><strong>nunc</strong></span> <span class='ocrx_word' id='word_1_103' title='bbox 459 1447 621 1501; x_wconf 85' lang='lat' dir='ltr'><strong>minis</strong></span> <span class='ocrx_word' id='word_1_104' title='bbox 649 1454 897 1510; x_wconf 86' lang='lat' dir='ltr'><strong>terreret,</strong></span> <span class='ocrx_word' id='word_1_105' title='bbox 924 1445 990 1498; x_wconf 88' lang='lat' dir='ltr'><strong>ad</strong></span> <span class='ocrx_word' id='word_1_106' title='bbox 1037 1445 1279 1500; x_wconf 85' lang='lat' dir='ltr'><strong>ultimum</strong></span> <span class='ocrx_word' id='word_1_107' title='bbox 1311 1445 1531 1498; x_wconf 87' lang='lat' dir='ltr'><strong>invitum</strong></span> <span class='ocrx_word' id='word_1_108' title='bbox 1565 1447 1684 1500; x_wconf 83' lang='lat' dir='ltr'><strong>urbi</strong></span> <span class='ocrx_word' id='word_1_109' title='bbox 1708 1445 1860 1501; x_wconf 78' lang='lat' dir='ltr'><strong>exhi-</strong></span> 
     </span>
    </p>
   </div>
   <div class='ocr_carea' id='block_1_17' title="bbox 287 1533 1865 1605">
    <p class='ocr_par' dir='ltr' id='par_1_17' title="bbox 287 1533 1865 1605">
     <span class='ocr_line' id='line_1_17' title="bbox 287 1533 1865 1605; baseline -0.003 -12"><span class='ocrx_word' id='word_1_110' title='bbox 287 1537 401 1593; x_wconf 83' lang='lat' dir='ltr'><strong>beri</strong></span> <span class='ocrx_word' id='word_1_111' title='bbox 437 1536 720 1605; x_wconf 66' lang='lat' dir='ltr'><strong>praicepit,</strong></span> <span class='ocrx_word' id='word_1_112' title='bbox 744 1533 921 1604; x_wconf 89' lang='lat' dir='ltr'><strong>ibique</strong></span> <span class='ocrx_word' id='word_1_113' title='bbox 952 1535 1287 1603; x_wconf 89' lang='lat' dir='ltr'><strong>impudenter</strong></span> <span class='ocrx_word' id='word_1_114' title='bbox 1316 1536 1513 1600; x_wconf 86' lang='lat' dir='ltr'><strong>teneri;</strong></span> <span class='ocrx_word' id='word_1_115' title='bbox 1544 1545 1618 1602; x_wconf 91' lang='lat' dir='ltr'><strong>et,</strong></span> <span class='ocrx_word' id='word_1_116' title='bbox 1647 1535 1744 1589; x_wconf 91' lang='lat' dir='ltr'><strong>nisi</strong></span> <span class='ocrx_word' id='word_1_117' title='bbox 1777 1536 1865 1589; x_wconf 83' lang='lat' dir='ltr'><strong>in-</strong></span> 
     </span>
    </p>
   </div>
   <div class='ocr_carea' id='block_1_18' title="bbox 286 1625 1849 1694">
    <p class='ocr_par' dir='ltr' id='par_1_18' title="bbox 286 1625 1849 1694">
     <span class='ocr_line' id='line_1_18' title="bbox 286 1625 1849 1694; baseline -0.001 -12"><span class='ocrx_word' id='word_1_118' title='bbox 286 1635 584 1683; x_wconf 83' lang='lat' dir='ltr'><strong>strumenta</strong></span> <span class='ocrx_word' id='word_1_119' title='bbox 612 1627 785 1688; x_wconf 90' lang='lat' dir='ltr'><strong>daret,</strong></span> <span class='ocrx_word' id='word_1_120' title='bbox 810 1625 1017 1694; x_wconf 88' lang='lat' dir='ltr'><strong>injuriis</strong></span> <span class='ocrx_word' id='word_1_121' title='bbox 1045 1625 1183 1680; x_wconf 84' lang='lat' dir='ltr'><strong>affici</strong></span> <span class='ocrx_word' id='word_1_122' title='bbox 1224 1636 1277 1679; x_wconf 93' lang='lat' dir='ltr'><strong>et</strong></span> <span class='ocrx_word' id='word_1_123' title='bbox 1307 1625 1444 1680; x_wconf 90' lang='lat' dir='ltr'><strong>fame</strong></span> <span class='ocrx_word' id='word_1_124' title='bbox 1473 1625 1849 1694; x_wconf 88' lang='lat' dir='ltr'><strong>necarijussit.</strong></span> 
     </span>
    </p>
   </div>
   <div class='ocr_carea' id='block_1_19' title="bbox 1953 441 3516 515">
    <p class='ocr_par' dir='ltr' id='par_1_19' title="bbox 1953 441 3516 515">
     <span class='ocr_line' id='line_1_19' title="bbox 1953 441 3516 515; baseline -0.004 -15"><span class='ocrx_word' id='word_1_125' title='bbox 1953 463 2059 515; x_wconf 91' lang='lat' dir='ltr'><strong>quo</strong></span> <span class='ocrx_word' id='word_1_126' title='bbox 2101 457 2240 500; x_wconf 91' lang='lat' dir='ltr'><strong>totus</strong></span> <span class='ocrx_word' id='word_1_127' title='bbox 2266 448 2609 515; x_wconf 72' lang='lat' dir='ltr'><strong>egrederetur</strong></span> <span class='ocrx_word' id='word_1_128' title='bbox 2642 445 2839 498; x_wconf 84' lang='lat' dir='ltr'><strong>aditum</strong></span> <span class='ocrx_word' id='word_1_129' title='bbox 2872 443 3092 497; x_wconf 86' lang='lat' dir='ltr'><strong>liberius</strong></span> <span class='ocrx_word' id='word_1_130' title='bbox 3130 441 3406 512; x_wconf 82' lang='lat' dir='ltr'><strong>patefecit.</strong></span> <span class='ocrx_word' id='word_1_131' title='bbox 3433 441 3516 494; x_wconf 78' lang='grc' dir='ltr'>Ιιι·</span> 
     </span>
    </p>
   </div>
   <div class='ocr_carea' id='block_1_20' title="bbox 1955 532 3521 608">
    <p class='ocr_par' dir='ltr' id='par_1_20' title="bbox 1955 532 3521 608">
     <span class='ocr_line' id='line_1_20' title="bbox 1955 532 3521 608; baseline -0.002 -15"><span class='ocrx_word' id='word_1_132' title='bbox 1955 549 2097 593; x_wconf 82' lang='lat' dir='ltr'><strong>terea</strong></span> <span class='ocrx_word' id='word_1_133' title='bbox 2151 537 2514 608; x_wconf 88' lang='lat' dir='ltr'><strong>operientibus</strong></span> <span class='ocrx_word' id='word_1_134' title='bbox 2570 536 2844 591; x_wconf 88' lang='lat' dir='ltr'><strong>nocturnis</strong></span> <span class='ocrx_word' id='word_1_135' title='bbox 2907 534 3142 590; x_wconf 87' lang='lat' dir='ltr'><strong>tenebris</strong></span> <span class='ocrx_word' id='word_1_136' title='bbox 3195 532 3372 599; x_wconf 89' lang='lat' dir='ltr'><strong>diem,</strong></span> <span class='ocrx_word' id='word_1_137' title='bbox 3421 550 3521 590; x_wconf 87' lang='lat' dir='ltr'><strong>nec</strong></span> 
     </span>
    </p>
   </div>
   <div class='ocr_carea' id='block_1_21' title="bbox 1954 625 3520 698">
    <p class='ocr_par' dir='ltr' id='par_1_21' title="bbox 1954 625 3520 698">
     <span class='ocr_line' id='line_1_21' title="bbox 1954 625 3520 698; baseline -0.003 -16"><span class='ocrx_word' id='word_1_138' title='bbox 1954 629 2129 683; x_wconf 87' lang='lat' dir='ltr'><strong>adhuc</strong></span> <span class='ocrx_word' id='word_1_139' title='bbox 2155 644 2533 698; x_wconf 87' lang='lat' dir='ltr'><strong>usquequaque</strong></span> <span class='ocrx_word' id='word_1_140' title='bbox 2563 626 2946 691; x_wconf 85' lang='lat' dir='ltr'><strong>dilfusis,aliud</strong></span> <span class='ocrx_word' id='word_1_141' title='bbox 2970 633 3170 694; x_wconf 67' lang='lat' dir='ltr'><strong>cryptze</strong></span> <span class='ocrx_word' id='word_1_142' title='bbox 3201 625 3394 677; x_wconf 88' lang='lat' dir='ltr'><strong>ostium</strong></span> <span class='ocrx_word' id='word_1_143' title='bbox 3428 640 3520 693; x_wconf 84' lang='lat' dir='ltr'><strong>pe-</strong></span> 
     </span>
    </p>
   </div>
   <div class='ocr_carea' id='block_1_22' title="bbox 1956 714 3524 783">
    <p class='ocr_par' dir='ltr' id='par_1_22' title="bbox 1956 714 3524 783">
     <span class='ocr_line' id='line_1_22' title="bbox 1956 714 3524 783; baseline -0.006 -8"><span class='ocrx_word' id='word_1_144' title='bbox 1956 724 2020 775; x_wconf 91' lang='lat' dir='ltr'><strong>tit</strong></span> <span class='ocrx_word' id='word_1_145' title='bbox 2051 737 2067 778; x_wconf 88' lang='lat'><strong>:</strong></span> <span class='ocrx_word' id='word_1_146' title='bbox 2097 731 2211 775; x_wconf 90' lang='lat' dir='ltr'><strong>erat</strong></span> <span class='ocrx_word' id='word_1_147' title='bbox 2239 721 2381 775; x_wconf 87' lang='lat' dir='ltr'><strong>enim</strong></span> <span class='ocrx_word' id='word_1_148' title='bbox 2412 720 2545 772; x_wconf 82' lang='lat' dir='ltr'><strong>seris</strong></span> <span class='ocrx_word' id='word_1_149' title='bbox 2569 716 2876 772; x_wconf 83' lang='lat' dir='ltr'><strong>fortissimis</strong></span> <span class='ocrx_word' id='word_1_150' title='bbox 2905 715 3177 783; x_wconf 81' lang='lat' dir='ltr'><strong>clavisque</strong></span> <span class='ocrx_word' id='word_1_151' title='bbox 3201 714 3524 767; x_wconf 81' lang='lat' dir='ltr'><strong>firmissimis</strong></span> 
     </span>
    </p>
   </div>
   <div class='ocr_carea' id='block_1_23' title="bbox 1955 805 3524 877">
    <p class='ocr_par' dir='ltr' id='par_1_23' title="bbox 1955 805 3524 877">
     <span class='ocr_line' id='line_1_23' title="bbox 1955 805 3524 877; baseline -0.007 -10"><span class='ocrx_word' id='word_1_152' title='bbox 1955 814 2290 877; x_wconf 80' lang='lat' dir='ltr'><strong>obseratum;</strong></span> <span class='ocrx_word' id='word_1_153' title='bbox 2324 819 2689 866; x_wconf 79' lang='lat' dir='ltr'><strong>verumtamen</strong></span> <span class='ocrx_word' id='word_1_154' title='bbox 2722 824 2824 862; x_wconf 92' lang='lat' dir='ltr'><strong>non</strong></span> <span class='ocrx_word' id='word_1_155' title='bbox 2852 817 2968 861; x_wconf 88' lang='lat' dir='ltr'><strong>erat</strong></span> <span class='ocrx_word' id='word_1_156' title='bbox 3017 807 3089 859; x_wconf 89' lang='lat' dir='ltr'><strong>ita</strong></span> <span class='ocrx_word' id='word_1_157' title='bbox 3128 805 3435 873; x_wconf 78' lang='lat' dir='ltr'><strong>levigatam,</strong></span> <span class='ocrx_word' id='word_1_158' title='bbox 3471 815 3524 857; x_wconf 84' lang='lat' dir='ltr'><strong>ut</strong></span> 
     </span>
    </p>
   </div>
   <div class='ocr_carea' id='block_1_24' title="bbox 1958 896 3525 971">
    <p class='ocr_par' dir='ltr' id='par_1_24' title="bbox 1958 896 3525 971">
     <span class='ocr_line' id='line_1_24' title="bbox 1958 896 3525 971; baseline -0.007 -11"><span class='ocrx_word' id='word_1_159' title='bbox 1958 905 2096 960; x_wconf 86' lang='lat' dir='ltr'><strong>inter</strong></span> <span class='ocrx_word' id='word_1_160' title='bbox 2130 905 2328 960; x_wconf 88' lang='lat' dir='ltr'><strong>tabulas</strong></span> <span class='ocrx_word' id='word_1_161' title='bbox 2358 903 2595 971; x_wconf 84' lang='lat' dir='ltr'><strong>aspicere</strong></span> <span class='ocrx_word' id='word_1_162' title='bbox 2625 903 2781 954; x_wconf 92' lang='lat' dir='ltr'><strong>homo</strong></span> <span class='ocrx_word' id='word_1_163' title='bbox 2813 916 2917 954; x_wconf 90' lang='lat' dir='ltr'><strong>non</strong></span> <span class='ocrx_word' id='word_1_164' title='bbox 2946 907 3144 967; x_wconf 86' lang='lat' dir='ltr'><strong>posset.</strong></span> <span class='ocrx_word' id='word_1_165' title='bbox 3176 901 3253 950; x_wconf 83' lang='lat' dir='ltr'><strong>Ad</strong></span> <span class='ocrx_word' id='word_1_166' title='bbox 3285 896 3380 949; x_wconf 86' lang='lat' dir='ltr'><strong>hos</strong></span> <span class='ocrx_word' id='word_1_167' title='bbox 3411 896 3525 949; x_wconf 90' lang='lat' dir='ltr'><strong>adi-</strong></span> 
     </span>
    </p>
   </div>
   <div class='ocr_carea' id='block_1_25' title="bbox 1960 989 3525 1065">
    <p class='ocr_par' dir='ltr' id='par_1_25' title="bbox 1960 989 3525 1065">
     <span class='ocr_line' id='line_1_25' title="bbox 1960 989 3525 1065; baseline -0.007 -14"><span class='ocrx_word' id='word_1_168' title='bbox 1960 1008 2045 1052; x_wconf 85' lang='lat' dir='ltr'><strong>tus</strong></span> <span class='ocrx_word' id='word_1_169' title='bbox 2093 998 2370 1065; x_wconf 85' lang='lat' dir='ltr'><strong>presbyter</strong></span> <span class='ocrx_word' id='word_1_170' title='bbox 2400 1003 2559 1062; x_wconf 91' lang='lat' dir='ltr'><strong>caput</strong></span> <span class='ocrx_word' id='word_1_171' title='bbox 2595 995 2841 1060; x_wconf 87' lang='lat' dir='ltr'><strong>reclinat,</strong></span> <span class='ocrx_word' id='word_1_172' title='bbox 2876 991 3212 1058; x_wconf 84' lang='lat' dir='ltr'><strong>advertitque</strong></span> <span class='ocrx_word' id='word_1_173' title='bbox 3257 989 3525 1041; x_wconf 81' lang='lat' dir='ltr'><strong>hominem</strong></span> 
     </span>
    </p>
   </div>
   <div class='ocr_carea' id='block_1_26' title="bbox 1960 1078 3526 1151">
    <p class='ocr_par' dir='ltr' id='par_1_26' title="bbox 1960 1078 3526 1151">
     <span class='ocr_line' id='line_1_26' title="bbox 1960 1078 3526 1151; baseline -0.006 -13"><span class='ocrx_word' id='word_1_174' title='bbox 1960 1089 2097 1139; x_wconf 91' lang='lat' dir='ltr'><strong>viam</strong></span> <span class='ocrx_word' id='word_1_175' title='bbox 2140 1093 2567 1151; x_wconf 68' lang='lat' dir='ltr'><strong>praetereuntem.</strong></span> <span class='ocrx_word' id='word_1_176' title='bbox 2604 1083 2775 1145; x_wconf 80' lang='lat' dir='ltr'><strong>Hunc,</strong></span> <span class='ocrx_word' id='word_1_177' title='bbox 2811 1081 2933 1134; x_wconf 90' lang='lat' dir='ltr'><strong>licet</strong></span> <span class='ocrx_word' id='word_1_178' title='bbox 2978 1095 3109 1133; x_wconf 86' lang='lat' dir='ltr'><strong>voce</strong></span> <span class='ocrx_word' id='word_1_179' title='bbox 3155 1078 3320 1140; x_wconf 89' lang='lat' dir='ltr'><strong>tenui,</strong></span> <span class='ocrx_word' id='word_1_180' title='bbox 3355 1086 3526 1131; x_wconf 86' lang='lat' dir='ltr'><strong>vocat.</strong></span> 
     </span>
    </p>
   </div>
   <div class='ocr_carea' id='block_1_27' title="bbox 1963 1167 3528 1239">
    <p class='ocr_par' dir='ltr' id='par_1_27' title="bbox 1963 1167 3528 1239">
     <span class='ocr_line' id='line_1_27' title="bbox 1963 1167 3528 1239; baseline -0.006 -9"><span class='ocrx_word' id='word_1_181' title='bbox 1963 1176 2189 1230; x_wconf 68' lang='lat' dir='ltr'><strong>Exaudi’t</strong></span> <span class='ocrx_word' id='word_1_182' title='bbox 2214 1175 2324 1239; x_wconf 79' lang='lat' dir='ltr'><strong>ille,</strong></span> <span class='ocrx_word' id='word_1_183' title='bbox 2353 1189 2451 1228; x_wconf 91' lang='lat' dir='ltr'><strong>nec</strong></span> <span class='ocrx_word' id='word_1_184' title='bbox 2488 1187 2656 1235; x_wconf 91' lang='lat' dir='ltr'><strong>mora,</strong></span> <span class='ocrx_word' id='word_1_185' title='bbox 2684 1186 2923 1226; x_wconf 88' lang='lat' dir='ltr'><strong>securem</strong></span> <span class='ocrx_word' id='word_1_186' title='bbox 2948 1184 3104 1223; x_wconf 88' lang='lat' dir='ltr'><strong>mauu</strong></span> <span class='ocrx_word' id='word_1_187' title='bbox 3135 1178 3340 1230; x_wconf 91' lang='lat' dir='ltr'><strong>tenens,</strong></span> <span class='ocrx_word' id='word_1_188' title='bbox 3369 1167 3528 1221; x_wconf 87' lang='lat' dir='ltr'><strong>sudes</strong></span> 
     </span>
    </p>
   </div>
   <div class='ocr_carea' id='block_1_28' title="bbox 1965 1259 3529 1336">
    <p class='ocr_par' dir='ltr' id='par_1_28' title="bbox 1965 1259 3529 1336">
     <span class='ocr_line' id='line_1_28' title="bbox 1965 1259 3529 1336; baseline -0.008 -15"><span class='ocrx_word' id='word_1_189' title='bbox 1965 1268 2191 1336; x_wconf 88' lang='lat' dir='ltr'><strong>ligneas,</strong></span> <span class='ocrx_word' id='word_1_190' title='bbox 2222 1266 2412 1333; x_wconf 86' lang='lat' dir='ltr'><strong>quibus</strong></span> <span class='ocrx_word' id='word_1_191' title='bbox 2435 1280 2569 1319; x_wconf 77' lang='lat' dir='ltr'><strong>sene</strong></span> <span class='ocrx_word' id='word_1_192' title='bbox 2595 1262 3027 1324; x_wconf 86' lang='lat' dir='ltr'><strong>continebantur,</strong></span> <span class='ocrx_word' id='word_1_193' title='bbox 3061 1259 3268 1320; x_wconf 89' lang='lat' dir='ltr'><strong>incidit,</strong></span> <span class='ocrx_word' id='word_1_194' title='bbox 3299 1259 3529 1311; x_wconf 88' lang='lat' dir='ltr'><strong>aditum-</strong></span> 
     </span>
    </p>
   </div>
   <div class='ocr_carea' id='block_1_29' title="bbox 1963 1350 3530 1427">
    <p class='ocr_par' dir='ltr' id='par_1_29' title="bbox 1963 1350 3530 1427">
     <span class='ocr_line' id='line_1_29' title="bbox 1963 1350 3530 1427; baseline -0.008 -15"><span class='ocrx_word' id='word_1_195' title='bbox 1963 1373 2066 1426; x_wconf 88' lang='lat' dir='ltr'><strong>que</strong></span> <span class='ocrx_word' id='word_1_196' title='bbox 2117 1357 2425 1427; x_wconf 85' lang='lat' dir='ltr'><strong>presbytero</strong></span> <span class='ocrx_word' id='word_1_197' title='bbox 2472 1353 2742 1423; x_wconf 83' lang='lat' dir='ltr'><strong>patefecit.</strong></span> <span class='ocrx_word' id='word_1_198' title='bbox 2774 1354 2841 1406; x_wconf 85' lang='lat' dir='ltr'><strong>At</strong></span> <span class='ocrx_word' id='word_1_199' title='bbox 2887 1351 2974 1406; x_wconf 91' lang='lat' dir='ltr'><strong>ille</strong></span> <span class='ocrx_word' id='word_1_200' title='bbox 3017 1350 3083 1404; x_wconf 92' lang='lat' dir='ltr'><strong>de</strong></span> <span class='ocrx_word' id='word_1_201' title='bbox 3115 1358 3270 1403; x_wconf 89' lang='lat' dir='ltr'><strong>nocte</strong></span> <span class='ocrx_word' id='word_1_202' title='bbox 3310 1363 3530 1403; x_wconf 87' lang='lat' dir='ltr'><strong>consur-</strong></span> 
     </span>
    </p>
   </div>
   <div class='ocr_carea' id='block_1_30' title="bbox 1962 1440 3532 1518">
    <p class='ocr_par' dir='ltr' id='par_1_30' title="bbox 1962 1440 3532 1518">
     <span class='ocr_line' id='line_1_30' title="bbox 1962 1440 3532 1518; baseline -0.007 -16"><span class='ocrx_word' id='word_1_203' title='bbox 1962 1462 2115 1518; x_wconf 92' lang='lat' dir='ltr'><strong>gens,</strong></span> <span class='ocrx_word' id='word_1_204' title='bbox 2159 1446 2230 1500; x_wconf 89' lang='lat' dir='ltr'><strong>ad</strong></span> <span class='ocrx_word' id='word_1_205' title='bbox 2256 1447 2469 1500; x_wconf 88' lang='lat' dir='ltr'><strong>domum</strong></span> <span class='ocrx_word' id='word_1_206' title='bbox 2504 1443 2693 1513; x_wconf 83' lang='lat' dir='ltr'><strong>pergit,</strong></span> <span class='ocrx_word' id='word_1_207' title='bbox 2738 1444 2865 1497; x_wconf 86' lang='lat' dir='ltr'><strong>satis</strong></span> <span class='ocrx_word' id='word_1_208' title='bbox 2905 1442 3078 1496; x_wconf 88' lang='lat' dir='ltr'><strong>virum</strong></span> <span class='ocrx_word' id='word_1_209' title='bbox 3129 1440 3438 1501; x_wconf 82' lang='lat' dir='ltr'><strong>obsecrans,</strong></span> <span class='ocrx_word' id='word_1_210' title='bbox 3468 1453 3532 1491; x_wconf 84' lang='lat' dir='ltr'><strong>ne</strong></span> 
     </span>
    </p>
   </div>
   <div class='ocr_carea' id='block_1_31' title="bbox 1965 1530 3532 1606">
    <p class='ocr_par' dir='ltr' id='par_1_31' title="bbox 1965 1530 3532 1606">
     <span class='ocr_line' id='line_1_31' title="bbox 1965 1530 3532 1606; baseline -0.01 -11"><span class='ocrx_word' id='word_1_211' title='bbox 1965 1540 2032 1594; x_wconf 79' lang='lat' dir='ltr'><strong>de</strong></span> <span class='ocrx_word' id='word_1_212' title='bbox 2061 1553 2125 1594; x_wconf 88' lang='lat' dir='ltr'><strong>eo</strong></span> <span class='ocrx_word' id='word_1_213' title='bbox 2147 1541 2390 1606; x_wconf 87' lang='lat' dir='ltr'><strong>cuiquam</strong></span> <span class='ocrx_word' id='word_1_214' title='bbox 2423 1535 2566 1589; x_wconf 89' lang='lat' dir='ltr'><strong>aliud</strong></span> <span class='ocrx_word' id='word_1_215' title='bbox 2603 1542 2898 1590; x_wconf 88' lang='lat' dir='ltr'><strong>enarraret.</strong></span> <span class='ocrx_word' id='word_1_216' title='bbox 2927 1534 3151 1586; x_wconf 89' lang='lat' dir='ltr'><strong>Domum</strong></span> <span class='ocrx_word' id='word_1_217' title='bbox 3185 1530 3342 1599; x_wconf 85' lang='lat' dir='ltr'><strong>igitur</strong></span> <span class='ocrx_word' id='word_1_218' title='bbox 3383 1544 3532 1582; x_wconf 80' lang='lat' dir='ltr'><strong>suam</strong></span> 
     </span>
    </p>
   </div>
   <div class='ocr_carea' id='block_1_32' title="bbox 1965 1622 3532 1699">
    <p class='ocr_par' dir='ltr' id='par_1_32' title="bbox 1965 1622 3532 1699">
     <span class='ocr_line' id='line_1_32' title="bbox 1965 1622 3532 1699; baseline -0.008 -16"><span class='ocrx_word' id='word_1_219' title='bbox 1965 1631 2258 1699; x_wconf 84' lang='lat' dir='ltr'><strong>ingressus,</strong></span> <span class='ocrx_word' id='word_1_220' title='bbox 2289 1624 2552 1696; x_wconf 76' lang='lat' dir='ltr'><strong>inquisitis</strong></span> <span class='ocrx_word' id='word_1_221' title='bbox 2592 1625 2814 1689; x_wconf 90' lang='lat' dir='ltr'><strong>chartis,</strong></span> <span class='ocrx_word' id='word_1_222' title='bbox 2847 1637 2978 1691; x_wconf 87' lang='lat' dir='ltr'><strong>quas</strong></span> <span class='ocrx_word' id='word_1_223' title='bbox 3021 1622 3068 1675; x_wconf 91' lang='lat' dir='ltr'><strong>ei</strong></span> <span class='ocrx_word' id='word_1_224' title='bbox 3114 1631 3403 1674; x_wconf 85' lang='lat' dir='ltr'><strong>memorata</strong></span> <span class='ocrx_word' id='word_1_225' title='bbox 3451 1633 3532 1671; x_wconf 88' lang='lat' dir='ltr'><strong>re-</strong></span> 
     </span>
    </p>
   </div>
   <div class='ocr_carea' id='block_1_33' title="bbox 285 1708 3532 1789">
    <p class='ocr_par' dir='ltr' id='par_1_33' title="bbox 285 1708 3532 1789">
     <span class='ocr_line' id='line_1_33' title="bbox 285 1708 3532 1789; baseline -0.003 -18"><span class='ocrx_word' id='word_1_226' title='bbox 285 1717 404 1776; x_wconf 79' lang='lat' dir='ltr'><strong>Sed</strong></span> <span class='ocrx_word' id='word_1_227' title='bbox 441 1717 532 1771; x_wconf 85' lang='lat' dir='ltr'><strong>ille</strong></span> <span class='ocrx_word' id='word_1_228' title='bbox 558 1717 695 1770; x_wconf 82' lang='lat' dir='ltr'><strong>virili</strong></span> <span class='ocrx_word' id='word_1_229' title='bbox 741 1731 1042 1786; x_wconf 86' lang='lat' dir='ltr'><strong>repugnans</strong></span> <span class='ocrx_word' id='word_1_230' title='bbox 1084 1717 1297 1784; x_wconf 79' lang='lat' dir='ltr'><strong>spiritu,</strong></span> <span class='ocrx_word' id='word_1_231' title='bbox 1330 1730 1597 1785; x_wconf 88' lang='lat' dir='ltr'><strong>nunquam</strong></span> <span class='ocrx_word' id='word_1_232' title='bbox 1633 1717 1859 1785; x_wconf 71' lang='lat' dir='ltr'><strong>praebuit</strong></span> <span class='ocrx_word' id='word_1_233' title='bbox 1892 1722 1936 1785; x_wconf 81' lang='grc' dir='ltr'><strong>Β</strong></span> <span class='ocrx_word' id='word_1_234' title='bbox 1961 1721 2082 1789; x_wconf 86' lang='lat' dir='ltr'><strong>gina</strong></span> <span class='ocrx_word' id='word_1_235' title='bbox 2136 1718 2445 1785; x_wconf 83' lang='lat' dir='ltr'><strong>tradiderat,</strong></span> <span class='ocrx_word' id='word_1_236' title='bbox 2479 1716 2544 1770; x_wconf 91' lang='lat' dir='ltr'><strong>ad</strong></span> <span class='ocrx_word' id='word_1_237' title='bbox 2586 1713 3054 1771; x_wconf 88' lang='lat' dir='ltr'><strong>Chlothacharium</strong></span> <span class='ocrx_word' id='word_1_238' title='bbox 3109 1726 3288 1779; x_wconf 88' lang='lat' dir='ltr'><strong>regem</strong></span> <span class='ocrx_word' id='word_1_239' title='bbox 3342 1708 3532 1772; x_wconf 83' lang='lat' dir='ltr'><strong>defert,</strong></span> 
     </span>
    </p>
   </div>
   <div class='ocr_carea' id='block_1_34' title="bbox 288 1808 1862 1878">
    <p class='ocr_par' dir='ltr' id='par_1_34' title="bbox 288 1808 1862 1878">
     <span class='ocr_line' id='line_1_34' title="bbox 288 1808 1862 1878; baseline -0.001 -11"><span class='ocrx_word' id='word_1_240' title='bbox 288 1812 683 1878; x_wconf 80' lang='lat' dir='ltr'><strong>instrumenta,</strong></span> <span class='ocrx_word' id='word_1_241' title='bbox 729 1808 913 1866; x_wconf 90' lang='lat' dir='ltr'><strong>dicens</strong></span> <span class='ocrx_word' id='word_1_242' title='bbox 955 1809 1182 1866; x_wconf 86' lang='lat' dir='ltr'><strong>:Satius</strong></span> <span class='ocrx_word' id='word_1_243' title='bbox 1226 1810 1325 1864; x_wconf 91' lang='lat' dir='ltr'><strong>sibi</strong></span> <span class='ocrx_word' id='word_1_244' title='bbox 1374 1825 1493 1865; x_wconf 85' lang='lat' dir='ltr'><strong>esse</strong></span> <span class='ocrx_word' id='word_1_245' title='bbox 1540 1811 1605 1864; x_wconf 90' lang='lat' dir='ltr'><strong>ad</strong></span> <span class='ocrx_word' id='word_1_246' title='bbox 1656 1821 1862 1877; x_wconf 90' lang='lat' dir='ltr'><strong>tempus</strong></span> 
     </span>
    </p>
   </div>
   <div class='ocr_carea' id='block_1_35' title="bbox 286 1901 1864 1970">
    <p class='ocr_par' dir='ltr' id='par_1_35' title="bbox 286 1901 1864 1970">
     <span class='ocr_line' id='line_1_35' title="bbox 286 1901 1864 1970; baseline -0.001 -13"><span class='ocrx_word' id='word_1_247' title='bbox 286 1902 465 1958; x_wconf 81' lang='lat' dir='ltr'><strong>inedia</strong></span> <span class='ocrx_word' id='word_1_248' title='bbox 500 1902 795 1968; x_wconf 61' lang='lat' dir='ltr'><strong>tabescere,</strong></span> <span class='ocrx_word' id='word_1_249' title='bbox 826 1917 986 1970; x_wconf 87' lang='lat' dir='ltr'><strong>quam</strong></span> <span class='ocrx_word' id='word_1_250' title='bbox 1028 1901 1266 1956; x_wconf 82' lang='lat' dir='ltr'><strong>sobolem</strong></span> <span class='ocrx_word' id='word_1_251' title='bbox 1299 1901 1349 1954; x_wconf 91' lang='lat' dir='ltr'><strong>in</strong></span> <span class='ocrx_word' id='word_1_252' title='bbox 1395 1911 1666 1970; x_wconf 82' lang='lat' dir='ltr'><strong>posterum</strong></span> <span class='ocrx_word' id='word_1_253' title='bbox 1699 1902 1864 1956; x_wconf 90' lang='lat' dir='ltr'><strong>mise-</strong></span> 
     </span>
    </p>
   </div>
   <div class='ocr_carea' id='block_1_36' title="bbox 288 1992 1863 2062">
    <p class='ocr_par' dir='ltr' id='par_1_36' title="bbox 288 1992 1863 2062">
     <span class='ocr_line' id='line_1_36' title="bbox 288 1992 1863 2062; baseline -0.001 -15"><span class='ocrx_word' id='word_1_254' title='bbox 288 2007 406 2048; x_wconf 89' lang='lat' dir='ltr'><strong>ram</strong></span> <span class='ocrx_word' id='word_1_255' title='bbox 442 1993 763 2060; x_wconf 83' lang='lat' dir='ltr'><strong>derelinqui.</strong></span> <span class='ocrx_word' id='word_1_256' title='bbox 797 1992 947 2046; x_wconf 86' lang='lat' dir='ltr'><strong>&#39;l&#39;unc</strong></span> <span class='ocrx_word' id='word_1_257' title='bbox 985 2007 1050 2046; x_wconf 81' lang='lat' dir='ltr'><strong>ex</strong></span> <span class='ocrx_word' id='word_1_258' title='bbox 1075 1992 1225 2062; x_wconf 85' lang='lat' dir='ltr'><strong>jussu</strong></span> <span class='ocrx_word' id='word_1_259' title='bbox 1256 1992 1493 2061; x_wconf 86' lang='lat' dir='ltr'><strong>episcopi</strong></span> <span class='ocrx_word' id='word_1_260' title='bbox 1521 1993 1743 2045; x_wconf 88' lang='lat' dir='ltr'><strong>traditur</strong></span> <span class='ocrx_word' id='word_1_261' title='bbox 1770 2008 1863 2046; x_wconf 85' lang='lat' dir='ltr'><strong>cu-</strong></span> 
     </span>
    </p>
   </div>
   <div class='ocr_carea' id='block_1_37' title="bbox 288 2082 1866 2152">
    <p class='ocr_par' dir='ltr' id='par_1_37' title="bbox 288 2082 1866 2152">
     <span class='ocr_line' id='line_1_37' title="bbox 288 2082 1866 2152; baseline -0.001 -14"><span class='ocrx_word' id='word_1_262' title='bbox 288 2083 557 2147; x_wconf 81' lang='lat' dir='ltr'><strong>stedibus,</strong></span> <span class='ocrx_word' id='word_1_263' title='bbox 585 2093 640 2136; x_wconf 91' lang='lat' dir='ltr'><strong>ut</strong></span> <span class='ocrx_word' id='word_1_264' title='bbox 672 2083 772 2136; x_wconf 88' lang='lat' dir='ltr'><strong>nisi</strong></span> <span class='ocrx_word' id='word_1_265' title='bbox 806 2085 901 2138; x_wconf 88' lang='lat' dir='ltr'><strong>has</strong></span> <span class='ocrx_word' id='word_1_266' title='bbox 927 2082 1199 2137; x_wconf 80' lang='lat' dir='ltr'><strong>chartulas</strong></span> <span class='ocrx_word' id='word_1_267' title='bbox 1239 2082 1506 2152; x_wconf 90' lang='lat' dir='ltr'><strong>proderet,</strong></span> <span class='ocrx_word' id='word_1_268' title='bbox 1539 2082 1678 2136; x_wconf 89' lang='lat' dir='ltr'><strong>fame</strong></span> <span class='ocrx_word' id='word_1_269' title='bbox 1709 2098 1866 2136; x_wconf 87' lang='lat' dir='ltr'><strong>neca-</strong></span> 
     </span>
    </p>
   </div>
   <div class='ocr_carea' id='block_1_38' title="bbox 290 2173 1865 2243">
    <p class='ocr_par' dir='ltr' id='par_1_38' title="bbox 290 2173 1865 2243">
     <span class='ocr_line' id='line_1_38' title="bbox 290 2173 1865 2243; baseline -0.002 -11"><span class='ocrx_word' id='word_1_270' title='bbox 290 2186 462 2232; x_wconf 82' lang='lat' dir='ltr'><strong>retur.</strong></span> <span class='ocrx_word' id='word_1_271' title='bbox 499 2176 626 2231; x_wconf 82' lang='lat' dir='ltr'><strong>Erat</strong></span> <span class='ocrx_word' id='word_1_272' title='bbox 650 2179 790 2231; x_wconf 90' lang='lat' dir='ltr'><strong>enim</strong></span> <span class='ocrx_word' id='word_1_273' title='bbox 812 2175 877 2229; x_wconf 90' lang='lat' dir='ltr'><strong>ad</strong></span> <span class='ocrx_word' id='word_1_274' title='bbox 901 2176 1171 2232; x_wconf 83' lang='lat' dir='ltr'><strong>basilicam</strong></span> <span class='ocrx_word' id='word_1_275' title='bbox 1199 2175 1367 2229; x_wconf 88' lang='lat' dir='ltr'><strong>sancti</strong></span> <span class='ocrx_word' id='word_1_276' title='bbox 1389 2174 1555 2229; x_wconf 88' lang='lat' dir='ltr'><strong>Cassii</strong></span> <span class='ocrx_word' id='word_1_277' title='bbox 1573 2173 1599 2212; x_wconf 74' lang='grc' dir='ltr'>ι»</span> <span class='ocrx_word' id='word_1_278' title='bbox 1618 2176 1865 2243; x_wconf 83' lang='lat' dir='ltr'><strong>martyris</strong></span> 
     </span>
    </p>
   </div>
   <div class='ocr_carea' id='block_1_39' title="bbox 289 2265 1869 2344">
    <p class='ocr_par' dir='ltr' id='par_1_39' title="bbox 289 2265 1869 2344">
     <span class='ocr_line' id='line_1_39' title="bbox 289 2265 1869 2344; baseline -0.002 -21"><span class='ocrx_word' id='word_1_279' title='bbox 289 2276 478 2344; x_wconf 53' lang='lat' dir='ltr'><strong>crypta</strong></span> <span class='ocrx_word' id='word_1_280' title='bbox 508 2266 878 2336; x_wconf 87' lang='lat' dir='ltr'><strong>antiquissima</strong></span> <span class='ocrx_word' id='word_1_281' title='bbox 925 2266 1386 2335; x_wconf 89' lang='lat' dir='ltr'><strong>abditissimaque,</strong></span> <span class='ocrx_word' id='word_1_282' title='bbox 1421 2265 1507 2320; x_wconf 92' lang='lat' dir='ltr'><strong>ubi</strong></span> <span class='ocrx_word' id='word_1_283' title='bbox 1548 2276 1662 2319; x_wconf 85' lang='lat' dir='ltr'><strong>erat</strong></span> <span class='ocrx_word' id='word_1_284' title='bbox 1691 2267 1869 2334; x_wconf 85' lang='lat' dir='ltr'><strong>sepul-</strong></span> 
     </span>
    </p>
   </div>
   <div class='ocr_carea' id='block_1_40' title="bbox 292 2355 1866 2427">
    <p class='ocr_par' dir='ltr' id='par_1_40' title="bbox 292 2355 1866 2427">
     <span class='ocr_line' id='line_1_40' title="bbox 292 2355 1866 2427; baseline -0.002 -15"><span class='ocrx_word' id='word_1_285' title='bbox 292 2373 444 2412; x_wconf 82' lang='lat' dir='ltr'><strong>crum</strong></span> <span class='ocrx_word' id='word_1_286' title='bbox 483 2372 731 2427; x_wconf 84' lang='lat' dir='ltr'><strong>magnum</strong></span> <span class='ocrx_word' id='word_1_287' title='bbox 761 2372 824 2410; x_wconf 79' lang='lat' dir='ltr'><strong>es</strong></span> <span class='ocrx_word' id='word_1_288' title='bbox 852 2370 1120 2412; x_wconf 89' lang='lat' dir='ltr'><strong>marmore</strong></span> <span class='ocrx_word' id='word_1_289' title='bbox 1160 2356 1336 2421; x_wconf 82' lang='lat' dir='ltr'><strong>Pario,</strong></span> <span class='ocrx_word' id='word_1_290' title='bbox 1396 2355 1448 2409; x_wconf 93' lang='lat' dir='ltr'><strong>in</strong></span> <span class='ocrx_word' id='word_1_291' title='bbox 1475 2370 1580 2424; x_wconf 91' lang='lat' dir='ltr'><strong>quo</strong></span> <span class='ocrx_word' id='word_1_292' title='bbox 1600 2356 1866 2425; x_wconf 79' lang='lat' dir='ltr'><strong>grandaevi</strong></span> 
     </span>
    </p>
   </div>
   <div class='ocr_carea' id='block_1_41' title="bbox 293 2445 1869 2518">
    <p class='ocr_par' dir='ltr' id='par_1_41' title="bbox 293 2445 1869 2518">
     <span class='ocr_line' id='line_1_41' title="bbox 293 2445 1869 2518; baseline 0 -15"><span class='ocrx_word' id='word_1_293' title='bbox 293 2448 573 2518; x_wconf 71' lang='lat' dir='ltr'><strong>cujusdam</strong></span> <span class='ocrx_word' id='word_1_294' title='bbox 597 2447 826 2502; x_wconf 83' lang='lat' dir='ltr'><strong>hominis</strong></span> <span class='ocrx_word' id='word_1_295' title='bbox 853 2461 1049 2516; x_wconf 90' lang='lat' dir='ltr'><strong>corpus</strong></span> <span class='ocrx_word' id='word_1_296' title='bbox 1079 2447 1310 2516; x_wconf 89' lang='lat' dir='ltr'><strong>positum</strong></span> <span class='ocrx_word' id='word_1_297' title='bbox 1337 2445 1639 2501; x_wconf 85' lang='lat' dir='ltr'><strong>videbatur.</strong></span> <span class='ocrx_word' id='word_1_298' title='bbox 1673 2448 1728 2500; x_wconf 88' lang='lat' dir='ltr'><strong>lu</strong></span> <span class='ocrx_word' id='word_1_299' title='bbox 1769 2447 1869 2503; x_wconf 90' lang='lat' dir='ltr'><strong>hoc</strong></span> 
     </span>
    </p>
   </div>
   <div class='ocr_carea' id='block_1_42' title="bbox 295 2540 1868 2610">
    <p class='ocr_par' dir='ltr' id='par_1_42' title="bbox 295 2540 1868 2610">
     <span class='ocr_line' id='line_1_42' title="bbox 295 2540 1868 2610; baseline -0.001 -15"><span class='ocrx_word' id='word_1_300' title='bbox 295 2542 548 2610; x_wconf 88' lang='lat' dir='ltr'><strong>sepulcro</strong></span> <span class='ocrx_word' id='word_1_301' title='bbox 584 2555 746 2609; x_wconf 90' lang='lat' dir='ltr'><strong>super</strong></span> <span class='ocrx_word' id='word_1_302' title='bbox 765 2541 1030 2608; x_wconf 87' lang='lat' dir='ltr'><strong>sepultum</strong></span> <span class='ocrx_word' id='word_1_303' title='bbox 1057 2541 1245 2594; x_wconf 84' lang='lat' dir='ltr'><strong>vivens</strong></span> <span class='ocrx_word' id='word_1_304' title='bbox 1282 2540 1562 2610; x_wconf 82' lang='lat' dir='ltr'><strong>presbyter</strong></span> <span class='ocrx_word' id='word_1_305' title='bbox 1591 2541 1868 2608; x_wconf 77' lang='lat' dir='ltr'><strong>sepelitur,</strong></span> 
     </span>
    </p>
   </div>
   <div class='ocr_carea' id='block_1_43' title="bbox 297 2630 1869 2700">
    <p class='ocr_par' dir='ltr' id='par_1_43' title="bbox 297 2630 1869 2700">
     <span class='ocr_line' id='line_1_43' title="bbox 297 2630 1869 2700; baseline 0 -16"><span class='ocrx_word' id='word_1_306' title='bbox 297 2633 646 2700; x_wconf 86' lang='lat' dir='ltr'><strong>operiturque</strong></span> <span class='ocrx_word' id='word_1_307' title='bbox 680 2630 876 2699; x_wconf 84' lang='lat' dir='ltr'><strong>lapide,</strong></span> <span class='ocrx_word' id='word_1_308' title='bbox 907 2645 1014 2700; x_wconf 91' lang='lat' dir='ltr'><strong>quo</strong></span> <span class='ocrx_word' id='word_1_309' title='bbox 1042 2631 1188 2699; x_wconf 76' lang='lat' dir='ltr'><strong>prius</strong></span> <span class='ocrx_word' id='word_1_310' title='bbox 1232 2633 1620 2699; x_wconf 86' lang='lat' dir='ltr'><strong>sarcophagum</strong></span> <span class='ocrx_word' id='word_1_311' title='bbox 1647 2631 1742 2684; x_wconf 88' lang='lat' dir='ltr'><strong>fuit</strong></span> <span class='ocrx_word' id='word_1_312' title='bbox 1775 2630 1869 2684; x_wconf 88' lang='lat' dir='ltr'><strong>ob-</strong></span> 
     </span>
    </p>
   </div>
   <div class='ocr_carea' id='block_1_44' title="bbox 298 2718 1872 2789">
    <p class='ocr_par' dir='ltr' id='par_1_44' title="bbox 298 2718 1872 2789">
     <span class='ocr_line' id='line_1_44' title="bbox 298 2718 1872 2789; baseline -0.001 -12"><span class='ocrx_word' id='word_1_313' title='bbox 298 2733 526 2789; x_wconf 87' lang='lat' dir='ltr'><strong>tectum,</strong></span> <span class='ocrx_word' id='word_1_314' title='bbox 554 2718 695 2777; x_wconf 88' lang='lat' dir='ltr'><strong>datis</strong></span> <span class='ocrx_word' id='word_1_315' title='bbox 721 2736 845 2778; x_wconf 89' lang='lat' dir='ltr'><strong>ante</strong></span> <span class='ocrx_word' id='word_1_316' title='bbox 872 2725 1065 2776; x_wconf 89' lang='lat' dir='ltr'><strong>ostium</strong></span> <span class='ocrx_word' id='word_1_317' title='bbox 1097 2721 1428 2776; x_wconf 86' lang='lat' dir='ltr'><strong>custodibus.</strong></span> <span class='ocrx_word' id='word_1_318' title='bbox 1476 2722 1580 2778; x_wconf 85' lang='lat' dir='ltr'><strong>Sed</strong></span> <span class='ocrx_word' id='word_1_319' title='bbox 1624 2727 1872 2776; x_wconf 78' lang='lat' dir='ltr'><strong>custodes</strong></span> 
     </span>
    </p>
   </div>
   <div class='ocr_carea' id='block_1_45' title="bbox 299 2814 1870 2885">
    <p class='ocr_par' dir='ltr' id='par_1_45' title="bbox 299 2814 1870 2885">
     <span class='ocr_line' id='line_1_45' title="bbox 299 2814 1870 2885; baseline -0.003 -15"><span class='ocrx_word' id='word_1_320' title='bbox 299 2816 389 2870; x_wconf 81' lang='lat' dir='ltr'><strong>lidi</strong></span> <span class='ocrx_word' id='word_1_321' title='bbox 415 2814 560 2885; x_wconf 88' lang='lat' dir='ltr'><strong>quod</strong></span> <span class='ocrx_word' id='word_1_322' title='bbox 592 2814 765 2884; x_wconf 89' lang='lat' dir='ltr'><strong>lapide</strong></span> <span class='ocrx_word' id='word_1_323' title='bbox 797 2825 1152 2885; x_wconf 87' lang='lat' dir='ltr'><strong>premeretur,</strong></span> <span class='ocrx_word' id='word_1_324' title='bbox 1185 2827 1304 2867; x_wconf 90' lang='lat' dir='ltr'><strong>cum</strong></span> <span class='ocrx_word' id='word_1_325' title='bbox 1330 2824 1474 2868; x_wconf 89' lang='lat' dir='ltr'><strong>esset</strong></span> <span class='ocrx_word' id='word_1_326' title='bbox 1525 2822 1729 2883; x_wconf 84' lang='lat' dir='ltr'><strong>hyems,</strong></span> <span class='ocrx_word' id='word_1_327' title='bbox 1777 2826 1870 2865; x_wconf 82' lang='lat' dir='ltr'><strong>ac-</strong></span> 
     </span>
    </p>
   </div>
   <div class='ocr_carea' id='block_1_46' title="bbox 300 2903 1870 2976">
    <p class='ocr_par' dir='ltr' id='par_1_46' title="bbox 300 2903 1870 2976">
     <span class='ocr_line' id='line_1_46' title="bbox 300 2903 1870 2976; baseline -0.004 -14"><span class='ocrx_word' id='word_1_328' title='bbox 300 2921 469 2962; x_wconf 83' lang='lat' dir='ltr'><strong>cense</strong></span> <span class='ocrx_word' id='word_1_329' title='bbox 496 2908 637 2976; x_wconf 82' lang='lat' dir='ltr'><strong>igne,</strong></span> <span class='ocrx_word' id='word_1_330' title='bbox 661 2905 787 2960; x_wconf 90' lang='lat' dir='ltr'><strong>vino</strong></span> <span class='ocrx_word' id='word_1_331' title='bbox 822 2906 978 2970; x_wconf 85' lang='lat' dir='ltr'><strong>snpiti</strong></span> <span class='ocrx_word' id='word_1_332' title='bbox 1010 2905 1182 2959; x_wconf 90' lang='lat' dir='ltr'><strong>calido</strong></span> <span class='ocrx_word' id='word_1_333' title='bbox 1231 2903 1592 2959; x_wconf 89' lang='lat' dir='ltr'><strong>obdorminnt.</strong></span> <span class='ocrx_word' id='word_1_334' title='bbox 1621 2906 1684 2957; x_wconf 83' lang='lat' dir='ltr'><strong>At</strong></span> <span class='ocrx_word' id='word_1_335' title='bbox 1721 2919 1870 2970; x_wconf 80' lang='lat' dir='ltr'><strong>pres-</strong></span> 
     </span>
    </p>
   </div>
   <div class='ocr_carea' id='block_1_47' title="bbox 300 2994 1870 3070">
    <p class='ocr_par' dir='ltr' id='par_1_47' title="bbox 300 2994 1870 3070">
     <span class='ocr_line' id='line_1_47' title="bbox 300 2994 1870 3070; baseline -0.004 -17"><span class='ocrx_word' id='word_1_336' title='bbox 300 2997 478 3070; x_wconf 81' lang='lat' dir='ltr'><strong>byter,</strong></span> <span class='ocrx_word' id='word_1_337' title='bbox 509 3007 757 3067; x_wconf 87' lang='lat' dir='ltr'><strong>tanquam</strong></span> <span class='ocrx_word' id='word_1_338' title='bbox 791 3010 957 3049; x_wconf 90' lang='lat' dir='ltr'><strong>novus</strong></span> <span class='ocrx_word' id='word_1_339' title='bbox 985 2994 1169 3060; x_wconf 86' lang='lat' dir='ltr'><strong>Jonas,</strong></span> <span class='ocrx_word' id='word_1_340' title='bbox 1203 2996 1347 3047; x_wconf 85' lang='lat' dir='ltr'><strong>velut</strong></span> <span class='ocrx_word' id='word_1_341' title='bbox 1375 2995 1440 3047; x_wconf 88' lang='lat' dir='ltr'><strong>de</strong></span> <span class='ocrx_word' id='word_1_342' title='bbox 1494 2996 1645 3064; x_wconf 79' lang='lat'><strong>151</strong></span> <span class='ocrx_word' id='word_1_343' title='bbox 1686 3001 1870 3047; x_wconf 79' lang='lat' dir='ltr'><strong>ventre</strong></span> 
     </span>
    </p>
   </div>
   <div class='ocr_carea' id='block_1_48' title="bbox 1966 1801 3533 1878">
    <p class='ocr_par' dir='ltr' id='par_1_48' title="bbox 1966 1801 3533 1878">
     <span class='ocr_line' id='line_1_48' title="bbox 1966 1801 3533 1878; baseline -0.01 -13"><span class='ocrx_word' id='word_1_344' title='bbox 1966 1810 2209 1866; x_wconf 87' lang='lat' dir='ltr'><strong>indicans</strong></span> <span class='ocrx_word' id='word_1_345' title='bbox 2252 1808 2484 1878; x_wconf 88' lang='lat' dir='ltr'><strong>qualiter</strong></span> <span class='ocrx_word' id='word_1_346' title='bbox 2522 1806 2673 1875; x_wconf 79' lang='lat'><strong>152</strong></span> <span class='ocrx_word' id='word_1_347' title='bbox 2705 1807 2770 1858; x_wconf 89' lang='lat' dir='ltr'><strong>ab</strong></span> <span class='ocrx_word' id='word_1_348' title='bbox 2809 1805 3062 1871; x_wconf 67' lang='lat' dir='ltr'><strong>episcopo</strong></span> <span class='ocrx_word' id='word_1_349' title='bbox 3109 1817 3206 1855; x_wconf 88' lang='lat' dir='ltr'><strong>suo</strong></span> <span class='ocrx_word' id='word_1_350' title='bbox 3237 1801 3418 1853; x_wconf 89' lang='lat' dir='ltr'><strong>vivens</strong></span> <span class='ocrx_word' id='word_1_351' title='bbox 3445 1815 3533 1851; x_wconf 87' lang='lat' dir='ltr'><strong>se-</strong></span> 
     </span>
    </p>
   </div>
   <div class='ocr_carea' id='block_1_49' title="bbox 1966 1891 3537 1971">
    <p class='ocr_par' dir='ltr' id='par_1_49' title="bbox 1966 1891 3537 1971">
     <span class='ocr_line' id='line_1_49' title="bbox 1966 1891 3537 1971; baseline -0.008 -18"><span class='ocrx_word' id='word_1_352' title='bbox 1966 1902 2192 1971; x_wconf 59' lang='lat' dir='ltr'><strong>pultura}</strong></span> <span class='ocrx_word' id='word_1_353' title='bbox 2246 1898 2416 1952; x_wconf 84' lang='lat' dir='ltr'><strong>fuerat</strong></span> <span class='ocrx_word' id='word_1_354' title='bbox 2472 1891 3298 1964; x_wconf 45' lang='lat' dir='ltr'><strong>mancipatus.‘Stupesccntibns</strong></span> <span class='ocrx_word' id='word_1_355' title='bbox 3356 1897 3537 1941; x_wconf 87' lang='lat' dir='ltr'><strong>autent</strong></span> 
     </span>
    </p>
   </div>
   <div class='ocr_carea' id='block_1_50' title="bbox 1964 1978 3540 2051">
    <p class='ocr_par' dir='ltr' id='par_1_50' title="bbox 1964 1978 3540 2051">
     <span class='ocr_line' id='line_1_50' title="bbox 1964 1978 3540 2051; baseline -0.01 -8"><span class='ocrx_word' id='word_1_356' title='bbox 1964 1989 2231 2051; x_wconf 88' lang='lat' dir='ltr'><strong>omnibus,</strong></span> <span class='ocrx_word' id='word_1_357' title='bbox 2261 1997 2315 2041; x_wconf 83' lang='lat' dir='ltr'><strong>et</strong></span> <span class='ocrx_word' id='word_1_358' title='bbox 2344 1986 2666 2048; x_wconf 89' lang='lat' dir='ltr'><strong>dicentibus,</strong></span> <span class='ocrx_word' id='word_1_359' title='bbox 2710 1999 2979 2051; x_wconf 87' lang='lat' dir='ltr'><strong>nunquam</strong></span> <span class='ocrx_word' id='word_1_360' title='bbox 3017 1984 3096 2034; x_wconf 90' lang='lat' dir='ltr'><strong>vel</strong></span> <span class='ocrx_word' id='word_1_361' title='bbox 3127 1982 3415 2042; x_wconf 82' lang='lat' dir='ltr'><strong>Neronem,</strong></span> <span class='ocrx_word' id='word_1_362' title='bbox 3450 1978 3540 2031; x_wconf 79' lang='lat' dir='ltr'><strong>vcl-</strong></span> 
     </span>
    </p>
   </div>
   <div class='ocr_carea' id='block_1_51' title="bbox 1966 2075 3540 2143">
    <p class='ocr_par' dir='ltr' id='par_1_51' title="bbox 1966 2075 3540 2143">
     <span class='ocr_line' id='line_1_51' title="bbox 1966 2075 3540 2143; baseline -0.009 -8"><span class='ocrx_word' id='word_1_363' title='bbox 1966 2079 2232 2135; x_wconf 83' lang='lat' dir='ltr'><strong>llerodem</strong></span> <span class='ocrx_word' id='word_1_364' title='bbox 2278 2077 2382 2132; x_wconf 90' lang='lat' dir='ltr'><strong>tale</strong></span> <span class='ocrx_word' id='word_1_365' title='bbox 2423 2076 2625 2136; x_wconf 84' lang='lat' dir='ltr'><strong>facinus</strong></span> <span class='ocrx_word' id='word_1_366' title='bbox 2656 2085 3011 2143; x_wconf 88' lang='lat' dir='ltr'><strong>perpetrasse,</strong></span> <span class='ocrx_word' id='word_1_367' title='bbox 3048 2081 3102 2124; x_wconf 92' lang='lat' dir='ltr'><strong>ut</strong></span> <span class='ocrx_word' id='word_1_368' title='bbox 3149 2075 3308 2123; x_wconf 87' lang='lat' dir='ltr'><strong>homo</strong></span> <span class='ocrx_word' id='word_1_369' title='bbox 3351 2075 3540 2121; x_wconf 68' lang='lat' dir='ltr'><strong>vivens</strong></span> 
     </span>
    </p>
   </div>
   <div class='ocr_carea' id='block_1_52' title="bbox 1966 2161 3533 2239">
    <p class='ocr_par' dir='ltr' id='par_1_52' title="bbox 1966 2161 3533 2239">
     <span class='ocr_line' id='line_1_52' title="bbox 1966 2161 3533 2239; baseline -0.009 -14"><span class='ocrx_word' id='word_1_370' title='bbox 1966 2170 2213 2239; x_wconf 87' lang='lat' dir='ltr'><strong>sepulcro</strong></span> <span class='ocrx_word' id='word_1_371' title='bbox 2263 2168 2665 2230; x_wconf 88' lang='lat' dir='ltr'><strong>reconderetur,</strong></span> <span class='ocrx_word' id='word_1_372' title='bbox 2721 2164 2938 2218; x_wconf 78' lang='lat' dir='ltr'><strong>advenit</strong></span> <span class='ocrx_word' id='word_1_373' title='bbox 2967 2162 3032 2216; x_wconf 88' lang='lat' dir='ltr'><strong>ad</strong></span> <span class='ocrx_word' id='word_1_374' title='bbox 3064 2161 3533 2216; x_wconf 83' lang='lat' dir='ltr'><strong>Chlothacharium</strong></span> 
     </span>
    </p>
   </div>
   <div class='ocr_carea' id='block_1_53' title="bbox 1968 2251 3534 2333">
    <p class='ocr_par' dir='ltr' id='par_1_53' title="bbox 1968 2251 3534 2333">
     <span class='ocr_line' id='line_1_53' title="bbox 1968 2251 3534 2333; baseline -0.013 -16"><span class='ocrx_word' id='word_1_375' title='bbox 1968 2276 2146 2333; x_wconf 77' lang='lat' dir='ltr'><strong>regem</strong></span> <span class='ocrx_word' id='word_1_376' title='bbox 2177 2259 2436 2314; x_wconf 80' lang='lat' dir='ltr'><strong>Cautinus</strong></span> <span class='ocrx_word' id='word_1_377' title='bbox 2478 2258 2760 2325; x_wconf 86' lang='lat' dir='ltr'><strong>cpiscopus</strong></span> <span class='ocrx_word' id='word_1_378' title='bbox 2793 2273 2806 2309; x_wconf 90' lang='lat'><strong>:</strong></span> <span class='ocrx_word' id='word_1_379' title='bbox 2840 2254 2954 2308; x_wconf 77' lang='lat' dir='ltr'><strong>sed~</strong></span> <span class='ocrx_word' id='word_1_380' title='bbox 2985 2263 3271 2306; x_wconf 89' lang='lat' dir='ltr'><strong>accusante</strong></span> <span class='ocrx_word' id='word_1_381' title='bbox 3311 2251 3534 2318; x_wconf 80' lang='lat' dir='ltr'><strong>piesby.</strong></span> 
     </span>
    </p>
   </div>
   <div class='ocr_carea' id='block_1_54' title="bbox 1969 2343 3536 2417">
    <p class='ocr_par' dir='ltr' id='par_1_54' title="bbox 1969 2343 3536 2417">
     <span class='ocr_line' id='line_1_54' title="bbox 1969 2343 3536 2417; baseline -0.009 -9"><span class='ocrx_word' id='word_1_382' title='bbox 1969 2363 2106 2417; x_wconf 89' lang='lat' dir='ltr'><strong>tero,</strong></span> <span class='ocrx_word' id='word_1_383' title='bbox 2135 2352 2305 2404; x_wconf 88' lang='lat' dir='ltr'><strong>victus</strong></span> <span class='ocrx_word' id='word_1_384' title='bbox 2333 2348 2695 2415; x_wconf 86' lang='lat' dir='ltr'><strong>confususque</strong></span> <span class='ocrx_word' id='word_1_385' title='bbox 2741 2345 3012 2400; x_wconf 84' lang='lat' dir='ltr'><strong>discessit.</strong></span> <span class='ocrx_word' id='word_1_386' title='bbox 3048 2343 3333 2411; x_wconf 83' lang='lat' dir='ltr'><strong>Presbyter</strong></span> <span class='ocrx_word' id='word_1_387' title='bbox 3361 2351 3536 2394; x_wconf 83' lang='lat' dir='ltr'><strong>autent</strong></span> 
     </span>
    </p>
   </div>
   <div class='ocr_carea' id='block_1_55' title="bbox 1968 2433 3538 2512">
    <p class='ocr_par' dir='ltr' id='par_1_55' title="bbox 1968 2433 3538 2512">
     <span class='ocr_line' id='line_1_55' title="bbox 1968 2433 3538 2512; baseline -0.007 -14"><span class='ocrx_word' id='word_1_388' title='bbox 1968 2443 2199 2512; x_wconf 86' lang='lat' dir='ltr'><strong>acceptis</strong></span> <span class='ocrx_word' id='word_1_389' title='bbox 2241 2457 2270 2495; x_wconf 89' lang='lat' dir='ltr'><strong>a</strong></span> <span class='ocrx_word' id='word_1_390' title='bbox 2303 2455 2426 2510; x_wconf 85' lang='lat' dir='ltr'><strong>rege</strong></span> <span class='ocrx_word' id='word_1_391' title='bbox 2477 2437 2946 2507; x_wconf 69' lang='lat' dir='ltr'><strong>praeceptioulbus,</strong></span> <span class='ocrx_word' id='word_1_392' title='bbox 2990 2450 3077 2488; x_wconf 79' lang='lat' dir='ltr'><strong>res</strong></span> <span class='ocrx_word' id='word_1_393' title='bbox 3122 2449 3247 2487; x_wconf 88' lang='lat' dir='ltr'><strong>suas</strong></span> <span class='ocrx_word' id='word_1_394' title='bbox 3284 2441 3343 2486; x_wconf 92' lang='lat' dir='ltr'><strong>ut</strong></span> <span class='ocrx_word' id='word_1_395' title='bbox 3386 2433 3538 2487; x_wconf 85' lang='lat' dir='ltr'><strong>libut</strong></span> 
     </span>
    </p>
   </div>
   <div class='ocr_carea' id='block_1_56' title="bbox 1970 2522 3536 2602">
    <p class='ocr_par' dir='ltr' id='par_1_56' title="bbox 1970 2522 3536 2602">
     <span class='ocr_line' id='line_1_56' title="bbox 1970 2522 3536 2602; baseline -0.01 -12"><span class='ocrx_word' id='word_1_396' title='bbox 1970 2534 2268 2590; x_wconf 86' lang='lat' dir='ltr'><strong>defensavit</strong></span> <span class='ocrx_word' id='word_1_397' title='bbox 2310 2531 2671 2602; x_wconf 84' lang='lat' dir='ltr'><strong>posseditque,</strong></span> <span class='ocrx_word' id='word_1_398' title='bbox 2709 2544 2772 2584; x_wconf 90' lang='lat' dir='ltr'><strong>ac</strong></span> <span class='ocrx_word' id='word_1_399' title='bbox 2800 2528 2911 2584; x_wconf 89' lang='lat' dir='ltr'><strong>suis</strong></span> <span class='ocrx_word' id='word_1_400' title='bbox 2953 2526 3184 2596; x_wconf 81' lang='lat' dir='ltr'><strong>posteris</strong></span> <span class='ocrx_word' id='word_1_401' title='bbox 3231 2522 3536 2590; x_wconf 78' lang='lat' dir='ltr'><strong>dereliquit.</strong></span> 
     </span>
    </p>
   </div>
   <div class='ocr_carea' id='block_1_57' title="bbox 1971 2612 3546 2684">
    <p class='ocr_par' dir='ltr' id='par_1_57' title="bbox 1971 2612 3546 2684">
     <span class='ocr_line' id='line_1_57' title="bbox 1971 2612 3546 2684; baseline -0.01 -3"><span class='ocrx_word' id='word_1_402' title='bbox 1971 2626 2030 2681; x_wconf 82' lang='lat' dir='ltr'><strong>in</strong></span> <span class='ocrx_word' id='word_1_403' title='bbox 2075 2625 2302 2680; x_wconf 81' lang='lat' dir='ltr'><strong>Cautino</strong></span> <span class='ocrx_word' id='word_1_404' title='bbox 2343 2632 2522 2677; x_wconf 88' lang='lat' dir='ltr'><strong>autem</strong></span> <span class='ocrx_word' id='word_1_405' title='bbox 2553 2620 2691 2674; x_wconf 77' lang='lat' dir='ltr'><strong>nihil</strong></span> <span class='ocrx_word' id='word_1_406' title='bbox 2716 2620 2910 2682; x_wconf 84' lang='lat' dir='ltr'><strong>sancti,</strong></span> <span class='ocrx_word' id='word_1_407' title='bbox 2946 2617 3079 2672; x_wconf 90' lang='lat' dir='ltr'><strong>nihil</strong></span> <span class='ocrx_word' id='word_1_408' title='bbox 3127 2613 3404 2684; x_wconf 64' lang='lat' dir='ltr'><strong>pcttsifuit</strong></span> <span class='ocrx_word' id='word_1_409' title='bbox 3430 2629 3444 2665; x_wconf 88' lang='lat'><strong>:</strong></span> <span class='ocrx_word' id='word_1_410' title='bbox 3472 2612 3546 2666; x_wconf 84' lang='lat' dir='ltr'><strong>de</strong></span> 
     </span>
    </p>
   </div>
   <div class='ocr_carea' id='block_1_58' title="bbox 1971 2700 3541 2789">
    <p class='ocr_par' dir='ltr' id='par_1_58' title="bbox 1971 2700 3541 2789">
     <span class='ocr_line' id='line_1_58' title="bbox 1971 2700 3541 2789; baseline -0.008 -16"><span class='ocrx_word' id='word_1_411' title='bbox 1971 2718 2215 2773; x_wconf 91' lang='lat' dir='ltr'><strong>omnibus</strong></span> <span class='ocrx_word' id='word_1_412' title='bbox 2265 2717 2406 2772; x_wconf 89' lang='lat' dir='ltr'><strong>enim</strong></span> <span class='ocrx_word' id='word_1_413' title='bbox 2446 2714 2746 2781; x_wconf 89' lang='lat' dir='ltr'><strong>scripturis,</strong></span> <span class='ocrx_word' id='word_1_414' title='bbox 2798 2719 2902 2765; x_wconf 88' lang='lat' dir='ltr'><strong>tam</strong></span> <span class='ocrx_word' id='word_1_415' title='bbox 2952 2709 3328 2789; x_wconf 76' lang='lat' dir='ltr'><strong>ecclesiasticis</strong></span> <span class='ocrx_word' id='word_1_416' title='bbox 3378 2700 3541 2772; x_wconf 75' lang='lat' dir='ltr'><strong>quam</strong></span> 
     </span>
    </p>
   </div>
   <div class='ocr_carea' id='block_1_59' title="bbox 1973 2787 3534 2872">
    <p class='ocr_par' dir='ltr' id='par_1_59' title="bbox 1973 2787 3534 2872">
     <span class='ocr_line' id='line_1_59' title="bbox 1973 2787 3534 2872; baseline -0.008 -9"><span class='ocrx_word' id='word_1_417' title='bbox 1973 2807 2341 2871; x_wconf 67' lang='lat' dir='ltr'><strong>saecularibus,</strong></span> <span class='ocrx_word' id='word_1_418' title='bbox 2386 2805 2613 2872; x_wconf 86' lang='lat' dir='ltr'><strong>adplene</strong></span> <span class='ocrx_word' id='word_1_419' title='bbox 2665 2801 2914 2856; x_wconf 89' lang='lat' dir='ltr'><strong>immunis</strong></span> <span class='ocrx_word' id='word_1_420' title='bbox 2951 2787 3078 2853; x_wconf 76' lang='lat' dir='ltr'><strong>fuit.</strong></span> <span class='ocrx_word' id='word_1_421' title='bbox 3132 2797 3330 2852; x_wconf 62' lang='lat' dir='ltr'><strong>Iudaeis</strong></span> <span class='ocrx_word' id='word_1_422' title='bbox 3379 2799 3534 2850; x_wconf 83' lang='lat' dir='ltr'><strong>valde</strong></span> 
     </span>
    </p>
   </div>
   <div class='ocr_carea' id='block_1_60' title="bbox 1976 2888 3540 2959">
    <p class='ocr_par' dir='ltr' id='par_1_60' title="bbox 1976 2888 3540 2959">
     <span class='ocr_line' id='line_1_60' title="bbox 1976 2888 3540 2959; baseline -0.008 -7"><span class='ocrx_word' id='word_1_423' title='bbox 1976 2899 2171 2952; x_wconf 77' lang='lat' dir='ltr'><strong>charos</strong></span> <span class='ocrx_word' id='word_1_424' title='bbox 2197 2911 2260 2951; x_wconf 85' lang='lat' dir='ltr'><strong>ac</strong></span> <span class='ocrx_word' id='word_1_425' title='bbox 2287 2896 2530 2950; x_wconf 84' lang='lat' dir='ltr'><strong>subditus</strong></span> <span class='ocrx_word' id='word_1_426' title='bbox 2562 2903 2696 2956; x_wconf 87' lang='lat' dir='ltr'><strong>erat,</strong></span> <span class='ocrx_word' id='word_1_427' title='bbox 2721 2905 2825 2945; x_wconf 89' lang='lat' dir='ltr'><strong>non</strong></span> <span class='ocrx_word' id='word_1_428' title='bbox 2857 2905 2954 2959; x_wconf 91' lang='lat' dir='ltr'><strong>pro</strong></span> <span class='ocrx_word' id='word_1_429' title='bbox 2982 2888 3174 2948; x_wconf 87' lang='lat' dir='ltr'><strong>salute.</strong></span> <span class='ocrx_word' id='word_1_430' title='bbox 3208 2897 3263 2940; x_wconf 93' lang='lat' dir='ltr'><strong>ut</strong></span> <span class='ocrx_word' id='word_1_431' title='bbox 3314 2890 3540 2954; x_wconf 79' lang='lat' dir='ltr'><strong>pastoris</strong></span> 
     </span>
    </p>
   </div>
   <div class='ocr_carea' id='block_1_61' title="bbox 1976 2979 3536 3050">
    <p class='ocr_par' dir='ltr' id='par_1_61' title="bbox 1976 2979 3536 3050">
     <span class='ocr_line' id='line_1_61' title="bbox 1976 2979 3536 3050; baseline -0.01 -7"><span class='ocrx_word' id='word_1_432' title='bbox 1976 2997 2100 3043; x_wconf 75' lang='lat' dir='ltr'><strong>cura</strong></span> <span class='ocrx_word' id='word_1_433' title='bbox 2133 2988 2290 3042; x_wconf 87' lang='lat' dir='ltr'><strong>debet</strong></span> <span class='ocrx_word' id='word_1_434' title='bbox 2319 3000 2440 3040; x_wconf 87' lang='lat' dir='ltr'><strong>esse</strong></span> <span class='ocrx_word' id='word_1_435' title='bbox 2469 2984 2718 3050; x_wconf 88' lang='lat' dir='ltr'><strong>sollicita,</strong></span> <span class='ocrx_word' id='word_1_436' title='bbox 2749 2982 2841 3034; x_wconf 89' lang='lat' dir='ltr'><strong>sed</strong></span> <span class='ocrx_word' id='word_1_437' title='bbox 2885 2996 2978 3048; x_wconf 92' lang='lat' dir='ltr'><strong>pro</strong></span> <span class='ocrx_word' id='word_1_438' title='bbox 3006 2979 3378 3045; x_wconf 84' lang='lat' dir='ltr'><strong>comparandis</strong></span> <span class='ocrx_word' id='word_1_439' title='bbox 3419 2994 3536 3043; x_wconf 77' lang='lat' dir='ltr'><strong>Spe-</strong></span> 
     </span>
    </p>
   </div>
   <div class='ocr_carea' id='block_1_62' title="bbox 305 3070 3544 3158">
    <p class='ocr_par' dir='ltr' id='par_1_62' title="bbox 305 3070 3544 3158">
     <span class='ocr_line' id='line_1_62' title="bbox 305 3070 3544 3158; baseline -0.008 -13"><span class='ocrx_word' id='word_1_440' title='bbox 305 3091 485 3158; x_wconf 74' lang='lat' dir='ltr'><strong>lnfeti,</strong></span> <span class='ocrx_word' id='word_1_441' title='bbox 509 3091 580 3145; x_wconf 85' lang='lat' dir='ltr'><strong>ita</strong></span> <span class='ocrx_word' id='word_1_442' title='bbox 605 3091 673 3144; x_wconf 90' lang='lat' dir='ltr'><strong>de</strong></span> <span class='ocrx_word' id='word_1_443' title='bbox 701 3089 1048 3144; x_wconf 83' lang='lat' dir='ltr'><strong>conclusione</strong></span> <span class='ocrx_word' id='word_1_444' title='bbox 1095 3089 1280 3140; x_wconf 88' lang='lat' dir='ltr'><strong>tutnuli</strong></span> <span class='ocrx_word' id='word_1_445' title='bbox 1314 3085 1522 3146; x_wconf 81' lang='lat' dir='ltr'><strong>Domini</strong></span> <span class='ocrx_word' id='word_1_446' title='bbox 1571 3087 1867 3139; x_wconf 86' lang='lat' dir='ltr'><strong>miscricor-</strong></span> <span class='ocrx_word' id='word_1_447' title='bbox 1896 3085 1943 3146; x_wconf 86' lang='lat' dir='ltr'><strong>C</strong></span> <span class='ocrx_word' id='word_1_448' title='bbox 1975 3081 2177 3144; x_wconf 87' lang='lat' dir='ltr'><strong>ciebus,</strong></span> <span class='ocrx_word' id='word_1_449' title='bbox 2205 3092 2334 3147; x_wconf 88' lang='lat' dir='ltr'><strong>quas</strong></span> <span class='ocrx_word' id='word_1_450' title='bbox 2356 3091 2475 3132; x_wconf 89' lang='lat' dir='ltr'><strong>cum</strong></span> <span class='ocrx_word' id='word_1_451' title='bbox 2495 3077 2590 3128; x_wconf 81' lang='lat' dir='ltr'><strong>hic</strong></span> <span class='ocrx_word' id='word_1_452' title='bbox 2605 3074 2951 3137; x_wconf 83' lang='lat' dir='ltr'><strong>blandiretur,</strong></span> <span class='ocrx_word' id='word_1_453' title='bbox 2975 3080 3031 3126; x_wconf 89' lang='lat' dir='ltr'><strong>et</strong></span> <span class='ocrx_word' id='word_1_454' title='bbox 3054 3070 3128 3124; x_wconf 85' lang='lat' dir='ltr'><strong>illi</strong></span> <span class='ocrx_word' id='word_1_455' title='bbox 3157 3084 3215 3124; x_wconf 88' lang='lat' dir='ltr'><strong>se</strong></span> <span class='ocrx_word' id='word_1_456' title='bbox 3237 3070 3544 3123; x_wconf 76' lang='lat' dir='ltr'><strong>adulatores</strong></span> 
     </span>
    </p>
   </div>
   <div class='ocr_carea' id='block_1_63' title="bbox 306 3177 1874 3250">
    <p class='ocr_par' dir='ltr' id='par_1_63' title="bbox 306 3177 1874 3250">
     <span class='ocr_line' id='line_1_63' title="bbox 306 3177 1874 3250; baseline -0.004 -16"><span class='ocrx_word' id='word_1_457' title='bbox 306 3181 450 3235; x_wconf 85' lang='lat' dir='ltr'><strong>diam</strong></span> <span class='ocrx_word' id='word_1_458' title='bbox 496 3179 786 3250; x_wconf 81' lang='lat' dir='ltr'><strong>ﬂagitabat.</strong></span> <span class='ocrx_word' id='word_1_459' title='bbox 817 3180 880 3232; x_wconf 86' lang='lat' dir='ltr'><strong>Et</strong></span> <span class='ocrx_word' id='word_1_460' title='bbox 906 3179 1028 3247; x_wconf 90' lang='lat' dir='ltr'><strong>quia</strong></span> <span class='ocrx_word' id='word_1_461' title='bbox 1059 3180 1346 3246; x_wconf 85' lang='lat' dir='ltr'><strong>spatiosum</strong></span> <span class='ocrx_word' id='word_1_462' title='bbox 1378 3186 1597 3248; x_wconf 23' lang='lat' dir='ltr'><strong>erat,&#39;ut</strong></span> <span class='ocrx_word' id='word_1_463' title='bbox 1622 3177 1874 3244; x_wconf 74' lang='lat' dir='ltr'><strong>diximus,</strong></span> 
     </span>
    </p>
   </div>
   <div class='ocr_carea' id='block_1_64' title="bbox 305 3270 1875 3341">
    <p class='ocr_par' dir='ltr' id='par_1_64' title="bbox 305 3270 1875 3341">
     <span class='ocr_line' id='line_1_64' title="bbox 305 3270 1875 3341; baseline -0.004 -15"><span class='ocrx_word' id='word_1_464' title='bbox 305 3271 717 3341; x_wconf 77' lang='lat' dir='ltr'><strong>sarcophagum,</strong></span> <span class='ocrx_word' id='word_1_465' title='bbox 742 3270 839 3324; x_wconf 91' lang='lat' dir='ltr'><strong>etsi</strong></span> <span class='ocrx_word' id='word_1_466' title='bbox 868 3283 925 3321; x_wconf 86' lang='lat' dir='ltr'><strong>se</strong></span> <span class='ocrx_word' id='word_1_467' title='bbox 959 3271 1222 3337; x_wconf 89' lang='lat' dir='ltr'><strong>integrmn</strong></span> <span class='ocrx_word' id='word_1_468' title='bbox 1264 3277 1475 3322; x_wconf 88' lang='lat' dir='ltr'><strong>vertere</strong></span> <span class='ocrx_word' id='word_1_469' title='bbox 1506 3283 1612 3328; x_wconf 83' lang='lat' dir='ltr'><strong>non</strong></span> <span class='ocrx_word' id='word_1_470' title='bbox 1647 3276 1875 3337; x_wconf 83' lang='lat' dir='ltr'><strong>poterat,</strong></span> 
     </span>
    </p>
   </div>
   <div class='ocr_carea' id='block_1_65' title="bbox 308 3359 1881 3429">
    <p class='ocr_par' dir='ltr' id='par_1_65' title="bbox 308 3359 1881 3429">
     <span class='ocr_line' id='line_1_65' title="bbox 308 3359 1881 3429; baseline -0.001 -14"><span class='ocrx_word' id='word_1_471' title='bbox 308 3377 499 3416; x_wconf 86' lang='lat' dir='ltr'><strong>manus</strong></span> <span class='ocrx_word' id='word_1_472' title='bbox 526 3370 701 3415; x_wconf 88' lang='lat' dir='ltr'><strong>tamen</strong></span> <span class='ocrx_word' id='word_1_473' title='bbox 735 3364 786 3414; x_wconf 90' lang='lat' dir='ltr'><strong>in</strong></span> <span class='ocrx_word' id='word_1_474' title='bbox 820 3371 968 3429; x_wconf 87' lang='lat' dir='ltr'><strong>parte</strong></span> <span class='ocrx_word' id='word_1_475' title='bbox 1001 3376 1113 3429; x_wconf 86' lang='lat' dir='ltr'><strong>qua</strong></span> <span class='ocrx_word' id='word_1_476' title='bbox 1139 3360 1392 3413; x_wconf 83' lang='lat' dir='ltr'><strong>voluisset</strong></span> <span class='ocrx_word' id='word_1_477' title='bbox 1426 3360 1592 3417; x_wconf 84' lang='lat' dir='ltr'><strong>libere</strong></span> <span class='ocrx_word' id='word_1_478' title='bbox 1621 3359 1881 3419; x_wconf 60' lang='lat' dir='ltr'><strong>extende-</strong></span> 
     </span>
    </p>
   </div>
   <div class='ocr_carea' id='block_1_66' title="bbox 313 3449 1883 3517">
    <p class='ocr_par' dir='ltr' id='par_1_66' title="bbox 313 3449 1883 3517">
     <span class='ocr_line' id='line_1_66' title="bbox 313 3449 1883 3517; baseline 0 -13"><span class='ocrx_word' id='word_1_479' title='bbox 313 3449 420 3505; x_wconf 85' lang='lat' dir='ltr'><strong>bat.</strong></span> <span class='ocrx_word' id='word_1_480' title='bbox 453 3450 702 3505; x_wconf 78' lang='lat' dir='ltr'><strong>Manabat</strong></span> <span class='ocrx_word' id='word_1_481' title='bbox 736 3451 880 3508; x_wconf 88' lang='lat' dir='ltr'><strong>enitu</strong></span> <span class='ocrx_word' id='word_1_482' title='bbox 916 3467 978 3505; x_wconf 78' lang='lat' dir='ltr'><strong>es</strong></span> <span class='ocrx_word' id='word_1_483' title='bbox 1011 3451 1221 3504; x_wconf 80' lang='lat' dir='ltr'><strong>assibus</strong></span> <span class='ocrx_word' id='word_1_484' title='bbox 1265 3450 1457 3504; x_wconf 88' lang='lat' dir='ltr'><strong>mortui</strong></span> <span class='ocrx_word' id='word_1_485' title='bbox 1493 3491 1508 3517; x_wconf 93' lang='lat'><strong>,</strong></span> <span class='ocrx_word' id='word_1_486' title='bbox 1542 3459 1599 3504; x_wconf 93' lang='lat' dir='ltr'><strong>ut</strong></span> <span class='ocrx_word' id='word_1_487' title='bbox 1646 3450 1760 3517; x_wconf 88' lang='lat' dir='ltr'><strong>ipse</strong></span> <span class='ocrx_word' id='word_1_488' title='bbox 1798 3466 1883 3504; x_wconf 90' lang='lat' dir='ltr'><strong>re-</strong></span> 
     </span>
    </p>
   </div>
   <div class='ocr_carea' id='block_1_67' title="bbox 313 3542 1883 3615">
    <p class='ocr_par' dir='ltr' id='par_1_67' title="bbox 313 3542 1883 3615">
     <span class='ocr_line' id='line_1_67' title="bbox 313 3542 1883 3615; baseline -0.003 -17"><span class='ocrx_word' id='word_1_489' title='bbox 313 3544 456 3600; x_wconf 88' lang='lat' dir='ltr'><strong>ferre</strong></span> <span class='ocrx_word' id='word_1_490' title='bbox 483 3555 600 3598; x_wconf 90' lang='lat' dir='ltr'><strong>erat</strong></span> <span class='ocrx_word' id='word_1_491' title='bbox 626 3545 857 3611; x_wconf 44' lang='lat' dir='ltr'><strong>solitus,</strong></span> <span class='ocrx_word' id='word_1_492' title='bbox 891 3547 1028 3601; x_wconf 87' lang='lat' dir='ltr'><strong>letor</strong></span> <span class='ocrx_word' id='word_1_493' title='bbox 1055 3543 1286 3606; x_wconf 86' lang='lat' dir='ltr'><strong>lethalis,</strong></span> <span class='ocrx_word' id='word_1_494' title='bbox 1318 3542 1406 3615; x_wconf 85' lang='lat' dir='ltr'><strong>qui</strong></span> <span class='ocrx_word' id='word_1_495' title='bbox 1435 3556 1541 3596; x_wconf 92' lang='lat' dir='ltr'><strong>non</strong></span> <span class='ocrx_word' id='word_1_496' title='bbox 1580 3543 1751 3595; x_wconf 89' lang='lat' dir='ltr'><strong>solum</strong></span> <span class='ocrx_word' id='word_1_497' title='bbox 1785 3557 1883 3594; x_wconf 78' lang='lat' dir='ltr'><strong>ex-</strong></span> 
     </span>
    </p>
   </div>
   <div class='ocr_carea' id='block_1_68' title="bbox 315 3633 1886 3702">
    <p class='ocr_par' dir='ltr' id='par_1_68' title="bbox 315 3633 1886 3702">
     <span class='ocr_line' id='line_1_68' title="bbox 315 3633 1886 3702; baseline -0.004 -10"><span class='ocrx_word' id='word_1_498' title='bbox 315 3649 688 3700; x_wconf 89' lang='lat' dir='ltr'><strong>terna,verum</strong></span> <span class='ocrx_word' id='word_1_499' title='bbox 710 3637 868 3690; x_wconf 89' lang='lat' dir='ltr'><strong>etiam</strong></span> <span class='ocrx_word' id='word_1_500' title='bbox 894 3639 1097 3693; x_wconf 83' lang='lat' dir='ltr'><strong>interna</strong></span> <span class='ocrx_word' id='word_1_501' title='bbox 1131 3637 1395 3693; x_wconf 81' lang='lat' dir='ltr'><strong>viscerum</strong></span> <span class='ocrx_word' id='word_1_502' title='bbox 1422 3633 1709 3702; x_wconf 63' lang='lat' dir='ltr'><strong>quatiebat.</strong></span> <span class='ocrx_word' id='word_1_503' title='bbox 1726 3633 1886 3686; x_wconf 78' lang='lat' dir='ltr'><strong>Cum-</strong></span> 
     </span>
    </p>
   </div>
   <div class='ocr_carea' id='block_1_69' title="bbox 314 3724 1885 3800">
    <p class='ocr_par' dir='ltr' id='par_1_69' title="bbox 314 3724 1885 3800">
     <span class='ocr_line' id='line_1_69' title="bbox 314 3724 1885 3800; baseline -0.007 -14"><span class='ocrx_word' id='word_1_504' title='bbox 314 3747 418 3800; x_wconf 83' lang='lat' dir='ltr'><strong>que</strong></span> <span class='ocrx_word' id='word_1_505' title='bbox 460 3731 625 3800; x_wconf 81' lang='lat' dir='ltr'><strong>pallio</strong></span> <span class='ocrx_word' id='word_1_506' title='bbox 670 3728 845 3787; x_wconf 86' lang='lat' dir='ltr'><strong>aditus</strong></span> <span class='ocrx_word' id='word_1_507' title='bbox 874 3727 1081 3782; x_wconf 84' lang='lat' dir='ltr'><strong>narium</strong></span> <span class='ocrx_word' id='word_1_508' title='bbox 1112 3728 1415 3792; x_wconf 85' lang='lat' dir='ltr'><strong>obseraret,</strong></span> <span class='ocrx_word' id='word_1_509' title='bbox 1440 3725 1674 3792; x_wconf 89' lang='lat' dir='ltr'><strong>quandiu</strong></span> <span class='ocrx_word' id='word_1_510' title='bbox 1705 3724 1885 3778; x_wconf 84' lang='lat' dir='ltr'><strong>flatum</strong></span> 
     </span>
    </p>
   </div>
   <div class='ocr_carea' id='block_1_70' title="bbox 315 3815 1889 3889">
    <p class='ocr_par' dir='ltr' id='par_1_70' title="bbox 315 3815 1889 3889">
     <span class='ocr_line' id='line_1_70' title="bbox 315 3815 1889 3889; baseline -0.006 -12"><span class='ocrx_word' id='word_1_511' title='bbox 315 3821 591 3879; x_wconf 81' lang='lat' dir='ltr'><strong>continere</strong></span> <span class='ocrx_word' id='word_1_512' title='bbox 621 3827 851 3889; x_wconf 86' lang='lat' dir='ltr'><strong>poterat,</strong></span> <span class='ocrx_word' id='word_1_513' title='bbox 882 3818 1012 3872; x_wconf 91' lang='lat' dir='ltr'><strong>nihil</strong></span> <span class='ocrx_word' id='word_1_514' title='bbox 1044 3819 1328 3888; x_wconf 89' lang='lat' dir='ltr'><strong>pessimum</strong></span> <span class='ocrx_word' id='word_1_515' title='bbox 1354 3816 1613 3871; x_wconf 83' lang='lat' dir='ltr'><strong>sentiebat</strong></span> <span class='ocrx_word' id='word_1_516' title='bbox 1644 3832 1657 3867; x_wconf 91' lang='lat'><strong>:</strong></span> <span class='ocrx_word' id='word_1_517' title='bbox 1686 3815 1771 3868; x_wconf 93' lang='lat' dir='ltr'><strong>ubi</strong></span> <span class='ocrx_word' id='word_1_518' title='bbox 1795 3829 1889 3867; x_wconf 88' lang='lat' dir='ltr'><strong>au-</strong></span> 
     </span>
    </p>
   </div>
   <div class='ocr_carea' id='block_1_71' title="bbox 319 3907 1890 3982">
    <p class='ocr_par' dir='ltr' id='par_1_71' title="bbox 319 3907 1890 3982">
     <span class='ocr_line' id='line_1_71' title="bbox 319 3907 1890 3982; baseline -0.007 -13"><span class='ocrx_word' id='word_1_519' title='bbox 319 3923 422 3969; x_wconf 87' lang='lat' dir='ltr'><strong>tem</strong></span> <span class='ocrx_word' id='word_1_520' title='bbox 451 3929 512 3968; x_wconf 84' lang='lat' dir='ltr'><strong>se</strong></span> <span class='ocrx_word' id='word_1_521' title='bbox 550 3913 700 3982; x_wconf 88' lang='lat' dir='ltr'><strong>quasi</strong></span> <span class='ocrx_word' id='word_1_522' title='bbox 733 3911 980 3966; x_wconf 80' lang='lat' dir='ltr'><strong>suffocari</strong></span> <span class='ocrx_word' id='word_1_523' title='bbox 1015 3911 1253 3980; x_wconf 90' lang='lat' dir='ltr'><strong>putabat,</strong></span> <span class='ocrx_word' id='word_1_524' title='bbox 1282 3919 1488 3962; x_wconf 88' lang='lat' dir='ltr'><strong>remoto</strong></span> <span class='ocrx_word' id='word_1_525' title='bbox 1517 3907 1789 3977; x_wconf 87' lang='lat' dir='ltr'><strong>paululum</strong></span> <span class='ocrx_word' id='word_1_526' title='bbox 1822 3907 1890 3959; x_wconf 91' lang='lat' dir='ltr'><strong>ab</strong></span> 
     </span>
    </p>
   </div>
   <div class='ocr_carea' id='block_1_72' title="bbox 319 4001 1889 4073">
    <p class='ocr_par' dir='ltr' id='par_1_72' title="bbox 319 4001 1889 4073">
     <span class='ocr_line' id='line_1_72' title="bbox 319 4001 1889 4073; baseline -0.007 -14"><span class='ocrx_word' id='word_1_527' title='bbox 319 4019 412 4059; x_wconf 86' lang='lat' dir='ltr'><strong>ore</strong></span> <span class='ocrx_word' id='word_1_528' title='bbox 457 4003 643 4073; x_wconf 79' lang='lat' dir='ltr'><strong>pallio,</strong></span> <span class='ocrx_word' id='word_1_529' title='bbox 677 4017 779 4055; x_wconf 82' lang='lat' dir='ltr'><strong>non</strong></span> <span class='ocrx_word' id='word_1_530' title='bbox 811 4001 969 4055; x_wconf 81' lang='lat' dir='ltr'><strong>tnmlo</strong></span> <span class='ocrx_word' id='word_1_531' title='bbox 1012 4015 1106 4067; x_wconf 89' lang='lat' dir='ltr'><strong>per</strong></span> <span class='ocrx_word' id='word_1_532' title='bbox 1135 4014 1198 4053; x_wconf 90' lang='lat' dir='ltr'><strong>os</strong></span> <span class='ocrx_word' id='word_1_533' title='bbox 1225 4009 1316 4052; x_wconf 85' lang='lat' dir='ltr'><strong>aut</strong></span> <span class='ocrx_word' id='word_1_534' title='bbox 1363 4013 1456 4066; x_wconf 90' lang='lat' dir='ltr'><strong>per</strong></span> <span class='ocrx_word' id='word_1_535' title='bbox 1497 4010 1674 4060; x_wconf 89' lang='lat' dir='ltr'><strong>nares,</strong></span> <span class='ocrx_word' id='word_1_536' title='bbox 1708 4010 1889 4048; x_wconf 88' lang='lat' dir='ltr'><strong>verum</strong></span> 
     </span>
    </p>
   </div>
   <div class='ocr_carea' id='block_1_73' title="bbox 321 4084 1893 4163">
    <p class='ocr_par' dir='ltr' id='par_1_73' title="bbox 321 4084 1893 4163">
     <span class='ocr_line' id='line_1_73' title="bbox 321 4084 1893 4163; baseline -0.008 -14"><span class='ocrx_word' id='word_1_537' title='bbox 321 4096 484 4150; x_wconf 86' lang='lat' dir='ltr'><strong>etiam</strong></span> <span class='ocrx_word' id='word_1_538' title='bbox 511 4109 609 4163; x_wconf 88' lang='lat' dir='ltr'><strong>per</strong></span> <span class='ocrx_word' id='word_1_539' title='bbox 630 4095 794 4161; x_wconf 86' lang='lat' dir='ltr'><strong>ipsas,</strong></span> <span class='ocrx_word' id='word_1_540' title='bbox 837 4102 892 4144; x_wconf 89' lang='lat' dir='ltr'><strong>ut</strong></span> <span class='ocrx_word' id='word_1_541' title='bbox 932 4092 1000 4144; x_wconf 88' lang='lat' dir='ltr'><strong>ita</strong></span> <span class='ocrx_word' id='word_1_542' title='bbox 1030 4090 1227 4155; x_wconf 88' lang='lat' dir='ltr'><strong>dicam,</strong></span> <span class='ocrx_word' id='word_1_543' title='bbox 1265 4102 1446 4154; x_wconf 82' lang='lat' dir='ltr'><strong>aures,</strong></span> <span class='ocrx_word' id='word_1_544' title='bbox 1478 4086 1697 4140; x_wconf 90' lang='lat' dir='ltr'><strong>odorem</strong></span> <span class='ocrx_word' id='word_1_545' title='bbox 1729 4084 1893 4152; x_wconf 88' lang='lat' dir='ltr'><strong>pesti-</strong></span> 
     </span>
    </p>
   </div>
   <div class='ocr_carea' id='block_1_74' title="bbox 326 4176 1895 4251">
    <p class='ocr_par' dir='ltr' id='par_1_74' title="bbox 326 4176 1895 4251">
     <span class='ocr_line' id='line_1_74' title="bbox 326 4176 1895 4251; baseline -0.009 -9"><span class='ocrx_word' id='word_1_546' title='bbox 326 4191 492 4244; x_wconf 84' lang='lat' dir='ltr'><strong>ferum</strong></span> <span class='ocrx_word' id='word_1_547' title='bbox 539 4186 834 4240; x_wconf 83' lang='lat' dir='ltr'><strong>hauriebat.</strong></span> <span class='ocrx_word' id='word_1_548' title='bbox 870 4183 1008 4249; x_wconf 85' lang='lat' dir='ltr'><strong>Quid</strong></span> <span class='ocrx_word' id='word_1_549' title='bbox 1055 4183 1238 4251; x_wconf 85' lang='lat' dir='ltr'><strong>plura?</strong></span> <span class='ocrx_word' id='word_1_550' title='bbox 1267 4178 1492 4248; x_wconf 86' lang='lat' dir='ltr'><strong>Quando</strong></span> <span class='ocrx_word' id='word_1_551' title='bbox 1516 4176 1805 4240; x_wconf 80' lang='lat' dir='ltr'><strong>divinitati,</strong></span> <span class='ocrx_word' id='word_1_552' title='bbox 1836 4186 1895 4229; x_wconf 93' lang='lat' dir='ltr'><strong>ut</strong></span> 
     </span>
    </p>
   </div>
   <div class='ocr_carea' id='block_1_75' title="bbox 326 4269 1896 4345">
    <p class='ocr_par' dir='ltr' id='par_1_75' title="bbox 326 4269 1896 4345">
     <span class='ocr_line' id='line_1_75' title="bbox 326 4269 1896 4345; baseline -0.012 -8"><span class='ocrx_word' id='word_1_553' title='bbox 326 4281 506 4345; x_wconf 79' lang='lat' dir='ltr'><strong>credo,</strong></span> <span class='ocrx_word' id='word_1_554' title='bbox 536 4277 831 4340; x_wconf 73' lang='lat' dir='ltr'><strong>condoluit,</strong></span> <span class='ocrx_word' id='word_1_555' title='bbox 859 4290 1074 4328; x_wconf 90' lang='lat' dir='ltr'><strong>manum</strong></span> <span class='ocrx_word' id='word_1_556' title='bbox 1098 4273 1377 4334; x_wconf 78' lang='lat' dir='ltr'><strong>dexteram</strong></span> <span class='ocrx_word' id='word_1_557' title='bbox 1400 4269 1465 4322; x_wconf 91' lang='lat' dir='ltr'><strong>ad</strong></span> <span class='ocrx_word' id='word_1_558' title='bbox 1489 4269 1748 4337; x_wconf 79' lang='lat' dir='ltr'><strong>spondam</strong></span> <span class='ocrx_word' id='word_1_559' title='bbox 1781 4281 1896 4320; x_wconf 84' lang='lat' dir='ltr'><strong>sar-</strong></span> 
     </span>
    </p>
   </div>
   <div class='ocr_carea' id='block_1_76' title="bbox 329 4359 1898 4440">
    <p class='ocr_par' dir='ltr' id='par_1_76' title="bbox 329 4359 1898 4440">
     <span class='ocr_line' id='line_1_76' title="bbox 329 4359 1898 4440; baseline -0.01 -14"><span class='ocrx_word' id='word_1_560' title='bbox 329 4370 566 4440; x_wconf 78' lang='lat' dir='ltr'><strong>cophagi.</strong></span> <span class='ocrx_word' id='word_1_561' title='bbox 590 4367 784 4430; x_wconf 88' lang='lat' dir='ltr'><strong>tendit,</strong></span> <span class='ocrx_word' id='word_1_562' title='bbox 843 4366 1145 4434; x_wconf 82' lang='lat' dir='ltr'><strong>roperitque</strong></span> <span class='ocrx_word' id='word_1_563' title='bbox 1197 4372 1421 4426; x_wconf 81' lang='lat' dir='ltr'><strong>vectem,</strong></span> <span class='ocrx_word' id='word_1_564' title='bbox 1469 4359 1561 4428; x_wconf 86' lang='lat' dir='ltr'><strong>qui</strong></span> <span class='ocrx_word' id='word_1_565' title='bbox 1605 4359 1898 4417; x_wconf 74' lang='lat' dir='ltr'><strong>decedente</strong></span> 
     </span>
    </p>
   </div>
   <div class='ocr_carea' id='block_1_77' title="bbox 1981 3163 3566 3232">
    <p class='ocr_par' dir='ltr' id='par_1_77' title="bbox 1981 3163 3566 3232">
     <span class='ocr_line' id='line_1_77' title="bbox 1981 3163 3566 3232; baseline -0.006 -8"><span class='ocrx_word' id='word_1_566' title='bbox 1981 3169 2412 3227; x_wconf 76' lang='lat' dir='ltr'><strong>manifestissime</strong></span> <span class='ocrx_word' id='word_1_567' title='bbox 2432 3166 2785 3230; x_wconf 85' lang='lat' dir='ltr'><strong>declararent,</strong></span> <span class='ocrx_word' id='word_1_568' title='bbox 2814 3163 3004 3232; x_wconf 83' lang='lat' dir='ltr'><strong>majori</strong></span> <span class='ocrx_word' id='word_1_569' title='bbox 3031 3177 3190 3232; x_wconf 89' lang='lat' dir='ltr'><strong>quam</strong></span> <span class='ocrx_word' id='word_1_570' title='bbox 3231 3163 3566 3219; x_wconf 85' lang='lat' dir='ltr'><strong>constabant,</strong></span> 
     </span>
    </p>
   </div>
   <div class='ocr_carea' id='block_1_78' title="bbox 1984 3258 2654 3332">
    <p class='ocr_par' dir='ltr' id='par_1_78' title="bbox 1984 3258 2654 3332">
     <span class='ocr_line' id='line_1_78' title="bbox 1984 3258 2654 3332; baseline -0.006 -20"><span class='ocrx_word' id='word_1_571' title='bbox 1984 3262 2153 3332; x_wconf 79' lang='lat' dir='ltr'><strong>pre-io</strong></span> <span class='ocrx_word' id='word_1_572' title='bbox 2183 3258 2573 3315; x_wconf 87' lang='lat' dir='ltr'><strong>venumdabant</strong></span> <span class='ocrx_word' id='word_1_573' title='bbox 2608 3265 2654 3309; x_wconf 76' lang='grc' dir='ltr'><strong>ε.</strong></span> 
     </span>
    </p>
   </div>
   <div class='ocr_carea' id='block_1_79' title="bbox 2058 3343 3560 3413">
    <p class='ocr_par' dir='ltr' id='par_1_79' title="bbox 2058 3343 3560 3413">
     <span class='ocr_line' id='line_1_79' title="bbox 2058 3343 3560 3413; baseline -0.01 -7"><span class='ocrx_word' id='word_1_574' title='bbox 2058 3351 2193 3406; x_wconf 76' lang='grc' dir='ltr'><strong>ΧΗΙ.</strong></span> <span class='ocrx_word' id='word_1_575' title='bbox 2217 3351 2514 3404; x_wconf 75' lang='lat' dir='ltr'><strong>Chramnus</strong></span> <span class='ocrx_word' id='word_1_576' title='bbox 2543 3345 2583 3385; x_wconf 62' lang='grc' dir='ltr'><strong>ἀί</strong></span> <span class='ocrx_word' id='word_1_577' title='bbox 2606 3361 2735 3402; x_wconf 89' lang='lat' dir='ltr'><strong>vero</strong></span> <span class='ocrx_word' id='word_1_578' title='bbox 2759 3345 2841 3400; x_wconf 88' lang='lat' dir='ltr'><strong>his</strong></span> <span class='ocrx_word' id='word_1_579' title='bbox 2868 3343 3221 3413; x_wconf 73' lang='lat' dir='ltr'><strong>diebusapud</strong></span> <span class='ocrx_word' id='word_1_580' title='bbox 3241 3345 3560 3396; x_wconf 76' lang='lat' dir='ltr'><strong>Arvernum.</strong></span> 
     </span>
    </p>
   </div>
   <div class='ocr_carea' id='block_1_80' title="bbox 1984 3437 3542 3506">
    <p class='ocr_par' dir='ltr' id='par_1_80' title="bbox 1984 3437 3542 3506">
     <span class='ocr_line' id='line_1_80' title="bbox 1984 3437 3542 3506; baseline -0.01 -3"><span class='ocrx_word' id='word_1_581' title='bbox 1984 3445 2269 3503; x_wconf 83' lang='lat' dir='ltr'><strong>residebat.</strong></span> <span class='ocrx_word' id='word_1_582' title='bbox 2304 3443 2482 3498; x_wconf 69' lang='lat' dir='ltr'><strong>Multa:</strong></span> <span class='ocrx_word' id='word_1_583' title='bbox 2510 3441 2652 3494; x_wconf 88' lang='lat' dir='ltr'><strong>enim</strong></span> <span class='ocrx_word' id='word_1_584' title='bbox 2682 3455 2856 3494; x_wconf 69' lang='lat' dir='ltr'><strong>causae</strong></span> <span class='ocrx_word' id='word_1_585' title='bbox 2882 3452 3006 3492; x_wconf 88' lang='lat' dir='ltr'><strong>tunc</strong></span> <span class='ocrx_word' id='word_1_586' title='bbox 3049 3453 3142 3506; x_wconf 86' lang='lat' dir='ltr'><strong>per</strong></span> <span class='ocrx_word' id='word_1_587' title='bbox 3180 3453 3299 3491; x_wconf 87' lang='lat' dir='ltr'><strong>eum</strong></span> <span class='ocrx_word' id='word_1_588' title='bbox 3331 3437 3542 3489; x_wconf 87' lang='lat' dir='ltr'><strong>irratio-</strong></span> 
     </span>
    </p>
   </div>
   <div class='ocr_carea' id='block_1_81' title="bbox 1987 3527 3547 3602">
    <p class='ocr_par' dir='ltr' id='par_1_81' title="bbox 1987 3527 3547 3602">
     <span class='ocr_line' id='line_1_81' title="bbox 1987 3527 3547 3602; baseline -0.008 -11"><span class='ocrx_word' id='word_1_589' title='bbox 1987 3537 2233 3591; x_wconf 83' lang='lat' dir='ltr'><strong>nabiliter</strong></span> <span class='ocrx_word' id='word_1_590' title='bbox 2278 3532 2716 3602; x_wconf 84' lang='lat' dir='ltr'><strong>gerebantur;—et</strong></span> <span class='ocrx_word' id='word_1_591' title='bbox 2743 3530 2813 3583; x_wconf 91' lang='lat' dir='ltr'><strong>ob</strong></span> <span class='ocrx_word' id='word_1_592' title='bbox 2843 3531 2941 3583; x_wconf 93' lang='lat' dir='ltr'><strong>hoc</strong></span> <span class='ocrx_word' id='word_1_593' title='bbox 2969 3530 3294 3582; x_wconf 80' lang='lat' dir='ltr'><strong>acceleratus</strong></span> <span class='ocrx_word' id='word_1_594' title='bbox 3323 3539 3404 3580; x_wconf 88' lang='lat' dir='ltr'><strong>est</strong></span> <span class='ocrx_word' id='word_1_595' title='bbox 3431 3536 3452 3562; x_wconf 74' lang='grc' dir='ltr'><strong><em>ο</em></strong></span> <span class='ocrx_word' id='word_1_596' title='bbox 3480 3527 3547 3579; x_wconf 88' lang='lat' dir='ltr'><strong>de</strong></span> 
     </span>
    </p>
   </div>
   <div class='ocr_carea' id='block_1_82' title="bbox 1988 3617 3552 3688">
    <p class='ocr_par' dir='ltr' id='par_1_82' title="bbox 1988 3617 3552 3688">
     <span class='ocr_line' id='line_1_82' title="bbox 1988 3617 3552 3688; baseline -0.007 -8"><span class='ocrx_word' id='word_1_597' title='bbox 1988 3627 2187 3681; x_wconf 82' lang='lat' dir='ltr'><strong>mundo</strong></span> <span class='ocrx_word' id='word_1_598' title='bbox 2217 3641 2234 3678; x_wconf 89' lang='lat'><strong>:</strong></span> <span class='ocrx_word' id='word_1_599' title='bbox 2262 3623 2488 3679; x_wconf 88' lang='lat' dir='ltr'><strong>multum</strong></span> <span class='ocrx_word' id='word_1_600' title='bbox 2517 3622 2657 3677; x_wconf 89' lang='lat' dir='ltr'><strong>enim</strong></span> <span class='ocrx_word' id='word_1_601' title='bbox 2689 3621 3110 3675; x_wconf 87' lang='lat' dir='ltr'><strong>maledicebatur</strong></span> <span class='ocrx_word' id='word_1_602' title='bbox 3129 3637 3158 3673; x_wconf 91' lang='lat' dir='ltr'><strong>a</strong></span> <span class='ocrx_word' id='word_1_603' title='bbox 3183 3619 3396 3688; x_wconf 83' lang='lat' dir='ltr'><strong>pepulo.</strong></span> <span class='ocrx_word' id='word_1_604' title='bbox 3429 3617 3552 3670; x_wconf 73' lang='lat' dir='ltr'><strong>Nul-</strong></span> 
     </span>
    </p>
   </div>
   <div class='ocr_carea' id='block_1_83' title="bbox 1987 3710 3554 3782">
    <p class='ocr_par' dir='ltr' id='par_1_83' title="bbox 1987 3710 3554 3782">
     <span class='ocr_line' id='line_1_83' title="bbox 1987 3710 3554 3782; baseline -0.006 -11"><span class='ocrx_word' id='word_1_605' title='bbox 1987 3718 2095 3771; x_wconf 91' lang='lat' dir='ltr'><strong>lum</strong></span> <span class='ocrx_word' id='word_1_606' title='bbox 2133 3723 2311 3770; x_wconf 90' lang='lat' dir='ltr'><strong>autem</strong></span> <span class='ocrx_word' id='word_1_607' title='bbox 2355 3714 2627 3768; x_wconf 85' lang='lat' dir='ltr'><strong>hominem</strong></span> <span class='ocrx_word' id='word_1_608' title='bbox 2659 3712 2930 3782; x_wconf 86' lang='lat' dir='ltr'><strong>diligebat,</strong></span> <span class='ocrx_word' id='word_1_609' title='bbox 2961 3727 2989 3765; x_wconf 82' lang='grc' dir='ltr'><strong>ιι</strong></span> <span class='ocrx_word' id='word_1_610' title='bbox 3014 3728 3120 3782; x_wconf 92' lang='lat' dir='ltr'><strong>quo</strong></span> <span class='ocrx_word' id='word_1_611' title='bbox 3147 3710 3428 3765; x_wconf 90' lang='lat' dir='ltr'><strong>consilium</strong></span> <span class='ocrx_word' id='word_1_612' title='bbox 3466 3712 3554 3763; x_wconf 88' lang='lat' dir='ltr'><strong>bo-_</strong></span> 
     </span>
    </p>
   </div>
   <div class='ocr_carea' id='block_1_84' title="bbox 1989 3805 3576 3877">
    <p class='ocr_par' dir='ltr' id='par_1_84' title="bbox 1989 3805 3576 3877">
     <span class='ocr_line' id='line_1_84' title="bbox 1989 3805 3576 3877; baseline -0.007 -14"><span class='ocrx_word' id='word_1_613' title='bbox 1989 3825 2116 3864; x_wconf 90' lang='lat' dir='ltr'><strong>num</strong></span> <span class='ocrx_word' id='word_1_614' title='bbox 2170 3808 2405 3877; x_wconf 88' lang='lat' dir='ltr'><strong>utileque</strong></span> <span class='ocrx_word' id='word_1_615' title='bbox 2434 3816 2613 3876; x_wconf 90' lang='lat' dir='ltr'><strong>posset</strong></span> <span class='ocrx_word' id='word_1_616' title='bbox 2643 3805 2914 3872; x_wconf 83' lang='lat' dir='ltr'><strong>accipere;</strong></span> <span class='ocrx_word' id='word_1_617' title='bbox 2948 3806 3048 3858; x_wconf 92' lang='lat' dir='ltr'><strong>nisi</strong></span> <span class='ocrx_word' id='word_1_618' title='bbox 3092 3805 3337 3859; x_wconf 87' lang='lat' dir='ltr'><strong>collectis</strong></span> <span class='ocrx_word' id='word_1_619' title='bbox 3367 3805 3576 3858; x_wconf 83' lang='lat' dir='ltr'><strong>vilibus.</strong></span> 
     </span>
    </p>
   </div>
   <div class='ocr_carea' id='block_1_85' title="bbox 1991 3898 3559 3970">
    <p class='ocr_par' dir='ltr' id='par_1_85' title="bbox 1991 3898 3559 3970">
     <span class='ocr_line' id='line_1_85' title="bbox 1991 3898 3559 3970; baseline -0.003 -17"><span class='ocrx_word' id='word_1_620' title='bbox 1991 3903 2236 3970; x_wconf 78' lang='lat' dir='ltr'><strong>personis</strong></span> <span class='ocrx_word' id='word_1_621' title='bbox 2284 3908 2444 3956; x_wconf 77' lang='lat' dir='ltr'><strong>:etate</strong></span> <span class='ocrx_word' id='word_1_622' title='bbox 2482 3899 2703 3969; x_wconf 78' lang='lat' dir='ltr'><strong>juvenili</strong></span> <span class='ocrx_word' id='word_1_623' title='bbox 2752 3899 3152 3965; x_wconf 88' lang='lat' dir='ltr'><strong>fluctuantibus,</strong></span> <span class='ocrx_word' id='word_1_624' title='bbox 3184 3898 3401 3959; x_wconf 78' lang='lat' dir='ltr'><strong>eosdem</strong></span> <span class='ocrx_word' id='word_1_625' title='bbox 3445 3910 3559 3950; x_wconf 83' lang='lat' dir='ltr'><strong>tan-</strong></span> 
     </span>
    </p>
   </div>
   <div class='ocr_carea' id='block_1_86' title="bbox 1993 3991 3576 4064">
    <p class='ocr_par' dir='ltr' id='par_1_86' title="bbox 1993 3991 3576 4064">
     <span class='ocr_line' id='line_1_86' title="bbox 1993 3991 3576 4064; baseline -0.003 -15"><span class='ocrx_word' id='word_1_626' title='bbox 1993 3994 2266 4050; x_wconf 79' lang='lat' dir='ltr'><strong>tummodo</strong></span> <span class='ocrx_word' id='word_1_627' title='bbox 2285 3994 2538 4064; x_wconf 87' lang='lat' dir='ltr'><strong>diligebat</strong></span> <span class='ocrx_word' id='word_1_628' title='bbox 2555 3991 2597 4060; x_wconf 69' lang='grc' dir='ltr'><strong>ί,</strong></span> <span class='ocrx_word' id='word_1_629' title='bbox 2613 4008 2905 4061; x_wconf 89' lang='lat' dir='ltr'><strong>eorumque</strong></span> <span class='ocrx_word' id='word_1_630' title='bbox 2926 3992 3206 4046; x_wconf 91' lang='lat' dir='ltr'><strong>consilium</strong></span> <span class='ocrx_word' id='word_1_631' title='bbox 3221 3992 3466 4053; x_wconf 81' lang='lat' dir='ltr'><strong>audiens,</strong></span> <span class='ocrx_word' id='word_1_632' title='bbox 3491 3991 3576 4044; x_wconf 73' lang='lat' dir='ltr'><strong>ita--</strong></span> 
     </span>
    </p>
   </div>
   <div class='ocr_carea' id='block_1_87' title="bbox 1994 4082 3559 4152">
    <p class='ocr_par' dir='ltr' id='par_1_87' title="bbox 1994 4082 3559 4152">
     <span class='ocr_line' id='line_1_87' title="bbox 1994 4082 3559 4152; baseline -0.008 -10"><span class='ocrx_word' id='word_1_633' title='bbox 1994 4097 2048 4142; x_wconf 88' lang='lat' dir='ltr'><strong>ut</strong></span> <span class='ocrx_word' id='word_1_634' title='bbox 2083 4089 2219 4140; x_wconf 83' lang='lat' dir='ltr'><strong>filias</strong></span> <span class='ocrx_word' id='word_1_635' title='bbox 2243 4095 2551 4140; x_wconf 87' lang='lat' dir='ltr'><strong>senatorum</strong></span> <span class='ocrx_word' id='word_1_636' title='bbox 2583 4084 2722 4138; x_wconf 78' lang='lat' dir='ltr'><strong>datis</strong></span> <span class='ocrx_word' id='word_1_637' title='bbox 2753 4082 3221 4152; x_wconf 80' lang='lat' dir='ltr'><strong>praeceptiouibus,</strong></span> <span class='ocrx_word' id='word_1_638' title='bbox 3249 4082 3448 4134; x_wconf 86' lang='lat' dir='ltr'><strong>eisdem</strong></span> <span class='ocrx_word' id='word_1_639' title='bbox 3483 4083 3559 4131; x_wconf 88' lang='lat' dir='ltr'><strong>vi—</strong></span> 
     </span>
    </p>
   </div>
   <div class='ocr_carea' id='block_1_88' title="bbox 1993 4169 3563 4244">
    <p class='ocr_par' dir='ltr' id='par_1_88' title="bbox 1993 4169 3563 4244">
     <span class='ocr_line' id='line_1_88' title="bbox 1993 4169 3563 4244; baseline -0.008 -13"><span class='ocrx_word' id='word_1_640' title='bbox 1993 4177 2242 4232; x_wconf 89' lang='lat' dir='ltr'><strong>dentibus</strong></span> <span class='ocrx_word' id='word_1_641' title='bbox 2267 4176 2402 4230; x_wconf 90' lang='lat' dir='ltr'><strong>trahi</strong></span> <span class='ocrx_word' id='word_1_642' title='bbox 2435 4184 2461 4223; x_wconf 78' lang='lat'>8</span> <span class='ocrx_word' id='word_1_643' title='bbox 2488 4175 2723 4244; x_wconf 90' lang='lat' dir='ltr'><strong>juberct.</strong></span> <span class='ocrx_word' id='word_1_644' title='bbox 2755 4173 3047 4226; x_wconf 85' lang='lat' dir='ltr'><strong>Firminum</strong></span> <span class='ocrx_word' id='word_1_645' title='bbox 3069 4187 3096 4222; x_wconf 91' lang='lat' dir='ltr'><strong>a</strong></span> <span class='ocrx_word' id='word_1_646' title='bbox 3129 4169 3384 4223; x_wconf 91' lang='lat' dir='ltr'><strong>comitatu</strong></span> <span class='ocrx_word' id='word_1_647' title='bbox 3418 4169 3563 4222; x_wconf 80' lang='lat' dir='ltr'><strong>urbis</strong></span> 
     </span>
    </p>
   </div>
   <div class='ocr_carea' id='block_1_89' title="bbox 1996 4260 3563 4337">
    <p class='ocr_par' dir='ltr' id='par_1_89' title="bbox 1996 4260 3563 4337">
     <span class='ocr_line' id='line_1_89' title="bbox 1996 4260 3563 4337; baseline -0.007 -15"><span class='ocrx_word' id='word_1_648' title='bbox 1996 4270 2230 4337; x_wconf 84' lang='lat' dir='ltr'><strong>graviter</strong></span> <span class='ocrx_word' id='word_1_649' title='bbox 2256 4268 2561 4337; x_wconf 88' lang='lat' dir='ltr'><strong>injuriatutn</strong></span> <span class='ocrx_word' id='word_1_650' title='bbox 2590 4265 2788 4333; x_wconf 84' lang='lat' dir='ltr'><strong>abegit,</strong></span> <span class='ocrx_word' id='word_1_651' title='bbox 2823 4274 2877 4318; x_wconf 92' lang='lat' dir='ltr'><strong>et</strong></span> <span class='ocrx_word' id='word_1_652' title='bbox 2914 4263 3204 4317; x_wconf 89' lang='lat' dir='ltr'><strong>Salustium</strong></span> <span class='ocrx_word' id='word_1_653' title='bbox 3236 4260 3424 4314; x_wconf 85' lang='lat' dir='ltr'><strong>Evodii</strong></span> <span class='ocrx_word' id='word_1_654' title='bbox 3458 4260 3563 4331; x_wconf 73' lang='grc' dir='ltr'><strong>[ΑΙ.</strong></span> 
     </span>
    </p>
   </div>
   <div class='ocr_carea' id='block_1_90' title="bbox 2003 4351 3561 4427">
    <p class='ocr_par' dir='ltr' id='par_1_90' title="bbox 2003 4351 3561 4427">
     <span class='ocr_line' id='line_1_90' title="bbox 2003 4351 3561 4427; baseline -0.006 -17"><span class='ocrx_word' id='word_1_655' title='bbox 2003 4353 2228 4427; x_wconf 84' lang='lat' dir='ltr'><strong>Euvodi]</strong></span> <span class='ocrx_word' id='word_1_656' title='bbox 2258 4356 2433 4417; x_wconf 55' lang='lat' dir='ltr'><strong>filium.</strong></span> <span class='ocrx_word' id='word_1_657' title='bbox 2464 4353 2788 4420; x_wconf 70' lang='lat' dir='ltr'><strong>subrogavit.</strong></span> <span class='ocrx_word' id='word_1_658' title='bbox 2817 4353 2923 4406; x_wconf 82' lang='lat' dir='ltr'><strong>Sed</strong></span> <span class='ocrx_word' id='word_1_659' title='bbox 2957 4351 3223 4405; x_wconf 86' lang='lat' dir='ltr'><strong>Firminus</strong></span> <span class='ocrx_word' id='word_1_660' title='bbox 3249 4365 3368 4403; x_wconf 82' lang='lat' dir='ltr'><strong>cuin</strong></span> <span class='ocrx_word' id='word_1_661' title='bbox 3403 4365 3561 4400; x_wconf 84' lang='lat' dir='ltr'><strong>socru</strong></span> 
     </span>
    </p>
   </div>
   <div class='ocr_carea' id='block_1_91' title="bbox 330 4438 3566 4529">
    <p class='ocr_par' dir='ltr' id='par_1_91' title="bbox 330 4438 3566 4529">
     <span class='ocr_line' id='line_1_91' title="bbox 330 4438 3566 4529; baseline -0.008 -13"><span class='ocrx_word' id='word_1_662' title='bbox 330 4438 620 4529; x_wconf 75' lang='lat' dir='ltr'><strong>opertorio,</strong></span> <span class='ocrx_word' id='word_1_663' title='bbox 645 4459 784 4511; x_wconf 87' lang='lat' dir='ltr'><strong>inter</strong></span> <span class='ocrx_word' id='word_1_664' title='bbox 811 4456 982 4524; x_wconf 86' lang='lat' dir='ltr'><strong>ipsum</strong></span> <span class='ocrx_word' id='word_1_665' title='bbox 1013 4468 1075 4510; x_wconf 85' lang='lat' dir='ltr'><strong>ac</strong></span> <span class='ocrx_word' id='word_1_666' title='bbox 1117 4451 1314 4506; x_wconf 87' lang='lat' dir='ltr'><strong>labium</strong></span> <span class='ocrx_word' id='word_1_667' title='bbox 1345 4449 1575 4517; x_wconf 83' lang='lat' dir='ltr'><strong>sepulcri</strong></span> <span class='ocrx_word' id='word_1_668' title='bbox 1623 4463 1892 4504; x_wconf 87' lang='lat' dir='ltr'><strong>remanse-</strong></span> <span class='ocrx_word' id='word_1_669' title='bbox 1929 4447 2104 4509; x_wconf 81' lang='lat' dir='ltr'><strong>Dsua</strong></span> <span class='ocrx_word' id='word_1_670' title='bbox 2146 4446 2425 4504; x_wconf 79' lang='lat' dir='ltr'><strong>ecclesiam</strong></span> <span class='ocrx_word' id='word_1_671' title='bbox 2481 4444 2668 4513; x_wconf 88' lang='lat' dir='ltr'><strong>petiit._</strong></span> <span class='ocrx_word' id='word_1_672' title='bbox 2694 4442 2861 4499; x_wconf 83' lang='lat' dir='ltr'><strong>Erant</strong></span> <span class='ocrx_word' id='word_1_673' title='bbox 2906 4450 3084 4494; x_wconf 89' lang='lat' dir='ltr'><strong>autem</strong></span> <span class='ocrx_word' id='word_1_674' title='bbox 3135 4438 3566 4507; x_wconf 67' lang='lat' dir='ltr'><strong>Quadragesinia:</strong></span> 
     </span>
    </p>
   </div>
   <div class='ocr_carea' id='block_1_92' title="bbox 334 4541 1920 4621">
    <p class='ocr_par' dir='ltr' id='par_1_92' title="bbox 334 4541 1920 4621">
     <span class='ocr_line' id='line_1_92' title="bbox 334 4541 1920 4621; baseline -0.009 -15"><span class='ocrx_word' id='word_1_675' title='bbox 334 4551 630 4621; x_wconf 35' lang='lat' dir='ltr'><strong>rataQuem</strong></span> <span class='ocrx_word' id='word_1_676' title='bbox 672 4546 927 4617; x_wconf 84' lang='lat' dir='ltr'><strong>paulatim</strong></span> <span class='ocrx_word' id='word_1_677' title='bbox 978 4556 1343 4604; x_wconf 80' lang='lat' dir='ltr'><strong>commovens,</strong></span> <span class='ocrx_word' id='word_1_678' title='bbox 1372 4541 1542 4594; x_wconf 83' lang='lat' dir='ltr'><strong>sensit</strong></span> <span class='ocrx_word' id='word_1_679' title='bbox 1580 4548 1920 4606; x_wconf 82' lang='lat' dir='ltr'><strong>cooperante</strong></span> 
     </span>
    </p>
   </div>
   <div class='ocr_carea' id='block_1_93' title="bbox 339 4630 1906 4717">
    <p class='ocr_par' dir='ltr' id='par_1_93' title="bbox 339 4630 1906 4717">
     <span class='ocr_line' id='line_1_93' title="bbox 339 4630 1906 4717; baseline -0.011 -19"><span class='ocrx_word' id='word_1_680' title='bbox 339 4643 424 4698; x_wconf 83' lang='lat' dir='ltr'><strong>Dei</strong></span> <span class='ocrx_word' id='word_1_681' title='bbox 455 4642 742 4717; x_wconf 64' lang='lat' dir='ltr'><strong>adiutorio,</strong></span> <span class='ocrx_word' id='word_1_682' title='bbox 765 4638 991 4708; x_wconf 85' lang='lat' dir='ltr'><strong>lapidem</strong></span> <span class='ocrx_word' id='word_1_683' title='bbox 1022 4632 1494 4692; x_wconf 73' lang='lat' dir='ltr'><strong>amoveri.\’erutn</strong></span> <span class='ocrx_word' id='word_1_684' title='bbox 1518 4631 1607 4684; x_wconf 91' lang='lat' dir='ltr'><strong>ubi</strong></span> <span class='ocrx_word' id='word_1_685' title='bbox 1632 4630 1701 4683; x_wconf 90' lang='lat' dir='ltr'><strong>ita</strong></span> <span class='ocrx_word' id='word_1_686' title='bbox 1727 4645 1906 4684; x_wconf 86' lang='lat' dir='ltr'><strong>remo-</strong></span> 
     </span>
    </p>
   </div>
   <div class='ocr_carea' id='block_1_94' title="bbox 405 4760 1907 4834">
    <p class='ocr_par' dir='ltr' id='par_1_94' title="bbox 405 4760 1907 4834">
     <span class='ocr_line' id='line_1_94' title="bbox 405 4760 1907 4834; baseline -0.009 -8"><span class='ocrx_word' id='word_1_687' title='bbox 405 4783 433 4810; x_wconf 77' lang='grc' dir='ltr'><strong>ι</strong></span> <span class='ocrx_word' id='word_1_688' title='bbox 467 4770 620 4834; x_wconf 87' lang='lat' dir='ltr'><strong>Bad.,</strong></span> <span class='ocrx_word' id='word_1_689' title='bbox 662 4768 912 4832; x_wconf 75' lang='lat' dir='ltr'><strong>Solinus;</strong></span> <span class='ocrx_word' id='word_1_690' title='bbox 961 4766 1054 4824; x_wconf 82' lang='lat' dir='ltr'><strong>sed</strong></span> <span class='ocrx_word' id='word_1_691' title='bbox 1113 4772 1312 4823; x_wconf 54' lang='lat' dir='ltr'><strong>nostra-</strong></span> <span class='ocrx_word' id='word_1_692' title='bbox 1349 4763 1507 4822; x_wconf 82' lang='lat' dir='ltr'><strong>lectio</strong></span> <span class='ocrx_word' id='word_1_693' title='bbox 1553 4760 1907 4834; x_wconf 72' lang='lat' dir='ltr'><strong>melior.__Hic</strong></span> 
     </span>
    </p>
   </div>
   <div class='ocr_carea' id='block_1_95' title="bbox 339 4830 1904 4912">
    <p class='ocr_par' dir='ltr' id='par_1_95' title="bbox 339 4830 1904 4912">
     <span class='ocr_line' id='line_1_95' title="bbox 339 4830 1904 4912; baseline -0.007 -16"><span class='ocrx_word' id='word_1_694' title='bbox 339 4830 896 4912; x_wconf 29' lang='lat' dir='ltr'><strong>quippeAAipoll_i_na_ris</strong></span> <span class='ocrx_word' id='word_1_695' title='bbox 923 4836 1174 4912; x_wconf 75' lang='lat' dir='ltr'><strong>Sidonius</strong></span> <span class='ocrx_word' id='word_1_696' title='bbox 1204 4834 1526 4912; x_wconf 64' lang='lat' dir='ltr'><strong>designatur,</strong></span> <span class='ocrx_word' id='word_1_697' title='bbox 1558 4832 1643 4912; x_wconf 78' lang='lat' dir='ltr'><strong>qui</strong></span> <span class='ocrx_word' id='word_1_698' title='bbox 1680 4842 1732 4912; x_wconf 81' lang='lat' dir='ltr'><strong>e_t</strong></span> <span class='ocrx_word' id='word_1_699' title='bbox 1757 4830 1904 4912; x_wconf 78' lang='lat' dir='ltr'><strong>dice-</strong></span> 
     </span>
    </p>
   </div>
   <div class='ocr_carea' id='block_1_96' title="bbox 342 4900 1896 4968">
    <p class='ocr_par' dir='ltr' id='par_1_96' title="bbox 342 4900 1896 4968">
     <span class='ocr_line' id='line_1_96' title="bbox 342 4900 1896 4968; baseline -0.007 -4"><span class='ocrx_word' id='word_1_700' title='bbox 342 4900 495 4966; x_wconf 62' lang='lat' dir='ltr'><strong>Earini.</strong></span> <span class='ocrx_word' id='word_1_701' title='bbox 526 4900 682 4964; x_wconf 65' lang='lat' dir='ltr'><strong>Caius</strong></span> <span class='ocrx_word' id='word_1_702' title='bbox 715 4905 930 4961; x_wconf 71' lang='lat' dir='ltr'><strong>Sollius.</strong></span> <span class='ocrx_word' id='word_1_703' title='bbox 965 4907 1136 4958; x_wconf 85' lang='lat' dir='ltr'><strong>Lucus</strong></span> <span class='ocrx_word' id='word_1_704' title='bbox 1161 4900 1341 4957; x_wconf 74' lang='lat' dir='ltr'><strong>auteui</strong></span> <span class='ocrx_word' id='word_1_705' title='bbox 1364 4919 1391 4953; x_wconf 87' lang='lat' dir='ltr'><strong>a</strong></span> <span class='ocrx_word' id='word_1_706' title='bbox 1426 4900 1680 4968; x_wconf 82' lang='lat' dir='ltr'><strong>Gregorio</strong></span> <span class='ocrx_word' id='word_1_707' title='bbox 1710 4902 1896 4953; x_wconf 85' lang='lat' dir='ltr'><strong>lauda-</strong></span> 
     </span>
    </p>
   </div>
   <div class='ocr_carea' id='block_1_97' title="bbox 342 4970 1898 5042">
    <p class='ocr_par' dir='ltr' id='par_1_97' title="bbox 342 4970 1898 5042">
     <span class='ocr_line' id='line_1_97' title="bbox 342 4970 1898 5042; baseline -0.008 -7"><span class='ocrx_word' id='word_1_708' title='bbox 342 4983 674 5035; x_wconf 69' lang='lat' dir='ltr'><strong>tuebabatur</strong></span> <span class='ocrx_word' id='word_1_709' title='bbox 703 4978 756 5031; x_wconf 90' lang='lat' dir='ltr'><strong>in</strong></span> <span class='ocrx_word' id='word_1_710' title='bbox 793 4976 1012 5042; x_wconf 70' lang='lat' dir='ltr'><strong>epistola</strong></span> <span class='ocrx_word' id='word_1_711' title='bbox 1044 4977 1094 5038; x_wconf 82' lang='grc'><strong>1,</strong></span> <span class='ocrx_word' id='word_1_712' title='bbox 1127 4974 1218 5027; x_wconf 92' lang='lat' dir='ltr'><strong>lib.</strong></span> <span class='ocrx_word' id='word_1_713' title='bbox 1255 4987 1316 5036; x_wconf 79' lang='lat' dir='ltr'><strong>tt,</strong></span> <span class='ocrx_word' id='word_1_714' title='bbox 1347 4987 1468 5038; x_wconf 67' lang='lat' dir='ltr'><strong>qua:</strong></span> <span class='ocrx_word' id='word_1_715' title='bbox 1496 4984 1578 5025; x_wconf 80' lang='lat' dir='ltr'><strong>eet</strong></span> <span class='ocrx_word' id='word_1_716' title='bbox 1605 4971 1671 5026; x_wconf 90' lang='lat' dir='ltr'><strong>ad</strong></span> <span class='ocrx_word' id='word_1_717' title='bbox 1705 4970 1898 5042; x_wconf 80' lang='lat' dir='ltr'><strong>Hecdi-</strong></span> 
     </span>
    </p>
   </div>
   <div class='ocr_carea' id='block_1_98' title="bbox 340 5040 1898 5164">
    <p class='ocr_par' dir='ltr' id='par_1_98' title="bbox 340 5040 1898 5164">
     <span class='ocr_line' id='line_1_98' title="bbox 340 5040 1898 5115; baseline -0.008 -10"><span class='ocrx_word' id='word_1_718' title='bbox 340 5053 500 5115; x_wconf 78' lang='lat' dir='ltr'><strong>ciunt,</strong></span> <span class='ocrx_word' id='word_1_719' title='bbox 532 5052 618 5102; x_wconf 85' lang='lat' dir='ltr'><strong>ubi</strong></span> <span class='ocrx_word' id='word_1_720' title='bbox 644 5040 877 5112; x_wconf 78' lang='lat' dir='ltr'><strong>loquitur</strong></span> <span class='ocrx_word' id='word_1_721' title='bbox 901 5046 967 5099; x_wconf 90' lang='lat' dir='ltr'><strong>de</strong></span> <span class='ocrx_word' id='word_1_722' title='bbox 990 5045 1230 5100; x_wconf 87' lang='lat' dir='ltr'><strong>Serenati</strong></span> <span class='ocrx_word' id='word_1_723' title='bbox 1261 5043 1420 5104; x_wconf 83' lang='lat' dir='ltr'><strong>vitits,</strong></span> <span class='ocrx_word' id='word_1_724' title='bbox 1445 5044 1530 5106; x_wconf 80' lang='lat' dir='ltr'><strong>qui</strong></span> <span class='ocrx_word' id='word_1_725' title='bbox 1563 5055 1649 5094; x_wconf 89' lang='lat' dir='ltr'><strong>res</strong></span> <span class='ocrx_word' id='word_1_726' title='bbox 1675 5040 1898 5093; x_wconf 88' lang='lat' dir='ltr'><strong>aliorum</strong></span> 
     </span>
     <span class='ocr_line' id='line_1_99' title="bbox 343 5112 1897 5164; baseline 0 0"><span class='ocrx_word' id='word_1_727' title='bbox 343 5121 623 5164; x_wconf 66' lang='lat' dir='ltr'><strong>inmdnhal</strong></span> <span class='ocrx_word' id='word_1_728' title='bbox 655 5117 802 5164; x_wconf 83' lang='lat' dir='ltr'><strong>nullo</strong></span> <span class='ocrx_word' id='word_1_729' title='bbox 831 5117 956 5164; x_wconf 85' lang='lat' dir='ltr'><strong>dato</strong></span> <span class='ocrx_word' id='word_1_730' title='bbox 971 5115 1176 5164; x_wconf 74' lang='lat' dir='ltr'><strong>pretio.</strong></span> <span class='ocrx_word' id='word_1_731' title='bbox 1204 5112 1357 5164; x_wconf 69' lang='lat' dir='ltr'><strong>auod&#39;</strong></span> <span class='ocrx_word' id='word_1_732' title='bbox 1375 5127 1468 5164; x_wconf 89' lang='lat' dir='ltr'><strong>eos</strong></span> <span class='ocrx_word' id='word_1_733' title='bbox 1492 5118 1897 5164; x_wconf 74' lang='lat' dir='ltr'><strong>contemneret:</strong></span> 
     </span>
    </p>
   </div>
   <div class='ocr_carea' id='block_1_99' title="bbox 343 5117 1903 5269">
    <p class='ocr_par' dir='ltr' id='par_1_99' title="bbox 343 5117 1903 5269">
     <span class='ocr_line' id='line_1_100' title="bbox 343 5117 1897 5182; baseline -0.008 -8"><span class='ocrx_word' id='word_1_734' title='bbox 343 5121 623 5174; x_wconf 75' lang='lat' dir='ltr'><strong>invadebat</strong></span> <span class='ocrx_word' id='word_1_735' title='bbox 654 5117 802 5170; x_wconf 80' lang='lat' dir='ltr'><strong>nullo</strong></span> <span class='ocrx_word' id='word_1_736' title='bbox 831 5117 956 5168; x_wconf 88' lang='lat' dir='ltr'><strong>dato</strong></span> <span class='ocrx_word' id='word_1_737' title='bbox 971 5117 1176 5182; x_wconf 85' lang='lat' dir='ltr'><strong>pretio,</strong></span> <span class='ocrx_word' id='word_1_738' title='bbox 1204 5117 1357 5182; x_wconf 74' lang='lat' dir='ltr'><strong>quod</strong></span> <span class='ocrx_word' id='word_1_739' title='bbox 1375 5127 1468 5165; x_wconf 88' lang='lat' dir='ltr'><strong>eos</strong></span> <span class='ocrx_word' id='word_1_740' title='bbox 1492 5118 1897 5174; x_wconf 76' lang='lat' dir='ltr'><strong>contemneret;</strong></span> 
     </span>
     <span class='ocr_line' id='line_1_101' title="bbox 344 5182 1903 5269; baseline -0.008 -26"><span class='ocrx_word' id='word_1_741' title='bbox 344 5206 439 5269; x_wconf 78' lang='lat' dir='ltr'><strong>nec</strong></span> <span class='ocrx_word' id='word_1_742' title='bbox 467 5189 763 5269; x_wconf 74' lang='lat' dir='ltr'><strong>accipiebat</strong></span> <span class='ocrx_word' id='word_1_743' title='bbox 799 5186 1168 5248; x_wconf 84' lang='lat' dir='ltr'><strong>instrumenta,</strong></span> <span class='ocrx_word' id='word_1_744' title='bbox 1198 5183 1250 5237; x_wconf 89' lang='lat' dir='ltr'><strong>id</strong></span> <span class='ocrx_word' id='word_1_745' title='bbox 1280 5191 1364 5237; x_wconf 82' lang='lat' dir='ltr'><strong>est</strong></span> <span class='ocrx_word' id='word_1_746' title='bbox 1390 5183 1592 5235; x_wconf 85' lang='lat' dir='ltr'><strong>litteras</strong></span> <span class='ocrx_word' id='word_1_747' title='bbox 1628 5196 1722 5234; x_wconf 91' lang='lat' dir='ltr'><strong>seu</strong></span> <span class='ocrx_word' id='word_1_748' title='bbox 1754 5182 1903 5232; x_wconf 89' lang='lat' dir='ltr'><strong>tabu-</strong></span> 
     </span>
    </p>
   </div>
   <div class='ocr_carea' id='block_1_100' title="bbox 343 5261 786 5314">
    <p class='ocr_par' dir='ltr' id='par_1_100' title="bbox 343 5261 786 5314">
     <span class='ocr_line' id='line_1_102' title="bbox 343 5261 786 5314; baseline -0.014 0"><span class='ocrx_word' id='word_1_749' title='bbox 343 5261 417 5314; x_wconf 80' lang='lat' dir='ltr'><strong>las</strong></span> <span class='ocrx_word' id='word_1_750' title='bbox 448 5261 786 5314; x_wconf 85' lang='lat' dir='ltr'><strong>venditionis.</strong></span> 
     </span>
    </p>
   </div>
   <div class='ocr_carea' id='block_1_101' title="bbox 411 5319 1905 5385">
    <p class='ocr_par' dir='ltr' id='par_1_101' title="bbox 411 5319 1905 5385">
     <span class='ocr_line' id='line_1_103' title="bbox 411 5319 1905 5385; baseline -0.009 -2"><span class='ocrx_word' id='word_1_751' title='bbox 411 5330 438 5369; x_wconf 73' lang='grc' dir='ltr'>δ</span> <span class='ocrx_word' id='word_1_752' title='bbox 459 5332 545 5385; x_wconf 79' lang='lat' dir='ltr'><strong>De-</strong></span> <span class='ocrx_word' id='word_1_753' title='bbox 565 5330 661 5381; x_wconf 87' lang='lat' dir='ltr'><strong>hac</strong></span> <span class='ocrx_word' id='word_1_754' title='bbox 682 5326 774 5381; x_wconf 90' lang='lat' dir='ltr'><strong>lib.</strong></span> <span class='ocrx_word' id='word_1_755' title='bbox 807 5339 821 5378; x_wconf 92' lang='lat' dir='ltr'><strong>l</strong></span> <span class='ocrx_word' id='word_1_756' title='bbox 852 5325 922 5379; x_wconf 87' lang='lat' dir='ltr'><strong>de</strong></span> <span class='ocrx_word' id='word_1_757' title='bbox 970 5323 1212 5378; x_wconf 88' lang='lat' dir='ltr'><strong>ecclesiis</strong></span> <span class='ocrx_word' id='word_1_758' title='bbox 1238 5320 1566 5375; x_wconf 83' lang='lat' dir='ltr'><strong>Claromont.</strong></span> <span class='ocrx_word' id='word_1_759' title='bbox 1597 5319 1782 5372; x_wconf 63' lang='lat' dir='ltr'><strong>Exstat</strong></span> <span class='ocrx_word' id='word_1_760' title='bbox 1812 5319 1905 5370; x_wconf 86' lang='lat' dir='ltr'><strong>ho-</strong></span> 
     </span>
    </p>
   </div>
   <div class='ocr_carea' id='block_1_102' title="bbox 345 5389 1898 5464">
    <p class='ocr_par' dir='ltr' id='par_1_102' title="bbox 345 5389 1898 5464">
     <span class='ocr_line' id='line_1_104' title="bbox 345 5389 1898 5464; baseline -0.009 -12"><span class='ocrx_word' id='word_1_761' title='bbox 345 5402 445 5462; x_wconf 71' lang='lat' dir='ltr'><strong>die,</strong></span> <span class='ocrx_word' id='word_1_762' title='bbox 481 5404 754 5453; x_wconf 89' lang='lat' dir='ltr'><strong>ut-mouet</strong></span> <span class='ocrx_word' id='word_1_763' title='bbox 805 5396 1026 5456; x_wconf 85' lang='lat' dir='ltr'><strong>Savaro,</strong></span> <span class='ocrx_word' id='word_1_764' title='bbox 1076 5392 1390 5464; x_wconf 9' lang='lat' dir='ltr'><strong>pagrochiali</strong></span> <span class='ocrx_word' id='word_1_765' title='bbox 1429 5391 1603 5464; x_wconf 84' lang='lat' dir='ltr'><strong>ti_t_ulo_</strong></span> <span class='ocrx_word' id='word_1_766' title='bbox 1630 5389 1898 5464; x_wconf 68' lang='lat' dir='ltr'><strong>insignita.</strong></span> 
     </span>
    </p>
   </div>
   <div class='ocr_carea' id='block_1_103' title="bbox 350 5459 1907 5534">
    <p class='ocr_par' dir='ltr' id='par_1_103' title="bbox 350 5459 1907 5534">
     <span class='ocr_line' id='line_1_105' title="bbox 350 5459 1907 5534; baseline -0.01 -11"><span class='ocrx_word' id='word_1_767' title='bbox 350 5459 477 5524; x_wconf 70' lang='lat' dir='ltr'><strong>Vide</strong></span> <span class='ocrx_word' id='word_1_768' title='bbox 505 5484 665 5534; x_wconf 88' lang='lat' dir='ltr'><strong>supra</strong></span> <span class='ocrx_word' id='word_1_769' title='bbox 701 5467 792 5520; x_wconf 89' lang='lat' dir='ltr'><strong>lib.</strong></span> <span class='ocrx_word' id='word_1_770' title='bbox 832 5479 882 5534; x_wconf 84' lang='lat' dir='ltr'><strong>t,</strong></span> <span class='ocrx_word' id='word_1_771' title='bbox 901 5464 966 5516; x_wconf 91' lang='lat' dir='ltr'><strong>ad</strong></span> <span class='ocrx_word' id='word_1_772' title='bbox 989 5459 1106 5534; x_wconf 85' lang='lat' dir='ltr'><strong>cap.</strong></span> <span class='ocrx_word' id='word_1_773' title='bbox 1133 5461 1218 5514; x_wconf 83' lang='grc'><strong>51.</strong></span> <span class='ocrx_word' id='word_1_774' title='bbox 1250 5461 1331 5534; x_wconf 87' lang='lat' dir='ltr'><strong>_De</strong></span> <span class='ocrx_word' id='word_1_775' title='bbox 1361 5461 1417 5534; x_wconf 86' lang='lat' dir='ltr'><strong>_S_.</strong></span> <span class='ocrx_word' id='word_1_776' title='bbox 1438 5460 1642 5534; x_wconf 25' lang='lat' dir='ltr'><strong>ACassio</strong></span> <span class='ocrx_word' id='word_1_777' title='bbox 1668 5469 1717 5511; x_wconf 91' lang='lat' dir='ltr'><strong>et</strong></span> <span class='ocrx_word' id='word_1_778' title='bbox 1751 5459 1907 5509; x_wconf 74' lang='lat' dir='ltr'><strong>SOCllS</strong></span> 
     </span>
    </p>
   </div>
   <div class='ocr_carea' id='block_1_104' title="bbox 350 5529 1904 5662">
    <p class='ocr_par' dir='ltr' id='par_1_104' title="bbox 350 5529 1904 5662">
     <span class='ocr_line' id='line_1_106' title="bbox 350 5529 1904 5607; baseline -0.008 -17"><span class='ocrx_word' id='word_1_779' title='bbox 350 5549 506 5607; x_wconf 80' lang='lat' dir='ltr'><strong>agunt</strong></span> <span class='ocrx_word' id='word_1_780' title='bbox 560 5529 903 5590; x_wconf 74' lang='lat' dir='ltr'><strong>Bollandiani-</strong></span> <span class='ocrx_word' id='word_1_781' title='bbox 943 5532 1009 5586; x_wconf 88' lang='lat' dir='ltr'><strong>ad</strong></span> <span class='ocrx_word' id='word_1_782' title='bbox 1051 5529 1190 5586; x_wconf 83' lang='lat' dir='ltr'><strong>diem</strong></span> <span class='ocrx_word' id='word_1_783' title='bbox 1243 5532 1307 5585; x_wconf 85' lang='lat' dir='ltr'><strong>l5</strong></span> <span class='ocrx_word' id='word_1_784' title='bbox 1360 5529 1514 5584; x_wconf 84' lang='lat' dir='ltr'><strong>Febr.</strong></span> <span class='ocrx_word' id='word_1_785' title='bbox 1566 5545 1670 5596; x_wconf 82' lang='lat' dir='ltr'><strong>quo</strong></span> <span class='ocrx_word' id='word_1_786' title='bbox 1718 5543 1904 5581; x_wconf 81' lang='lat' dir='ltr'><strong>eorum</strong></span> 
     </span>
     <span class='ocr_line' id='line_1_107' title="bbox 351 5607 888 5662; baseline -0.013 0"><span class='ocrx_word' id='word_1_787' title='bbox 351 5608 539 5662; x_wconf 64' lang='lat' dir='ltr'><strong>fatum</strong></span> <span class='ocrx_word' id='word_1_788' title='bbox 571 5607 888 5660; x_wconf 89' lang='lat' dir='ltr'><strong>celebratur.</strong></span> 
     </span>
    </p>
   </div>
   <div class='ocr_carea' id='block_1_105' title="bbox 431 5619 888 5661">
    <p class='ocr_par' dir='ltr' id='par_1_105' title="bbox 431 5619 888 5661">
     <span class='ocr_line' id='line_1_108' title="bbox 431 5619 888 5661; baseline -0.009 -2"><span class='ocrx_word' id='word_1_789' title='bbox 431 5621 539 5661; x_wconf 85' lang='lat' dir='ltr'><strong>tum</strong></span> <span class='ocrx_word' id='word_1_790' title='bbox 571 5619 888 5660; x_wconf 84' lang='lat' dir='ltr'><strong>celebratur.</strong></span> 
     </span>
    </p>
   </div>
   <div class='ocr_carea' id='block_1_106' title="bbox 423 5671 1338 5738">
    <p class='ocr_par' dir='ltr' id='par_1_106' title="bbox 423 5671 1338 5738">
     <span class='ocr_line' id='line_1_109' title="bbox 423 5671 1338 5738; baseline -0.013 -4"><span class='ocrx_word' id='word_1_791' title='bbox 423 5689 444 5717; x_wconf 74' lang='grc' dir='ltr'><strong>ε</strong></span> <span class='ocrx_word' id='word_1_792' title='bbox 477 5679 672 5734; x_wconf 71' lang='lat' dir='ltr'><strong>Chcsu.</strong></span> <span class='ocrx_word' id='word_1_793' title='bbox 697 5683 748 5729; x_wconf 91' lang='lat' dir='ltr'><strong>el</strong></span> <span class='ocrx_word' id='word_1_794' title='bbox 779 5673 960 5738; x_wconf 84' lang='lat' dir='ltr'><strong>Frch.,</strong></span> <span class='ocrx_word' id='word_1_795' title='bbox 989 5671 1338 5725; x_wconf 75' lang='lat' dir='ltr'><strong>venumdabat.</strong></span> 
     </span>
    </p>
   </div>
   <div class='ocr_carea' id='block_1_107' title="bbox 2002 4530 3565 4599">
    <p class='ocr_par' dir='ltr' id='par_1_107' title="bbox 2002 4530 3565 4599">
     <span class='ocr_line' id='line_1_110' title="bbox 2002 4530 3565 4599; baseline -0.007 -7"><span class='ocrx_word' id='word_1_796' title='bbox 2002 4539 2118 4592; x_wconf 90' lang='lat' dir='ltr'><strong>dies</strong></span> <span class='ocrx_word' id='word_1_797' title='bbox 2147 4548 2244 4591; x_wconf 83' lang='lat' dir='ltr'><strong>:et</strong></span> <span class='ocrx_word' id='word_1_798' title='bbox 2265 4536 2824 4599; x_wconf 71' lang='lat' dir='ltr'><strong>Cantinusepiscopus</strong></span> <span class='ocrx_word' id='word_1_799' title='bbox 2850 4533 2902 4584; x_wconf 86' lang='lat' dir='ltr'><strong>iu</strong></span> <span class='ocrx_word' id='word_1_800' title='bbox 2945 4531 3334 4586; x_wconf 84' lang='lat' dir='ltr'><strong>Brivatcusetn.</strong></span> <span class='ocrx_word' id='word_1_801' title='bbox 3365 4530 3565 4582; x_wconf 68' lang='lat' dir='ltr'><strong>dioece—</strong></span> 
     </span>
    </p>
   </div>
   <div class='ocr_carea' id='block_1_108' title="bbox 2005 4619 3564 4697">
    <p class='ocr_par' dir='ltr' id='par_1_108' title="bbox 2005 4619 3564 4697">
     <span class='ocr_line' id='line_1_111' title="bbox 2005 4619 3564 4697; baseline -0.008 -15"><span class='ocrx_word' id='word_1_802' title='bbox 2005 4627 2103 4683; x_wconf 90' lang='lat' dir='ltr'><strong>sim</strong></span> <span class='ocrx_word' id='word_1_803' title='bbox 2127 4622 2155 4664; x_wconf 73' lang='grc' dir='ltr'><strong>ιι</strong></span> <span class='ocrx_word' id='word_1_804' title='bbox 2187 4626 2461 4697; x_wconf 84' lang='lat' dir='ltr'><strong>psallendo</strong></span> <span class='ocrx_word' id='word_1_805' title='bbox 2489 4625 2634 4677; x_wconf 86' lang='lat' dir='ltr'><strong>adire</strong></span> <span class='ocrx_word' id='word_1_806' title='bbox 2680 4622 3035 4690; x_wconf 76' lang='lat' dir='ltr'><strong>disposuerat,</strong></span> <span class='ocrx_word' id='word_1_807' title='bbox 3077 4620 3229 4688; x_wconf 67' lang='lat' dir='ltr'><strong>juxta</strong></span> <span class='ocrx_word' id='word_1_808' title='bbox 3276 4619 3564 4672; x_wconf 84' lang='lat' dir='ltr'><strong>institutio-</strong></span> 
     </span>
    </p>
   </div>
   <div class='ocr_carea' id='block_1_109' title="bbox 2076 4750 3570 4826">
    <p class='ocr_par' dir='ltr' id='par_1_109' title="bbox 2076 4750 3570 4826">
     <span class='ocr_line' id='line_1_112' title="bbox 2076 4750 3570 4826; baseline -0.005 -13"><span class='ocrx_word' id='word_1_809' title='bbox 2076 4758 2247 4812; x_wconf 53' lang='lat' dir='ltr'><strong>“Hoc</strong></span> <span class='ocrx_word' id='word_1_810' title='bbox 2286 4767 2446 4826; x_wconf 91' lang='lat' dir='ltr'><strong>caput</strong></span> <span class='ocrx_word' id='word_1_811' title='bbox 2489 4755 2642 4810; x_wconf 88' lang='lat' dir='ltr'><strong>deest</strong></span> <span class='ocrx_word' id='word_1_812' title='bbox 2670 4753 2868 4826; x_wconf 10' lang='lat' dir='ltr'><strong>inireg.</strong></span> <span class='ocrx_word' id='word_1_813' title='bbox 2898 4759 2958 4826; x_wconf 62' lang='lat' dir='ltr'><strong>et</strong></span> <span class='ocrx_word' id='word_1_814' title='bbox 2994 4750 3146 4805; x_wconf 86' lang='lat' dir='ltr'><strong>Colb.</strong></span> <span class='ocrx_word' id='word_1_815' title='bbox 3194 4751 3394 4805; x_wconf 85' lang='lat' dir='ltr'><strong>Confer</strong></span> <span class='ocrx_word' id='word_1_816' title='bbox 3442 4751 3570 4805; x_wconf 90' lang='lat' dir='ltr'><strong>illud</strong></span> 
     </span>
    </p>
   </div>
   <div class='ocr_carea' id='block_1_110' title="bbox 2008 4823 3061 4896">
    <p class='ocr_par' dir='ltr' id='par_1_110' title="bbox 2008 4823 3061 4896">
     <span class='ocr_line' id='line_1_113' title="bbox 2008 4823 3061 4896; baseline -0.009 -13"><span class='ocrx_word' id='word_1_817' title='bbox 2008 4845 2127 4883; x_wconf 85' lang='lat' dir='ltr'><strong>cum</strong></span> <span class='ocrx_word' id='word_1_818' title='bbox 2155 4844 2272 4896; x_wconf 84' lang='lat' dir='ltr'><strong>cap.</strong></span> <span class='ocrx_word' id='word_1_819' title='bbox 2305 4823 2374 4879; x_wconf 78' lang='grc'>66</span> <span class='ocrx_word' id='word_1_820' title='bbox 2401 4827 2516 4878; x_wconf 86' lang='lat' dir='ltr'><strong>libri</strong></span> <span class='ocrx_word' id='word_1_821' title='bbox 2549 4841 2564 4878; x_wconf 92' lang='grc' dir='ltr'><strong>ι</strong></span> <span class='ocrx_word' id='word_1_822' title='bbox 2592 4828 2660 4878; x_wconf 87' lang='lat' dir='ltr'><strong>de</strong></span> <span class='ocrx_word' id='word_1_823' title='bbox 2690 4824 2868 4876; x_wconf 85' lang='lat' dir='ltr'><strong>Gloria</strong></span> <span class='ocrx_word' id='word_1_824' title='bbox 2900 4823 3061 4896; x_wconf 69' lang='lat' dir='ltr'><strong>Mart.</strong></span> 
     </span>
    </p>
   </div>
   <div class='ocr_carea' id='block_1_111' title="bbox 2082 4892 3326 4954">
    <p class='ocr_par' dir='ltr' id='par_1_111' title="bbox 2082 4892 3326 4954">
     <span class='ocr_line' id='line_1_114' title="bbox 2082 4892 3326 4954; baseline -0.006 -3"><span class='ocrx_word' id='word_1_825' title='bbox 2082 4911 2104 4936; x_wconf 71' lang='grc' dir='ltr'>ι·</span> <span class='ocrx_word' id='word_1_826' title='bbox 2136 4892 2233 4951; x_wconf 49' lang='lat' dir='ltr'><strong>Sic&#39;</strong></span> <span class='ocrx_word' id='word_1_827' title='bbox 2247 4913 2374 4950; x_wconf 89' lang='lat' dir='ltr'><strong>mss.</strong></span> <span class='ocrx_word' id='word_1_828' title='bbox 2411 4895 2552 4949; x_wconf 85' lang='lat' dir='ltr'><strong>Editi</strong></span> <span class='ocrx_word' id='word_1_829' title='bbox 2583 4911 2728 4954; x_wconf 80' lang='lat' dir='ltr'><strong>vero,</strong></span> <span class='ocrx_word' id='word_1_830' title='bbox 2757 4896 2970 4947; x_wconf 71' lang='lat' dir='ltr'><strong>celerius</strong></span> <span class='ocrx_word' id='word_1_831' title='bbox 2999 4892 3203 4944; x_wconf 82' lang='lat' dir='ltr'><strong>ablatus</strong></span> <span class='ocrx_word' id='word_1_832' title='bbox 3233 4902 3326 4944; x_wconf 82' lang='lat' dir='ltr'><strong>est.</strong></span> 
     </span>
    </p>
   </div>
   <div class='ocr_carea' id='block_1_112' title="bbox 2081 4960 3575 5026">
    <p class='ocr_par' dir='ltr' id='par_1_112' title="bbox 2081 4960 3575 5026">
     <span class='ocr_line' id='line_1_115' title="bbox 2081 4960 3575 5026; baseline -0.007 -4"><span class='ocrx_word' id='word_1_833' title='bbox 2081 4967 2220 5021; x_wconf 61' lang='lat' dir='ltr'><strong>f-S‘n:</strong></span> <span class='ocrx_word' id='word_1_834' title='bbox 2251 4968 2407 5020; x_wconf 87' lang='lat' dir='ltr'><strong>iidem</strong></span> <span class='ocrx_word' id='word_1_835' title='bbox 2452 4981 2580 5019; x_wconf 90' lang='lat' dir='ltr'><strong>mss.</strong></span> <span class='ocrx_word' id='word_1_836' title='bbox 2619 4969 2680 5016; x_wconf 77' lang='lat' dir='ltr'><strong>At</strong></span> <span class='ocrx_word' id='word_1_837' title='bbox 2720 4963 2846 5016; x_wconf 90' lang='lat' dir='ltr'><strong>editi</strong></span> <span class='ocrx_word' id='word_1_838' title='bbox 2894 4965 3113 5026; x_wconf 84' lang='lat' dir='ltr'><strong>habent,</strong></span> <span class='ocrx_word' id='word_1_839' title='bbox 3169 4962 3405 5014; x_wconf 77' lang='lat' dir='ltr'><strong>collectas</strong></span> <span class='ocrx_word' id='word_1_840' title='bbox 3457 4960 3575 5012; x_wconf 80' lang='lat' dir='ltr'><strong>viles</strong></span> 
     </span>
    </p>
   </div>
   <div class='ocr_carea' id='block_1_113' title="bbox 2008 5031 3576 5108">
    <p class='ocr_par' dir='ltr' id='par_1_113' title="bbox 2008 5031 3576 5108">
     <span class='ocr_line' id='line_1_116' title="bbox 2008 5031 3576 5108; baseline -0.006 -19"><span class='ocrx_word' id='word_1_841' title='bbox 2008 5055 2249 5108; x_wconf 83' lang='lat' dir='ltr'><strong>personas</strong></span> <span class='ocrx_word' id='word_1_842' title='bbox 2269 5049 2415 5108; x_wconf 61' lang='lat' dir='ltr'><strong>(state</strong></span> <span class='ocrx_word' id='word_1_843' title='bbox 2425 5035 2644 5108; x_wconf 68' lang='lat' dir='ltr'><strong>juvenili</strong></span> <span class='ocrx_word' id='word_1_844' title='bbox 2678 5037 2983 5108; x_wconf 70' lang='lat' dir='ltr'><strong>ﬂuctuantes</strong></span> <span class='ocrx_word' id='word_1_845' title='bbox 3012 5032 3212 5108; x_wconf 58' lang='lat' dir='ltr'><strong>[nitebat</strong></span> <span class='ocrx_word' id='word_1_846' title='bbox 3241 5042 3288 5083; x_wconf 84' lang='lat' dir='ltr'><strong>et</strong></span> <span class='ocrx_word' id='word_1_847' title='bbox 3315 5031 3576 5108; x_wconf 61' lang='lat' dir='ltr'><strong>diligebat.</strong></span> 
     </span>
    </p>
   </div>
   <div class='ocr_carea' id='block_1_114' title="bbox 2080 5101 3580 5170">
    <p class='ocr_par' dir='ltr' id='par_1_114' title="bbox 2080 5101 3580 5170">
     <span class='ocr_line' id='line_1_117' title="bbox 2080 5101 3580 5170; baseline -0.008 -9"><span class='ocrx_word' id='word_1_848' title='bbox 2080 5119 2105 5155; x_wconf 76' lang='grc' dir='ltr'><strong><em>ε</em></strong></span> <span class='ocrx_word' id='word_1_849' title='bbox 2140 5108 2228 5161; x_wconf 90' lang='lat' dir='ltr'><strong>Sic</strong></span> <span class='ocrx_word' id='word_1_850' title='bbox 2264 5107 2457 5169; x_wconf 81' lang='lat' dir='ltr'><strong>Corb.;</strong></span> <span class='ocrx_word' id='word_1_851' title='bbox 2488 5107 2574 5158; x_wconf 88' lang='lat' dir='ltr'><strong>alii</strong></span> <span class='ocrx_word' id='word_1_852' title='bbox 2605 5101 2758 5167; x_wconf 85' lang='lat' dir='ltr'><strong>mss.,</strong></span> <span class='ocrx_word' id='word_1_853' title='bbox 2791 5105 2838 5155; x_wconf 85' lang='lat' dir='ltr'><strong>vi</strong></span> <span class='ocrx_word' id='word_1_854' title='bbox 2859 5101 3056 5155; x_wconf 78' lang='lat' dir='ltr'><strong>detrahi</strong></span> <span class='ocrx_word' id='word_1_855' title='bbox 3080 5102 3300 5170; x_wconf 73' lang='lat' dir='ltr'><strong>jnberet.</strong></span> <span class='ocrx_word' id='word_1_856' title='bbox 3330 5101 3453 5160; x_wconf 77' lang='lat' dir='ltr'><strong>Ed.,</strong></span> <span class='ocrx_word' id='word_1_857' title='bbox 3481 5103 3580 5150; x_wconf 84' lang='lat' dir='ltr'><strong>da-</strong></span> 
     </span>
    </p>
   </div>
   <div class='ocr_carea' id='block_1_115' title="bbox 2009 5172 3582 5242">
    <p class='ocr_par' dir='ltr' id='par_1_115' title="bbox 2009 5172 3582 5242">
     <span class='ocr_line' id='line_1_118' title="bbox 2009 5172 3582 5242; baseline -0.006 -11"><span class='ocrx_word' id='word_1_858' title='bbox 2009 5181 2070 5231; x_wconf 79' lang='lat' dir='ltr'><strong>tis</strong></span> <span class='ocrx_word' id='word_1_859' title='bbox 2115 5177 2529 5242; x_wconf 76' lang='lat' dir='ltr'><strong>prwdationibus,</strong></span> <span class='ocrx_word' id='word_1_860' title='bbox 2579 5190 2690 5234; x_wconf 84' lang='lat' dir='ltr'><strong>seu,</strong></span> <span class='ocrx_word' id='word_1_861' title='bbox 2725 5176 2854 5226; x_wconf 84' lang='lat' dir='ltr'><strong>dans</strong></span> <span class='ocrx_word' id='word_1_862' title='bbox 2902 5172 3244 5235; x_wconf 74' lang='lat' dir='ltr'><strong>prwdom&#39;bus,</strong></span> <span class='ocrx_word' id='word_1_863' title='bbox 3292 5172 3582 5242; x_wconf 28' lang='lat' dir='ltr'><strong>eisdenttvs</strong></span> 
     </span>
    </p>
   </div>
   <div class='ocr_carea' id='block_1_116' title="bbox 2011 5236 3579 5309">
    <p class='ocr_par' dir='ltr' id='par_1_116' title="bbox 2011 5236 3579 5309">
     <span class='ocr_line' id='line_1_119' title="bbox 2011 5236 3579 5309; baseline -0.006 -10"><span class='ocrx_word' id='word_1_864' title='bbox 2011 5236 2231 5309; x_wconf 70' lang='lat' dir='ltr'><strong>detrahi,</strong></span> <span class='ocrx_word' id='word_1_865' title='bbox 2256 5257 2359 5300; x_wconf 89' lang='lat' dir='ltr'><strong>etc.</strong></span> <span class='ocrx_word' id='word_1_866' title='bbox 2385 5236 2647 5299; x_wconf 78' lang='lat' dir='ltr'><strong>Firminus</strong></span> <span class='ocrx_word' id='word_1_867' title='bbox 2675 5245 2760 5297; x_wconf 81' lang='lat' dir='ltr'><strong>hic</strong></span> <span class='ocrx_word' id='word_1_868' title='bbox 2791 5243 3050 5301; x_wconf 85' lang='lat' dir='ltr'><strong>laudatus.</strong></span> <span class='ocrx_word' id='word_1_869' title='bbox 3077 5252 3188 5292; x_wconf 86' lang='lat' dir='ltr'><strong>erut</strong></span> <span class='ocrx_word' id='word_1_870' title='bbox 3214 5254 3247 5292; x_wconf 78' lang='grc' dir='ltr'>θ</span> <span class='ocrx_word' id='word_1_871' title='bbox 3271 5236 3438 5293; x_wconf 78' lang='lat' dir='ltr'><strong>nobili</strong></span> <span class='ocrx_word' id='word_1_872' title='bbox 3463 5237 3579 5291; x_wconf 84' lang='lat' dir='ltr'><strong>Fir-</strong></span> 
     </span>
    </p>
   </div>
   <div class='ocr_carea' id='block_1_117' title="bbox 2015 5309 3586 5381">
    <p class='ocr_par' dir='ltr' id='par_1_117' title="bbox 2015 5309 3586 5381">
     <span class='ocr_line' id='line_1_120' title="bbox 2015 5309 3586 5381; baseline -0.008 -11"><span class='ocrx_word' id='word_1_873' title='bbox 2015 5319 2278 5370; x_wconf 78' lang='lat' dir='ltr'><strong>rniuoinm</strong></span> <span class='ocrx_word' id='word_1_874' title='bbox 2327 5318 2543 5378; x_wconf 81' lang='lat' dir='ltr'><strong>familia,</strong></span> <span class='ocrx_word' id='word_1_875' title='bbox 2576 5315 2662 5381; x_wconf 87' lang='lat' dir='ltr'><strong>qui</strong></span> <span class='ocrx_word' id='word_1_876' title='bbox 2707 5312 2941 5378; x_wconf 57' lang='lat' dir='ltr'><strong>praefecti</strong></span> <span class='ocrx_word' id='word_1_877' title='bbox 2975 5313 3324 5381; x_wconf 31' lang='lat' dir='ltr'><strong>praetoriodet</strong></span> <span class='ocrx_word' id='word_1_878' title='bbox 3377 5309 3586 5381; x_wconf 74' lang='lat' dir='ltr'><strong>patri-cii</strong></span> 
     </span>
    </p>
   </div>
   <div class='ocr_carea' id='block_1_118' title="bbox 2018 5379 3586 5449">
    <p class='ocr_par' dir='ltr' id='par_1_118' title="bbox 2018 5379 3586 5449">
     <span class='ocr_line' id='line_1_121' title="bbox 2018 5379 3586 5449; baseline -0.006 -11"><span class='ocrx_word' id='word_1_879' title='bbox 2018 5390 2250 5449; x_wconf 90' lang='lat' dir='ltr'><strong>fuerunt,</strong></span> <span class='ocrx_word' id='word_1_880' title='bbox 2288 5389 2362 5438; x_wconf 90' lang='lat' dir='ltr'><strong>uti</strong></span> <span class='ocrx_word' id='word_1_881' title='bbox 2393 5402 2453 5438; x_wconf 81' lang='lat' dir='ltr'><strong>ex</strong></span> <span class='ocrx_word' id='word_1_882' title='bbox 2500 5379 2722 5437; x_wconf 87' lang='lat' dir='ltr'><strong>novellis</strong></span> <span class='ocrx_word' id='word_1_883' title='bbox 2758 5380 3104 5449; x_wconf 81' lang='lat' dir='ltr'><strong>Valentiniani</strong></span> <span class='ocrx_word' id='word_1_884' title='bbox 3147 5390 3200 5430; x_wconf 91' lang='lat' dir='ltr'><strong>et</strong></span> <span class='ocrx_word' id='word_1_885' title='bbox 3230 5379 3477 5433; x_wconf 76' lang='lat' dir='ltr'><strong>Muretatti</strong></span> <span class='ocrx_word' id='word_1_886' title='bbox 3522 5381 3586 5430; x_wconf 90' lang='lat' dir='ltr'><strong>li-</strong></span> 
     </span>
    </p>
   </div>
   <div class='ocr_carea' id='block_1_119' title="bbox 2012 5448 3585 5521">
    <p class='ocr_par' dir='ltr' id='par_1_119' title="bbox 2012 5448 3585 5521">
     <span class='ocr_line' id='line_1_122' title="bbox 2012 5448 3585 5521; baseline -0.007 -13"><span class='ocrx_word' id='word_1_887' title='bbox 2012 5469 2159 5521; x_wconf 86' lang='lat' dir='ltr'><strong>quet.</strong></span> <span class='ocrx_word' id='word_1_888' title='bbox 2194 5448 2295 5509; x_wconf 75' lang='lat' dir='ltr'><strong>Eos</strong></span> <span class='ocrx_word' id='word_1_889' title='bbox 2325 5469 2499 5508; x_wconf 87' lang='lat' dir='ltr'><strong>autem</strong></span> <span class='ocrx_word' id='word_1_890' title='bbox 2528 5471 2588 5506; x_wconf 83' lang='lat' dir='ltr'><strong>ex</strong></span> <span class='ocrx_word' id='word_1_891' title='bbox 2626 5451 2874 5521; x_wconf 68' lang='lat' dir='ltr'><strong>Arvisrnis</strong></span> <span class='ocrx_word' id='word_1_892' title='bbox 2915 5448 3169 5521; x_wconf 82' lang='lat' dir='ltr'><strong>oriundos</strong></span> <span class='ocrx_word' id='word_1_893' title='bbox 3220 5451 3383 5502; x_wconf 80' lang='lat' dir='ltr'><strong>fuisse</strong></span> <span class='ocrx_word' id='word_1_894' title='bbox 3433 5456 3585 5516; x_wconf 86' lang='lat' dir='ltr'><strong>putat</strong></span> 
     </span>
    </p>
   </div>
   <div class='ocr_carea' id='block_1_120' title="bbox 2013 5519 3584 5591">
    <p class='ocr_par' dir='ltr' id='par_1_120' title="bbox 2013 5519 3584 5591">
     <span class='ocr_line' id='line_1_123' title="bbox 2013 5519 3584 5591; baseline -0.008 -11"><span class='ocrx_word' id='word_1_895' title='bbox 2013 5519 2216 5580; x_wconf 84' lang='lat' dir='ltr'><strong>Savaro</strong></span> <span class='ocrx_word' id='word_1_896' title='bbox 2239 5529 2288 5577; x_wconf 92' lang='lat' dir='ltr'><strong>in</strong></span> <span class='ocrx_word' id='word_1_897' title='bbox 2321 5528 2457 5578; x_wconf 85' lang='lat' dir='ltr'><strong>uotis</strong></span> <span class='ocrx_word' id='word_1_898' title='bbox 2487 5524 2732 5591; x_wconf 84' lang='lat' dir='ltr'><strong>adepist.</strong></span> <span class='ocrx_word' id='word_1_899' title='bbox 2763 5520 3056 5585; x_wconf 61' lang='lat' dir='ltr'><strong>“2-Sidunii,</strong></span> <span class='ocrx_word' id='word_1_900' title='bbox 3100 5519 3192 5572; x_wconf 89' lang='lat' dir='ltr'><strong>lib.</strong></span> <span class='ocrx_word' id='word_1_901' title='bbox 3230 5535 3300 5587; x_wconf 82' lang='lat' dir='ltr'><strong>Ix,</strong></span> <span class='ocrx_word' id='word_1_902' title='bbox 3337 5536 3453 5587; x_wconf 76' lang='lat' dir='ltr'><strong>quae</strong></span> <span class='ocrx_word' id='word_1_903' title='bbox 3499 5527 3584 5569; x_wconf 84' lang='lat' dir='ltr'><strong>est</strong></span> 
     </span>
    </p>
   </div>
   <div class='ocr_carea' id='block_1_121' title="bbox 2016 5597 3028 5649">
    <p class='ocr_par' dir='ltr' id='par_1_121' title="bbox 2016 5597 3028 5649">
     <span class='ocr_line' id='line_1_124' title="bbox 2016 5597 3028 5649; baseline 0.001 -3"><span class='ocrx_word' id='word_1_904' title='bbox 2016 5601 2083 5646; x_wconf 64' lang='lat' dir='ltr'><strong>ait</strong></span> <span class='ocrx_word' id='word_1_905' title='bbox 2116 5597 2425 5649; x_wconf 74' lang='lat' dir='ltr'><strong>Fu&#39;tninttut.</strong></span> <span class='ocrx_word' id='word_1_906' title='bbox 2989 5617 3028 5634; x_wconf 64' lang='grc' dir='ltr'><strong>ε-</strong></span> 
     </span>
    </p>
   </div>
   <div class='ocr_carea' id='block_1_122' title="bbox 2091 5657 3583 5728">
    <p class='ocr_par' dir='ltr' id='par_1_122' title="bbox 2091 5657 3583 5728">
     <span class='ocr_line' id='line_1_125' title="bbox 2091 5657 3583 5728; baseline -0.007 -10"><span class='ocrx_word' id='word_1_907' title='bbox 2091 5669 2112 5701; x_wconf 61' lang='grc' dir='ltr'>ι*</span> <span class='ocrx_word' id='word_1_908' title='bbox 2150 5669 2381 5718; x_wconf 51' lang='grc' dir='ltr'><strong>[ἡαπ-ιδ</strong></span> <span class='ocrx_word' id='word_1_909' title='bbox 2425 5667 2503 5717; x_wconf 67' lang='grc' dir='ltr'>ιιὶι·</span> <span class='ocrx_word' id='word_1_910' title='bbox 2532 5680 2623 5728; x_wconf 60' lang='lat' dir='ltr'><strong>pg</strong></span> <span class='ocrx_word' id='word_1_911' title='bbox 2670 5681 2714 5712; x_wconf 72' lang='lat' dir='ltr'><strong>ili</strong></span> <span class='ocrx_word' id='word_1_912' title='bbox 2762 5662 3033 5728; x_wconf 57' lang='lat' dir='ltr'><strong>designat;</strong></span> <span class='ocrx_word' id='word_1_913' title='bbox 3086 5679 3202 5715; x_wconf 83' lang='lat' dir='ltr'><strong>nam</strong></span> <span class='ocrx_word' id='word_1_914' title='bbox 3240 5660 3465 5718; x_wconf 66' lang='lat' dir='ltr'><strong>lirivate,</strong></span> <span class='ocrx_word' id='word_1_915' title='bbox 3499 5657 3583 5708; x_wconf 64' lang='lat' dir='ltr'><strong>uti</strong></span> 
     </span>
    </p>
   </div>
  </div>
