  <div class='ocr_page' id='page_1' title='image "/cluster/home/n/w/nwhite01/storage/ocr_20150623/71/hvd.32044054758750/147.png"; bbox 0 0 4006 6182; ppageno 0'>
   <div class='ocr_carea' id='block_1_1' title="bbox 398 320 504 374">
    <p class='ocr_par' dir='ltr' id='par_1_1' title="bbox 398 320 504 374">
     <span class='ocr_line' id='line_1_1' title="bbox 398 320 504 374; baseline 0.019 -2"><span class='ocrx_word' id='word_1_1' title='bbox 398 320 504 374; x_wconf 71' lang='lat'><strong><em>283</em></strong></span> 
     </span>
    </p>
   </div>
   <div class='ocr_carea' id='block_1_2' title="bbox 1416 313 2661 375">
    <p class='ocr_par' dir='ltr' id='par_1_2' title="bbox 1416 313 2661 375">
     <span class='ocr_line' id='line_1_2' title="bbox 1416 313 2661 375; baseline -0.007 0"><span class='ocrx_word' id='word_1_2' title='bbox 1416 319 1474 375; x_wconf 67' lang='grc' dir='ltr'><strong><em>Β.</em></strong></span> <span class='ocrx_word' id='word_1_3' title='bbox 1515 316 1842 374; x_wconf 69' lang='grc' dir='ltr'>σιιεουιιιι</span> <span class='ocrx_word' id='word_1_4' title='bbox 1885 315 2186 371; x_wconf 80' lang='lat' dir='ltr'><strong><em>EPISGUI’I</em></strong></span> <span class='ocrx_word' id='word_1_5' title='bbox 2226 313 2661 370; x_wconf 65' lang='lat' dir='ltr'><strong><em>TllltUNIiNSIS.</em></strong></span> 
     </span>
    </p>
   </div>
   <div class='ocr_carea' id='block_1_3' title="bbox 3539 308 3646 363">
    <p class='ocr_par' dir='ltr' id='par_1_3' title="bbox 3539 308 3646 363">
     <span class='ocr_line' id='line_1_3' title="bbox 3539 308 3646 363; baseline 0.028 -3"><span class='ocrx_word' id='word_1_6' title='bbox 3539 308 3646 363; x_wconf 65' lang='grc' dir='ltr'><strong><em>εει</em></strong></span> 
     </span>
    </p>
   </div>
   <div class='ocr_carea' id='block_1_4' title="bbox 397 421 3656 497">
    <p class='ocr_par' dir='ltr' id='par_1_4' title="bbox 397 421 3656 497">
     <span class='ocr_line' id='line_1_4' title="bbox 397 421 3656 497; baseline -0.004 -10"><span class='ocrx_word' id='word_1_7' title='bbox 397 435 558 494; x_wconf 68' lang='lat' dir='ltr'><strong><em>veniet</em></strong></span> <span class='ocrx_word' id='word_1_8' title='bbox 592 441 645 486; x_wconf 66' lang='grc' dir='ltr'><strong><em>ρ.</em></strong></span> <span class='ocrx_word' id='word_1_9' title='bbox 671 429 798 484; x_wconf 73' lang='lat' dir='ltr'><strong><em>Cum</em></strong></span> <span class='ocrx_word' id='word_1_10' title='bbox 850 430 1095 495; x_wconf 67' lang='lat' dir='ltr'><strong><em>dixerint,</em></strong></span> <span class='ocrx_word' id='word_1_11' title='bbox 1128 427 1244 488; x_wconf 69' lang='lat' dir='ltr'><strong><em>Pax</em></strong></span> <span class='ocrx_word' id='word_1_12' title='bbox 1257 438 1305 484; x_wconf 91' lang='lat' dir='ltr'><strong><em>et</em></strong></span> <span class='ocrx_word' id='word_1_13' title='bbox 1350 431 1620 492; x_wconf 76' lang='lat' dir='ltr'><strong><em>securitas,</em></strong></span> <span class='ocrx_word' id='word_1_14' title='bbox 1643 440 1764 482; x_wconf 74' lang='lat' dir='ltr'><strong><em>tunc</em></strong></span> <span class='ocrx_word' id='word_1_15' title='bbox 1789 445 1970 495; x_wconf 84' lang='lat' dir='ltr'><strong><em>repen-</em></strong></span> <span class='ocrx_word' id='word_1_16' title='bbox 1997 435 2048 490; x_wconf 76' lang='grc' dir='ltr'>Α</span> <span class='ocrx_word' id='word_1_17' title='bbox 2074 439 2264 497; x_wconf 81' lang='lat' dir='ltr'><strong><em>sponte</em></strong></span> <span class='ocrx_word' id='word_1_18' title='bbox 2293 443 2386 482; x_wconf 86' lang='lat' dir='ltr'><strong><em>sua</em></strong></span> <span class='ocrx_word' id='word_1_19' title='bbox 2422 427 2489 480; x_wconf 85' lang='lat' dir='ltr'><strong><em>de</em></strong></span> <span class='ocrx_word' id='word_1_20' title='bbox 2528 427 2749 479; x_wconf 79' lang='lat' dir='ltr'><strong><em>basilica</em></strong></span> <span class='ocrx_word' id='word_1_21' title='bbox 2790 433 2976 479; x_wconf 80' lang='lat' dir='ltr'><strong><em>sancta</em></strong></span> <span class='ocrx_word' id='word_1_22' title='bbox 3003 424 3273 492; x_wconf 78' lang='lat' dir='ltr'><strong><em>periturus</em></strong></span> <span class='ocrx_word' id='word_1_23' title='bbox 3301 421 3477 476; x_wconf 80' lang='lat' dir='ltr'><strong><em>exiret</em></strong></span> <span class='ocrx_word' id='word_1_24' title='bbox 3505 439 3518 473; x_wconf 89' lang='lat'><strong>:</strong></span> <span class='ocrx_word' id='word_1_25' title='bbox 3552 435 3656 474; x_wconf 60' lang='lat' dir='ltr'><strong><em>aer</em></strong></span> 
     </span>
    </p>
   </div>
   <div class='ocr_carea' id='block_1_5' title="bbox 399 521 1970 593">
    <p class='ocr_par' dir='ltr' id='par_1_5' title="bbox 399 521 1970 593">
     <span class='ocr_line' id='line_1_5' title="bbox 399 521 1970 593; baseline 0 -19"><span class='ocrx_word' id='word_1_26' title='bbox 399 525 538 577; x_wconf 83' lang='lat' dir='ltr'><strong><em>tinus</em></strong></span> <span class='ocrx_word' id='word_1_27' title='bbox 577 524 679 576; x_wconf 85' lang='lat' dir='ltr'><strong><em>illis</em></strong></span> <span class='ocrx_word' id='word_1_28' title='bbox 717 522 1027 590; x_wconf 67' lang='lat' dir='ltr'><strong><em>superueniet</em></strong></span> <span class='ocrx_word' id='word_1_29' title='bbox 1065 524 1314 588; x_wconf 87' lang='lat' dir='ltr'><strong><em>interitus,</em></strong></span> <span class='ocrx_word' id='word_1_30' title='bbox 1379 523 1539 593; x_wconf 74' lang='lat'><strong><em>158</em></strong></span> <span class='ocrx_word' id='word_1_31' title='bbox 1589 523 1719 574; x_wconf 89' lang='lat' dir='ltr'><strong><em>sicut</em></strong></span> <span class='ocrx_word' id='word_1_32' title='bbox 1768 521 1970 575; x_wconf 83' lang='lat' dir='ltr'><strong><em>dolores</em></strong></span> 
     </span>
    </p>
   </div>
   <div class='ocr_carea' id='block_1_6' title="bbox 402 609 1970 680">
    <p class='ocr_par' dir='ltr' id='par_1_6' title="bbox 402 609 1970 680">
     <span class='ocr_line' id='line_1_6' title="bbox 402 609 1970 680; baseline 0 -16"><span class='ocrx_word' id='word_1_33' title='bbox 402 613 746 678; x_wconf 67' lang='lat' dir='ltr'><strong><em>parturientis,</em></strong></span> <span class='ocrx_word' id='word_1_34' title='bbox 800 623 844 664; x_wconf 86' lang='lat' dir='ltr'><strong><em>et</em></strong></span> <span class='ocrx_word' id='word_1_35' title='bbox 900 629 1001 664; x_wconf 87' lang='lat' dir='ltr'><strong><em>non</em></strong></span> <span class='ocrx_word' id='word_1_36' title='bbox 1045 611 1286 680; x_wconf 61' lang='lat' dir='ltr'><strong><em>eﬂugient</em></strong></span> <span class='ocrx_word' id='word_1_37' title='bbox 1323 610 1400 680; x_wconf 44' lang='grc' dir='ltr'><strong><em>δε(</em></strong></span> <span class='ocrx_word' id='word_1_38' title='bbox 1430 609 1461 663; x_wconf 89' lang='grc' dir='ltr'><strong><em>ι</em></strong></span> <span class='ocrx_word' id='word_1_39' title='bbox 1491 611 1669 665; x_wconf 75' lang='lat' dir='ltr'><strong><em>Thess.</em></strong></span> <span class='ocrx_word' id='word_1_40' title='bbox 1696 625 1750 678; x_wconf 61' lang='grc' dir='ltr'><strong><em>ν,</em></strong></span> <span class='ocrx_word' id='word_1_41' title='bbox 1776 609 1834 674; x_wconf 75' lang='lat'><strong><em>2,</em></strong></span> <span class='ocrx_word' id='word_1_42' title='bbox 1885 609 1970 674; x_wconf 73' lang='grc' dir='ltr'><strong><em>ὅ).</em></strong></span> 
     </span>
    </p>
   </div>
   <div class='ocr_carea' id='block_1_7' title="bbox 403 700 1974 771">
    <p class='ocr_par' dir='ltr' id='par_1_7' title="bbox 403 700 1974 771">
     <span class='ocr_line' id='line_1_7' title="bbox 403 700 1974 771; baseline -0.003 -15"><span class='ocrx_word' id='word_1_43' title='bbox 403 703 656 756; x_wconf 83' lang='lat' dir='ltr'><strong><em>Dominus</em></strong></span> <span class='ocrx_word' id='word_1_44' title='bbox 681 709 859 755; x_wconf 86' lang='lat' dir='ltr'><strong><em>autem</em></strong></span> <span class='ocrx_word' id='word_1_45' title='bbox 890 718 984 769; x_wconf 90' lang='lat' dir='ltr'><strong><em>per</em></strong></span> <span class='ocrx_word' id='word_1_46' title='bbox 1027 703 1370 771; x_wconf 82' lang='lat' dir='ltr'><strong><em>Evangelium</em></strong></span> <span class='ocrx_word' id='word_1_47' title='bbox 1398 702 1471 755; x_wconf 97' lang='lat' dir='ltr'><strong><em>ait</em></strong></span> <span class='ocrx_word' id='word_1_48' title='bbox 1506 719 1518 752; x_wconf 93' lang='lat'><strong>:</strong></span> <span class='ocrx_word' id='word_1_49' title='bbox 1554 702 1656 766; x_wconf 85' lang='lat' dir='ltr'><strong><em>Qui</em></strong></span> <span class='ocrx_word' id='word_1_50' title='bbox 1698 717 1799 753; x_wconf 86' lang='lat' dir='ltr'><strong><em>non</em></strong></span> <span class='ocrx_word' id='word_1_51' title='bbox 1830 700 1974 752; x_wconf 88' lang='lat' dir='ltr'><strong><em>audit</em></strong></span> 
     </span>
    </p>
   </div>
   <div class='ocr_carea' id='block_1_8' title="bbox 401 792 1972 862">
    <p class='ocr_par' dir='ltr' id='par_1_8' title="bbox 401 792 1972 862">
     <span class='ocr_line' id='line_1_8' title="bbox 401 792 1972 862; baseline -0.002 -16"><span class='ocrx_word' id='word_1_52' title='bbox 401 797 549 848; x_wconf 73' lang='lat' dir='ltr'><strong><em>verba</em></strong></span> <span class='ocrx_word' id='word_1_53' title='bbox 577 811 711 859; x_wconf 88' lang='lat' dir='ltr'><strong><em>mea,</em></strong></span> <span class='ocrx_word' id='word_1_54' title='bbox 729 795 1094 848; x_wconf 75' lang='lat' dir='ltr'><strong><em>nssiruilabitur</em></strong></span> <span class='ocrx_word' id='word_1_55' title='bbox 1129 797 1239 848; x_wconf 84' lang='lat' dir='ltr'><strong><em>uiro</em></strong></span> <span class='ocrx_word' id='word_1_56' title='bbox 1258 794 1435 859; x_wconf 80' lang='lat' dir='ltr'><strong><em>stulto,</em></strong></span> <span class='ocrx_word' id='word_1_57' title='bbox 1463 795 1550 862; x_wconf 85' lang='lat' dir='ltr'><strong><em>qui</em></strong></span> <span class='ocrx_word' id='word_1_58' title='bbox 1579 792 1851 858; x_wconf 65' lang='lat' dir='ltr'><strong><em>aediﬁcavit</em></strong></span> <span class='ocrx_word' id='word_1_59' title='bbox 1876 792 1972 844; x_wconf 85' lang='lat' dir='ltr'><strong><em>do-</em></strong></span> 
     </span>
    </p>
   </div>
   <div class='ocr_carea' id='block_1_9' title="bbox 400 885 1968 954">
    <p class='ocr_par' dir='ltr' id='par_1_9' title="bbox 400 885 1968 954">
     <span class='ocr_line' id='line_1_9' title="bbox 400 885 1968 954; baseline -0.001 -18"><span class='ocrx_word' id='word_1_60' title='bbox 400 900 541 936; x_wconf 85' lang='lat' dir='ltr'><strong><em>mum</em></strong></span> <span class='ocrx_word' id='word_1_61' title='bbox 568 900 712 938; x_wconf 85' lang='lat' dir='ltr'><strong><em>suam</em></strong></span> <span class='ocrx_word' id='word_1_62' title='bbox 752 900 905 954; x_wconf 80' lang='lat' dir='ltr'><strong><em>super</em></strong></span> <span class='ocrx_word' id='word_1_63' title='bbox 943 901 1147 937; x_wconf 80' lang='lat' dir='ltr'><strong><em>arenam</em></strong></span> <span class='ocrx_word' id='word_1_64' title='bbox 1173 885 1469 937; x_wconf 83' lang='lat' dir='ltr'><strong><em>:descendit</em></strong></span> <span class='ocrx_word' id='word_1_65' title='bbox 1517 885 1712 951; x_wconf 83' lang='lat' dir='ltr'><strong><em>pluvia,</em></strong></span> <span class='ocrx_word' id='word_1_66' title='bbox 1753 885 1968 934; x_wconf 79' lang='lat' dir='ltr'><strong><em>adverse-</em></strong></span> 
     </span>
    </p>
   </div>
   <div class='ocr_carea' id='block_1_10' title="bbox 398 973 1972 1044">
    <p class='ocr_par' dir='ltr' id='par_1_10' title="bbox 398 973 1972 1044">
     <span class='ocr_line' id='line_1_10' title="bbox 398 973 1972 1044; baseline -0.001 -18"><span class='ocrx_word' id='word_1_67' title='bbox 398 984 520 1028; x_wconf 85' lang='lat' dir='ltr'><strong><em>runt</em></strong></span> <span class='ocrx_word' id='word_1_68' title='bbox 562 976 796 1041; x_wconf 72' lang='lat' dir='ltr'><strong><em>ﬂumina,</em></strong></span> <span class='ocrx_word' id='word_1_69' title='bbox 817 978 1066 1044; x_wconf 60' lang='lat' dir='ltr'><strong><em>ﬂat&#39;erunt</em></strong></span> <span class='ocrx_word' id='word_1_70' title='bbox 1113 976 1267 1039; x_wconf 75' lang='lat' dir='ltr'><strong><em>venti,</em></strong></span> <span class='ocrx_word' id='word_1_71' title='bbox 1298 983 1343 1028; x_wconf 86' lang='lat' dir='ltr'><strong><em>et</em></strong></span> <span class='ocrx_word' id='word_1_72' title='bbox 1388 975 1646 1027; x_wconf 83' lang='lat' dir='ltr'><strong><em>irruerunt</em></strong></span> <span class='ocrx_word' id='word_1_73' title='bbox 1673 975 1724 1026; x_wconf 85' lang='lat' dir='ltr'><strong><em>in</em></strong></span> <span class='ocrx_word' id='word_1_74' title='bbox 1762 973 1972 1026; x_wconf 84' lang='lat' dir='ltr'><strong><em>domum</em></strong></span> 
     </span>
    </p>
   </div>
   <div class='ocr_carea' id='block_1_11' title="bbox 401 1063 1970 1135">
    <p class='ocr_par' dir='ltr' id='par_1_11' title="bbox 401 1063 1970 1135">
     <span class='ocr_line' id='line_1_11' title="bbox 401 1063 1970 1135; baseline 0.001 -18"><span class='ocrx_word' id='word_1_75' title='bbox 401 1065 570 1129; x_wconf 73' lang='lat' dir='ltr'><strong><em>illam,</em></strong></span> <span class='ocrx_word' id='word_1_76' title='bbox 598 1075 644 1120; x_wconf 86' lang='lat' dir='ltr'><strong><em>et</em></strong></span> <span class='ocrx_word' id='word_1_77' title='bbox 665 1067 868 1130; x_wconf 79' lang='lat' dir='ltr'><strong><em>cecidit,</em></strong></span> <span class='ocrx_word' id='word_1_78' title='bbox 898 1077 946 1119; x_wconf 89' lang='lat' dir='ltr'><strong><em>et</em></strong></span> <span class='ocrx_word' id='word_1_79' title='bbox 973 1068 1107 1135; x_wconf 79' lang='lat' dir='ltr'><strong><em>facta</em></strong></span> <span class='ocrx_word' id='word_1_80' title='bbox 1135 1075 1205 1119; x_wconf 86' lang='lat' dir='ltr'><strong><em>est</em></strong></span> <span class='ocrx_word' id='word_1_81' title='bbox 1228 1069 1380 1120; x_wconf 83' lang='lat' dir='ltr'><strong><em>ruina</em></strong></span> <span class='ocrx_word' id='word_1_82' title='bbox 1410 1066 1519 1132; x_wconf 80' lang='lat' dir='ltr'><strong><em>ejus</em></strong></span> <span class='ocrx_word' id='word_1_83' title='bbox 1552 1081 1738 1135; x_wconf 82' lang='lat' dir='ltr'><strong><em>magna</em></strong></span> <span class='ocrx_word' id='word_1_84' title='bbox 1756 1063 1970 1134; x_wconf 79' lang='lat' dir='ltr'><strong><em>(Matth.</em></strong></span> 
     </span>
    </p>
   </div>
   <div class='ocr_carea' id='block_1_12' title="bbox 403 1153 1970 1223">
    <p class='ocr_par' dir='ltr' id='par_1_12' title="bbox 403 1153 1970 1223">
     <span class='ocr_line' id='line_1_12' title="bbox 403 1153 1970 1223; baseline 0 -17"><span class='ocrx_word' id='word_1_85' title='bbox 403 1169 502 1221; x_wconf 90' lang='lat' dir='ltr'><strong><em>vn,</em></strong></span> <span class='ocrx_word' id='word_1_86' title='bbox 532 1154 648 1223; x_wconf 73' lang='lat'><strong><em>2&#39;1).</em></strong></span> <span class='ocrx_word' id='word_1_87' title='bbox 671 1155 971 1209; x_wconf 84' lang='lat' dir='ltr'><strong><em>Chramnus</em></strong></span> <span class='ocrx_word' id='word_1_88' title='bbox 1005 1169 1134 1210; x_wconf 90' lang='lat' dir='ltr'><strong><em>vero</em></strong></span> <span class='ocrx_word' id='word_1_89' title='bbox 1177 1155 1242 1208; x_wconf 86' lang='lat' dir='ltr'><strong><em>ad</em></strong></span> <span class='ocrx_word' id='word_1_90' title='bbox 1274 1154 1522 1208; x_wconf 77' lang='lat' dir='ltr'><strong><em>basilicas</em></strong></span> <span class='ocrx_word' id='word_1_91' title='bbox 1551 1163 1574 1192; x_wconf 73' lang='grc' dir='ltr'><strong><em>ι</em></strong></span> <span class='ocrx_word' id='word_1_92' title='bbox 1607 1155 1674 1207; x_wconf 87' lang='lat' dir='ltr'><strong><em>ab</em></strong></span> <span class='ocrx_word' id='word_1_93' title='bbox 1699 1153 1970 1207; x_wconf 89' lang='lat' dir='ltr'><strong><em>antedicto</em></strong></span> 
     </span>
    </p>
   </div>
   <div class='ocr_carea' id='block_1_13' title="bbox 404 1241 1966 1312">
    <p class='ocr_par' dir='ltr' id='par_1_13' title="bbox 404 1241 1966 1312">
     <span class='ocr_line' id='line_1_13' title="bbox 404 1241 1966 1312; baseline -0.001 -16"><span class='ocrx_word' id='word_1_94' title='bbox 404 1244 684 1299; x_wconf 76' lang='lat' dir='ltr'><strong><em>sacerdote</em></strong></span> <span class='ocrx_word' id='word_1_95' title='bbox 706 1255 985 1312; x_wconf 84' lang='lat' dir='ltr'><strong><em>susceptus</em></strong></span> <span class='ocrx_word' id='word_1_96' title='bbox 1005 1253 1108 1307; x_wconf 89' lang='lat' dir='ltr'><strong><em>est,</em></strong></span> <span class='ocrx_word' id='word_1_97' title='bbox 1136 1244 1313 1311; x_wconf 78' lang='lat' dir='ltr'><strong><em>ibique</em></strong></span> <span class='ocrx_word' id='word_1_98' title='bbox 1340 1244 1626 1297; x_wconf 85' lang='lat' dir='ltr'><strong><em>comedens</em></strong></span> <span class='ocrx_word' id='word_1_99' title='bbox 1657 1257 1870 1309; x_wconf 89' lang='lat' dir='ltr'><strong><em>panem,</em></strong></span> <span class='ocrx_word' id='word_1_100' title='bbox 1901 1241 1966 1295; x_wconf 89' lang='lat' dir='ltr'><strong><em>ad</em></strong></span> 
     </span>
    </p>
   </div>
   <div class='ocr_carea' id='block_1_14' title="bbox 401 1334 1970 1405">
    <p class='ocr_par' dir='ltr' id='par_1_14' title="bbox 401 1334 1970 1405">
     <span class='ocr_line' id='line_1_14' title="bbox 401 1334 1970 1405; baseline 0.001 -18"><span class='ocrx_word' id='word_1_101' title='bbox 401 1334 800 1390; x_wconf 83' lang='lat' dir='ltr'><strong><em>Cbildebertum</em></strong></span> <span class='ocrx_word' id='word_1_102' title='bbox 835 1338 1120 1405; x_wconf 88' lang='lat' dir='ltr'><strong><em>pertendit.</em></strong></span> <span class='ocrx_word' id='word_1_103' title='bbox 1161 1336 1297 1390; x_wconf 83' lang='lat' dir='ltr'><strong><em>Infra</em></strong></span> <span class='ocrx_word' id='word_1_104' title='bbox 1350 1345 1531 1389; x_wconf 82' lang='lat' dir='ltr'><strong><em>tamen</em></strong></span> <span class='ocrx_word' id='word_1_105' title='bbox 1563 1349 1745 1389; x_wconf 84' lang='lat' dir='ltr'><strong><em>muros</em></strong></span> <span class='ocrx_word' id='word_1_106' title='bbox 1790 1335 1970 1388; x_wconf 80' lang='lat' dir='ltr'><strong><em>Divio-</em></strong></span> 
     </span>
    </p>
   </div>
   <div class='ocr_carea' id='block_1_15' title="bbox 403 1427 1973 1497">
    <p class='ocr_par' dir='ltr' id='par_1_15' title="bbox 403 1427 1973 1497">
     <span class='ocr_line' id='line_1_15' title="bbox 403 1427 1973 1497; baseline -0.001 -17"><span class='ocrx_word' id='word_1_107' title='bbox 403 1443 596 1482; x_wconf 84' lang='lat' dir='ltr'><strong><em>nettses</em></strong></span> <span class='ocrx_word' id='word_1_108' title='bbox 624 1443 728 1482; x_wconf 88' lang='lat' dir='ltr'><strong><em>non</em></strong></span> <span class='ocrx_word' id='word_1_109' title='bbox 752 1437 834 1482; x_wconf 90' lang='lat' dir='ltr'><strong><em>est</em></strong></span> <span class='ocrx_word' id='word_1_110' title='bbox 875 1429 1165 1497; x_wconf 81' lang='lat' dir='ltr'><strong><em>permissus</em></strong></span> <span class='ocrx_word' id='word_1_111' title='bbox 1205 1429 1420 1481; x_wconf 88' lang='lat' dir='ltr'><strong><em>intrare.</em></strong></span> <span class='ocrx_word' id='word_1_112' title='bbox 1446 1427 1677 1481; x_wconf 80' lang='lat' dir='ltr'><strong><em>Fortiter</em></strong></span> <span class='ocrx_word' id='word_1_113' title='bbox 1728 1436 1850 1479; x_wconf 90' lang='lat' dir='ltr'><strong><em>tunc</em></strong></span> <span class='ocrx_word' id='word_1_114' title='bbox 1878 1441 1973 1480; x_wconf 83' lang='lat' dir='ltr'><strong><em>rex</em></strong></span> 
     </span>
    </p>
   </div>
   <div class='ocr_carea' id='block_1_16' title="bbox 400 1516 1973 1574">
    <p class='ocr_par' dir='ltr' id='par_1_16' title="bbox 400 1516 1973 1574">
     <span class='ocr_line' id='line_1_16' title="bbox 400 1516 1973 1574; baseline 0.001 -4"><span class='ocrx_word' id='word_1_115' title='bbox 400 1516 845 1574; x_wconf 79' lang='lat' dir='ltr'><strong><em>Clilotbacbarius</em></strong></span> <span class='ocrx_word' id='word_1_116' title='bbox 880 1529 1063 1573; x_wconf 89' lang='lat' dir='ltr'><strong><em>contra</em></strong></span> <span class='ocrx_word' id='word_1_117' title='bbox 1093 1520 1334 1574; x_wconf 76' lang='lat' dir='ltr'><strong><em>Saxones</em></strong></span> <span class='ocrx_word' id='word_1_118' title='bbox 1363 1519 1688 1573; x_wconf 85' lang='lat' dir='ltr'><strong><em>decertabat.</em></strong></span> <span class='ocrx_word' id='word_1_119' title='bbox 1725 1519 1973 1572; x_wconf 79' lang='lat' dir='ltr'><strong><em>Saxones</em></strong></span> 
     </span>
    </p>
   </div>
   <div class='ocr_carea' id='block_1_17' title="bbox 403 1609 1974 1679">
    <p class='ocr_par' dir='ltr' id='par_1_17' title="bbox 403 1609 1974 1679">
     <span class='ocr_line' id='line_1_17' title="bbox 403 1609 1974 1679; baseline -0.003 -15"><span class='ocrx_word' id='word_1_120' title='bbox 403 1609 573 1674; x_wconf 85' lang='lat' dir='ltr'><strong><em>enim,</em></strong></span> <span class='ocrx_word' id='word_1_121' title='bbox 610 1616 668 1663; x_wconf 84' lang='lat' dir='ltr'><strong><em>ut</em></strong></span> <span class='ocrx_word' id='word_1_122' title='bbox 714 1610 993 1665; x_wconf 73' lang='lat' dir='ltr'><strong><em>audieram</em></strong></span> <span class='ocrx_word' id='word_1_123' title='bbox 1023 1610 1085 1675; x_wconf 72' lang='grc' dir='ltr'><strong><em>ά,</em></strong></span> <span class='ocrx_word' id='word_1_124' title='bbox 1119 1627 1214 1679; x_wconf 82' lang='lat' dir='ltr'><strong><em>per</em></strong></span> <span class='ocrx_word' id='word_1_125' title='bbox 1253 1609 1646 1664; x_wconf 81' lang='lat' dir='ltr'><strong><em>Childebertnm</em></strong></span> <span class='ocrx_word' id='word_1_126' title='bbox 1696 1609 1974 1672; x_wconf 60' lang='lat' dir='ltr'><strong><em>commoti,</em></strong></span> 
     </span>
    </p>
   </div>
   <div class='ocr_carea' id='block_1_18' title="bbox 401 1698 1975 1768">
    <p class='ocr_par' dir='ltr' id='par_1_18' title="bbox 401 1698 1975 1768">
     <span class='ocr_line' id='line_1_18' title="bbox 401 1698 1975 1768; baseline -0.001 -16"><span class='ocrx_word' id='word_1_127' title='bbox 401 1708 560 1768; x_wconf 84' lang='lat' dir='ltr'><strong><em>atque</em></strong></span> <span class='ocrx_word' id='word_1_128' title='bbox 597 1698 930 1768; x_wconf 79' lang='lat' dir='ltr'><strong><em>indignantes</em></strong></span> <span class='ocrx_word' id='word_1_129' title='bbox 984 1710 1168 1753; x_wconf 82' lang='lat' dir='ltr'><strong><em>contra</em></strong></span> <span class='ocrx_word' id='word_1_130' title='bbox 1218 1699 1454 1755; x_wconf 83' lang='lat' dir='ltr'><strong><em>Francos</em></strong></span> <span class='ocrx_word' id='word_1_131' title='bbox 1492 1698 1751 1767; x_wconf 80' lang='lat' dir='ltr'><strong><em>superiori</em></strong></span> <span class='ocrx_word' id='word_1_132' title='bbox 1805 1714 1975 1762; x_wconf 79' lang='lat' dir='ltr'><strong><em>anno,</em></strong></span> 
     </span>
    </p>
   </div>
   <div class='ocr_carea' id='block_1_19' title="bbox 2072 514 3651 588">
    <p class='ocr_par' dir='ltr' id='par_1_19' title="bbox 2072 514 3651 588">
     <span class='ocr_line' id='line_1_19' title="bbox 2072 514 3651 588; baseline -0.006 -13"><span class='ocrx_word' id='word_1_133' title='bbox 2072 521 2270 575; x_wconf 82' lang='lat' dir='ltr'><strong><em>cedens</em></strong></span> <span class='ocrx_word' id='word_1_134' title='bbox 2298 520 2512 588; x_wconf 89' lang='lat' dir='ltr'><strong><em>quidam</em></strong></span> <span class='ocrx_word' id='word_1_135' title='bbox 2545 517 2812 571; x_wconf 89' lang='lat' dir='ltr'><strong><em>vasculum</em></strong></span> <span class='ocrx_word' id='word_1_136' title='bbox 2849 515 2923 570; x_wconf 88' lang='lat' dir='ltr'><strong><em>illi</em></strong></span> <span class='ocrx_word' id='word_1_137' title='bbox 2951 529 3071 569; x_wconf 89' lang='lat' dir='ltr'><strong><em>cum</em></strong></span> <span class='ocrx_word' id='word_1_138' title='bbox 3100 529 3232 583; x_wconf 88' lang='lat' dir='ltr'><strong><em>aqua</em></strong></span> <span class='ocrx_word' id='word_1_139' title='bbox 3262 515 3525 569; x_wconf 85' lang='lat' dir='ltr'><strong><em>sernivivo</em></strong></span> <span class='ocrx_word' id='word_1_140' title='bbox 3553 514 3651 568; x_wconf 81' lang='lat' dir='ltr'><strong><em>de-</em></strong></span> 
     </span>
    </p>
   </div>
   <div class='ocr_carea' id='block_1_20' title="bbox 2072 603 3652 679">
    <p class='ocr_par' dir='ltr' id='par_1_20' title="bbox 2072 603 3652 679">
     <span class='ocr_line' id='line_1_20' title="bbox 2072 603 3652 679; baseline -0.004 -14"><span class='ocrx_word' id='word_1_141' title='bbox 2072 611 2196 665; x_wconf 91' lang='lat' dir='ltr'><strong><em>tulit</em></strong></span> <span class='ocrx_word' id='word_1_142' title='bbox 2221 611 2284 664; x_wconf 90' lang='lat' dir='ltr'><strong><em>ad</em></strong></span> <span class='ocrx_word' id='word_1_143' title='bbox 2315 609 2627 679; x_wconf 85' lang='lat' dir='ltr'><strong><em>potandum.</em></strong></span> <span class='ocrx_word' id='word_1_144' title='bbox 2658 609 2773 674; x_wconf 84' lang='lat' dir='ltr'><strong><em>Quo</em></strong></span> <span class='ocrx_word' id='word_1_145' title='bbox 2799 615 3039 674; x_wconf 88' lang='lat' dir='ltr'><strong><em>accepto,</em></strong></span> <span class='ocrx_word' id='word_1_146' title='bbox 3071 605 3324 659; x_wconf 88' lang='lat' dir='ltr'><strong><em>velociter</em></strong></span> <span class='ocrx_word' id='word_1_147' title='bbox 3345 603 3506 672; x_wconf 88' lang='lat' dir='ltr'><strong><em>judex</em></strong></span> <span class='ocrx_word' id='word_1_148' title='bbox 3547 604 3652 659; x_wconf 90' lang='lat' dir='ltr'><strong><em>loci</em></strong></span> 
     </span>
    </p>
   </div>
   <div class='ocr_carea' id='block_1_21' title="bbox 2069 694 3646 768">
    <p class='ocr_par' dir='ltr' id='par_1_21' title="bbox 2069 694 3646 768">
     <span class='ocr_line' id='line_1_21' title="bbox 2069 694 3646 768; baseline -0.004 -13"><span class='ocrx_word' id='word_1_149' title='bbox 2069 701 2379 763; x_wconf 85' lang='lat' dir='ltr'><strong><em>advolavit,</em></strong></span> <span class='ocrx_word' id='word_1_150' title='bbox 2403 709 2752 768; x_wconf 74' lang='lat' dir='ltr'><strong><em>ereptumque</em></strong></span> <span class='ocrx_word' id='word_1_151' title='bbox 2779 697 2844 751; x_wconf 91' lang='lat' dir='ltr'><strong><em>de</em></strong></span> <span class='ocrx_word' id='word_1_152' title='bbox 2872 710 3029 749; x_wconf 89' lang='lat' dir='ltr'><strong><em>manu</em></strong></span> <span class='ocrx_word' id='word_1_153' title='bbox 3054 694 3201 763; x_wconf 88' lang='lat' dir='ltr'><strong><em>ejus,</em></strong></span> <span class='ocrx_word' id='word_1_154' title='bbox 3235 704 3393 750; x_wconf 65' lang='lat' dir='ltr'><strong><em>terra:</em></strong></span> <span class='ocrx_word' id='word_1_155' title='bbox 3415 695 3646 749; x_wconf 86' lang='lat' dir='ltr'><strong><em>dill&#39;udit.</em></strong></span> 
     </span>
    </p>
   </div>
   <div class='ocr_carea' id='block_1_22' title="bbox 2071 785 3652 859">
    <p class='ocr_par' dir='ltr' id='par_1_22' title="bbox 2071 785 3652 859">
     <span class='ocr_line' id='line_1_22' title="bbox 2071 785 3652 859; baseline -0.001 -15"><span class='ocrx_word' id='word_1_156' title='bbox 2071 790 2222 859; x_wconf 87' lang='lat' dir='ltr'><strong><em>Quod</em></strong></span> <span class='ocrx_word' id='word_1_157' title='bbox 2253 789 2410 843; x_wconf 90' lang='lat' dir='ltr'><strong><em>velox</em></strong></span> <span class='ocrx_word' id='word_1_158' title='bbox 2437 789 2527 843; x_wconf 83' lang='lat' dir='ltr'><strong><em>Dei</em></strong></span> <span class='ocrx_word' id='word_1_159' title='bbox 2576 787 2707 841; x_wconf 86' lang='lat' dir='ltr'><strong><em>ultio</em></strong></span> <span class='ocrx_word' id='word_1_160' title='bbox 2728 827 2744 852; x_wconf 91' lang='lat'><strong><em>,</em></strong></span> <span class='ocrx_word' id='word_1_161' title='bbox 2777 797 2829 841; x_wconf 89' lang='lat' dir='ltr'><strong><em>et</em></strong></span> <span class='ocrx_word' id='word_1_162' title='bbox 2869 785 3011 840; x_wconf 84' lang='lat' dir='ltr'><strong><em>beati</em></strong></span> <span class='ocrx_word' id='word_1_163' title='bbox 3061 785 3315 840; x_wconf 85' lang='lat' dir='ltr'><strong><em>antistitis</em></strong></span> <span class='ocrx_word' id='word_1_164' title='bbox 3346 788 3515 840; x_wconf 90' lang='lat' dir='ltr'><strong><em>virtus</em></strong></span> <span class='ocrx_word' id='word_1_165' title='bbox 3564 797 3652 842; x_wconf 86' lang='lat' dir='ltr'><strong><em>est</em></strong></span> 
     </span>
    </p>
   </div>
   <div class='ocr_carea' id='block_1_23' title="bbox 2071 876 3650 948">
    <p class='ocr_par' dir='ltr' id='par_1_23' title="bbox 2071 876 3650 948">
     <span class='ocr_line' id='line_1_23' title="bbox 2071 876 3650 948; baseline -0.002 -13"><span class='ocrx_word' id='word_1_166' title='bbox 2071 881 2381 936; x_wconf 81' lang='lat' dir='ltr'><strong><em>subsecuta.</em></strong></span> <span class='ocrx_word' id='word_1_167' title='bbox 2412 879 2486 933; x_wconf 84' lang='lat' dir='ltr'><strong><em>Ea</em></strong></span> <span class='ocrx_word' id='word_1_168' title='bbox 2512 893 2742 948; x_wconf 75' lang='lat' dir='ltr'><strong><em>namque</em></strong></span> <span class='ocrx_word' id='word_1_169' title='bbox 2771 878 2864 932; x_wconf 85' lang='lat' dir='ltr'><strong><em>die</em></strong></span> <span class='ocrx_word' id='word_1_170' title='bbox 2883 876 3048 946; x_wconf 71' lang='lat' dir='ltr'><strong><em>iudex</em></strong></span> <span class='ocrx_word' id='word_1_171' title='bbox 3074 917 3088 942; x_wconf 92' lang='lat'><strong><em>,</em></strong></span> <span class='ocrx_word' id='word_1_172' title='bbox 3119 877 3208 946; x_wconf 82' lang='lat' dir='ltr'><strong><em>qui</em></strong></span> <span class='ocrx_word' id='word_1_173' title='bbox 3250 878 3346 932; x_wconf 88' lang='lat' dir='ltr'><strong><em>ista</em></strong></span> <span class='ocrx_word' id='word_1_174' title='bbox 3373 890 3650 947; x_wconf 77' lang='lat' dir='ltr'><strong><em>gesserat,</em></strong></span> 
     </span>
    </p>
   </div>
   <div class='ocr_carea' id='block_1_24' title="bbox 2071 966 3648 1038">
    <p class='ocr_par' dir='ltr' id='par_1_24' title="bbox 2071 966 3648 1038">
     <span class='ocr_line' id='line_1_24' title="bbox 2071 966 3648 1038; baseline -0.001 -13"><span class='ocrx_word' id='word_1_175' title='bbox 2071 980 2350 1038; x_wconf 89' lang='lat' dir='ltr'><strong><em>correptus</em></strong></span> <span class='ocrx_word' id='word_1_176' title='bbox 2373 983 2403 1022; x_wconf 91' lang='lat' dir='ltr'><strong><em>a</em></strong></span> <span class='ocrx_word' id='word_1_177' title='bbox 2435 967 2607 1033; x_wconf 72' lang='lat' dir='ltr'><strong><em>febre,</em></strong></span> <span class='ocrx_word' id='word_1_178' title='bbox 2635 975 2794 1021; x_wconf 92' lang='lat' dir='ltr'><strong><em>nocte</em></strong></span> <span class='ocrx_word' id='word_1_179' title='bbox 2833 966 3006 1021; x_wconf 88' lang='lat' dir='ltr'><strong><em>media</em></strong></span> <span class='ocrx_word' id='word_1_180' title='bbox 3038 966 3360 1035; x_wconf 76' lang='lat' dir='ltr'><strong><em>exspiravit;</em></strong></span> <span class='ocrx_word' id='word_1_181' title='bbox 3398 984 3497 1023; x_wconf 88' lang='lat' dir='ltr'><strong><em>nec</em></strong></span> <span class='ocrx_word' id='word_1_182' title='bbox 3522 983 3648 1038; x_wconf 85' lang='lat' dir='ltr'><strong><em>per-</em></strong></span> 
     </span>
    </p>
   </div>
   <div class='ocr_carea' id='block_1_25' title="bbox 2072 1059 3649 1130">
    <p class='ocr_par' dir='ltr' id='par_1_25' title="bbox 2072 1059 3649 1130">
     <span class='ocr_line' id='line_1_25' title="bbox 2072 1059 3649 1130; baseline 0.001 -14"><span class='ocrx_word' id='word_1_183' title='bbox 2072 1063 2222 1116; x_wconf 87' lang='lat' dir='ltr'><strong><em>venit</em></strong></span> <span class='ocrx_word' id='word_1_184' title='bbox 2247 1063 2299 1116; x_wconf 87' lang='lat' dir='ltr'><strong><em>in</em></strong></span> <span class='ocrx_word' id='word_1_185' title='bbox 2340 1060 2632 1115; x_wconf 86' lang='lat' dir='ltr'><strong><em>crastinum</em></strong></span> <span class='ocrx_word' id='word_1_186' title='bbox 2656 1060 2722 1114; x_wconf 92' lang='lat' dir='ltr'><strong><em>ad</em></strong></span> <span class='ocrx_word' id='word_1_187' title='bbox 2752 1059 2897 1113; x_wconf 85' lang='lat' dir='ltr'><strong><em>illam</em></strong></span> <span class='ocrx_word' id='word_1_188' title='bbox 2935 1059 3158 1125; x_wconf 81' lang='lat' dir='ltr'><strong><em>horam,</em></strong></span> <span class='ocrx_word' id='word_1_189' title='bbox 3189 1074 3291 1130; x_wconf 89' lang='lat' dir='ltr'><strong><em>qua</em></strong></span> <span class='ocrx_word' id='word_1_190' title='bbox 3334 1061 3392 1114; x_wconf 81' lang='lat' dir='ltr'><strong><em>in</em></strong></span> <span class='ocrx_word' id='word_1_191' title='bbox 3432 1061 3649 1117; x_wconf 85' lang='lat' dir='ltr'><strong><em>basilica</em></strong></span> 
     </span>
    </p>
   </div>
   <div class='ocr_carea' id='block_1_26' title="bbox 2071 1151 3650 1222">
    <p class='ocr_par' dir='ltr' id='par_1_26' title="bbox 2071 1151 3650 1222">
     <span class='ocr_line' id='line_1_26' title="bbox 2071 1151 3650 1222; baseline 0.002 -15"><span class='ocrx_word' id='word_1_192' title='bbox 2071 1153 2241 1207; x_wconf 81' lang='lat' dir='ltr'><strong><em>sancti</em></strong></span> <span class='ocrx_word' id='word_1_193' title='bbox 2273 1152 2520 1222; x_wconf 84' lang='lat' dir='ltr'><strong><em>poculum</em></strong></span> <span class='ocrx_word' id='word_1_194' title='bbox 2567 1151 2636 1206; x_wconf 83' lang='lat' dir='ltr'><strong><em>de</em></strong></span> <span class='ocrx_word' id='word_1_195' title='bbox 2683 1165 2845 1206; x_wconf 81' lang='lat' dir='ltr'><strong><em>manu</em></strong></span> <span class='ocrx_word' id='word_1_196' title='bbox 2893 1160 3202 1206; x_wconf 81' lang='lat' dir='ltr'><strong><em>excusserat</em></strong></span> <span class='ocrx_word' id='word_1_197' title='bbox 3251 1152 3476 1222; x_wconf 82' lang='lat' dir='ltr'><strong><em>fugitivi.</em></strong></span> <span class='ocrx_word' id='word_1_198' title='bbox 3524 1153 3650 1210; x_wconf 80' lang='lat' dir='ltr'><strong><em>Post</em></strong></span> 
     </span>
    </p>
   </div>
   <div class='ocr_carea' id='block_1_27' title="bbox 2073 1243 3650 1314">
    <p class='ocr_par' dir='ltr' id='par_1_27' title="bbox 2073 1243 3650 1314">
     <span class='ocr_line' id='line_1_27' title="bbox 2073 1243 3650 1314; baseline -0.001 -14"><span class='ocrx_word' id='word_1_199' title='bbox 2073 1245 2200 1302; x_wconf 87' lang='lat' dir='ltr'><strong><em>illud</em></strong></span> <span class='ocrx_word' id='word_1_200' title='bbox 2233 1245 2576 1307; x_wconf 90' lang='lat' dir='ltr'><strong><em>miraculum,</em></strong></span> <span class='ocrx_word' id='word_1_201' title='bbox 2607 1257 2794 1299; x_wconf 88' lang='lat' dir='ltr'><strong><em>omnes</em></strong></span> <span class='ocrx_word' id='word_1_202' title='bbox 2823 1243 2873 1298; x_wconf 87' lang='lat' dir='ltr'><strong><em>ei</em></strong></span> <span class='ocrx_word' id='word_1_203' title='bbox 2915 1243 3321 1311; x_wconf 79' lang='lat' dir='ltr'><strong><em>opulentissime</em></strong></span> <span class='ocrx_word' id='word_1_204' title='bbox 3347 1259 3468 1314; x_wconf 77' lang='lat' dir='ltr'><strong><em>qua:</em></strong></span> <span class='ocrx_word' id='word_1_205' title='bbox 3499 1255 3650 1300; x_wconf 86' lang='lat' dir='ltr'><strong><em>erant</em></strong></span> 
     </span>
    </p>
   </div>
   <div class='ocr_carea' id='block_1_28' title="bbox 2073 1334 3646 1404">
    <p class='ocr_par' dir='ltr' id='par_1_28' title="bbox 2073 1334 3646 1404">
     <span class='ocr_line' id='line_1_28' title="bbox 2073 1334 3646 1404; baseline -0.003 -11"><span class='ocrx_word' id='word_1_206' title='bbox 2073 1338 2377 1393; x_wconf 88' lang='lat' dir='ltr'><strong><em>necessaria</em></strong></span> <span class='ocrx_word' id='word_1_207' title='bbox 2407 1336 2733 1391; x_wconf 88' lang='lat' dir='ltr'><strong><em>detulerunt.</em></strong></span> <span class='ocrx_word' id='word_1_208' title='bbox 2783 1334 3058 1390; x_wconf 67' lang='lat' dir='ltr'><strong><em>Redeuntie</em></strong></span> <span class='ocrx_word' id='word_1_209' title='bbox 3108 1345 3286 1390; x_wconf 88' lang='lat' dir='ltr'><strong><em>autem</em></strong></span> <span class='ocrx_word' id='word_1_210' title='bbox 3329 1336 3379 1389; x_wconf 92' lang='lat' dir='ltr'><strong><em>in</em></strong></span> <span class='ocrx_word' id='word_1_211' title='bbox 3428 1350 3646 1404; x_wconf 86' lang='lat' dir='ltr'><strong><em>regnum</em></strong></span> 
     </span>
    </p>
   </div>
   <div class='ocr_carea' id='block_1_29' title="bbox 2071 1425 3650 1494">
    <p class='ocr_par' dir='ltr' id='par_1_29' title="bbox 2071 1425 3650 1494">
     <span class='ocr_line' id='line_1_29' title="bbox 2071 1425 3650 1494; baseline -0.003 -13"><span class='ocrx_word' id='word_1_212' title='bbox 2071 1443 2226 1481; x_wconf 89' lang='lat' dir='ltr'><strong><em>suum</em></strong></span> <span class='ocrx_word' id='word_1_213' title='bbox 2251 1441 2375 1494; x_wconf 87' lang='lat' dir='ltr'><strong><em>rege</em></strong></span> <span class='ocrx_word' id='word_1_214' title='bbox 2411 1425 2845 1488; x_wconf 86' lang='lat' dir='ltr'><strong><em>Cblotbachario,</em></strong></span> <span class='ocrx_word' id='word_1_215' title='bbox 2884 1439 3104 1494; x_wconf 90' lang='lat' dir='ltr'><strong><em>magnus</em></strong></span> <span class='ocrx_word' id='word_1_216' title='bbox 3128 1438 3249 1478; x_wconf 92' lang='lat' dir='ltr'><strong><em>cum</em></strong></span> <span class='ocrx_word' id='word_1_217' title='bbox 3302 1438 3369 1477; x_wconf 91' lang='lat' dir='ltr'><strong><em>eo</em></strong></span> <span class='ocrx_word' id='word_1_218' title='bbox 3419 1433 3502 1477; x_wconf 89' lang='lat' dir='ltr'><strong><em>est</em></strong></span> <span class='ocrx_word' id='word_1_219' title='bbox 3555 1425 3650 1477; x_wconf 84' lang='lat' dir='ltr'><strong><em>ba-</em></strong></span> 
     </span>
    </p>
   </div>
   <div class='ocr_carea' id='block_1_30' title="bbox 2072 1513 3650 1584">
    <p class='ocr_par' dir='ltr' id='par_1_30' title="bbox 2072 1513 3650 1584">
     <span class='ocr_line' id='line_1_30' title="bbox 2072 1513 3650 1584; baseline -0.003 -12"><span class='ocrx_word' id='word_1_220' title='bbox 2072 1517 2235 1574; x_wconf 82' lang='lat' dir='ltr'><strong><em>bitus.</em></strong></span> <span class='ocrx_word' id='word_1_221' title='bbox 2258 1516 2524 1584; x_wconf 81' lang='lat' dir='ltr'><strong><em>Tempore</em></strong></span> <span class='ocrx_word' id='word_1_222' title='bbox 2553 1529 2680 1569; x_wconf 88' lang='lat' dir='ltr'><strong><em>vero</em></strong></span> <span class='ocrx_word' id='word_1_223' title='bbox 2707 1513 2853 1583; x_wconf 84' lang='lat' dir='ltr'><strong><em>ejus,</em></strong></span> <span class='ocrx_word' id='word_1_224' title='bbox 2908 1515 2972 1568; x_wconf 86' lang='lat' dir='ltr'><strong><em>ad</em></strong></span> <span class='ocrx_word' id='word_1_225' title='bbox 3022 1513 3335 1567; x_wconf 89' lang='lat' dir='ltr'><strong><em>clericatum</em></strong></span> <span class='ocrx_word' id='word_1_226' title='bbox 3385 1514 3650 1568; x_wconf 76' lang='lat' dir='ltr'><strong><em>accedens</em></strong></span> 
     </span>
    </p>
   </div>
   <div class='ocr_carea' id='block_1_31' title="bbox 2072 1602 3648 1674">
    <p class='ocr_par' dir='ltr' id='par_1_31' title="bbox 2072 1602 3648 1674">
     <span class='ocr_line' id='line_1_31' title="bbox 2072 1602 3648 1674; baseline -0.002 -15"><span class='ocrx_word' id='word_1_227' title='bbox 2072 1605 2211 1674; x_wconf 87' lang='lat' dir='ltr'><strong><em>apud</em></strong></span> <span class='ocrx_word' id='word_1_228' title='bbox 2244 1605 2484 1660; x_wconf 87' lang='lat' dir='ltr'><strong><em>Sellense</em></strong></span> <span class='ocrx_word' id='word_1_229' title='bbox 2521 1613 2753 1657; x_wconf 88' lang='lat' dir='ltr'><strong><em>castrum</em></strong></span> <span class='ocrx_word' id='word_1_230' title='bbox 2782 1611 2827 1666; x_wconf 74' lang='grc' dir='ltr'><em>ε,</em></span> <span class='ocrx_word' id='word_1_231' title='bbox 2879 1602 3018 1671; x_wconf 87' lang='lat' dir='ltr'><strong><em>quod</em></strong></span> <span class='ocrx_word' id='word_1_232' title='bbox 3049 1603 3102 1656; x_wconf 93' lang='lat' dir='ltr'><strong><em>in</em></strong></span> <span class='ocrx_word' id='word_1_233' title='bbox 3161 1602 3369 1656; x_wconf 75' lang='lat' dir='ltr'><strong><em>Pictava</em></strong></span> <span class='ocrx_word' id='word_1_234' title='bbox 3425 1603 3648 1656; x_wconf 82' lang='lat' dir='ltr'><strong><em>babetur</em></strong></span> 
     </span>
    </p>
   </div>
   <div class='ocr_carea' id='block_1_32' title="bbox 2071 1691 3646 1758">
    <p class='ocr_par' dir='ltr' id='par_1_32' title="bbox 2071 1691 3646 1758">
     <span class='ocr_line' id='line_1_32' title="bbox 2071 1691 3646 1758; baseline -0.002 -11"><span class='ocrx_word' id='word_1_235' title='bbox 2071 1694 2290 1749; x_wconf 64' lang='lat' dir='ltr'><strong><em>dioecesi</em></strong></span> <span class='ocrx_word' id='word_1_236' title='bbox 2313 1733 2328 1758; x_wconf 94' lang='lat'><strong><em>,</em></strong></span> <span class='ocrx_word' id='word_1_237' title='bbox 2356 1693 2632 1747; x_wconf 82' lang='lat' dir='ltr'><strong><em>ordinatur</em></strong></span> <span class='ocrx_word' id='word_1_238' title='bbox 2663 1709 2677 1745; x_wconf 93' lang='lat'>:</span> <span class='ocrx_word' id='word_1_239' title='bbox 2723 1692 2955 1745; x_wconf 83' lang='lat' dir='ltr'><strong><em>futurum</em></strong></span> <span class='ocrx_word' id='word_1_240' title='bbox 2989 1700 3048 1746; x_wconf 89' lang='lat' dir='ltr'><strong><em>ut</em></strong></span> <span class='ocrx_word' id='word_1_241' title='bbox 3091 1691 3390 1746; x_wconf 66' lang='lat' dir='ltr'><strong><em>decedente</em></strong></span> <span class='ocrx_word' id='word_1_242' title='bbox 3440 1691 3646 1745; x_wconf 83' lang='lat' dir='ltr'><strong><em>Pientio</em></strong></span> 
     </span>
    </p>
   </div>
   <div class='ocr_carea' id='block_1_33' title="bbox 402 1780 3648 1859">
    <p class='ocr_par' dir='ltr' id='par_1_33' title="bbox 402 1780 3648 1859">
     <span class='ocr_line' id='line_1_33' title="bbox 402 1780 3648 1859; baseline -0.003 -16"><span class='ocrx_word' id='word_1_243' title='bbox 402 1797 769 1859; x_wconf 83' lang='lat' dir='ltr'><strong><em>exeuntesque</em></strong></span> <span class='ocrx_word' id='word_1_244' title='bbox 802 1789 869 1842; x_wconf 88' lang='lat' dir='ltr'><strong><em>de</em></strong></span> <span class='ocrx_word' id='word_1_245' title='bbox 891 1792 1110 1856; x_wconf 85' lang='lat' dir='ltr'><strong><em>regione</em></strong></span> <span class='ocrx_word' id='word_1_246' title='bbox 1150 1803 1244 1842; x_wconf 88' lang='lat' dir='ltr'><strong><em>sua</em></strong></span> <span class='ocrx_word' id='word_1_247' title='bbox 1269 1789 1321 1841; x_wconf 89' lang='lat' dir='ltr'><strong><em>in</em></strong></span> <span class='ocrx_word' id='word_1_248' title='bbox 1351 1787 1628 1840; x_wconf 81' lang='lat' dir='ltr'><strong><em>Franciam</em></strong></span> <span class='ocrx_word' id='word_1_249' title='bbox 1684 1795 1963 1845; x_wconf 83' lang='lat' dir='ltr'><strong><em>venerunt.</em></strong></span> <span class='ocrx_word' id='word_1_250' title='bbox 2001 1791 2045 1850; x_wconf 80' lang='grc' dir='ltr'>Β</span> <span class='ocrx_word' id='word_1_251' title='bbox 2072 1782 2338 1845; x_wconf 84' lang='lat' dir='ltr'><strong><em>antistite,</em></strong></span> <span class='ocrx_word' id='word_1_252' title='bbox 2371 1781 2459 1850; x_wconf 91' lang='lat' dir='ltr'><strong><em>qui</em></strong></span> <span class='ocrx_word' id='word_1_253' title='bbox 2494 1789 2616 1834; x_wconf 89' lang='lat' dir='ltr'><strong><em>tunc</em></strong></span> <span class='ocrx_word' id='word_1_254' title='bbox 2647 1780 2913 1834; x_wconf 83' lang='lat' dir='ltr'><strong><em>Pictavam</em></strong></span> <span class='ocrx_word' id='word_1_255' title='bbox 2939 1781 3157 1847; x_wconf 81' lang='lat' dir='ltr'><strong><em>regebat</em></strong></span> <span class='ocrx_word' id='word_1_256' title='bbox 3178 1781 3500 1846; x_wconf 83' lang='lat' dir='ltr'><strong><em>Ecclesiam,</em></strong></span> <span class='ocrx_word' id='word_1_257' title='bbox 3533 1782 3648 1849; x_wconf 80' lang='lat' dir='ltr'><strong><em>ipse</em></strong></span> 
     </span>
    </p>
   </div>
   <div class='ocr_carea' id='block_1_34' title="bbox 356 1877 1970 1949">
    <p class='ocr_par' dir='ltr' id='par_1_34' title="bbox 356 1877 1970 1949">
     <span class='ocr_line' id='line_1_34' title="bbox 356 1877 1970 1949; baseline -0.002 -17"><span class='ocrx_word' id='word_1_258' title='bbox 398 1891 648 1949; x_wconf 82' lang='lat' dir='ltr'><strong><em>etusque</em></strong></span> <span class='ocrx_word' id='word_1_259' title='bbox 673 1881 741 1934; x_wconf 89' lang='lat' dir='ltr'><strong><em>ad</em></strong></span> <span class='ocrx_word' id='word_1_260' title='bbox 798 1880 1044 1933; x_wconf 88' lang='lat' dir='ltr'><strong><em>Divitiam</em></strong></span> <span class='ocrx_word' id='word_1_261' title='bbox 1089 1889 1114 1916; x_wconf 79' lang='grc' dir='ltr'><strong>ο</strong></span> <span class='ocrx_word' id='word_1_262' title='bbox 1156 1881 1424 1934; x_wconf 83' lang='lat' dir='ltr'><strong><em>civitatem</em></strong></span> <span class='ocrx_word' id='word_1_263' title='bbox 1471 1877 1677 1947; x_wconf 78' lang='lat' dir='ltr'><strong><em>praedas</em></strong></span> <span class='ocrx_word' id='word_1_264' title='bbox 1727 1887 1970 1946; x_wconf 86' lang='lat' dir='ltr'><strong><em>egerunt,</em></strong></span> 
     </span>
    </p>
   </div>
   <div class='ocr_carea' id='block_1_35' title="bbox 398 1968 1967 2040">
    <p class='ocr_par' dir='ltr' id='par_1_35' title="bbox 398 1968 1967 2040">
     <span class='ocr_line' id='line_1_35' title="bbox 398 1968 1967 2040; baseline -0.003 -15"><span class='ocrx_word' id='word_1_265' title='bbox 398 1970 725 2038; x_wconf 88' lang='lat' dir='ltr'><strong><em>nimiumque</em></strong></span> <span class='ocrx_word' id='word_1_266' title='bbox 746 1985 908 2038; x_wconf 87' lang='lat' dir='ltr'><strong><em>grave</em></strong></span> <span class='ocrx_word' id='word_1_267' title='bbox 931 1968 1036 2040; x_wconf 77' lang='grc' dir='ltr'><strong><em>[ΑΙ.</em></strong></span> <span class='ocrx_word' id='word_1_268' title='bbox 1062 1968 1483 2040; x_wconf 70' lang='lat' dir='ltr'><strong><em>grandelscelus</em></strong></span> <span class='ocrx_word' id='word_1_269' title='bbox 1511 1968 1798 2036; x_wconf 73' lang='lat' dir='ltr'><strong><em>perpetrati</em></strong></span> <span class='ocrx_word' id='word_1_270' title='bbox 1824 1977 1967 2022; x_wconf 89' lang='lat' dir='ltr'><strong><em>sunt.</em></strong></span> 
     </span>
    </p>
   </div>
   <div class='ocr_carea' id='block_1_36' title="bbox 472 2054 1971 2126">
    <p class='ocr_par' dir='ltr' id='par_1_36' title="bbox 472 2054 1971 2126">
     <span class='ocr_line' id='line_1_36' title="bbox 472 2054 1971 2126; baseline -0.002 -14"><span class='ocrx_word' id='word_1_271' title='bbox 472 2057 634 2114; x_wconf 79' lang='lat' dir='ltr'><strong><em>XVII.</em></strong></span> <span class='ocrx_word' id='word_1_272' title='bbox 672 2057 820 2112; x_wconf 85' lang='lat' dir='ltr'><strong><em>Tunc</em></strong></span> <span class='ocrx_word' id='word_1_273' title='bbox 847 2055 1149 2110; x_wconf 87' lang='lat' dir='ltr'><strong><em>Cbramnus</em></strong></span> <span class='ocrx_word' id='word_1_274' title='bbox 1170 2056 1278 2124; x_wconf 90' lang='lat' dir='ltr'><strong><em>jam</em></strong></span> <span class='ocrx_word' id='word_1_275' title='bbox 1329 2067 1546 2126; x_wconf 78' lang='lat' dir='ltr'><strong><em>accepta</em></strong></span> <span class='ocrx_word' id='word_1_276' title='bbox 1577 2055 1918 2110; x_wconf 85' lang='lat' dir='ltr'><strong><em>Uviliacbarii</em></strong></span> <span class='ocrx_word' id='word_1_277' title='bbox 1947 2054 1971 2094; x_wconf 74' lang='grc' dir='ltr'><strong><em>ι’</em></strong></span> 
     </span>
    </p>
   </div>
   <div class='ocr_carea' id='block_1_37' title="bbox 399 2146 1968 2218">
    <p class='ocr_par' dir='ltr' id='par_1_37' title="bbox 399 2146 1968 2218">
     <span class='ocr_line' id='line_1_37' title="bbox 399 2146 1968 2218; baseline -0.004 -14"><span class='ocrx_word' id='word_1_278' title='bbox 399 2149 540 2218; x_wconf 83' lang='lat' dir='ltr'><strong><em>lilia,</em></strong></span> <span class='ocrx_word' id='word_1_279' title='bbox 572 2149 804 2203; x_wconf 87' lang='lat' dir='ltr'><strong><em>Parisios</em></strong></span> <span class='ocrx_word' id='word_1_280' title='bbox 831 2147 1123 2213; x_wconf 77' lang='lat' dir='ltr'><strong><em>accedens,</em></strong></span> <span class='ocrx_word' id='word_1_281' title='bbox 1150 2161 1329 2201; x_wconf 84' lang='lat' dir='ltr'><strong><em>secum</em></strong></span> <span class='ocrx_word' id='word_1_282' title='bbox 1359 2146 1758 2200; x_wconf 87' lang='lat' dir='ltr'><strong><em>Cbildebertum</em></strong></span> <span class='ocrx_word' id='word_1_283' title='bbox 1790 2161 1968 2213; x_wconf 76' lang='lat' dir='ltr'><strong><em>regem</em></strong></span> 
     </span>
    </p>
   </div>
   <div class='ocr_carea' id='block_1_38' title="bbox 400 2237 1977 2309">
    <p class='ocr_par' dir='ltr' id='par_1_38' title="bbox 400 2237 1977 2309">
     <span class='ocr_line' id='line_1_38' title="bbox 400 2237 1977 2309; baseline -0.001 -16"><span class='ocrx_word' id='word_1_284' title='bbox 400 2239 710 2309; x_wconf 85' lang='lat' dir='ltr'><strong><em>constringit</em></strong></span> <span class='ocrx_word' id='word_1_285' title='bbox 752 2238 806 2293; x_wconf 84' lang='lat' dir='ltr'><strong><em>in</em></strong></span> <span class='ocrx_word' id='word_1_286' title='bbox 844 2239 946 2292; x_wconf 80' lang='lat' dir='ltr'><strong><em>lide</em></strong></span> <span class='ocrx_word' id='word_1_287' title='bbox 981 2248 1137 2305; x_wconf 83' lang='lat' dir='ltr'><strong><em>atque</em></strong></span> <span class='ocrx_word' id='word_1_288' title='bbox 1179 2237 1470 2302; x_wconf 85' lang='lat' dir='ltr'><strong><em>cbaritate,</em></strong></span> <span class='ocrx_word' id='word_1_289' title='bbox 1500 2237 1687 2306; x_wconf 69' lang='lat' dir='ltr'><strong><em>iurans</em></strong></span> <span class='ocrx_word' id='word_1_290' title='bbox 1733 2252 1792 2292; x_wconf 84' lang='lat' dir='ltr'><strong><em>se</em></strong></span> <span class='ocrx_word' id='word_1_291' title='bbox 1836 2239 1977 2304; x_wconf 89' lang='lat' dir='ltr'><strong><em>patri</em></strong></span> 
     </span>
    </p>
   </div>
   <div class='ocr_carea' id='block_1_39' title="bbox 399 2327 1970 2393">
    <p class='ocr_par' dir='ltr' id='par_1_39' title="bbox 399 2327 1970 2393">
     <span class='ocr_line' id='line_1_39' title="bbox 399 2327 1970 2393; baseline -0.001 -9"><span class='ocrx_word' id='word_1_292' title='bbox 399 2342 518 2384; x_wconf 75' lang='lat' dir='ltr'><strong><em>esse</em></strong></span> <span class='ocrx_word' id='word_1_293' title='bbox 539 2328 892 2382; x_wconf 87' lang='lat' dir='ltr'><strong><em>certissimum</em></strong></span> <span class='ocrx_word' id='word_1_294' title='bbox 919 2327 1218 2382; x_wconf 87' lang='lat' dir='ltr'><strong><em>inimicum.</em></strong></span> <span class='ocrx_word' id='word_1_295' title='bbox 1253 2327 1622 2382; x_wconf 88' lang='lat' dir='ltr'><strong><em>Childebertus</em></strong></span> <span class='ocrx_word' id='word_1_296' title='bbox 1643 2337 1816 2383; x_wconf 88' lang='lat' dir='ltr'><strong><em>autem</em></strong></span> <span class='ocrx_word' id='word_1_297' title='bbox 1847 2344 1970 2393; x_wconf 88' lang='lat' dir='ltr'><strong><em>rex,</em></strong></span> 
     </span>
    </p>
   </div>
   <div class='ocr_carea' id='block_1_40' title="bbox 405 2419 1970 2486">
    <p class='ocr_par' dir='ltr' id='par_1_40' title="bbox 405 2419 1970 2486">
     <span class='ocr_line' id='line_1_40' title="bbox 405 2419 1970 2486; baseline 0.003 -14"><span class='ocrx_word' id='word_1_298' title='bbox 405 2421 530 2473; x_wconf 82' lang='lat' dir='ltr'><strong><em>dum</em></strong></span> <span class='ocrx_word' id='word_1_299' title='bbox 575 2419 1028 2475; x_wconf 81' lang='lat' dir='ltr'><strong><em>‘Cblotbacbarius</em></strong></span> <span class='ocrx_word' id='word_1_300' title='bbox 1057 2430 1239 2472; x_wconf 78' lang='lat' dir='ltr'><strong><em>contra</em></strong></span> <span class='ocrx_word' id='word_1_301' title='bbox 1269 2420 1505 2474; x_wconf 81' lang='lat' dir='ltr'><strong><em>Saxones</em></strong></span> <span class='ocrx_word' id='word_1_302' title='bbox 1527 2419 1860 2486; x_wconf 83' lang='lat' dir='ltr'><strong><em>decertaret,</em></strong></span> <span class='ocrx_word' id='word_1_303' title='bbox 1916 2423 1970 2477; x_wconf 81' lang='lat' dir='ltr'><strong><em>in</em></strong></span> 
     </span>
    </p>
   </div>
   <div class='ocr_carea' id='block_1_41' title="bbox 404 2509 2003 2581">
    <p class='ocr_par' dir='ltr' id='par_1_41' title="bbox 404 2509 2003 2581">
     <span class='ocr_line' id='line_1_41' title="bbox 404 2509 2003 2581; baseline 0.003 -17"><span class='ocrx_word' id='word_1_304' title='bbox 404 2509 745 2579; x_wconf 79' lang='lat' dir='ltr'><strong><em>Campaniam</em></strong></span> <span class='ocrx_word' id='word_1_305' title='bbox 794 2510 1149 2564; x_wconf 77' lang='lat' dir='ltr'><strong><em>Rbemeusern</em></strong></span> <span class='ocrx_word' id='word_1_306' title='bbox 1180 2510 1415 2574; x_wconf 84' lang='lat' dir='ltr'><strong><em>accedit,</em></strong></span> <span class='ocrx_word' id='word_1_307' title='bbox 1447 2521 1502 2564; x_wconf 91' lang='lat' dir='ltr'><strong><em>et</em></strong></span> <span class='ocrx_word' id='word_1_308' title='bbox 1538 2526 1705 2581; x_wconf 83' lang='lat' dir='ltr'><strong><em>usque</em></strong></span> <span class='ocrx_word' id='word_1_309' title='bbox 1753 2512 2003 2580; x_wconf 70' lang='lat' dir='ltr'><strong><em>Rhenus</em></strong></span> 
     </span>
    </p>
   </div>
   <div class='ocr_carea' id='block_1_42' title="bbox 406 2600 1974 2670">
    <p class='ocr_par' dir='ltr' id='par_1_42' title="bbox 406 2600 1974 2670">
     <span class='ocr_line' id='line_1_42' title="bbox 406 2600 1974 2670; baseline 0.003 -16"><span class='ocrx_word' id='word_1_310' title='bbox 406 2601 673 2655; x_wconf 83' lang='lat' dir='ltr'><strong><em>civitatem</em></strong></span> <span class='ocrx_word' id='word_1_311' title='bbox 716 2614 1037 2670; x_wconf 88' lang='lat' dir='ltr'><strong><em>properans,</em></strong></span> <span class='ocrx_word' id='word_1_312' title='bbox 1076 2608 1265 2654; x_wconf 82' lang='lat' dir='ltr'><strong><em>cuncta</em></strong></span> <span class='ocrx_word' id='word_1_313' title='bbox 1314 2600 1505 2667; x_wconf 63' lang='lat' dir='ltr'><strong><em>praedis</em></strong></span> <span class='ocrx_word' id='word_1_314' title='bbox 1533 2611 1692 2670; x_wconf 90' lang='lat' dir='ltr'><strong><em>atque</em></strong></span> <span class='ocrx_word' id='word_1_315' title='bbox 1726 2601 1974 2658; x_wconf 84' lang='lat' dir='ltr'><strong><em>incendio</em></strong></span> 
     </span>
    </p>
   </div>
   <div class='ocr_carea' id='block_1_43' title="bbox 407 2690 1969 2749">
    <p class='ocr_par' dir='ltr' id='par_1_43' title="bbox 407 2690 1969 2749">
     <span class='ocr_line' id='line_1_43' title="bbox 407 2690 1969 2749; baseline 0.001 -5"><span class='ocrx_word' id='word_1_316' title='bbox 407 2690 723 2746; x_wconf 86' lang='lat' dir='ltr'><strong><em>devastavit.</em></strong></span> <span class='ocrx_word' id='word_1_317' title='bbox 758 2690 1013 2747; x_wconf 82' lang='lat' dir='ltr'><strong><em>Audierat</em></strong></span> <span class='ocrx_word' id='word_1_318' title='bbox 1053 2691 1197 2745; x_wconf 89' lang='lat' dir='ltr'><strong><em>enim</em></strong></span> <span class='ocrx_word' id='word_1_319' title='bbox 1236 2691 1454 2745; x_wconf 68' lang='lat' dir='ltr'><strong><em>fratrem</em></strong></span> <span class='ocrx_word' id='word_1_320' title='bbox 1496 2705 1652 2746; x_wconf 79' lang='lat' dir='ltr'><strong><em>suum</em></strong></span> <span class='ocrx_word' id='word_1_321' title='bbox 1681 2707 1709 2744; x_wconf 90' lang='lat' dir='ltr'><strong><em>a</em></strong></span> <span class='ocrx_word' id='word_1_322' title='bbox 1742 2693 1969 2749; x_wconf 85' lang='lat' dir='ltr'><strong><em>Saxoni-</em></strong></span> 
     </span>
    </p>
   </div>
   <div class='ocr_carea' id='block_1_44' title="bbox 409 2783 1974 2855">
    <p class='ocr_par' dir='ltr' id='par_1_44' title="bbox 409 2783 1974 2855">
     <span class='ocr_line' id='line_1_44' title="bbox 409 2783 1974 2855; baseline 0.003 -19"><span class='ocrx_word' id='word_1_323' title='bbox 409 2784 507 2838; x_wconf 86' lang='lat' dir='ltr'><strong><em>bus</em></strong></span> <span class='ocrx_word' id='word_1_324' title='bbox 536 2783 698 2838; x_wconf 89' lang='lat' dir='ltr'><strong><em>fuisse</em></strong></span> <span class='ocrx_word' id='word_1_325' title='bbox 727 2793 1091 2853; x_wconf 79' lang='lat' dir='ltr'><strong><em>peremptum,</em></strong></span> <span class='ocrx_word' id='word_1_326' title='bbox 1144 2795 1194 2838; x_wconf 89' lang='lat' dir='ltr'><strong><em>et</em></strong></span> <span class='ocrx_word' id='word_1_327' title='bbox 1224 2799 1389 2852; x_wconf 85' lang='lat' dir='ltr'><strong><em>regno</em></strong></span> <span class='ocrx_word' id='word_1_328' title='bbox 1415 2798 1516 2838; x_wconf 90' lang='lat' dir='ltr'><strong><em>suo</em></strong></span> <span class='ocrx_word' id='word_1_329' title='bbox 1561 2794 1751 2838; x_wconf 85' lang='lat' dir='ltr'><strong><em>cuncta</em></strong></span> <span class='ocrx_word' id='word_1_330' title='bbox 1781 2784 1974 2855; x_wconf 86' lang='lat' dir='ltr'><strong><em>subjici</em></strong></span> 
     </span>
    </p>
   </div>
   <div class='ocr_carea' id='block_1_45' title="bbox 407 2873 1795 2943">
    <p class='ocr_par' dir='ltr' id='par_1_45' title="bbox 407 2873 1795 2943">
     <span class='ocr_line' id='line_1_45' title="bbox 407 2873 1795 2943; baseline 0.001 -16"><span class='ocrx_word' id='word_1_331' title='bbox 407 2873 704 2937; x_wconf 64' lang='lat' dir='ltr'><strong><em>aestimans,</em></strong></span> <span class='ocrx_word' id='word_1_332' title='bbox 729 2889 850 2941; x_wconf 63' lang='lat' dir='ltr'><strong><em>quae</em></strong></span> <span class='ocrx_word' id='word_1_333' title='bbox 889 2874 1038 2928; x_wconf 88' lang='lat' dir='ltr'><strong><em>adire</em></strong></span> <span class='ocrx_word' id='word_1_334' title='bbox 1069 2876 1240 2943; x_wconf 87' lang='lat' dir='ltr'><strong><em>potuit</em></strong></span> <span class='ocrx_word' id='word_1_335' title='bbox 1268 2874 1514 2928; x_wconf 86' lang='lat' dir='ltr'><strong><em>universa</em></strong></span> <span class='ocrx_word' id='word_1_336' title='bbox 1541 2874 1795 2942; x_wconf 81' lang='lat' dir='ltr'><strong><em>pervasit.</em></strong></span> 
     </span>
    </p>
   </div>
   <div class='ocr_carea' id='block_1_46' title="bbox 473 2963 1971 3030">
    <p class='ocr_par' dir='ltr' id='par_1_46' title="bbox 473 2963 1971 3030">
     <span class='ocr_line' id='line_1_46' title="bbox 473 2963 1971 3030; baseline 0.001 -12"><span class='ocrx_word' id='word_1_337' title='bbox 473 2963 661 3018; x_wconf 80' lang='lat' dir='ltr'><strong><em>XVIII.</em></strong></span> <span class='ocrx_word' id='word_1_338' title='bbox 699 2965 851 3018; x_wconf 88' lang='lat' dir='ltr'><strong><em>&#39;l‘unc</em></strong></span> <span class='ocrx_word' id='word_1_339' title='bbox 893 2973 946 3016; x_wconf 89' lang='lat' dir='ltr'><strong><em>et</em></strong></span> <span class='ocrx_word' id='word_1_340' title='bbox 975 2964 1289 3030; x_wconf 80' lang='lat' dir='ltr'><strong><em>Austrapius</em></strong></span> <span class='ocrx_word' id='word_1_341' title='bbox 1325 2966 1431 3017; x_wconf 88' lang='lat' dir='ltr'><strong><em>dux</em></strong></span> <span class='ocrx_word' id='word_1_342' title='bbox 1479 2965 1803 3019; x_wconf 70' lang='lat' dir='ltr'><strong><em>Gliratnnum</em></strong></span> <span class='ocrx_word' id='word_1_343' title='bbox 1855 2981 1971 3019; x_wconf 88' lang='lat' dir='ltr'><strong><em>me-</em></strong></span> 
     </span>
    </p>
   </div>
   <div class='ocr_carea' id='block_1_47' title="bbox 408 3054 1971 3122">
    <p class='ocr_par' dir='ltr' id='par_1_47' title="bbox 408 3054 1971 3122">
     <span class='ocr_line' id='line_1_47' title="bbox 408 3054 1971 3122; baseline 0.003 -18"><span class='ocrx_word' id='word_1_344' title='bbox 408 3063 590 3118; x_wconf 82' lang='lat' dir='ltr'><strong><em>tuens,</em></strong></span> <span class='ocrx_word' id='word_1_345' title='bbox 618 3054 669 3107; x_wconf 93' lang='lat' dir='ltr'><strong><em>in</em></strong></span> <span class='ocrx_word' id='word_1_346' title='bbox 700 3054 969 3107; x_wconf 84' lang='lat' dir='ltr'><strong><em>basilicam</em></strong></span> <span class='ocrx_word' id='word_1_347' title='bbox 996 3055 1165 3108; x_wconf 69' lang='lat' dir='ltr'><strong><em>sancti</em></strong></span> <span class='ocrx_word' id='word_1_348' title='bbox 1198 3055 1402 3107; x_wconf 85' lang='lat' dir='ltr'><strong><em>Martini</em></strong></span> <span class='ocrx_word' id='word_1_349' title='bbox 1429 3057 1660 3122; x_wconf 72' lang='lat' dir='ltr'><strong><em>confugit</em></strong></span> <span class='ocrx_word' id='word_1_350' title='bbox 1704 3073 1718 3108; x_wconf 90' lang='lat'><strong>:</strong></span> <span class='ocrx_word' id='word_1_351' title='bbox 1750 3057 1835 3109; x_wconf 86' lang='lat' dir='ltr'><strong><em>cui</em></strong></span> <span class='ocrx_word' id='word_1_352' title='bbox 1879 3056 1971 3110; x_wconf 89' lang='lat' dir='ltr'><strong><em>tali</em></strong></span> 
     </span>
    </p>
   </div>
   <div class='ocr_carea' id='block_1_48' title="bbox 2069 1870 3644 1927">
    <p class='ocr_par' dir='ltr' id='par_1_48' title="bbox 2069 1870 3644 1927">
     <span class='ocr_line' id='line_1_48' title="bbox 2069 1870 3644 1927; baseline -0.001 -1"><span class='ocrx_word' id='word_1_353' title='bbox 2069 1873 2404 1927; x_wconf 85' lang='lat' dir='ltr'><strong><em>succederet.</em></strong></span> <span class='ocrx_word' id='word_1_354' title='bbox 2436 1871 2537 1924; x_wconf 89' lang='lat' dir='ltr'><strong><em>Sed</em></strong></span> <span class='ocrx_word' id='word_1_355' title='bbox 2571 1885 2660 1924; x_wconf 86' lang='lat' dir='ltr'><strong><em>rex</em></strong></span> <span class='ocrx_word' id='word_1_356' title='bbox 2693 1870 3041 1924; x_wconf 87' lang='lat' dir='ltr'><strong><em>Charibertus</em></strong></span> <span class='ocrx_word' id='word_1_357' title='bbox 3073 1872 3124 1924; x_wconf 93' lang='lat' dir='ltr'><strong><em>in</em></strong></span> <span class='ocrx_word' id='word_1_358' title='bbox 3149 1871 3292 1925; x_wconf 88' lang='lat' dir='ltr'><strong><em>aliud</em></strong></span> <span class='ocrx_word' id='word_1_359' title='bbox 3324 1871 3483 1924; x_wconf 89' lang='lat' dir='ltr'><strong><em>vertit</em></strong></span> <span class='ocrx_word' id='word_1_360' title='bbox 3523 1885 3644 1925; x_wconf 83' lang='lat' dir='ltr'><strong><em>sen-</em></strong></span> 
     </span>
    </p>
   </div>
   <div class='ocr_carea' id='block_1_49' title="bbox 2070 1959 3646 2030">
    <p class='ocr_par' dir='ltr' id='par_1_49' title="bbox 2070 1959 3646 2030">
     <span class='ocr_line' id='line_1_49' title="bbox 2070 1959 3646 2030; baseline 0.001 -14"><span class='ocrx_word' id='word_1_361' title='bbox 2070 1965 2317 2017; x_wconf 85' lang='lat' dir='ltr'><strong><em>tentiam.</em></strong></span> <span class='ocrx_word' id='word_1_362' title='bbox 2359 1962 2593 2030; x_wconf 84' lang='lat' dir='ltr'><strong><em>Denique</em></strong></span> <span class='ocrx_word' id='word_1_363' title='bbox 2641 1976 2762 2015; x_wconf 89' lang='lat' dir='ltr'><strong><em>curn</em></strong></span> <span class='ocrx_word' id='word_1_364' title='bbox 2807 1961 3044 2016; x_wconf 82' lang='lat' dir='ltr'><strong><em>Pientius</em></strong></span> <span class='ocrx_word' id='word_1_365' title='bbox 3073 1962 3355 2029; x_wconf 88' lang='lat' dir='ltr'><strong><em>episcopus</em></strong></span> <span class='ocrx_word' id='word_1_366' title='bbox 3384 1959 3410 1999; x_wconf 67' lang='grc' dir='ltr'><strong>ι·</strong></span> <span class='ocrx_word' id='word_1_367' title='bbox 3442 1963 3510 2017; x_wconf 89' lang='lat' dir='ltr'><strong><em>ab</em></strong></span> <span class='ocrx_word' id='word_1_368' title='bbox 3543 1963 3646 2017; x_wconf 89' lang='lat' dir='ltr'><strong><em>hac</em></strong></span> 
     </span>
    </p>
   </div>
   <div class='ocr_carea' id='block_1_50' title="bbox 2071 2051 3639 2123">
    <p class='ocr_par' dir='ltr' id='par_1_50' title="bbox 2071 2051 3639 2123">
     <span class='ocr_line' id='line_1_50' title="bbox 2071 2051 3639 2123; baseline -0.001 -15"><span class='ocrx_word' id='word_1_369' title='bbox 2071 2054 2188 2108; x_wconf 90' lang='lat' dir='ltr'><strong><em>luce</em></strong></span> <span class='ocrx_word' id='word_1_370' title='bbox 2217 2052 2525 2123; x_wconf 89' lang='lat' dir='ltr'><strong><em>migrasset,</em></strong></span> <span class='ocrx_word' id='word_1_371' title='bbox 2557 2051 2694 2120; x_wconf 89' lang='lat' dir='ltr'><strong><em>apud</em></strong></span> <span class='ocrx_word' id='word_1_372' title='bbox 2727 2052 2956 2106; x_wconf 77' lang='lat' dir='ltr'><strong><em>Parisios</em></strong></span> <span class='ocrx_word' id='word_1_373' title='bbox 2985 2052 3258 2108; x_wconf 89' lang='lat' dir='ltr'><strong><em>civitatem</em></strong></span> <span class='ocrx_word' id='word_1_374' title='bbox 3300 2053 3639 2118; x_wconf 84' lang='lat' dir='ltr'><strong><em>Pascentius,</em></strong></span> 
     </span>
    </p>
   </div>
   <div class='ocr_carea' id='block_1_51' title="bbox 2070 2141 3639 2212">
    <p class='ocr_par' dir='ltr' id='par_1_51' title="bbox 2070 2141 3639 2212">
     <span class='ocr_line' id='line_1_51' title="bbox 2070 2141 3639 2212; baseline 0.001 -17"><span class='ocrx_word' id='word_1_375' title='bbox 2070 2143 2162 2212; x_wconf 88' lang='lat' dir='ltr'><strong><em>qui</em></strong></span> <span class='ocrx_word' id='word_1_376' title='bbox 2193 2152 2321 2196; x_wconf 80' lang='lat' dir='ltr'><strong><em>tunc</em></strong></span> <span class='ocrx_word' id='word_1_377' title='bbox 2356 2142 2522 2196; x_wconf 88' lang='lat' dir='ltr'><strong><em>abbas</em></strong></span> <span class='ocrx_word' id='word_1_378' title='bbox 2562 2152 2677 2195; x_wconf 87' lang='lat' dir='ltr'><strong><em>erat</em></strong></span> <span class='ocrx_word' id='word_1_379' title='bbox 2702 2141 2937 2196; x_wconf 68' lang='lat' dir='ltr'><strong><em>basilica:</em></strong></span> <span class='ocrx_word' id='word_1_380' title='bbox 2975 2143 3143 2195; x_wconf 79' lang='lat' dir='ltr'><strong><em>sancti</em></strong></span> <span class='ocrx_word' id='word_1_381' title='bbox 3186 2142 3406 2212; x_wconf 80' lang='lat' dir='ltr'><strong><em>Hilarii,</em></strong></span> <span class='ocrx_word' id='word_1_382' title='bbox 3438 2144 3485 2196; x_wconf 91' lang='lat' dir='ltr'><strong><em>ei</em></strong></span> <span class='ocrx_word' id='word_1_383' title='bbox 3515 2158 3639 2197; x_wconf 86' lang='lat' dir='ltr'><strong><em>sue-</em></strong></span> 
     </span>
    </p>
   </div>
   <div class='ocr_carea' id='block_1_52' title="bbox 2070 2231 3642 2302">
    <p class='ocr_par' dir='ltr' id='par_1_52' title="bbox 2070 2231 3642 2302">
     <span class='ocr_line' id='line_1_52' title="bbox 2070 2231 3642 2302; baseline -0.003 -12"><span class='ocrx_word' id='word_1_384' title='bbox 2070 2235 2240 2297; x_wconf 86' lang='lat' dir='ltr'><strong><em>cedit,</em></strong></span> <span class='ocrx_word' id='word_1_385' title='bbox 2267 2249 2333 2288; x_wconf 86' lang='lat' dir='ltr'><strong><em>ex</em></strong></span> <span class='ocrx_word' id='word_1_386' title='bbox 2357 2233 2507 2301; x_wconf 86' lang='lat' dir='ltr'><strong><em>jussu</em></strong></span> <span class='ocrx_word' id='word_1_387' title='bbox 2539 2235 2678 2302; x_wconf 86' lang='lat' dir='ltr'><strong><em>regis</em></strong></span> <span class='ocrx_word' id='word_1_388' title='bbox 2701 2231 2998 2287; x_wconf 84' lang='lat' dir='ltr'><strong><em>Cbariberti</em></strong></span> <span class='ocrx_word' id='word_1_389' title='bbox 3017 2273 3032 2298; x_wconf 94' lang='lat'><strong><em>,</em></strong></span> <span class='ocrx_word' id='word_1_390' title='bbox 3059 2234 3323 2288; x_wconf 84' lang='lat' dir='ltr'><strong><em>clamante</em></strong></span> <span class='ocrx_word' id='word_1_391' title='bbox 3351 2235 3642 2301; x_wconf 73' lang='lat' dir='ltr'><strong><em>Austrapio</em></strong></span> 
     </span>
    </p>
   </div>
   <div class='ocr_carea' id='block_1_53' title="bbox 2070 2322 3643 2392">
    <p class='ocr_par' dir='ltr' id='par_1_53' title="bbox 2070 2322 3643 2392">
     <span class='ocr_line' id='line_1_53' title="bbox 2070 2322 3643 2392; baseline -0.001 -13"><span class='ocrx_word' id='word_1_392' title='bbox 2070 2325 2167 2379; x_wconf 84' lang='lat' dir='ltr'><strong><em>sibi</em></strong></span> <span class='ocrx_word' id='word_1_393' title='bbox 2199 2325 2341 2378; x_wconf 77' lang='lat' dir='ltr'><strong><em>hunc</em></strong></span> <span class='ocrx_word' id='word_1_394' title='bbox 2381 2324 2649 2378; x_wconf 82' lang='lat' dir='ltr'><strong><em>redhiberi</em></strong></span> <span class='ocrx_word' id='word_1_395' title='bbox 2689 2322 2710 2359; x_wconf 61' lang='grc' dir='ltr'><strong>ι</strong></span> <span class='ocrx_word' id='word_1_396' title='bbox 2740 2323 2914 2376; x_wconf 91' lang='lat' dir='ltr'><strong><em>locum</em></strong></span> <span class='ocrx_word' id='word_1_397' title='bbox 2949 2339 2963 2376; x_wconf 92' lang='lat'><strong>:</strong></span> <span class='ocrx_word' id='word_1_398' title='bbox 3011 2322 3106 2376; x_wconf 87' lang='lat' dir='ltr'><strong><em>sed</em></strong></span> <span class='ocrx_word' id='word_1_399' title='bbox 3155 2337 3337 2390; x_wconf 89' lang='lat' dir='ltr'><strong><em>parum</em></strong></span> <span class='ocrx_word' id='word_1_400' title='bbox 3367 2326 3414 2378; x_wconf 91' lang='lat' dir='ltr'><strong><em>ei</em></strong></span> <span class='ocrx_word' id='word_1_401' title='bbox 3452 2325 3643 2392; x_wconf 77' lang='lat' dir='ltr'><strong><em>jactari</em></strong></span> 
     </span>
    </p>
   </div>
   <div class='ocr_carea' id='block_1_54' title="bbox 2071 2415 3639 2486">
    <p class='ocr_par' dir='ltr' id='par_1_54' title="bbox 2071 2415 3639 2486">
     <span class='ocr_line' id='line_1_54' title="bbox 2071 2415 3639 2486; baseline 0.001 -16"><span class='ocrx_word' id='word_1_402' title='bbox 2071 2416 2329 2486; x_wconf 71' lang='lat' dir='ltr'><strong><em>promere</em></strong></span> <span class='ocrx_word' id='word_1_403' title='bbox 2365 2430 2662 2471; x_wconf 79' lang='lat' dir='ltr'><strong><em>sermones.</em></strong></span> <span class='ocrx_word' id='word_1_404' title='bbox 2712 2415 2829 2480; x_wconf 85' lang='lat' dir='ltr'><strong><em>Ipse</em></strong></span> <span class='ocrx_word' id='word_1_405' title='bbox 2857 2430 3070 2484; x_wconf 80' lang='lat' dir='ltr'><strong><em>quoque</em></strong></span> <span class='ocrx_word' id='word_1_406' title='bbox 3108 2430 3384 2485; x_wconf 85' lang='lat' dir='ltr'><strong><em>regressus</em></strong></span> <span class='ocrx_word' id='word_1_407' title='bbox 3419 2419 3483 2470; x_wconf 87' lang='lat' dir='ltr'><strong><em>ad</em></strong></span> <span class='ocrx_word' id='word_1_408' title='bbox 3515 2432 3639 2472; x_wconf 86' lang='lat' dir='ltr'><strong><em>cas-</em></strong></span> 
     </span>
    </p>
   </div>
   <div class='ocr_carea' id='block_1_55' title="bbox 2074 2507 3642 2578">
    <p class='ocr_par' dir='ltr' id='par_1_55' title="bbox 2074 2507 3642 2578">
     <span class='ocr_line' id='line_1_55' title="bbox 2074 2507 3642 2578; baseline 0.001 -14"><span class='ocrx_word' id='word_1_409' title='bbox 2074 2523 2210 2565; x_wconf 89' lang='lat' dir='ltr'><strong><em>trutn</em></strong></span> <span class='ocrx_word' id='word_1_410' title='bbox 2238 2526 2424 2575; x_wconf 72' lang='lat' dir='ltr'><strong><em>suum,</em></strong></span> <span class='ocrx_word' id='word_1_411' title='bbox 2456 2517 2595 2562; x_wconf 87' lang='lat' dir='ltr'><strong><em>mota</em></strong></span> <span class='ocrx_word' id='word_1_412' title='bbox 2626 2523 2787 2578; x_wconf 82' lang='lat' dir='ltr'><strong><em>super</em></strong></span> <span class='ocrx_word' id='word_1_413' title='bbox 2809 2523 2868 2562; x_wconf 89' lang='lat' dir='ltr'><strong><em>se</em></strong></span> <span class='ocrx_word' id='word_1_414' title='bbox 2888 2508 3247 2563; x_wconf 81' lang='lat' dir='ltr'><strong><em>Theifulorum</em></strong></span> <span class='ocrx_word' id='word_1_415' title='bbox 3284 2507 3299 2558; x_wconf 87' lang='lat' dir='ltr'><strong><em>i</em></strong></span> <span class='ocrx_word' id='word_1_416' title='bbox 3349 2509 3642 2574; x_wconf 79' lang='lat' dir='ltr'><strong><em>seditione,</em></strong></span> 
     </span>
    </p>
   </div>
   <div class='ocr_carea' id='block_1_56' title="bbox 2073 2600 3643 2672">
    <p class='ocr_par' dir='ltr' id='par_1_56' title="bbox 2073 2600 3643 2672">
     <span class='ocr_line' id='line_1_56' title="bbox 2073 2600 3643 2672; baseline -0.002 -17"><span class='ocrx_word' id='word_1_417' title='bbox 2073 2617 2212 2672; x_wconf 78' lang='lat' dir='ltr'><strong><em>quos</em></strong></span> <span class='ocrx_word' id='word_1_418' title='bbox 2238 2615 2378 2669; x_wconf 62' lang='lat' dir='ltr'><strong><em>stupe</em></strong></span> <span class='ocrx_word' id='word_1_419' title='bbox 2419 2608 2758 2669; x_wconf 79' lang='lat' dir='ltr'><strong><em>gravaverat,</em></strong></span> <span class='ocrx_word' id='word_1_420' title='bbox 2811 2600 2988 2655; x_wconf 79' lang='lat' dir='ltr'><strong><em>lancea</em></strong></span> <span class='ocrx_word' id='word_1_421' title='bbox 3041 2601 3310 2654; x_wconf 82' lang='lat' dir='ltr'><strong><em>sauciatus</em></strong></span> <span class='ocrx_word' id='word_1_422' title='bbox 3344 2600 3499 2671; x_wconf 70' lang='lat'><strong><em>160</em></strong></span> <span class='ocrx_word' id='word_1_423' title='bbox 3522 2616 3643 2655; x_wconf 83' lang='lat' dir='ltr'><strong><em>cru-</em></strong></span> 
     </span>
    </p>
   </div>
   <div class='ocr_carea' id='block_1_57' title="bbox 2072 2689 3643 2751">
    <p class='ocr_par' dir='ltr' id='par_1_57' title="bbox 2072 2689 3643 2751">
     <span class='ocr_line' id='line_1_57' title="bbox 2072 2689 3643 2751; baseline -0.003 -1"><span class='ocrx_word' id='word_1_424' title='bbox 2072 2695 2264 2751; x_wconf 81' lang='lat' dir='ltr'><strong><em>deliter</em></strong></span> <span class='ocrx_word' id='word_1_425' title='bbox 2299 2696 2466 2747; x_wconf 82' lang='lat' dir='ltr'><strong><em>vitam</em></strong></span> <span class='ocrx_word' id='word_1_426' title='bbox 2505 2691 2696 2746; x_wconf 73' lang='lat' dir='ltr'><strong><em>finivit.</em></strong></span> <span class='ocrx_word' id='word_1_427' title='bbox 2741 2689 3014 2746; x_wconf 80' lang='lat' dir='ltr'><strong><em>Dioeceses</em></strong></span> <span class='ocrx_word' id='word_1_428' title='bbox 3061 2703 3190 2744; x_wconf 75' lang='lat' dir='ltr'><strong><em>vero</em></strong></span> <span class='ocrx_word' id='word_1_429' title='bbox 3235 2704 3358 2744; x_wconf 86' lang='lat' dir='ltr'><strong><em>suas</em></strong></span> <span class='ocrx_word' id='word_1_430' title='bbox 3405 2691 3643 2746; x_wconf 81' lang='lat' dir='ltr'><strong><em>Ecclesia</em></strong></span> 
     </span>
    </p>
   </div>
   <div class='ocr_carea' id='block_1_58' title="bbox 2073 2787 2536 2852">
    <p class='ocr_par' dir='ltr' id='par_1_58' title="bbox 2073 2787 2536 2852">
     <span class='ocr_line' id='line_1_58' title="bbox 2073 2787 2536 2852; baseline -0.017 -8"><span class='ocrx_word' id='word_1_431' title='bbox 2073 2787 2288 2845; x_wconf 78' lang='lat' dir='ltr'><strong><em>Pictava</em></strong></span> <span class='ocrx_word' id='word_1_432' title='bbox 2316 2789 2536 2852; x_wconf 82' lang='lat' dir='ltr'><strong><em>recepit.</em></strong></span> 
     </span>
    </p>
   </div>
   <div class='ocr_carea' id='block_1_59' title="bbox 2146 2870 3643 2943">
    <p class='ocr_par' dir='ltr' id='par_1_59' title="bbox 2146 2870 3643 2943">
     <span class='ocr_line' id='line_1_59' title="bbox 2146 2870 3643 2943; baseline -0.001 -13"><span class='ocrx_word' id='word_1_433' title='bbox 2146 2875 2289 2930; x_wconf 78' lang='lat' dir='ltr'><strong><em>XIX.</em></strong></span> <span class='ocrx_word' id='word_1_434' title='bbox 2329 2874 2592 2941; x_wconf 86' lang='lat' dir='ltr'><strong><em>Tempore</em></strong></span> <span class='ocrx_word' id='word_1_435' title='bbox 2615 2871 2642 2910; x_wconf 70' lang='grc' dir='ltr'>ι</span> <span class='ocrx_word' id='word_1_436' title='bbox 2657 2887 2868 2943; x_wconf 90' lang='lat' dir='ltr'><strong><em>quoque</em></strong></span> <span class='ocrx_word' id='word_1_437' title='bbox 2888 2870 3284 2927; x_wconf 84' lang='lat' dir='ltr'><strong><em>Cblotbacharii</em></strong></span> <span class='ocrx_word' id='word_1_438' title='bbox 3312 2872 3481 2942; x_wconf 85' lang='lat' dir='ltr'><strong><em>regis,</em></strong></span> <span class='ocrx_word' id='word_1_439' title='bbox 3497 2889 3643 2928; x_wconf 83' lang='lat' dir='ltr'><strong><em>sanc-</em></strong></span> 
     </span>
    </p>
   </div>
   <div class='ocr_carea' id='block_1_60' title="bbox 2075 2966 3647 3035">
    <p class='ocr_par' dir='ltr' id='par_1_60' title="bbox 2075 2966 3647 3035">
     <span class='ocr_line' id='line_1_60' title="bbox 2075 2966 3647 3035; baseline -0.003 -12"><span class='ocrx_word' id='word_1_440' title='bbox 2075 2977 2163 3023; x_wconf 90' lang='lat' dir='ltr'><strong><em>tus</em></strong></span> <span class='ocrx_word' id='word_1_441' title='bbox 2194 2969 2286 3022; x_wconf 91' lang='lat' dir='ltr'><strong><em>Dei</em></strong></span> <span class='ocrx_word' id='word_1_442' title='bbox 2318 2967 2600 3022; x_wconf 80' lang='lat' dir='ltr'><strong><em>Med&#39;ardus</em></strong></span> <span class='ocrx_word' id='word_1_443' title='bbox 2632 2967 2943 3035; x_wconf 87' lang='lat' dir='ltr'><strong><em>episcopus,</em></strong></span> <span class='ocrx_word' id='word_1_444' title='bbox 2975 2975 3343 3021; x_wconf 89' lang='lat' dir='ltr'><strong><em>consummato</em></strong></span> <span class='ocrx_word' id='word_1_445' title='bbox 3369 2966 3489 3020; x_wconf 90' lang='lat' dir='ltr'><strong><em>boni</em></strong></span> <span class='ocrx_word' id='word_1_446' title='bbox 3518 2981 3647 3033; x_wconf 53' lang='lat' dir='ltr'><strong><em>ope.</em></strong></span> 
     </span>
    </p>
   </div>
   <div class='ocr_carea' id='block_1_61' title="bbox 2077 3055 3646 3126">
    <p class='ocr_par' dir='ltr' id='par_1_61' title="bbox 2077 3055 3646 3126">
     <span class='ocr_line' id='line_1_61' title="bbox 2077 3055 3646 3126; baseline -0.002 -14"><span class='ocrx_word' id='word_1_447' title='bbox 2077 3058 2152 3112; x_wconf 81' lang='lat' dir='ltr'><strong><em>ris</em></strong></span> <span class='ocrx_word' id='word_1_448' title='bbox 2178 3072 2336 3111; x_wconf 86' lang='lat' dir='ltr'><strong><em>cursu</em></strong></span> <span class='ocrx_word' id='word_1_449' title='bbox 2357 3099 2371 3120; x_wconf 92' lang='lat'><strong><em>,</em></strong></span> <span class='ocrx_word' id='word_1_450' title='bbox 2401 3066 2457 3112; x_wconf 90' lang='lat' dir='ltr'><strong><em>et</em></strong></span> <span class='ocrx_word' id='word_1_451' title='bbox 2486 3057 2672 3126; x_wconf 86' lang='lat' dir='ltr'><strong><em>plenus</em></strong></span> <span class='ocrx_word' id='word_1_452' title='bbox 2709 3055 2914 3110; x_wconf 91' lang='lat' dir='ltr'><strong><em>dierum</em></strong></span> <span class='ocrx_word' id='word_1_453' title='bbox 2936 3097 2950 3119; x_wconf 91' lang='lat'><strong><em>,</em></strong></span> <span class='ocrx_word' id='word_1_454' title='bbox 3008 3056 3289 3110; x_wconf 88' lang='lat' dir='ltr'><strong><em>sanctitate</em></strong></span> <span class='ocrx_word' id='word_1_455' title='bbox 3314 3059 3608 3124; x_wconf 53' lang='lat' dir='ltr'><strong><em>praecipuus</em></strong></span> <span class='ocrx_word' id='word_1_456' title='bbox 3629 3098 3646 3120; x_wconf 92' lang='lat'><strong><em>,</em></strong></span> 
     </span>
    </p>
   </div>
   <div class='ocr_carea' id='block_1_62' title="bbox 404 3145 3647 3220">
    <p class='ocr_par' dir='ltr' id='par_1_62' title="bbox 404 3145 3647 3220">
     <span class='ocr_line' id='line_1_62' title="bbox 404 3145 3647 3220; baseline -0.001 -19"><span class='ocrx_word' id='word_1_457' title='bbox 404 3150 460 3202; x_wconf 92' lang='lat' dir='ltr'><strong><em>in</em></strong></span> <span class='ocrx_word' id='word_1_458' title='bbox 499 3147 839 3200; x_wconf 76' lang='lat' dir='ltr'><strong><em>tribulatione</em></strong></span> <span class='ocrx_word' id='word_1_459' title='bbox 864 3148 1036 3216; x_wconf 89' lang='lat' dir='ltr'><strong><em>posito</em></strong></span> <span class='ocrx_word' id='word_1_460' title='bbox 1066 3164 1173 3202; x_wconf 91' lang='lat' dir='ltr'><strong><em>non</em></strong></span> <span class='ocrx_word' id='word_1_461' title='bbox 1215 3148 1379 3202; x_wconf 82' lang='lat' dir='ltr'><strong><em>deluit</em></strong></span> <span class='ocrx_word' id='word_1_462' title='bbox 1427 3149 1662 3201; x_wconf 86' lang='lat' dir='ltr'><strong><em>divinum</em></strong></span> <span class='ocrx_word' id='word_1_463' title='bbox 1695 3149 1967 3202; x_wconf 85' lang='lat' dir='ltr'><strong><em>auxilium.</em></strong></span> <span class='ocrx_word' id='word_1_464' title='bbox 2000 3157 2046 3220; x_wconf 70' lang='grc' dir='ltr'>ε</span> <span class='ocrx_word' id='word_1_465' title='bbox 2075 3147 2216 3201; x_wconf 90' lang='lat' dir='ltr'><strong><em>diem</em></strong></span> <span class='ocrx_word' id='word_1_466' title='bbox 2247 3146 2401 3200; x_wconf 90' lang='lat' dir='ltr'><strong><em>obiit.</em></strong></span> <span class='ocrx_word' id='word_1_467' title='bbox 2449 3150 2615 3214; x_wconf 84' lang='lat' dir='ltr'><strong><em>Quem</em></strong></span> <span class='ocrx_word' id='word_1_468' title='bbox 2665 3145 3108 3200; x_wconf 81' lang='lat' dir='ltr'><strong><em>Chlotbacbarius</em></strong></span> <span class='ocrx_word' id='word_1_469' title='bbox 3160 3162 3247 3200; x_wconf 86' lang='lat' dir='ltr'><strong><em>rex</em></strong></span> <span class='ocrx_word' id='word_1_470' title='bbox 3280 3161 3399 3200; x_wconf 83' lang='lat' dir='ltr'><strong><em>curn</em></strong></span> <span class='ocrx_word' id='word_1_471' title='bbox 3437 3163 3647 3200; x_wconf 79' lang='lat' dir='ltr'><strong><em>summa</em></strong></span> 
     </span>
    </p>
   </div>
   <div class='ocr_carea' id='block_1_63' title="bbox 409 3235 1982 3306">
    <p class='ocr_par' dir='ltr' id='par_1_63' title="bbox 409 3235 1982 3306">
     <span class='ocr_line' id='line_1_63' title="bbox 409 3235 1982 3306; baseline 0.001 -16"><span class='ocrx_word' id='word_1_472' title='bbox 409 3235 542 3290; x_wconf 77' lang='lat' dir='ltr'><strong><em>Nam</em></strong></span> <span class='ocrx_word' id='word_1_473' title='bbox 571 3250 691 3290; x_wconf 89' lang='lat' dir='ltr'><strong><em>cum</em></strong></span> <span class='ocrx_word' id='word_1_474' title='bbox 723 3235 1021 3290; x_wconf 85' lang='lat' dir='ltr'><strong><em>Cbramnns</em></strong></span> <span class='ocrx_word' id='word_1_475' title='bbox 1052 3240 1120 3291; x_wconf 87' lang='lat' dir='ltr'><strong><em>ita</em></strong></span> <span class='ocrx_word' id='word_1_476' title='bbox 1154 3254 1274 3292; x_wconf 87' lang='lat' dir='ltr'><strong><em>eum</em></strong></span> <span class='ocrx_word' id='word_1_477' title='bbox 1304 3239 1593 3306; x_wconf 86' lang='lat' dir='ltr'><strong><em>constringi</em></strong></span> <span class='ocrx_word' id='word_1_478' title='bbox 1615 3239 1890 3306; x_wconf 80' lang='lat' dir='ltr'><strong><em>jusissct,</em></strong></span> <span class='ocrx_word' id='word_1_479' title='bbox 1924 3247 1982 3293; x_wconf 88' lang='lat' dir='ltr'><strong><em>ut</em></strong></span> 
     </span>
    </p>
   </div>
   <div class='ocr_carea' id='block_1_64' title="bbox 410 3326 1980 3398">
    <p class='ocr_par' dir='ltr' id='par_1_64' title="bbox 410 3326 1980 3398">
     <span class='ocr_line' id='line_1_64' title="bbox 410 3326 1980 3398; baseline 0.003 -18"><span class='ocrx_word' id='word_1_480' title='bbox 410 3327 591 3381; x_wconf 85' lang='lat' dir='ltr'><strong><em>nullus</em></strong></span> <span class='ocrx_word' id='word_1_481' title='bbox 632 3326 706 3380; x_wconf 89' lang='lat' dir='ltr'><strong><em>illi</em></strong></span> <span class='ocrx_word' id='word_1_482' title='bbox 766 3328 922 3398; x_wconf 76' lang='lat'><strong><em>159</em></strong></span> <span class='ocrx_word' id='word_1_483' title='bbox 949 3328 1196 3381; x_wconf 80' lang='lat' dir='ltr'><strong><em>alimenta</em></strong></span> <span class='ocrx_word' id='word_1_484' title='bbox 1229 3329 1464 3395; x_wconf 67' lang='lat' dir='ltr'><strong><em>praebere</em></strong></span> <span class='ocrx_word' id='word_1_485' title='bbox 1509 3340 1879 3394; x_wconf 85' lang='lat' dir='ltr'><strong><em>pra-sumeret,</em></strong></span> <span class='ocrx_word' id='word_1_486' title='bbox 1927 3341 1980 3384; x_wconf 91' lang='lat' dir='ltr'><strong><em>et</em></strong></span> 
     </span>
    </p>
   </div>
   <div class='ocr_carea' id='block_1_65' title="bbox 410 3416 1979 3483">
    <p class='ocr_par' dir='ltr' id='par_1_65' title="bbox 410 3416 1979 3483">
     <span class='ocr_line' id='line_1_65' title="bbox 410 3416 1979 3483; baseline 0.003 -16"><span class='ocrx_word' id='word_1_487' title='bbox 410 3417 478 3469; x_wconf 86' lang='lat' dir='ltr'><strong><em>ita</em></strong></span> <span class='ocrx_word' id='word_1_488' title='bbox 530 3417 728 3470; x_wconf 89' lang='lat' dir='ltr'><strong><em>arctius</em></strong></span> <span class='ocrx_word' id='word_1_489' title='bbox 769 3416 1149 3480; x_wconf 84' lang='lat' dir='ltr'><strong><em>custodiretur,</em></strong></span> <span class='ocrx_word' id='word_1_490' title='bbox 1206 3425 1265 3470; x_wconf 90' lang='lat' dir='ltr'><strong><em>ut</em></strong></span> <span class='ocrx_word' id='word_1_491' title='bbox 1304 3430 1403 3470; x_wconf 84' lang='lat' dir='ltr'><strong><em>nec</em></strong></span> <span class='ocrx_word' id='word_1_492' title='bbox 1447 3430 1635 3482; x_wconf 85' lang='lat' dir='ltr'><strong><em>aquam</em></strong></span> <span class='ocrx_word' id='word_1_493' title='bbox 1673 3417 1888 3483; x_wconf 66' lang='lat' dir='ltr'><strong><em>quidvm</em></strong></span> <span class='ocrx_word' id='word_1_494' title='bbox 1929 3417 1979 3471; x_wconf 88' lang='lat' dir='ltr'><strong><em>ei</em></strong></span> 
     </span>
    </p>
   </div>
   <div class='ocr_carea' id='block_1_66' title="bbox 410 3504 1982 3575">
    <p class='ocr_par' dir='ltr' id='par_1_66' title="bbox 410 3504 1982 3575">
     <span class='ocr_line' id='line_1_66' title="bbox 410 3504 1982 3575; baseline 0 -15"><span class='ocrx_word' id='word_1_495' title='bbox 410 3506 622 3560; x_wconf 88' lang='lat' dir='ltr'><strong><em>baurire</em></strong></span> <span class='ocrx_word' id='word_1_496' title='bbox 674 3506 877 3571; x_wconf 86' lang='lat' dir='ltr'><strong><em>liceret,</em></strong></span> <span class='ocrx_word' id='word_1_497' title='bbox 909 3520 1016 3574; x_wconf 90' lang='lat' dir='ltr'><strong><em>quo</em></strong></span> <span class='ocrx_word' id='word_1_498' title='bbox 1055 3505 1260 3560; x_wconf 81' lang='lat' dir='ltr'><strong><em>facilius</em></strong></span> <span class='ocrx_word' id='word_1_499' title='bbox 1287 3505 1594 3573; x_wconf 83' lang='lat' dir='ltr'><strong><em>compulsus</em></strong></span> <span class='ocrx_word' id='word_1_500' title='bbox 1626 3504 1836 3569; x_wconf 86' lang='lat' dir='ltr'><strong><em>inedia,</em></strong></span> <span class='ocrx_word' id='word_1_501' title='bbox 1868 3505 1982 3575; x_wconf 88' lang='lat' dir='ltr'><strong><em>ipse</em></strong></span> 
     </span>
    </p>
   </div>
   <div class='ocr_carea' id='block_1_67' title="bbox 419 3679 1981 3748">
    <p class='ocr_par' dir='ltr' id='par_1_67' title="bbox 419 3679 1981 3748">
     <span class='ocr_line' id='line_1_67' title="bbox 419 3679 1981 3748; baseline 0.003 -15"><span class='ocrx_word' id='word_1_502' title='bbox 419 3741 426 3748; x_wconf 26' lang='grc' dir='ltr'><strong>η</strong></span> <span class='ocrx_word' id='word_1_503' title='bbox 481 3687 508 3714; x_wconf 78' lang='grc'>⁸</span> <span class='ocrx_word' id='word_1_504' title='bbox 548 3679 636 3733; x_wconf 89' lang='lat' dir='ltr'><strong><em>Sic</em></strong></span> <span class='ocrx_word' id='word_1_505' title='bbox 661 3679 825 3733; x_wconf 89' lang='lat' dir='ltr'><strong><em>Corb.</em></strong></span> <span class='ocrx_word' id='word_1_506' title='bbox 854 3690 907 3734; x_wconf 90' lang='lat' dir='ltr'><strong><em>et</em></strong></span> <span class='ocrx_word' id='word_1_507' title='bbox 937 3679 1092 3745; x_wconf 85' lang='lat' dir='ltr'><strong><em>Bell.;</em></strong></span> <span class='ocrx_word' id='word_1_508' title='bbox 1116 3680 1206 3734; x_wconf 86' lang='lat' dir='ltr'><strong><em>alii</em></strong></span> <span class='ocrx_word' id='word_1_509' title='bbox 1234 3695 1353 3735; x_wconf 93' lang='lat' dir='ltr'><strong><em>cum</em></strong></span> <span class='ocrx_word' id='word_1_510' title='bbox 1381 3681 1574 3746; x_wconf 88' lang='lat' dir='ltr'><strong><em>editis,</em></strong></span> <span class='ocrx_word' id='word_1_511' title='bbox 1604 3692 1776 3748; x_wconf 75' lang='lat' dir='ltr'><strong><em>nocte,</em></strong></span> <span class='ocrx_word' id='word_1_512' title='bbox 1802 3684 1872 3736; x_wconf 88' lang='lat' dir='ltr'><strong><em>ita</em></strong></span> <span class='ocrx_word' id='word_1_513' title='bbox 1899 3699 1981 3738; x_wconf 81' lang='lat' dir='ltr'><strong><em>ve-</em></strong></span> 
     </span>
    </p>
   </div>
   <div class='ocr_carea' id='block_1_68' title="bbox 411 3748 1887 3820">
    <p class='ocr_par' dir='ltr' id='par_1_68' title="bbox 411 3748 1887 3820">
     <span class='ocr_line' id='line_1_68' title="bbox 411 3748 1887 3820; baseline 0.004 -20"><span class='ocrx_word' id='word_1_514' title='bbox 411 3749 532 3820; x_wconf 73' lang='lat' dir='ltr'><strong><em>niet.</em></strong></span> <span class='ocrx_word' id='word_1_515' title='bbox 554 3748 755 3820; x_wconf 71' lang='lat' dir='ltr'><strong><em>_I_iegrn.</em></strong></span> <span class='ocrx_word' id='word_1_516' title='bbox 789 3751 951 3817; x_wconf 77' lang='lat' dir='ltr'><strong><em>inira,</em></strong></span> <span class='ocrx_word' id='word_1_517' title='bbox 984 3762 1102 3803; x_wconf 78' lang='lat' dir='ltr'><strong><em>tunc</em></strong></span> <span class='ocrx_word' id='word_1_518' title='bbox 1129 3753 1416 3815; x_wconf 80' lang='lat' dir='ltr'><strong><em>repentinus</em></strong></span> <span class='ocrx_word' id='word_1_519' title='bbox 1451 3753 1610 3804; x_wconf 66' lang='lat' dir='ltr'><strong><em>veniet</em></strong></span> <span class='ocrx_word' id='word_1_520' title='bbox 1635 3754 1887 3807; x_wconf 82' lang='lat' dir='ltr'><strong><em>interitus.</em></strong></span> 
     </span>
    </p>
   </div>
   <div class='ocr_carea' id='block_1_69' title="bbox 481 3817 1981 3892">
    <p class='ocr_par' dir='ltr' id='par_1_69' title="bbox 481 3817 1981 3892">
     <span class='ocr_line' id='line_1_69' title="bbox 481 3817 1981 3892; baseline 0.005 -22"><span class='ocrx_word' id='word_1_521' title='bbox 481 3817 868 3892; x_wconf 26' lang='lat' dir='ltr'><strong><em>h‘llicidesinit</em></strong></span> <span class='ocrx_word' id='word_1_522' title='bbox 899 3823 1068 3892; x_wconf 77' lang='lat' dir='ltr'><strong><em>codex</em></strong></span> <span class='ocrx_word' id='word_1_523' title='bbox 1096 3821 1323 3889; x_wconf 76' lang='lat' dir='ltr'><strong><em>ltegius,</em></strong></span> <span class='ocrx_word' id='word_1_524' title='bbox 1355 3822 1600 3892; x_wconf 83' lang='lat' dir='ltr'><strong><em>quamvis</em></strong></span> <span class='ocrx_word' id='word_1_525' title='bbox 1631 3823 1782 3874; x_wconf 90' lang='lat' dir='ltr'><strong><em>initio</em></strong></span> <span class='ocrx_word' id='word_1_526' title='bbox 1823 3822 1981 3892; x_wconf 73' lang='lat' dir='ltr'><strong><em>hujus</em></strong></span> 
     </span>
    </p>
   </div>
   <div class='ocr_carea' id='block_1_70' title="bbox 414 3887 1979 3956">
    <p class='ocr_par' dir='ltr' id='par_1_70' title="bbox 414 3887 1979 3956">
     <span class='ocr_line' id='line_1_70' title="bbox 414 3887 1979 3956; baseline 0.004 -16"><span class='ocrx_word' id='word_1_527' title='bbox 414 3887 537 3941; x_wconf 87' lang='lat' dir='ltr'><strong><em>libri</em></strong></span> <span class='ocrx_word' id='word_1_528' title='bbox 581 3888 734 3943; x_wconf 87' lang='lat' dir='ltr'><strong><em>index</em></strong></span> <span class='ocrx_word' id='word_1_529' title='bbox 766 3890 1002 3942; x_wconf 87' lang='lat' dir='ltr'><strong><em>omnium</em></strong></span> <span class='ocrx_word' id='word_1_530' title='bbox 1034 3887 1196 3952; x_wconf 82' lang='lat' dir='ltr'><strong><em>ipsius</em></strong></span> <span class='ocrx_word' id='word_1_531' title='bbox 1223 3887 1451 3956; x_wconf 80' lang='lat' dir='ltr'><strong><em>capitum</em></strong></span> <span class='ocrx_word' id='word_1_532' title='bbox 1482 3891 1760 3952; x_wconf 82' lang='lat' dir='ltr'><strong><em>habeatur,</em></strong></span> <span class='ocrx_word' id='word_1_533' title='bbox 1792 3903 1846 3944; x_wconf 89' lang='lat' dir='ltr'><strong><em>et</em></strong></span> <span class='ocrx_word' id='word_1_534' title='bbox 1875 3887 1979 3947; x_wconf 80' lang='lat' dir='ltr'><strong><em>non</em></strong></span> 
     </span>
    </p>
   </div>
   <div class='ocr_carea' id='block_1_71' title="bbox 409 3958 1981 4028">
    <p class='ocr_par' dir='ltr' id='par_1_71' title="bbox 409 3958 1981 4028">
     <span class='ocr_line' id='line_1_71' title="bbox 409 3958 1981 4028; baseline 0.003 -17"><span class='ocrx_word' id='word_1_535' title='bbox 409 3960 481 4011; x_wconf 80' lang='lat' dir='ltr'><strong><em>sit</em></strong></span> <span class='ocrx_word' id='word_1_536' title='bbox 503 3958 728 4011; x_wconf 83' lang='lat' dir='ltr'><strong><em>lacertis.</em></strong></span> <span class='ocrx_word' id='word_1_537' title='bbox 754 3959 887 4012; x_wconf 83' lang='lat' dir='ltr'><strong><em>Tum</em></strong></span> <span class='ocrx_word' id='word_1_538' title='bbox 905 3960 1142 4026; x_wconf 71' lang='lat' dir='ltr'><strong><em>proxime</em></strong></span> <span class='ocrx_word' id='word_1_539' title='bbox 1157 3959 1489 4028; x_wconf 82' lang='lat' dir='ltr'><strong><em>subjungitur</em></strong></span> <span class='ocrx_word' id='word_1_540' title='bbox 1505 3961 1788 4026; x_wconf 74' lang='lat' dir='ltr'><strong><em>Iieginonis</em></strong></span> <span class='ocrx_word' id='word_1_541' title='bbox 1809 3959 1981 4016; x_wconf 82' lang='lat' dir='ltr'><strong><em>Chro-</em></strong></span> 
     </span>
    </p>
   </div>
   <div class='ocr_carea' id='block_1_72' title="bbox 410 4027 1982 4099">
    <p class='ocr_par' dir='ltr' id='par_1_72' title="bbox 410 4027 1982 4099">
     <span class='ocr_line' id='line_1_72' title="bbox 410 4027 1982 4099; baseline 0.003 -19"><span class='ocrx_word' id='word_1_542' title='bbox 410 4028 570 4099; x_wconf 83' lang='lat' dir='ltr'><strong><em>nicon</em></strong></span> <span class='ocrx_word' id='word_1_543' title='bbox 595 4029 782 4081; x_wconf 89' lang='lat' dir='ltr'><strong><em>eadem</em></strong></span> <span class='ocrx_word' id='word_1_544' title='bbox 808 4030 1027 4081; x_wconf 90' lang='lat' dir='ltr'><strong><em>omnino</em></strong></span> <span class='ocrx_word' id='word_1_545' title='bbox 1052 4043 1241 4095; x_wconf 89' lang='lat' dir='ltr'><strong><em>manu,</em></strong></span> <span class='ocrx_word' id='word_1_546' title='bbox 1258 4027 1365 4098; x_wconf 80' lang='lat' dir='ltr'><strong><em>qua</em></strong></span> <span class='ocrx_word' id='word_1_547' title='bbox 1388 4027 1628 4099; x_wconf 87' lang='lat' dir='ltr'><strong><em>Gregorii</em></strong></span> <span class='ocrx_word' id='word_1_548' title='bbox 1659 4029 1798 4096; x_wconf 91' lang='lat' dir='ltr'><strong><em>bbri,</em></strong></span> <span class='ocrx_word' id='word_1_549' title='bbox 1852 4047 1982 4085; x_wconf 90' lang='lat' dir='ltr'><strong><em>con-</em></strong></span> 
     </span>
    </p>
   </div>
   <div class='ocr_carea' id='block_1_73' title="bbox 407 4097 684 4165">
    <p class='ocr_par' dir='ltr' id='par_1_73' title="bbox 407 4097 684 4165">
     <span class='ocr_line' id='line_1_73' title="bbox 407 4097 684 4165; baseline 0 -14"><span class='ocrx_word' id='word_1_550' title='bbox 407 4097 684 4165; x_wconf 78' lang='lat' dir='ltr'><strong><em>scriptum.</em></strong></span> 
     </span>
    </p>
   </div>
   <div class='ocr_carea' id='block_1_74' title="bbox 482 4166 1980 4238">
    <p class='ocr_par' dir='ltr' id='par_1_74' title="bbox 482 4166 1980 4238">
     <span class='ocr_line' id='line_1_74' title="bbox 482 4166 1980 4238; baseline 0.003 -19"><span class='ocrx_word' id='word_1_551' title='bbox 482 4177 506 4206; x_wconf 69' lang='grc' dir='ltr'><strong>α</strong></span> <span class='ocrx_word' id='word_1_552' title='bbox 545 4166 696 4238; x_wconf 75' lang='lat' dir='ltr'><strong><em>Coll).</em></strong></span> <span class='ocrx_word' id='word_1_553' title='bbox 745 4176 798 4221; x_wconf 87' lang='lat' dir='ltr'><strong><em>et</em></strong></span> <span class='ocrx_word' id='word_1_554' title='bbox 827 4167 1013 4238; x_wconf 81' lang='lat' dir='ltr'><strong><em>Regm.</em></strong></span> <span class='ocrx_word' id='word_1_555' title='bbox 1043 4169 1300 4222; x_wconf 80' lang='lat' dir='ltr'><strong><em>basilicam</em></strong></span> <span class='ocrx_word' id='word_1_556' title='bbox 1323 4207 1342 4233; x_wconf 91' lang='lat'><strong><em>,</em></strong></span> <span class='ocrx_word' id='word_1_557' title='bbox 1390 4169 1523 4222; x_wconf 91' lang='lat' dir='ltr'><strong><em>forte</em></strong></span> <span class='ocrx_word' id='word_1_558' title='bbox 1553 4168 1720 4224; x_wconf 79' lang='lat' dir='ltr'><strong><em>sancti</em></strong></span> <span class='ocrx_word' id='word_1_559' title='bbox 1764 4169 1980 4238; x_wconf 83' lang='lat' dir='ltr'><strong><em>Benigni</em></strong></span> 
     </span>
    </p>
   </div>
   <div class='ocr_carea' id='block_1_75' title="bbox 408 4237 2042 4307">
    <p class='ocr_par' dir='ltr' id='par_1_75' title="bbox 408 4237 2042 4307">
     <span class='ocr_line' id='line_1_75' title="bbox 408 4237 2042 4307; baseline 0.002 -18"><span class='ocrx_word' id='word_1_560' title='bbox 408 4247 499 4290; x_wconf 81' lang='lat' dir='ltr'><strong><em>aut</em></strong></span> <span class='ocrx_word' id='word_1_561' title='bbox 531 4238 591 4290; x_wconf 76' lang='lat' dir='ltr'><strong><em>S.</em></strong></span> <span class='ocrx_word' id='word_1_562' title='bbox 631 4237 879 4301; x_wconf 9' lang='lat' dir='ltr'><strong><em>Joannis,</em></strong></span> <span class='ocrx_word' id='word_1_563' title='bbox 911 4237 1026 4307; x_wconf 78' lang='lat' dir='ltr'><strong><em>qua:</em></strong></span> <span class='ocrx_word' id='word_1_564' title='bbox 1071 4253 1210 4292; x_wconf 89' lang='lat' dir='ltr'><strong><em>nunc</em></strong></span> <span class='ocrx_word' id='word_1_565' title='bbox 1263 4238 1396 4292; x_wconf 89' lang='lat' dir='ltr'><strong><em>intra</em></strong></span> <span class='ocrx_word' id='word_1_566' title='bbox 1457 4253 1639 4292; x_wconf 90' lang='lat' dir='ltr'><strong><em>muros</em></strong></span> <span class='ocrx_word' id='word_1_567' title='bbox 1675 4239 1818 4292; x_wconf 68' lang='lat' dir='ltr'><strong><em>urbis</em></strong></span> <span class='ocrx_word' id='word_1_568' title='bbox 1845 4237 1977 4294; x_wconf 79' lang='lat' dir='ltr'><strong><em>cnn-</em></strong></span> <span class='ocrx_word' id='word_1_569' title='bbox 2031 4237 2042 4244; x_wconf 73' lang='grc'>’</span> 
     </span>
    </p>
   </div>
   <div class='ocr_carea' id='block_1_76' title="bbox 408 4308 1980 4375">
    <p class='ocr_par' dir='ltr' id='par_1_76' title="bbox 408 4308 1980 4375">
     <span class='ocr_line' id='line_1_76' title="bbox 408 4308 1980 4375; baseline 0.003 -17"><span class='ocrx_word' id='word_1_570' title='bbox 408 4308 573 4360; x_wconf 67' lang='lat' dir='ltr'><strong><em>clusa:</em></strong></span> <span class='ocrx_word' id='word_1_571' title='bbox 602 4316 743 4360; x_wconf 85' lang='lat' dir='ltr'><strong><em>sunt.</em></strong></span> <span class='ocrx_word' id='word_1_572' title='bbox 780 4309 856 4360; x_wconf 81' lang='lat' dir='ltr'><strong><em>Ex</em></strong></span> <span class='ocrx_word' id='word_1_573' title='bbox 890 4310 988 4361; x_wconf 86' lang='lat' dir='ltr'><strong><em>hoc</em></strong></span> <span class='ocrx_word' id='word_1_574' title='bbox 1017 4309 1134 4361; x_wconf 88' lang='lat' dir='ltr'><strong><em>loco</em></strong></span> <span class='ocrx_word' id='word_1_575' title='bbox 1162 4317 1303 4375; x_wconf 86' lang='lat' dir='ltr'><strong><em>patet</em></strong></span> <span class='ocrx_word' id='word_1_576' title='bbox 1332 4318 1455 4361; x_wconf 89' lang='lat' dir='ltr'><strong><em>tunc</em></strong></span> <span class='ocrx_word' id='word_1_577' title='bbox 1477 4308 1526 4361; x_wconf 89' lang='lat' dir='ltr'><strong><em>in</em></strong></span> <span class='ocrx_word' id='word_1_578' title='bbox 1555 4308 1721 4361; x_wconf 85' lang='lat' dir='ltr'><strong><em>Gallia</em></strong></span> <span class='ocrx_word' id='word_1_579' title='bbox 1745 4319 1854 4362; x_wconf 89' lang='lat' dir='ltr'><strong><em>tres</em></strong></span> <span class='ocrx_word' id='word_1_580' title='bbox 1875 4310 1980 4363; x_wconf 81' lang='lat' dir='ltr'><strong><em>Iec-</em></strong></span> 
     </span>
    </p>
   </div>
   <div class='ocr_carea' id='block_1_77' title="bbox 409 4377 1979 4446">
    <p class='ocr_par' dir='ltr' id='par_1_77' title="bbox 409 4377 1979 4446">
     <span class='ocr_line' id='line_1_77' title="bbox 409 4377 1979 4446; baseline 0.001 -17"><span class='ocrx_word' id='word_1_581' title='bbox 409 4377 586 4446; x_wconf 78' lang='lat' dir='ltr'><strong><em>tiones</em></strong></span> <span class='ocrx_word' id='word_1_582' title='bbox 614 4377 664 4430; x_wconf 90' lang='lat' dir='ltr'><strong><em>in</em></strong></span> <span class='ocrx_word' id='word_1_583' title='bbox 693 4377 849 4430; x_wconf 86' lang='lat' dir='ltr'><strong><em>Missa</em></strong></span> <span class='ocrx_word' id='word_1_584' title='bbox 873 4379 971 4446; x_wconf 88' lang='lat' dir='ltr'><strong><em>legi</em></strong></span> <span class='ocrx_word' id='word_1_585' title='bbox 995 4379 1182 4431; x_wconf 87' lang='lat' dir='ltr'><strong><em>solitas</em></strong></span> <span class='ocrx_word' id='word_1_586' title='bbox 1215 4378 1410 4440; x_wconf 83' lang='lat' dir='ltr'><strong><em>luisse,</em></strong></span> <span class='ocrx_word' id='word_1_587' title='bbox 1442 4393 1665 4446; x_wconf 90' lang='lat' dir='ltr'><strong><em>quarum</em></strong></span> <span class='ocrx_word' id='word_1_588' title='bbox 1697 4380 1841 4444; x_wconf 90' lang='lat' dir='ltr'><strong><em>prior</em></strong></span> <span class='ocrx_word' id='word_1_589' title='bbox 1863 4389 1979 4432; x_wconf 82' lang='lat' dir='ltr'><strong><em>erat</em></strong></span> 
     </span>
    </p>
   </div>
   <div class='ocr_carea' id='block_1_78' title="bbox 406 4445 1974 4513">
    <p class='ocr_par' dir='ltr' id='par_1_78' title="bbox 406 4445 1974 4513">
     <span class='ocr_line' id='line_1_78' title="bbox 406 4445 1974 4513; baseline 0.002 -14"><span class='ocrx_word' id='word_1_590' title='bbox 406 4445 603 4500; x_wconf 81' lang='lat' dir='ltr'><strong><em>veteris</em></strong></span> <span class='ocrx_word' id='word_1_591' title='bbox 631 4448 986 4513; x_wconf 82' lang='lat' dir='ltr'><strong><em>&#39;I‘estarnenti,</em></strong></span> <span class='ocrx_word' id='word_1_592' title='bbox 1017 4448 1249 4500; x_wconf 87' lang='lat' dir='ltr'><strong><em>secunda</em></strong></span> <span class='ocrx_word' id='word_1_593' title='bbox 1276 4462 1347 4500; x_wconf 90' lang='lat' dir='ltr'><strong><em>ex</em></strong></span> <span class='ocrx_word' id='word_1_594' title='bbox 1386 4445 1639 4513; x_wconf 80' lang='lat' dir='ltr'><strong><em>Apostolo</em></strong></span> <span class='ocrx_word' id='word_1_595' title='bbox 1657 4487 1671 4511; x_wconf 91' lang='lat'><strong><em>,</em></strong></span> <span class='ocrx_word' id='word_1_596' title='bbox 1723 4448 1879 4502; x_wconf 88' lang='lat' dir='ltr'><strong><em>tertia</em></strong></span> <span class='ocrx_word' id='word_1_597' title='bbox 1908 4463 1974 4502; x_wconf 88' lang='lat' dir='ltr'><strong><em>ex</em></strong></span> 
     </span>
    </p>
   </div>
   <div class='ocr_carea' id='block_1_79' title="bbox 412 4515 1903 4586">
    <p class='ocr_par' dir='ltr' id='par_1_79' title="bbox 412 4515 1903 4586">
     <span class='ocr_line' id='line_1_79' title="bbox 412 4515 1903 4586; baseline 0.001 -16"><span class='ocrx_word' id='word_1_598' title='bbox 412 4515 725 4586; x_wconf 79' lang='lat' dir='ltr'><strong><em>Evangelio.</em></strong></span> <span class='ocrx_word' id='word_1_599' title='bbox 763 4516 889 4570; x_wconf 86' lang='lat' dir='ltr'><strong><em>Vide</em></strong></span> <span class='ocrx_word' id='word_1_600' title='bbox 919 4516 1207 4586; x_wconf 87' lang='lat' dir='ltr'><strong><em>Litnrgiam</em></strong></span> <span class='ocrx_word' id='word_1_601' title='bbox 1239 4516 1561 4569; x_wconf 86' lang='lat' dir='ltr'><strong><em>Gallicanam</em></strong></span> <span class='ocrx_word' id='word_1_602' title='bbox 1592 4517 1903 4572; x_wconf 82' lang='lat' dir='ltr'><strong><em>Mabillonii.</em></strong></span> 
     </span>
    </p>
   </div>
   <div class='ocr_carea' id='block_1_80' title="bbox 478 4584 1865 4654">
    <p class='ocr_par' dir='ltr' id='par_1_80' title="bbox 478 4584 1865 4654">
     <span class='ocr_line' id='line_1_80' title="bbox 478 4584 1865 4654; baseline -0.001 -12"><span class='ocrx_word' id='word_1_603' title='bbox 478 4584 504 4622; x_wconf 84' lang='grc'><em>⁴</em></span> <span class='ocrx_word' id='word_1_604' title='bbox 546 4584 635 4642; x_wconf 77' lang='lat' dir='ltr'><strong><em>Sic</em></strong></span> <span class='ocrx_word' id='word_1_605' title='bbox 658 4587 818 4640; x_wconf 84' lang='lat' dir='ltr'><strong><em>Corb.</em></strong></span> <span class='ocrx_word' id='word_1_606' title='bbox 843 4597 896 4641; x_wconf 88' lang='lat' dir='ltr'><strong><em>et</em></strong></span> <span class='ocrx_word' id='word_1_607' title='bbox 927 4584 1090 4649; x_wconf 57' lang='lat' dir='ltr'><strong><em>Bell.;&#39;</em></strong></span> <span class='ocrx_word' id='word_1_608' title='bbox 1110 4588 1200 4641; x_wconf 86' lang='lat' dir='ltr'><strong><em>atii</em></strong></span> <span class='ocrx_word' id='word_1_609' title='bbox 1230 4587 1486 4654; x_wconf 90' lang='lat' dir='ltr'><strong><em>plerique,</em></strong></span> <span class='ocrx_word' id='word_1_610' title='bbox 1522 4597 1575 4638; x_wconf 86' lang='lat' dir='ltr'><strong><em>ut</em></strong></span> <span class='ocrx_word' id='word_1_611' title='bbox 1613 4599 1865 4641; x_wconf 81' lang='lat' dir='ltr'><strong><em>asserunt.</em></strong></span> 
     </span>
    </p>
   </div>
   <div class='ocr_carea' id='block_1_81' title="bbox 484 4656 1977 4725">
    <p class='ocr_par' dir='ltr' id='par_1_81' title="bbox 484 4656 1977 4725">
     <span class='ocr_line' id='line_1_81' title="bbox 484 4656 1977 4725; baseline 0.001 -17"><span class='ocrx_word' id='word_1_612' title='bbox 484 4664 509 4691; x_wconf 81' lang='lat'><strong><em>°</em></strong></span> <span class='ocrx_word' id='word_1_613' title='bbox 551 4656 646 4725; x_wconf 85' lang='lat' dir='ltr'><strong><em>Sic</em></strong></span> <span class='ocrx_word' id='word_1_614' title='bbox 685 4656 846 4709; x_wconf 88' lang='lat' dir='ltr'><strong><em>Corb.</em></strong></span> <span class='ocrx_word' id='word_1_615' title='bbox 887 4669 939 4710; x_wconf 92' lang='lat' dir='ltr'><strong><em>et</em></strong></span> <span class='ocrx_word' id='word_1_616' title='bbox 985 4658 1141 4718; x_wconf 86' lang='lat' dir='ltr'><strong><em>Bell.;</em></strong></span> <span class='ocrx_word' id='word_1_617' title='bbox 1196 4658 1351 4725; x_wconf 83' lang='lat' dir='ltr'><strong><em>vulgo</em></strong></span> <span class='ocrx_word' id='word_1_618' title='bbox 1417 4657 1606 4709; x_wconf 89' lang='lat' dir='ltr'><strong><em>dicitur</em></strong></span> <span class='ocrx_word' id='word_1_619' title='bbox 1648 4671 1768 4711; x_wconf 89' lang='lat' dir='ltr'><strong><em>esse</em></strong></span> <span class='ocrx_word' id='word_1_620' title='bbox 1811 4656 1977 4710; x_wconf 71' lang='lat' dir='ltr'><strong><em>Deut:</em></strong></span> 
     </span>
    </p>
   </div>
   <div class='ocr_carea' id='block_1_82' title="bbox 411 4724 1974 4796">
    <p class='ocr_par' dir='ltr' id='par_1_82' title="bbox 411 4724 1974 4796">
     <span class='ocr_line' id='line_1_82' title="bbox 411 4724 1974 4796; baseline 0.005 -21"><span class='ocrx_word' id='word_1_621' title='bbox 411 4738 580 4796; x_wconf 78' lang='lat' dir='ltr'><strong><em>prope</em></strong></span> <span class='ocrx_word' id='word_1_622' title='bbox 615 4724 887 4796; x_wconf 71' lang='lat' dir='ltr'><strong><em>Coloniam</em></strong></span> <span class='ocrx_word' id='word_1_623' title='bbox 916 4724 1304 4796; x_wconf 74' lang='lat' dir='ltr'><strong><em>Agrippinam.</em></strong></span> <span class='ocrx_word' id='word_1_624' title='bbox 1333 4727 1436 4782; x_wconf 87' lang='lat' dir='ltr'><strong><em>Sed</em></strong></span> <span class='ocrx_word' id='word_1_625' title='bbox 1486 4729 1674 4796; x_wconf 79' lang='lat' dir='ltr'><strong><em>mirum</em></strong></span> <span class='ocrx_word' id='word_1_626' title='bbox 1706 4736 1790 4780; x_wconf 88' lang='lat' dir='ltr'><strong><em>est</em></strong></span> <span class='ocrx_word' id='word_1_627' title='bbox 1836 4728 1974 4783; x_wconf 88' lang='lat' dir='ltr'><strong><em>hunc</em></strong></span> 
     </span>
    </p>
   </div>
   <div class='ocr_carea' id='block_1_83' title="bbox 410 4793 1974 4863">
    <p class='ocr_par' dir='ltr' id='par_1_83' title="bbox 410 4793 1974 4863">
     <span class='ocr_line' id='line_1_83' title="bbox 410 4793 1974 4863; baseline 0.001 -15"><span class='ocrx_word' id='word_1_628' title='bbox 410 4793 583 4848; x_wconf 86' lang='lat' dir='ltr'><strong><em>locum</em></strong></span> <span class='ocrx_word' id='word_1_629' title='bbox 614 4793 881 4847; x_wconf 81' lang='lat' dir='ltr'><strong><em>civitatem</em></strong></span> <span class='ocrx_word' id='word_1_630' title='bbox 925 4793 1205 4863; x_wconf 78' lang='lat' dir='ltr'><strong><em>appellari,</em></strong></span> <span class='ocrx_word' id='word_1_631' title='bbox 1253 4798 1344 4863; x_wconf 85' lang='lat' dir='ltr'><strong><em>qui</em></strong></span> <span class='ocrx_word' id='word_1_632' title='bbox 1385 4797 1542 4849; x_wconf 82' lang='lat' dir='ltr'><strong><em>hodie</em></strong></span> <span class='ocrx_word' id='word_1_633' title='bbox 1571 4795 1802 4850; x_wconf 78' lang='lat' dir='ltr'><strong><em>&#39;I‘nitium</em></strong></span> <span class='ocrx_word' id='word_1_634' title='bbox 1841 4797 1974 4851; x_wconf 87' lang='lat' dir='ltr'><strong><em>dici-</em></strong></span> 
     </span>
    </p>
   </div>
   <div class='ocr_carea' id='block_1_84' title="bbox 411 4863 1976 4934">
    <p class='ocr_par' dir='ltr' id='par_1_84' title="bbox 411 4863 1976 4934">
     <span class='ocr_line' id='line_1_84' title="bbox 411 4863 1976 4934; baseline 0.003 -20"><span class='ocrx_word' id='word_1_635' title='bbox 411 4872 515 4934; x_wconf 82' lang='lat' dir='ltr'><strong><em>tur,</em></strong></span> <span class='ocrx_word' id='word_1_636' title='bbox 555 4863 784 4934; x_wconf 60' lang='lat' dir='ltr'><strong><em>celebris</em></strong></span> <span class='ocrx_word' id='word_1_637' title='bbox 814 4864 884 4917; x_wconf 88' lang='lat' dir='ltr'><strong><em>ob</em></strong></span> <span class='ocrx_word' id='word_1_638' title='bbox 910 4866 1204 4928; x_wconf 86' lang='lat' dir='ltr'><strong><em>abbatiam,</em></strong></span> <span class='ocrx_word' id='word_1_639' title='bbox 1229 4865 1315 4918; x_wconf 89' lang='lat' dir='ltr'><strong><em>cui</em></strong></span> <span class='ocrx_word' id='word_1_640' title='bbox 1345 4865 1549 4932; x_wconf 60' lang='lat' dir='ltr'><strong><em>praefuit</em></strong></span> <span class='ocrx_word' id='word_1_641' title='bbox 1582 4866 1843 4934; x_wconf 71' lang='lat' dir='ltr'><strong><em>Itupertus</em></strong></span> <span class='ocrx_word' id='word_1_642' title='bbox 1883 4867 1976 4919; x_wconf 89' lang='lat' dir='ltr'><strong><em>ab-</em></strong></span> 
     </span>
    </p>
   </div>
   <div class='ocr_carea' id='block_1_85' title="bbox 409 4930 1971 4990">
    <p class='ocr_par' dir='ltr' id='par_1_85' title="bbox 409 4930 1971 4990">
     <span class='ocr_line' id='line_1_85' title="bbox 409 4930 1971 4990; baseline 0.003 -5"><span class='ocrx_word' id='word_1_643' title='bbox 409 4932 524 4986; x_wconf 86' lang='lat' dir='ltr'><strong><em>bas.</em></strong></span> <span class='ocrx_word' id='word_1_644' title='bbox 559 4930 887 4986; x_wconf 80' lang='lat' dir='ltr'><strong><em>Diuitensittm</em></strong></span> <span class='ocrx_word' id='word_1_645' title='bbox 912 4934 1151 4988; x_wconf 89' lang='lat' dir='ltr'><strong><em>meminit</em></strong></span> <span class='ocrx_word' id='word_1_646' title='bbox 1179 4930 1490 4990; x_wconf 85' lang='lat' dir='ltr'><strong><em>Ammianus</em></strong></span> <span class='ocrx_word' id='word_1_647' title='bbox 1513 4930 1850 4989; x_wconf 79' lang='lat' dir='ltr'><strong><em>Marcellinus</em></strong></span> <span class='ocrx_word' id='word_1_648' title='bbox 1880 4937 1971 4990; x_wconf 85' lang='lat' dir='ltr'><strong><em>lib.</em></strong></span> 
     </span>
    </p>
   </div>
   <div class='ocr_carea' id='block_1_86' title="bbox 409 5003 1974 5073">
    <p class='ocr_par' dir='ltr' id='par_1_86' title="bbox 409 5003 1974 5073">
     <span class='ocr_line' id='line_1_86' title="bbox 409 5003 1974 5073; baseline 0.003 -18"><span class='ocrx_word' id='word_1_649' title='bbox 409 5018 530 5055; x_wconf 80' lang='lat' dir='ltr'><strong><em>xxvi</em></strong></span> <span class='ocrx_word' id='word_1_650' title='bbox 558 5013 614 5057; x_wconf 87' lang='lat' dir='ltr'><strong><em>et</em></strong></span> <span class='ocrx_word' id='word_1_651' title='bbox 635 5018 804 5056; x_wconf 84' lang='lat' dir='ltr'><strong><em>xxvu.</em></strong></span> <span class='ocrx_word' id='word_1_652' title='bbox 841 5003 936 5057; x_wconf 90' lang='lat' dir='ltr'><strong><em>llic</em></strong></span> <span class='ocrx_word' id='word_1_653' title='bbox 963 5005 1275 5071; x_wconf 85' lang='lat' dir='ltr'><strong><em>Gregorius,</em></strong></span> <span class='ocrx_word' id='word_1_654' title='bbox 1307 5005 1442 5058; x_wconf 87' lang='lat' dir='ltr'><strong><em>sicut</em></strong></span> <span class='ocrx_word' id='word_1_655' title='bbox 1468 5014 1522 5058; x_wconf 90' lang='lat' dir='ltr'><strong><em>et</em></strong></span> <span class='ocrx_word' id='word_1_656' title='bbox 1559 5020 1714 5073; x_wconf 82' lang='lat' dir='ltr'><strong><em>supra</em></strong></span> <span class='ocrx_word' id='word_1_657' title='bbox 1746 5008 1939 5073; x_wconf 66' lang='lat' dir='ltr'><strong><em>passim</em></strong></span> <span class='ocrx_word' id='word_1_658' title='bbox 1959 5047 1974 5070; x_wconf 96' lang='lat'><strong><em>,</em></strong></span> 
     </span>
    </p>
   </div>
   <div class='ocr_carea' id='block_1_87' title="bbox 409 5073 1978 5142">
    <p class='ocr_par' dir='ltr' id='par_1_87' title="bbox 409 5073 1978 5142">
     <span class='ocr_line' id='line_1_87' title="bbox 409 5073 1978 5142; baseline 0.003 -19"><span class='ocrx_word' id='word_1_659' title='bbox 409 5075 639 5142; x_wconf 85' lang='lat' dir='ltr'><strong><em>appellat</em></strong></span> <span class='ocrx_word' id='word_1_660' title='bbox 666 5073 934 5142; x_wconf 85' lang='lat' dir='ltr'><strong><em>regionem</em></strong></span> <span class='ocrx_word' id='word_1_661' title='bbox 963 5074 1432 5128; x_wconf 82' lang='lat' dir='ltr'><strong><em>Transrhenanam</em></strong></span> <span class='ocrx_word' id='word_1_662' title='bbox 1460 5075 1772 5140; x_wconf 89' lang='lat' dir='ltr'><strong><em>simpliciter</em></strong></span> <span class='ocrx_word' id='word_1_663' title='bbox 1802 5073 1978 5128; x_wconf 83' lang='lat' dir='ltr'><strong><em>Fran-</em></strong></span> 
     </span>
    </p>
   </div>
   <div class='ocr_carea' id='block_1_88' title="bbox 406 5143 1983 5213">
    <p class='ocr_par' dir='ltr' id='par_1_88' title="bbox 406 5143 1983 5213">
     <span class='ocr_line' id='line_1_88' title="bbox 406 5143 1983 5213; baseline 0.002 -18"><span class='ocrx_word' id='word_1_664' title='bbox 406 5147 564 5196; x_wconf 78' lang='lat' dir='ltr'><strong><em>ciam.</em></strong></span> <span class='ocrx_word' id='word_1_665' title='bbox 594 5144 746 5199; x_wconf 72' lang='lat' dir='ltr'><strong><em>Coll).</em></strong></span> <span class='ocrx_word' id='word_1_666' title='bbox 778 5146 936 5198; x_wconf 79' lang='lat' dir='ltr'><strong><em>liabet</em></strong></span> <span class='ocrx_word' id='word_1_667' title='bbox 960 5143 1228 5202; x_wconf 76' lang='lat' dir='ltr'><strong><em>Mustiam,</em></strong></span> <span class='ocrx_word' id='word_1_668' title='bbox 1261 5143 1398 5198; x_wconf 86' lang='lat' dir='ltr'><strong><em>Editi</em></strong></span> <span class='ocrx_word' id='word_1_669' title='bbox 1428 5152 1485 5198; x_wconf 86' lang='lat' dir='ltr'><strong><em>ut</em></strong></span> <span class='ocrx_word' id='word_1_670' title='bbox 1517 5144 1834 5213; x_wconf 88' lang='lat' dir='ltr'><strong><em>plurimum,</em></strong></span> <span class='ocrx_word' id='word_1_671' title='bbox 1865 5144 1983 5198; x_wconf 84' lang='lat' dir='ltr'><strong><em>Nn-</em></strong></span> 
     </span>
    </p>
   </div>
   <div class='ocr_carea' id='block_1_89' title="bbox 407 5215 551 5266">
    <p class='ocr_par' dir='ltr' id='par_1_89' title="bbox 407 5215 551 5266">
     <span class='ocr_line' id='line_1_89' title="bbox 407 5215 551 5266; baseline 0.028 -4"><span class='ocrx_word' id='word_1_672' title='bbox 407 5215 551 5266; x_wconf 82' lang='lat' dir='ltr'><strong><em>tiam.</em></strong></span> 
     </span>
    </p>
   </div>
   <div class='ocr_carea' id='block_1_90' title="bbox 485 5281 1984 5354">
    <p class='ocr_par' dir='ltr' id='par_1_90' title="bbox 485 5281 1984 5354">
     <span class='ocr_line' id='line_1_90' title="bbox 485 5281 1984 5354; baseline 0.002 -19"><span class='ocrx_word' id='word_1_673' title='bbox 485 5282 502 5319; x_wconf 74' lang='grc' dir='ltr'>π</span> <span class='ocrx_word' id='word_1_674' title='bbox 545 5282 801 5354; x_wconf 83' lang='lat' dir='ltr'><strong><em>Aliicum</em></strong></span> <span class='ocrx_word' id='word_1_675' title='bbox 847 5282 1025 5347; x_wconf 67' lang='lat' dir='ltr'><strong><em>00in</em></strong></span> <span class='ocrx_word' id='word_1_676' title='bbox 1067 5281 1378 5338; x_wconf 78' lang='lat' dir='ltr'><strong><em>Wilicr’rarii.</em></strong></span> <span class='ocrx_word' id='word_1_677' title='bbox 1425 5299 1472 5338; x_wconf 76' lang='lat' dir='ltr'><strong><em>.s</em></strong></span> <span class='ocrx_word' id='word_1_678' title='bbox 1512 5292 1628 5354; x_wconf 88' lang='lat' dir='ltr'><strong><em>erat</em></strong></span> <span class='ocrx_word' id='word_1_679' title='bbox 1664 5283 1778 5354; x_wconf 74' lang='lat' dir='ltr'><strong><em>dux</em></strong></span> <span class='ocrx_word' id='word_1_680' title='bbox 1820 5285 1984 5354; x_wconf 79' lang='lat' dir='ltr'><strong><em>Aqui-</em></strong></span> 
     </span>
    </p>
   </div>
   <div class='ocr_carea' id='block_1_91' title="bbox 413 5352 1982 5425">
    <p class='ocr_par' dir='ltr' id='par_1_91' title="bbox 413 5352 1982 5425">
     <span class='ocr_line' id='line_1_91' title="bbox 413 5352 1982 5425; baseline 0.002 -23"><span class='ocrx_word' id='word_1_681' title='bbox 413 5353 601 5425; x_wconf 73' lang='lat' dir='ltr'><strong><em>taniae;</em></strong></span> <span class='ocrx_word' id='word_1_682' title='bbox 643 5353 745 5425; x_wconf 79' lang='lat' dir='ltr'><strong><em>lilia</em></strong></span> <span class='ocrx_word' id='word_1_683' title='bbox 769 5354 917 5423; x_wconf 82' lang='lat' dir='ltr'><strong><em>ejus,</em></strong></span> <span class='ocrx_word' id='word_1_684' title='bbox 964 5369 1082 5425; x_wconf 77' lang='lat' dir='ltr'><strong><em>qua:</em></strong></span> <span class='ocrx_word' id='word_1_685' title='bbox 1111 5354 1380 5425; x_wconf 75' lang='lat' dir='ltr'><strong><em>Chramno</em></strong></span> <span class='ocrx_word' id='word_1_686' title='bbox 1407 5353 1617 5422; x_wconf 86' lang='lat' dir='ltr'><strong><em>nupsit,</em></strong></span> <span class='ocrx_word' id='word_1_687' title='bbox 1649 5352 1852 5410; x_wconf 83' lang='lat' dir='ltr'><strong><em>Chalda</em></strong></span> <span class='ocrx_word' id='word_1_688' title='bbox 1887 5352 1982 5423; x_wconf 75' lang='lat' dir='ltr'><strong><em>ap-</em></strong></span> 
     </span>
    </p>
   </div>
   <div class='ocr_carea' id='block_1_92' title="bbox 411 5422 1546 5487">
    <p class='ocr_par' dir='ltr' id='par_1_92' title="bbox 411 5422 1546 5487">
     <span class='ocr_line' id='line_1_92' title="bbox 411 5422 1546 5487; baseline 0.006 -17"><span class='ocrx_word' id='word_1_689' title='bbox 411 5422 714 5487; x_wconf 42' lang='lat' dir='ltr'><strong><em>pellatur‘in</em></strong></span> <span class='ocrx_word' id='word_1_690' title='bbox 739 5422 875 5477; x_wconf 87' lang='lat' dir='ltr'><strong><em>libro</em></strong></span> <span class='ocrx_word' id='word_1_691' title='bbox 901 5426 966 5476; x_wconf 85' lang='lat' dir='ltr'><strong><em>de</em></strong></span> <span class='ocrx_word' id='word_1_692' title='bbox 991 5423 1168 5476; x_wconf 85' lang='lat' dir='ltr'><strong><em>Gestis</em></strong></span> <span class='ocrx_word' id='word_1_693' title='bbox 1199 5423 1546 5479; x_wconf 83' lang='lat' dir='ltr'><strong><em>Francorum.</em></strong></span> 
     </span>
    </p>
   </div>
   <div class='ocr_carea' id='block_1_93' title="bbox 480 5489 1973 5563">
    <p class='ocr_par' dir='ltr' id='par_1_93' title="bbox 480 5489 1973 5563">
     <span class='ocr_line' id='line_1_93' title="bbox 480 5489 1973 5563; baseline 0.003 -21"><span class='ocrx_word' id='word_1_694' title='bbox 480 5498 525 5563; x_wconf 26' lang='lat' dir='ltr'><strong><em>In</em></strong></span> <span class='ocrx_word' id='word_1_695' title='bbox 549 5489 727 5563; x_wconf 81' lang='lat' dir='ltr'><strong><em>Etiam</em></strong></span> <span class='ocrx_word' id='word_1_696' title='bbox 767 5509 907 5563; x_wconf 89' lang='lat' dir='ltr'><strong><em>nunc</em></strong></span> <span class='ocrx_word' id='word_1_697' title='bbox 952 5497 1050 5546; x_wconf 88' lang='lat' dir='ltr'><strong><em>sub</em></strong></span> <span class='ocrx_word' id='word_1_698' title='bbox 1106 5494 1278 5559; x_wconf 82' lang='lat' dir='ltr'><strong><em>prisco</em></strong></span> <span class='ocrx_word' id='word_1_699' title='bbox 1310 5497 1521 5547; x_wconf 87' lang='lat' dir='ltr'><strong><em>nomine</em></strong></span> <span class='ocrx_word' id='word_1_700' title='bbox 1569 5505 1783 5562; x_wconf 88' lang='lat' dir='ltr'><strong><em>notum,</em></strong></span> <span class='ocrx_word' id='word_1_701' title='bbox 1819 5494 1973 5563; x_wconf 85' lang='lat' dir='ltr'><strong><em>vulgo</em></strong></span> 
     </span>
    </p>
   </div>
   <div class='ocr_carea' id='block_1_94' title="bbox 411 5558 1974 5629">
    <p class='ocr_par' dir='ltr' id='par_1_94' title="bbox 411 5558 1974 5629">
     <span class='ocr_line' id='line_1_94' title="bbox 411 5558 1974 5629; baseline 0.003 -17"><span class='ocrx_word' id='word_1_702' title='bbox 411 5558 551 5629; x_wconf 62' lang='lat' dir='ltr'><strong><em>Scite</em></strong></span> <span class='ocrx_word' id='word_1_703' title='bbox 575 5570 665 5611; x_wconf 77' lang='lat' dir='ltr'><strong><em>aut</em></strong></span> <span class='ocrx_word' id='word_1_704' title='bbox 691 5561 859 5626; x_wconf 73' lang='lat' dir='ltr'><strong><em>Cella,</em></strong></span> <span class='ocrx_word' id='word_1_705' title='bbox 891 5564 977 5615; x_wconf 90' lang='lat' dir='ltr'><strong><em>ubi</em></strong></span> <span class='ocrx_word' id='word_1_706' title='bbox 999 5558 1208 5616; x_wconf 83' lang='lat' dir='ltr'><strong><em>abbatia</em></strong></span> <span class='ocrx_word' id='word_1_707' title='bbox 1238 5578 1609 5616; x_wconf 76' lang='lat' dir='ltr'><strong><em>canonicorum</em></strong></span> <span class='ocrx_word' id='word_1_708' title='bbox 1634 5558 1974 5629; x_wconf 63' lang='lat' dir='ltr'><strong><em>regularinfn.</em></strong></span> 
     </span>
    </p>
   </div>
   <div class='ocr_carea' id='block_1_95' title="bbox 481 5625 1975 5698">
    <p class='ocr_par' dir='ltr' id='par_1_95' title="bbox 481 5625 1975 5698">
     <span class='ocr_line' id='line_1_95' title="bbox 481 5625 1975 5698; baseline 0 -14"><span class='ocrx_word' id='word_1_709' title='bbox 481 5625 508 5665; x_wconf 66' lang='grc' dir='ltr'>δ</span> <span class='ocrx_word' id='word_1_710' title='bbox 540 5631 596 5684; x_wconf 85' lang='lat' dir='ltr'><strong><em>Si</em></strong></span> <span class='ocrx_word' id='word_1_711' title='bbox 629 5625 861 5683; x_wconf 78' lang='lat' dir='ltr'><strong><em>Pientins</em></strong></span> <span class='ocrx_word' id='word_1_712' title='bbox 880 5670 894 5693; x_wconf 93' lang='lat'><strong><em>,</em></strong></span> <span class='ocrx_word' id='word_1_713' title='bbox 919 5640 977 5684; x_wconf 90' lang='lat' dir='ltr'><strong><em>ut</em></strong></span> <span class='ocrx_word' id='word_1_714' title='bbox 1000 5633 1246 5684; x_wconf 78' lang='lat' dir='ltr'><strong><em>observat</em></strong></span> <span class='ocrx_word' id='word_1_715' title='bbox 1269 5635 1496 5694; x_wconf 78' lang='lat' dir='ltr'><strong><em>Beslins,</em></strong></span> <span class='ocrx_word' id='word_1_716' title='bbox 1521 5635 1656 5698; x_wconf 86' lang='lat' dir='ltr'><strong><em>apud</em></strong></span> <span class='ocrx_word' id='word_1_717' title='bbox 1684 5625 1932 5686; x_wconf 51' lang='lat' dir='ltr'><strong><em>b—Ir-tulnm</em></strong></span> <span class='ocrx_word' id='word_1_718' title='bbox 1959 5673 1975 5693; x_wconf 87' lang='lat'><strong><em>,</em></strong></span> 
     </span>
    </p>
   </div>
   <div class='ocr_carea' id='block_1_96' title="bbox 408 5699 1974 5773">
    <p class='ocr_par' dir='ltr' id='par_1_96' title="bbox 408 5699 1974 5773">
     <span class='ocr_line' id='line_1_96' title="bbox 408 5699 1974 5773; baseline 0.002 -19"><span class='ocrx_word' id='word_1_719' title='bbox 408 5701 564 5769; x_wconf 77' lang='lat' dir='ltr'><strong><em>vulgo</em></strong></span> <span class='ocrx_word' id='word_1_720' title='bbox 596 5699 770 5768; x_wconf 71' lang='grc' dir='ltr'>ιιειιε,</span> <span class='ocrx_word' id='word_1_721' title='bbox 797 5702 849 5756; x_wconf 88' lang='lat' dir='ltr'><strong><em>in</em></strong></span> <span class='ocrx_word' id='word_1_722' title='bbox 878 5717 970 5755; x_wconf 77' lang='lat' dir='ltr'><strong><em>sua</em></strong></span> <span class='ocrx_word' id='word_1_723' title='bbox 1000 5703 1218 5757; x_wconf 69' lang='grc' dir='ltr'><strong><em>αἰωρεδί</em></strong></span> <span class='ocrx_word' id='word_1_724' title='bbox 1242 5704 1391 5770; x_wconf 88' lang='lat' dir='ltr'><strong><em>obiit,</em></strong></span> <span class='ocrx_word' id='word_1_725' title='bbox 1417 5704 1529 5757; x_wconf 54' lang='lat' dir='ltr'><strong><em>haec</em></strong></span> <span class='ocrx_word' id='word_1_726' title='bbox 1557 5703 1744 5773; x_wconf 50' lang='lat' dir='ltr'><strong><em>Gt‘ego:</em></strong></span> <span class='ocrx_word' id='word_1_727' title='bbox 1763 5705 1793 5756; x_wconf 89' lang='lat' dir='ltr'><strong><em>ii</em></strong></span> <span class='ocrx_word' id='word_1_728' title='bbox 1820 5708 1974 5757; x_wconf 70' lang='lat' dir='ltr'><strong><em>\‘crta</em></strong></span> 
     </span>
    </p>
   </div>
   <div class='ocr_carea' id='block_1_97' title="bbox 2081 3236 3652 3307">
    <p class='ocr_par' dir='ltr' id='par_1_97' title="bbox 2081 3236 3652 3307">
     <span class='ocr_line' id='line_1_97' title="bbox 2081 3236 3652 3307; baseline 0.001 -17"><span class='ocrx_word' id='word_1_729' title='bbox 2081 3237 2282 3292; x_wconf 86' lang='lat' dir='ltr'><strong><em>bonore</em></strong></span> <span class='ocrx_word' id='word_1_730' title='bbox 2310 3236 2449 3304; x_wconf 91' lang='lat' dir='ltr'><strong><em>apud</em></strong></span> <span class='ocrx_word' id='word_1_731' title='bbox 2505 3236 2821 3292; x_wconf 85' lang='lat' dir='ltr'><strong><em>Suessionas</em></strong></span> <span class='ocrx_word' id='word_1_732' title='bbox 2859 3237 3126 3291; x_wconf 85' lang='lat' dir='ltr'><strong><em>civitatem</em></strong></span> <span class='ocrx_word' id='word_1_733' title='bbox 3152 3239 3433 3307; x_wconf 84' lang='lat' dir='ltr'><strong><em>sepelivit,</em></strong></span> <span class='ocrx_word' id='word_1_734' title='bbox 3460 3250 3514 3293; x_wconf 87' lang='lat' dir='ltr'><strong><em>et</em></strong></span> <span class='ocrx_word' id='word_1_735' title='bbox 3557 3240 3652 3292; x_wconf 87' lang='lat' dir='ltr'><strong><em>ba-</em></strong></span> 
     </span>
    </p>
   </div>
   <div class='ocr_carea' id='block_1_98' title="bbox 2079 3329 3648 3400">
    <p class='ocr_par' dir='ltr' id='par_1_98' title="bbox 2079 3329 3648 3400">
     <span class='ocr_line' id='line_1_98' title="bbox 2079 3329 3648 3400; baseline -0.001 -16"><span class='ocrx_word' id='word_1_736' title='bbox 2079 3330 2284 3384; x_wconf 88' lang='lat' dir='ltr'><strong><em>silicam</em></strong></span> <span class='ocrx_word' id='word_1_737' title='bbox 2313 3344 2473 3397; x_wconf 89' lang='lat' dir='ltr'><strong><em>super</em></strong></span> <span class='ocrx_word' id='word_1_738' title='bbox 2492 3345 2611 3383; x_wconf 86' lang='lat' dir='ltr'><strong><em>eum</em></strong></span> <span class='ocrx_word' id='word_1_739' title='bbox 2643 3329 2904 3384; x_wconf 85' lang='lat' dir='ltr'><strong><em>fabricare</em></strong></span> <span class='ocrx_word' id='word_1_740' title='bbox 2931 3330 3128 3397; x_wconf 64' lang='lat' dir='ltr'><strong><em>carpit;</em></strong></span> <span class='ocrx_word' id='word_1_741' title='bbox 3159 3345 3317 3399; x_wconf 88' lang='lat' dir='ltr'><strong><em>quam</em></strong></span> <span class='ocrx_word' id='word_1_742' title='bbox 3349 3341 3530 3400; x_wconf 87' lang='lat' dir='ltr'><strong><em>postea</em></strong></span> <span class='ocrx_word' id='word_1_743' title='bbox 3562 3331 3648 3385; x_wconf 63' lang='lat' dir='ltr'><strong><em>Si-</em></strong></span> 
     </span>
    </p>
   </div>
   <div class='ocr_carea' id='block_1_99' title="bbox 2078 3419 3649 3492">
    <p class='ocr_par' dir='ltr' id='par_1_99' title="bbox 2078 3419 3649 3492">
     <span class='ocr_line' id='line_1_99' title="bbox 2078 3419 3649 3492; baseline 0.003 -20"><span class='ocrx_word' id='word_1_744' title='bbox 2078 3421 2317 3492; x_wconf 90' lang='lat' dir='ltr'><strong><em>gibertus</em></strong></span> <span class='ocrx_word' id='word_1_745' title='bbox 2360 3419 2504 3474; x_wconf 77' lang='lat' dir='ltr'><strong><em>lrlius</em></strong></span> <span class='ocrx_word' id='word_1_746' title='bbox 2533 3419 2648 3486; x_wconf 88' lang='lat' dir='ltr'><strong><em>ejus</em></strong></span> <span class='ocrx_word' id='word_1_747' title='bbox 2676 3419 2948 3487; x_wconf 83' lang='lat' dir='ltr'><strong><em>explevit,</em></strong></span> <span class='ocrx_word' id='word_1_748' title='bbox 2993 3431 3152 3487; x_wconf 83' lang='lat' dir='ltr'><strong><em>atque</em></strong></span> <span class='ocrx_word' id='word_1_749' title='bbox 3195 3421 3513 3486; x_wconf 89' lang='lat' dir='ltr'><strong><em>composuit.</em></strong></span> <span class='ocrx_word' id='word_1_750' title='bbox 3564 3423 3649 3477; x_wconf 76' lang='grc' dir='ltr'><strong><em>ΑιΙ</em></strong></span> 
     </span>
    </p>
   </div>
   <div class='ocr_carea' id='block_1_100' title="bbox 2080 3510 3649 3580">
    <p class='ocr_par' dir='ltr' id='par_1_100' title="bbox 2080 3510 3649 3580">
     <span class='ocr_line' id='line_1_100' title="bbox 2080 3510 3649 3580; baseline 0.001 -14"><span class='ocrx_word' id='word_1_751' title='bbox 2080 3510 2233 3580; x_wconf 87' lang='lat' dir='ltr'><strong><em>cujus</em></strong></span> <span class='ocrx_word' id='word_1_752' title='bbox 2260 3511 2471 3565; x_wconf 88' lang='lat' dir='ltr'><strong><em>beatum</em></strong></span> <span class='ocrx_word' id='word_1_753' title='bbox 2514 3510 2817 3580; x_wconf 84' lang='lat' dir='ltr'><strong><em>sepulcrum</em></strong></span> <span class='ocrx_word' id='word_1_754' title='bbox 2847 3510 3080 3565; x_wconf 85' lang='lat' dir='ltr'><strong><em>vidimus</em></strong></span> <span class='ocrx_word' id='word_1_755' title='bbox 3104 3512 3398 3565; x_wconf 81' lang='lat' dir='ltr'><strong><em>vinctoan</em></strong></span> <span class='ocrx_word' id='word_1_756' title='bbox 3432 3527 3649 3579; x_wconf 84' lang='lat' dir='ltr'><strong><em>compc-</em></strong></span> 
     </span>
    </p>
   </div>
   <div class='ocr_carea' id='block_1_101' title="bbox 2078 3682 3652 3756">
    <p class='ocr_par' dir='ltr' id='par_1_101' title="bbox 2078 3682 3652 3756">
     <span class='ocr_line' id='line_1_101' title="bbox 2078 3682 3652 3756; baseline 0.001 -19"><span class='ocrx_word' id='word_1_757' title='bbox 2078 3687 2216 3756; x_wconf 74' lang='lat' dir='ltr'><strong><em>apud</em></strong></span> <span class='ocrx_word' id='word_1_758' title='bbox 2250 3685 2476 3739; x_wconf 78' lang='lat' dir='ltr'><strong><em>Parisios</em></strong></span> <span class='ocrx_word' id='word_1_759' title='bbox 2501 3724 2515 3748; x_wconf 94' lang='lat'><strong><em>,</em></strong></span> <span class='ocrx_word' id='word_1_760' title='bbox 2568 3683 2634 3756; x_wconf 80' lang='lat' dir='ltr'><strong><em>ad</em></strong></span> <span class='ocrx_word' id='word_1_761' title='bbox 2669 3682 3039 3756; x_wconf 63' lang='lat' dir='ltr'><strong><em>Pascentitrm,</em></strong></span> <span class='ocrx_word' id='word_1_762' title='bbox 3083 3699 3185 3756; x_wconf 85' lang='lat' dir='ltr'><strong><em>non</em></strong></span> <span class='ocrx_word' id='word_1_763' title='bbox 3217 3699 3352 3738; x_wconf 84' lang='lat' dir='ltr'><strong><em>vero</em></strong></span> <span class='ocrx_word' id='word_1_764' title='bbox 3377 3686 3443 3738; x_wconf 88' lang='lat' dir='ltr'><strong><em>ad</em></strong></span> <span class='ocrx_word' id='word_1_765' title='bbox 3491 3685 3652 3739; x_wconf 79' lang='lat' dir='ltr'><strong><em>Pien-</em></strong></span> 
     </span>
    </p>
   </div>
   <div class='ocr_carea' id='block_1_102' title="bbox 2082 3752 3660 3823">
    <p class='ocr_par' dir='ltr' id='par_1_102' title="bbox 2082 3752 3660 3823">
     <span class='ocr_line' id='line_1_102' title="bbox 2082 3752 3660 3823; baseline 0.001 -15"><span class='ocrx_word' id='word_1_766' title='bbox 2082 3752 2213 3809; x_wconf 75' lang='lat' dir='ltr'><strong><em>tiurn</em></strong></span> <span class='ocrx_word' id='word_1_767' title='bbox 2241 3765 2364 3810; x_wconf 91' lang='lat' dir='ltr'><strong><em>sunt</em></strong></span> <span class='ocrx_word' id='word_1_768' title='bbox 2393 3754 2693 3809; x_wconf 84' lang='lat' dir='ltr'><strong><em>referenda.</em></strong></span> <span class='ocrx_word' id='word_1_769' title='bbox 2740 3753 2905 3807; x_wconf 83' lang='lat' dir='ltr'><strong><em>Porro</em></strong></span> <span class='ocrx_word' id='word_1_770' title='bbox 2932 3752 3136 3808; x_wconf 83' lang='lat' dir='ltr'><strong><em>Prentio</em></strong></span> <span class='ocrx_word' id='word_1_771' title='bbox 3174 3762 3230 3808; x_wconf 89' lang='lat' dir='ltr'><strong><em>et</em></strong></span> <span class='ocrx_word' id='word_1_772' title='bbox 3254 3756 3537 3823; x_wconf 80' lang='lat' dir='ltr'><strong><em>Austrapio</em></strong></span> <span class='ocrx_word' id='word_1_773' title='bbox 3566 3759 3660 3815; x_wconf 84' lang='lat' dir='ltr'><strong><em>In&#39;c</em></strong></span> 
     </span>
    </p>
   </div>
   <div class='ocr_carea' id='block_1_103' title="bbox 2079 3824 3654 3881">
    <p class='ocr_par' dir='ltr' id='par_1_103' title="bbox 2079 3824 3654 3881">
     <span class='ocr_line' id='line_1_103' title="bbox 2079 3824 3654 3881; baseline 0.001 -2"><span class='ocrx_word' id='word_1_774' title='bbox 2079 3827 2386 3880; x_wconf 74' lang='lat' dir='ltr'><strong><em>meunoratis</em></strong></span> <span class='ocrx_word' id='word_1_775' title='bbox 2415 3839 2542 3879; x_wconf 87' lang='lat' dir='ltr'><strong><em>cura</em></strong></span> <span class='ocrx_word' id='word_1_776' title='bbox 2583 3824 2885 3878; x_wconf 84' lang='lat' dir='ltr'><strong><em>exstruendi</em></strong></span> <span class='ocrx_word' id='word_1_777' title='bbox 2911 3825 3221 3878; x_wconf 87' lang='lat' dir='ltr'><strong><em>monasterii</em></strong></span> <span class='ocrx_word' id='word_1_778' title='bbox 3248 3834 3448 3878; x_wconf 75' lang='lat' dir='ltr'><strong><em>sancta:</em></strong></span> <span class='ocrx_word' id='word_1_779' title='bbox 3481 3827 3654 3881; x_wconf 74' lang='lat' dir='ltr'><strong><em>Itade~</em></strong></span> 
     </span>
    </p>
   </div>
   <div class='ocr_carea' id='block_1_104' title="bbox 2080 3893 3654 3963">
    <p class='ocr_par' dir='ltr' id='par_1_104' title="bbox 2080 3893 3654 3963">
     <span class='ocr_line' id='line_1_104' title="bbox 2080 3893 3654 3963; baseline 0.001 -15"><span class='ocrx_word' id='word_1_780' title='bbox 2080 3896 2274 3963; x_wconf 88' lang='lat' dir='ltr'><strong><em>gundis</em></strong></span> <span class='ocrx_word' id='word_1_781' title='bbox 2304 3896 2474 3949; x_wconf 89' lang='lat' dir='ltr'><strong><em>fuerat</em></strong></span> <span class='ocrx_word' id='word_1_782' title='bbox 2501 3894 2812 3963; x_wconf 84' lang='lat' dir='ltr'><strong><em>commissa,</em></strong></span> <span class='ocrx_word' id='word_1_783' title='bbox 2847 3893 2970 3963; x_wconf 15' lang='lat' dir='ltr'><strong><em>ipsa,</em></strong></span> <span class='ocrx_word' id='word_1_784' title='bbox 2999 3894 3318 3947; x_wconf 83' lang='lat' dir='ltr'><strong><em>Baudonivia</em></strong></span> <span class='ocrx_word' id='word_1_785' title='bbox 3344 3905 3654 3950; x_wconf 86' lang='lat' dir='ltr'><strong><em>attestante.</em></strong></span> 
     </span>
    </p>
   </div>
   <div class='ocr_carea' id='block_1_105' title="bbox 2061 3957 3654 4032">
    <p class='ocr_par' dir='ltr' id='par_1_105' title="bbox 2061 3957 3654 4032">
     <span class='ocr_line' id='line_1_105' title="bbox 2061 3957 3654 4032; baseline -0.001 -12"><span class='ocrx_word' id='word_1_786' title='bbox 2061 3957 2360 4020; x_wconf 51' lang='lat' dir='ltr'><strong><em>&#39;I’ascentio</em></strong></span> <span class='ocrx_word' id='word_1_787' title='bbox 2390 3963 2707 4018; x_wconf 78' lang='lat' dir='ltr'><strong><em>Fortunatus</em></strong></span> <span class='ocrx_word' id='word_1_788' title='bbox 2737 3957 2904 4016; x_wconf 84' lang='lat' dir='ltr'><strong><em>Vitam</em></strong></span> <span class='ocrx_word' id='word_1_789' title='bbox 2951 3962 3009 4018; x_wconf 89' lang='lat' dir='ltr'><strong><em>S.</em></strong></span> <span class='ocrx_word' id='word_1_790' title='bbox 3044 3963 3226 4032; x_wconf 68' lang='lat' dir='ltr'><strong><em>Hilarii</em></strong></span> <span class='ocrx_word' id='word_1_791' title='bbox 3255 3979 3283 4016; x_wconf 93' lang='lat' dir='ltr'><strong><em>a</em></strong></span> <span class='ocrx_word' id='word_1_792' title='bbox 3318 3979 3378 4018; x_wconf 88' lang='lat' dir='ltr'><strong><em>se</em></strong></span> <span class='ocrx_word' id='word_1_793' title='bbox 3401 3967 3654 4032; x_wconf 88' lang='lat' dir='ltr'><strong><em>scriptam</em></strong></span> 
     </span>
    </p>
   </div>
   <div class='ocr_carea' id='block_1_106' title="bbox 2082 4031 3654 4103">
    <p class='ocr_par' dir='ltr' id='par_1_106' title="bbox 2082 4031 3654 4103">
     <span class='ocr_line' id='line_1_106' title="bbox 2082 4031 3654 4103; baseline 0.003 -15"><span class='ocrx_word' id='word_1_794' title='bbox 2082 4033 2424 4099; x_wconf 87' lang='lat' dir='ltr'><strong><em>nuncupavit.</em></strong></span> <span class='ocrx_word' id='word_1_795' title='bbox 2473 4032 2662 4103; x_wconf 80' lang='lat' dir='ltr'><strong><em>Pientii</em></strong></span> <span class='ocrx_word' id='word_1_796' title='bbox 2689 4045 2818 4103; x_wconf 69' lang='lat' dir='ltr'><strong><em>vero</em></strong></span> <span class='ocrx_word' id='word_1_797' title='bbox 2839 4072 2854 4097; x_wconf 93' lang='lat'><strong><em>,</em></strong></span> <span class='ocrx_word' id='word_1_798' title='bbox 2885 4035 3041 4103; x_wconf 87' lang='lat' dir='ltr'><strong><em>vulgo</em></strong></span> <span class='ocrx_word' id='word_1_799' title='bbox 3067 4032 3132 4089; x_wconf 89' lang='lat' dir='ltr'><strong><em>S.</em></strong></span> <span class='ocrx_word' id='word_1_800' title='bbox 3159 4031 3316 4100; x_wconf 76' lang='lat' dir='ltr'><strong><em>Pieri,</em></strong></span> <span class='ocrx_word' id='word_1_801' title='bbox 3345 4031 3535 4089; x_wconf 79' lang='lat' dir='ltr'><strong><em>festum</em></strong></span> <span class='ocrx_word' id='word_1_802' title='bbox 3562 4051 3654 4092; x_wconf 81' lang='lat' dir='ltr'><strong><em>ce-</em></strong></span> 
     </span>
    </p>
   </div>
   <div class='ocr_carea' id='block_1_107' title="bbox 2081 4101 2737 4160">
    <p class='ocr_par' dir='ltr' id='par_1_107' title="bbox 2081 4101 2737 4160">
     <span class='ocr_line' id='line_1_107' title="bbox 2081 4101 2737 4160; baseline -0.006 0"><span class='ocrx_word' id='word_1_803' title='bbox 2081 4105 2316 4160; x_wconf 83' lang='lat' dir='ltr'><strong><em>lebratur</em></strong></span> <span class='ocrx_word' id='word_1_804' title='bbox 2336 4103 2424 4157; x_wconf 81' lang='lat' dir='ltr'><strong><em>die</em></strong></span> <span class='ocrx_word' id='word_1_805' title='bbox 2453 4103 2520 4158; x_wconf 74' lang='lat'><strong><em>13</em></strong></span> <span class='ocrx_word' id='word_1_806' title='bbox 2548 4101 2737 4156; x_wconf 79' lang='lat' dir='ltr'><strong><em>Martii.</em></strong></span> 
     </span>
    </p>
   </div>
   <div class='ocr_carea' id='block_1_108' title="bbox 2160 4171 3276 4239">
    <p class='ocr_par' dir='ltr' id='par_1_108' title="bbox 2160 4171 3276 4239">
     <span class='ocr_line' id='line_1_108' title="bbox 2160 4171 3276 4239; baseline 0.001 -13"><span class='ocrx_word' id='word_1_807' title='bbox 2160 4175 2175 4210; x_wconf 80' lang='grc' dir='ltr'>ί</span> <span class='ocrx_word' id='word_1_808' title='bbox 2223 4176 2416 4239; x_wconf 76' lang='lat' dir='ltr'><strong><em>Ilegm.</em></strong></span> <span class='ocrx_word' id='word_1_809' title='bbox 2440 4171 2583 4225; x_wconf 84' lang='lat' dir='ltr'><strong><em>reddi</em></strong></span> <span class='ocrx_word' id='word_1_810' title='bbox 2608 4171 2807 4226; x_wconf 83' lang='lat' dir='ltr'><strong><em>debere.</em></strong></span> <span class='ocrx_word' id='word_1_811' title='bbox 2839 4171 2991 4239; x_wconf 88' lang='lat' dir='ltr'><strong><em>Bec.,</em></strong></span> <span class='ocrx_word' id='word_1_812' title='bbox 3029 4172 3276 4227; x_wconf 69' lang='lat' dir='ltr'><strong><em>&quot;deberi.</em></strong></span> 
     </span>
    </p>
   </div>
   <div class='ocr_carea' id='block_1_109' title="bbox 2155 4241 3653 4312">
    <p class='ocr_par' dir='ltr' id='par_1_109' title="bbox 2155 4241 3653 4312">
     <span class='ocr_line' id='line_1_109' title="bbox 2155 4241 3653 4312; baseline 0.004 -18"><span class='ocrx_word' id='word_1_813' title='bbox 2155 4243 2171 4294; x_wconf 89' lang='lat' dir='ltr'><strong><em>I</em></strong></span> <span class='ocrx_word' id='word_1_814' title='bbox 2220 4241 2404 4297; x_wconf 79' lang='lat' dir='ltr'><strong><em>Teilali</em></strong></span> <span class='ocrx_word' id='word_1_815' title='bbox 2453 4256 2547 4296; x_wconf 90' lang='lat' dir='ltr'><strong><em>seu</em></strong></span> <span class='ocrx_word' id='word_1_816' title='bbox 2573 4241 2795 4312; x_wconf 78' lang='lat' dir='ltr'><strong><em>Taifali,</em></strong></span> <span class='ocrx_word' id='word_1_817' title='bbox 2825 4257 2927 4296; x_wconf 88' lang='lat' dir='ltr'><strong><em>una</em></strong></span> <span class='ocrx_word' id='word_1_818' title='bbox 2954 4257 3022 4296; x_wconf 89' lang='lat' dir='ltr'><strong><em>ex</em></strong></span> <span class='ocrx_word' id='word_1_819' title='bbox 3058 4243 3139 4312; x_wconf 86' lang='lat' dir='ltr'><strong><em>his</em></strong></span> <span class='ocrx_word' id='word_1_820' title='bbox 3176 4241 3424 4312; x_wconf 81' lang='lat' dir='ltr'><strong><em>gentibus</em></strong></span> <span class='ocrx_word' id='word_1_821' title='bbox 3464 4243 3653 4300; x_wconf 86' lang='lat' dir='ltr'><strong><em>barba-</em></strong></span> 
     </span>
    </p>
   </div>
   <div class='ocr_carea' id='block_1_110' title="bbox 2082 4311 3652 4381">
    <p class='ocr_par' dir='ltr' id='par_1_110' title="bbox 2082 4311 3652 4381">
     <span class='ocr_line' id='line_1_110' title="bbox 2082 4311 3652 4381; baseline 0.001 -13"><span class='ocrx_word' id='word_1_822' title='bbox 2082 4314 2188 4378; x_wconf 88' lang='lat' dir='ltr'><strong><em>ris,</em></strong></span> <span class='ocrx_word' id='word_1_823' title='bbox 2237 4328 2355 4381; x_wconf 58' lang='lat' dir='ltr'><strong><em>quae</em></strong></span> <span class='ocrx_word' id='word_1_824' title='bbox 2388 4312 2585 4365; x_wconf 61' lang='lat' dir='ltr'><strong><em>secqu</em></strong></span> <span class='ocrx_word' id='word_1_825' title='bbox 2615 4311 2799 4377; x_wconf 84' lang='lat' dir='ltr'><strong><em>quinto</em></strong></span> <span class='ocrx_word' id='word_1_826' title='bbox 2829 4313 3052 4366; x_wconf 84' lang='lat' dir='ltr'><strong><em>ineunte</em></strong></span> <span class='ocrx_word' id='word_1_827' title='bbox 3071 4311 3272 4366; x_wconf 86' lang='lat' dir='ltr'><strong><em>Gallias</em></strong></span> <span class='ocrx_word' id='word_1_828' title='bbox 3303 4313 3652 4370; x_wconf 69' lang='lat' dir='ltr'><strong><em>inundarunt.</em></strong></span> 
     </span>
    </p>
   </div>
   <div class='ocr_carea' id='block_1_111' title="bbox 2085 4381 3657 4451">
    <p class='ocr_par' dir='ltr' id='par_1_111' title="bbox 2085 4381 3657 4451">
     <span class='ocr_line' id='line_1_111' title="bbox 2085 4381 3657 4451; baseline 0.001 -14"><span class='ocrx_word' id='word_1_829' title='bbox 2085 4385 2283 4438; x_wconf 84' lang='lat' dir='ltr'><strong><em>Horum</em></strong></span> <span class='ocrx_word' id='word_1_830' title='bbox 2313 4381 2517 4451; x_wconf 74' lang='lat' dir='ltr'><strong><em>aliquot</em></strong></span> <span class='ocrx_word' id='word_1_831' title='bbox 2541 4382 2695 4435; x_wconf 83' lang='lat' dir='ltr'><strong><em>sedes</em></strong></span> <span class='ocrx_word' id='word_1_832' title='bbox 2722 4381 2887 4436; x_wconf 84' lang='lat' dir='ltr'><strong><em>fixere</em></strong></span> <span class='ocrx_word' id='word_1_833' title='bbox 2906 4381 3045 4448; x_wconf 89' lang='lat' dir='ltr'><strong><em>apud</em></strong></span> <span class='ocrx_word' id='word_1_834' title='bbox 3069 4381 3314 4436; x_wconf 85' lang='lat' dir='ltr'><strong><em>Pictones</em></strong></span> <span class='ocrx_word' id='word_1_835' title='bbox 3330 4422 3346 4445; x_wconf 89' lang='lat'><strong><em>,</em></strong></span> <span class='ocrx_word' id='word_1_836' title='bbox 3371 4397 3432 4436; x_wconf 86' lang='lat' dir='ltr'><strong><em>ac</em></strong></span> <span class='ocrx_word' id='word_1_837' title='bbox 3456 4399 3657 4441; x_wconf 88' lang='lat' dir='ltr'><strong><em>nomen</em></strong></span> 
     </span>
    </p>
   </div>
   <div class='ocr_carea' id='block_1_112' title="bbox 2081 4450 3659 4520">
    <p class='ocr_par' dir='ltr' id='par_1_112' title="bbox 2081 4450 3659 4520">
     <span class='ocr_line' id='line_1_112' title="bbox 2081 4450 3659 4520; baseline 0.001 -13"><span class='ocrx_word' id='word_1_838' title='bbox 2081 4456 2279 4508; x_wconf 84' lang='lat' dir='ltr'><strong><em>dedere</em></strong></span> <span class='ocrx_word' id='word_1_839' title='bbox 2309 4450 2422 4505; x_wconf 71' lang='lat' dir='ltr'><strong><em>vitro</em></strong></span> <span class='ocrx_word' id='word_1_840' title='bbox 2453 4450 2676 4519; x_wconf 66' lang='lat' dir='ltr'><strong><em>Teifalia</em></strong></span> <span class='ocrx_word' id='word_1_841' title='bbox 2704 4451 2866 4512; x_wconf 74' lang='lat' dir='ltr'><strong><em>dicto,</em></strong></span> <span class='ocrx_word' id='word_1_842' title='bbox 2921 4451 3009 4520; x_wconf 82' lang='lat' dir='ltr'><strong><em>qui</em></strong></span> <span class='ocrx_word' id='word_1_843' title='bbox 3035 4454 3193 4504; x_wconf 87' lang='lat' dir='ltr'><strong><em>etiam</em></strong></span> <span class='ocrx_word' id='word_1_844' title='bbox 3225 4467 3365 4506; x_wconf 89' lang='lat' dir='ltr'><strong><em>nunc</em></strong></span> <span class='ocrx_word' id='word_1_845' title='bbox 3407 4467 3659 4520; x_wconf 75' lang='lat' dir='ltr'><strong><em>superest</em></strong></span> 
     </span>
    </p>
   </div>
   <div class='ocr_carea' id='block_1_113' title="bbox 2006 4519 3661 4589">
    <p class='ocr_par' dir='ltr' id='par_1_113' title="bbox 2006 4519 3661 4589">
     <span class='ocr_line' id='line_1_113' title="bbox 2006 4519 3661 4589; baseline -0.004 -11"><span class='ocrx_word' id='word_1_846' title='bbox 2006 4527 2055 4589; x_wconf 87' lang='lat' dir='ltr'><strong>D</strong></span> <span class='ocrx_word' id='word_1_847' title='bbox 2079 4525 2180 4578; x_wconf 86' lang='lat' dir='ltr'><strong><em>sub</em></strong></span> <span class='ocrx_word' id='word_1_848' title='bbox 2211 4521 2425 4576; x_wconf 87' lang='lat' dir='ltr'><strong><em>nomine</em></strong></span> <span class='ocrx_word' id='word_1_849' title='bbox 2454 4520 2708 4587; x_wconf 79' lang='lat' dir='ltr'><strong><em>Tifaugize</em></strong></span> <span class='ocrx_word' id='word_1_850' title='bbox 2727 4559 2742 4584; x_wconf 97' lang='lat'><strong><em>,</em></strong></span> <span class='ocrx_word' id='word_1_851' title='bbox 2774 4520 2932 4589; x_wconf 84' lang='lat' dir='ltr'><strong><em>unlgo</em></strong></span> <span class='ocrx_word' id='word_1_852' title='bbox 2962 4519 3202 4589; x_wconf 82' lang='lat' dir='ltr'><strong><em>Tifauge,</em></strong></span> <span class='ocrx_word' id='word_1_853' title='bbox 3235 4521 3372 4575; x_wconf 85' lang='lat' dir='ltr'><strong><em>inter</em></strong></span> <span class='ocrx_word' id='word_1_854' title='bbox 3394 4524 3661 4576; x_wconf 76' lang='lat' dir='ltr'><strong><em>Gliccbin—</em></strong></span> 
     </span>
    </p>
   </div>
   <div class='ocr_carea' id='block_1_114' title="bbox 2082 4590 3632 4657">
    <p class='ocr_par' dir='ltr' id='par_1_114' title="bbox 2082 4590 3632 4657">
     <span class='ocr_line' id='line_1_114' title="bbox 2082 4590 3632 4657; baseline -0.002 -9"><span class='ocrx_word' id='word_1_855' title='bbox 2082 4609 2202 4649; x_wconf 85' lang='lat' dir='ltr'><strong><em>netu</em></strong></span> <span class='ocrx_word' id='word_1_856' title='bbox 2231 4599 2287 4647; x_wconf 85' lang='lat' dir='ltr'><strong><em>et</em></strong></span> <span class='ocrx_word' id='word_1_857' title='bbox 2335 4591 2696 4653; x_wconf 81' lang='lat' dir='ltr'><strong><em>Moritaniam,</em></strong></span> <span class='ocrx_word' id='word_1_858' title='bbox 2750 4601 2951 4656; x_wconf 78' lang='lat' dir='ltr'><strong><em>posuus</em></strong></span> <span class='ocrx_word' id='word_1_859' title='bbox 2996 4592 3062 4643; x_wconf 84' lang='lat' dir='ltr'><strong><em>ad</em></strong></span> <span class='ocrx_word' id='word_1_860' title='bbox 3119 4591 3334 4644; x_wconf 86' lang='lat' dir='ltr'><strong><em>fluvium</em></strong></span> <span class='ocrx_word' id='word_1_861' title='bbox 3385 4590 3632 4657; x_wconf 80' lang='lat' dir='ltr'><strong><em>Separitn</em></strong></span> 
     </span>
    </p>
   </div>
   <div class='ocr_carea' id='block_1_115' title="bbox 2084 4659 3659 4727">
    <p class='ocr_par' dir='ltr' id='par_1_115' title="bbox 2084 4659 3659 4727">
     <span class='ocr_line' id='line_1_115' title="bbox 2084 4659 3659 4727; baseline -0.003 -10"><span class='ocrx_word' id='word_1_862' title='bbox 2084 4663 2254 4717; x_wconf 79' lang='lat' dir='ltr'><strong><em>Fuere</em></strong></span> <span class='ocrx_word' id='word_1_863' title='bbox 2278 4671 2332 4716; x_wconf 88' lang='lat' dir='ltr'><strong><em>et</em></strong></span> <span class='ocrx_word' id='word_1_864' title='bbox 2360 4659 2547 4712; x_wconf 83' lang='lat' dir='ltr'><strong><em>Taifali</em></strong></span> <span class='ocrx_word' id='word_1_865' title='bbox 2578 4659 2835 4727; x_wconf 90' lang='lat' dir='ltr'><strong><em>gentiles,</em></strong></span> <span class='ocrx_word' id='word_1_866' title='bbox 2867 4674 3095 4727; x_wconf 85' lang='lat' dir='ltr'><strong><em>quorum</em></strong></span> <span class='ocrx_word' id='word_1_867' title='bbox 3119 4675 3219 4712; x_wconf 90' lang='lat' dir='ltr'><strong><em>una</em></strong></span> <span class='ocrx_word' id='word_1_868' title='bbox 3245 4675 3363 4714; x_wconf 86' lang='lat' dir='ltr'><strong><em>cum</em></strong></span> <span class='ocrx_word' id='word_1_869' title='bbox 3391 4662 3659 4720; x_wconf 79' lang='lat' dir='ltr'><strong><em>Sarmatis</em></strong></span> 
     </span>
    </p>
   </div>
   <div class='ocr_carea' id='block_1_116' title="bbox 2079 4729 3658 4801">
    <p class='ocr_par' dir='ltr' id='par_1_116' title="bbox 2079 4729 3658 4801">
     <span class='ocr_line' id='line_1_116' title="bbox 2079 4729 3658 4801; baseline -0.001 -14"><span class='ocrx_word' id='word_1_870' title='bbox 2079 4732 2218 4801; x_wconf 82' lang='lat' dir='ltr'><strong><em>apud</em></strong></span> <span class='ocrx_word' id='word_1_871' title='bbox 2252 4731 2496 4801; x_wconf 83' lang='lat' dir='ltr'><strong><em>Pictones</em></strong></span> <span class='ocrx_word' id='word_1_872' title='bbox 2521 4729 2826 4801; x_wconf 75' lang='lat' dir='ltr'><strong><em>prtesidiutn</em></strong></span> <span class='ocrx_word' id='word_1_873' title='bbox 2859 4729 2993 4801; x_wconf 55' lang='lat' dir='ltr'><strong><em>fuit,</em></strong></span> <span class='ocrx_word' id='word_1_874' title='bbox 3012 4745 3076 4783; x_wconf 89' lang='lat' dir='ltr'><strong><em>ex</em></strong></span> <span class='ocrx_word' id='word_1_875' title='bbox 3122 4731 3316 4801; x_wconf 78' lang='lat' dir='ltr'><strong><em>Notitia</em></strong></span> <span class='ocrx_word' id='word_1_876' title='bbox 3357 4730 3658 4801; x_wconf 55' lang='lat' dir='ltr'><strong><em>provincia.</em></strong></span> 
     </span>
    </p>
   </div>
   <div class='ocr_carea' id='block_1_117' title="bbox 2081 4798 3658 4869">
    <p class='ocr_par' dir='ltr' id='par_1_117' title="bbox 2081 4798 3658 4869">
     <span class='ocr_line' id='line_1_117' title="bbox 2081 4798 3658 4869; baseline 0.001 -14"><span class='ocrx_word' id='word_1_877' title='bbox 2081 4798 2196 4856; x_wconf 82' lang='lat' dir='ltr'><strong><em>rum</em></strong></span> <span class='ocrx_word' id='word_1_878' title='bbox 2254 4800 2467 4869; x_wconf 80' lang='lat' dir='ltr'><strong><em>imperii</em></strong></span> <span class='ocrx_word' id='word_1_879' title='bbox 2519 4799 2761 4869; x_wconf 70' lang='lat' dir='ltr'><strong><em>Romani.</em></strong></span> <span class='ocrx_word' id='word_1_880' title='bbox 2824 4800 2925 4851; x_wconf 82' lang='lat' dir='ltr'><strong><em>Adi</em></strong></span> <span class='ocrx_word' id='word_1_881' title='bbox 2957 4798 3129 4852; x_wconf 89' lang='lat' dir='ltr'><strong><em>Vales.</em></strong></span> <span class='ocrx_word' id='word_1_882' title='bbox 3188 4799 3286 4854; x_wconf 85' lang='lat' dir='ltr'><strong><em>lib.</em></strong></span> <span class='ocrx_word' id='word_1_883' title='bbox 3329 4815 3423 4853; x_wconf 84' lang='lat' dir='ltr'><strong><em>vnr</em></strong></span> <span class='ocrx_word' id='word_1_884' title='bbox 3455 4800 3658 4857; x_wconf 76' lang='lat' dir='ltr'><strong><em>Iterum</em></strong></span> 
     </span>
    </p>
   </div>
   <div class='ocr_carea' id='block_1_118' title="bbox 2083 4868 3659 4936">
    <p class='ocr_par' dir='ltr' id='par_1_118' title="bbox 2083 4868 3659 4936">
     <span class='ocr_line' id='line_1_118' title="bbox 2083 4868 3659 4936; baseline -0.001 -10"><span class='ocrx_word' id='word_1_885' title='bbox 2083 4871 2346 4936; x_wconf 78' lang='lat' dir='ltr'><strong><em>Francic.,</em></strong></span> <span class='ocrx_word' id='word_1_886' title='bbox 2372 4879 2465 4924; x_wconf 85' lang='lat' dir='ltr'><strong><em>aut</em></strong></span> <span class='ocrx_word' id='word_1_887' title='bbox 2493 4870 2546 4924; x_wconf 90' lang='lat' dir='ltr'><strong><em>in</em></strong></span> <span class='ocrx_word' id='word_1_888' title='bbox 2567 4868 2764 4922; x_wconf 78' lang='lat' dir='ltr'><strong><em>Nomia</em></strong></span> <span class='ocrx_word' id='word_1_889' title='bbox 2785 4869 3074 4923; x_wconf 77' lang='lat' dir='ltr'><strong><em>Galliarum</em></strong></span> <span class='ocrx_word' id='word_1_890' title='bbox 3103 4884 3164 4923; x_wconf 88' lang='lat' dir='ltr'><strong><em>ea</em></strong></span> <span class='ocrx_word' id='word_1_891' title='bbox 3191 4874 3258 4924; x_wconf 87' lang='lat' dir='ltr'><strong><em>de</em></strong></span> <span class='ocrx_word' id='word_1_892' title='bbox 3293 4884 3358 4924; x_wconf 83' lang='lat' dir='ltr'><strong><em>re</em></strong></span> <span class='ocrx_word' id='word_1_893' title='bbox 3384 4871 3659 4925; x_wconf 78' lang='lat' dir='ltr'><strong><em>disseren-</em></strong></span> 
     </span>
    </p>
   </div>
   <div class='ocr_carea' id='block_1_119' title="bbox 2083 4953 2210 4997">
    <p class='ocr_par' dir='ltr' id='par_1_119' title="bbox 2083 4953 2210 4997">
     <span class='ocr_line' id='line_1_119' title="bbox 2083 4953 2210 4997; baseline -0.031 0"><span class='ocrx_word' id='word_1_894' title='bbox 2083 4953 2210 4997; x_wconf 82' lang='lat' dir='ltr'><strong><em>tetu.</em></strong></span> 
     </span>
    </p>
   </div>
   <div class='ocr_carea' id='block_1_120' title="bbox 2083 5003 3662 5076">
    <p class='ocr_par' dir='ltr' id='par_1_120' title="bbox 2083 5003 3662 5076">
     <span class='ocr_line' id='line_1_120' title="bbox 2083 5003 3662 5076; baseline 0.005 -16"><span class='ocrx_word' id='word_1_895' title='bbox 2083 5003 2110 5018; x_wconf 70' lang='grc'><strong>“</strong></span> <span class='ocrx_word' id='word_1_896' title='bbox 2157 5014 2180 5047; x_wconf 72' lang='grc' dir='ltr'><strong><em>ι</em></strong></span> <span class='ocrx_word' id='word_1_897' title='bbox 2224 5010 2380 5065; x_wconf 80' lang='lat' dir='ltr'><strong><em>Deest</em></strong></span> <span class='ocrx_word' id='word_1_898' title='bbox 2429 5008 2528 5062; x_wconf 89' lang='lat' dir='ltr'><strong><em>hoc</em></strong></span> <span class='ocrx_word' id='word_1_899' title='bbox 2557 5017 2712 5076; x_wconf 83' lang='lat' dir='ltr'><strong><em>caput</em></strong></span> <span class='ocrx_word' id='word_1_900' title='bbox 2741 5007 2796 5060; x_wconf 92' lang='lat' dir='ltr'><strong><em>in</em></strong></span> <span class='ocrx_word' id='word_1_901' title='bbox 2845 5007 3000 5061; x_wconf 83' lang='lat' dir='ltr'><strong><em>Corb.</em></strong></span> <span class='ocrx_word' id='word_1_902' title='bbox 3036 5016 3091 5061; x_wconf 92' lang='lat' dir='ltr'><strong><em>et</em></strong></span> <span class='ocrx_word' id='word_1_903' title='bbox 3140 5007 3295 5072; x_wconf 86' lang='lat' dir='ltr'><strong><em>Bel|.;</em></strong></span> <span class='ocrx_word' id='word_1_904' title='bbox 3347 5009 3569 5062; x_wconf 84' lang='lat' dir='ltr'><strong><em>habetur</em></strong></span> <span class='ocrx_word' id='word_1_905' title='bbox 3603 5013 3662 5068; x_wconf 87' lang='lat' dir='ltr'><strong><em>in</em></strong></span> 
     </span>
    </p>
   </div>
   <div class='ocr_carea' id='block_1_121' title="bbox 2086 5078 3658 5145">
    <p class='ocr_par' dir='ltr' id='par_1_121' title="bbox 2086 5078 3658 5145">
     <span class='ocr_line' id='line_1_121' title="bbox 2086 5078 3658 5145; baseline 0 -11"><span class='ocrx_word' id='word_1_906' title='bbox 2086 5082 2327 5145; x_wconf 67' lang='lat' dir='ltr'><strong><em>cmteris,</em></strong></span> <span class='ocrx_word' id='word_1_907' title='bbox 2373 5089 2428 5134; x_wconf 89' lang='lat' dir='ltr'><strong><em>et</em></strong></span> <span class='ocrx_word' id='word_1_908' title='bbox 2481 5078 2744 5132; x_wconf 89' lang='lat' dir='ltr'><strong><em>indicatur</em></strong></span> <span class='ocrx_word' id='word_1_909' title='bbox 2775 5079 2912 5131; x_wconf 86' lang='lat' dir='ltr'><strong><em>inter</em></strong></span> <span class='ocrx_word' id='word_1_910' title='bbox 2958 5079 3130 5145; x_wconf 87' lang='lat' dir='ltr'><strong><em>capita</em></strong></span> <span class='ocrx_word' id='word_1_911' title='bbox 3180 5080 3298 5131; x_wconf 91' lang='lat' dir='ltr'><strong><em>bbri</em></strong></span> <span class='ocrx_word' id='word_1_912' title='bbox 3344 5093 3394 5132; x_wconf 79' lang='lat' dir='ltr'><strong><em>tv</em></strong></span> <span class='ocrx_word' id='word_1_913' title='bbox 3439 5080 3492 5132; x_wconf 91' lang='lat' dir='ltr'><strong><em>in</em></strong></span> <span class='ocrx_word' id='word_1_914' title='bbox 3523 5085 3658 5134; x_wconf 84' lang='lat' dir='ltr'><strong><em>cod.</em></strong></span> 
     </span>
    </p>
   </div>
   <div class='ocr_carea' id='block_1_122' title="bbox 2087 5147 3665 5221">
    <p class='ocr_par' dir='ltr' id='par_1_122' title="bbox 2087 5147 3665 5221">
     <span class='ocr_line' id='line_1_122' title="bbox 2087 5147 3665 5221; baseline 0.002 -19"><span class='ocrx_word' id='word_1_915' title='bbox 2087 5149 2270 5221; x_wconf 64' lang='lat' dir='ltr'><strong><em>Regio.</em></strong></span> <span class='ocrx_word' id='word_1_916' title='bbox 2324 5151 2396 5203; x_wconf 72' lang='lat' dir='ltr'><strong><em>lie</em></strong></span> <span class='ocrx_word' id='word_1_917' title='bbox 2433 5150 2489 5204; x_wconf 90' lang='lat' dir='ltr'><strong><em>S.</em></strong></span> <span class='ocrx_word' id='word_1_918' title='bbox 2526 5149 2774 5221; x_wconf 76' lang='lat' dir='ltr'><strong><em>Metlardo</em></strong></span> <span class='ocrx_word' id='word_1_919' title='bbox 2817 5147 2988 5221; x_wconf 61' lang='lat' dir='ltr'><strong><em>agitur</em></strong></span> <span class='ocrx_word' id='word_1_920' title='bbox 3027 5150 3150 5201; x_wconf 88' lang='lat' dir='ltr'><strong><em>item</em></strong></span> <span class='ocrx_word' id='word_1_921' title='bbox 3184 5151 3234 5200; x_wconf 93' lang='lat' dir='ltr'><strong><em>in</em></strong></span> <span class='ocrx_word' id='word_1_922' title='bbox 3265 5147 3355 5221; x_wconf 67' lang='lat' dir='ltr'><strong><em>lib.</em></strong></span> <span class='ocrx_word' id='word_1_923' title='bbox 3396 5151 3464 5221; x_wconf 83' lang='lat' dir='ltr'><strong><em>de</em></strong></span> <span class='ocrx_word' id='word_1_924' title='bbox 3501 5149 3665 5205; x_wconf 85' lang='lat' dir='ltr'><strong><em>Glur.</em></strong></span> 
     </span>
    </p>
   </div>
   <div class='ocr_carea' id='block_1_123' title="bbox 2087 5217 3666 5286">
    <p class='ocr_par' dir='ltr' id='par_1_123' title="bbox 2087 5217 3666 5286">
     <span class='ocr_line' id='line_1_123' title="bbox 2087 5217 3666 5286; baseline 0.001 -16"><span class='ocrx_word' id='word_1_925' title='bbox 2087 5217 2240 5274; x_wconf 74' lang='lat' dir='ltr'><strong><em>Coﬁf.</em></strong></span> <span class='ocrx_word' id='word_1_926' title='bbox 2275 5234 2394 5286; x_wconf 88' lang='lat' dir='ltr'><strong><em>cap.</em></strong></span> <span class='ocrx_word' id='word_1_927' title='bbox 2433 5221 2525 5274; x_wconf 66' lang='lat'><strong><em>95.</em></strong></span> <span class='ocrx_word' id='word_1_928' title='bbox 2566 5217 2784 5271; x_wconf 80' lang='lat' dir='ltr'><strong><em>Obiturn</em></strong></span> <span class='ocrx_word' id='word_1_929' title='bbox 2808 5218 2923 5284; x_wconf 88' lang='lat' dir='ltr'><strong><em>ejus</em></strong></span> <span class='ocrx_word' id='word_1_930' title='bbox 2959 5222 3235 5284; x_wconf 86' lang='lat' dir='ltr'><strong><em>consignat</em></strong></span> <span class='ocrx_word' id='word_1_931' title='bbox 3279 5217 3524 5272; x_wconf 82' lang='lat' dir='ltr'><strong><em>Cointins</em></strong></span> <span class='ocrx_word' id='word_1_932' title='bbox 3561 5238 3666 5276; x_wconf 83' lang='lat' dir='ltr'><strong><em>an.</em></strong></span> 
     </span>
    </p>
   </div>
   <div class='ocr_carea' id='block_1_124' title="bbox 2091 5287 3668 5354">
    <p class='ocr_par' dir='ltr' id='par_1_124' title="bbox 2091 5287 3668 5354">
     <span class='ocr_line' id='line_1_124' title="bbox 2091 5287 3668 5354; baseline -0.004 -13"><span class='ocrx_word' id='word_1_933' title='bbox 2091 5289 2221 5350; x_wconf 71' lang='lat'><strong><em>545;</em></strong></span> <span class='ocrx_word' id='word_1_934' title='bbox 2251 5289 2488 5342; x_wconf 86' lang='lat' dir='ltr'><strong><em>Valesius</em></strong></span> <span class='ocrx_word' id='word_1_935' title='bbox 2527 5304 2614 5340; x_wconf 91' lang='lat' dir='ltr'><strong><em>an.</em></strong></span> <span class='ocrx_word' id='word_1_936' title='bbox 2647 5288 2770 5340; x_wconf 77' lang='grc'><strong><em>560.</em></strong></span> <span class='ocrx_word' id='word_1_937' title='bbox 2806 5287 2977 5338; x_wconf 63' lang='lat' dir='ltr'><strong><em>[atram</em></strong></span> <span class='ocrx_word' id='word_1_938' title='bbox 3017 5302 3156 5339; x_wconf 85' lang='lat' dir='ltr'><strong><em>nunc</em></strong></span> <span class='ocrx_word' id='word_1_939' title='bbox 3203 5303 3367 5354; x_wconf 88' lang='lat' dir='ltr'><strong><em>prope</em></strong></span> <span class='ocrx_word' id='word_1_940' title='bbox 3411 5291 3668 5343; x_wconf 71' lang='lat' dir='ltr'><strong><em>Suessio.</em></strong></span> 
     </span>
    </p>
   </div>
   <div class='ocr_carea' id='block_1_125' title="bbox 2092 5358 3667 5425">
    <p class='ocr_par' dir='ltr' id='par_1_125' title="bbox 2092 5358 3667 5425">
     <span class='ocr_line' id='line_1_125' title="bbox 2092 5358 3667 5425; baseline 0 -13"><span class='ocrx_word' id='word_1_941' title='bbox 2092 5375 2191 5412; x_wconf 87' lang='lat' dir='ltr'><strong><em>nas</em></strong></span> <span class='ocrx_word' id='word_1_942' title='bbox 2232 5370 2403 5411; x_wconf 80' lang='lat' dir='ltr'><strong><em>exstat</em></strong></span> <span class='ocrx_word' id='word_1_943' title='bbox 2435 5359 2642 5410; x_wconf 88' lang='lat' dir='ltr'><strong><em>basilica</em></strong></span> <span class='ocrx_word' id='word_1_944' title='bbox 2671 5372 2790 5408; x_wconf 88' lang='lat' dir='ltr'><strong><em>cum</em></strong></span> <span class='ocrx_word' id='word_1_945' title='bbox 2816 5358 3005 5425; x_wconf 81' lang='lat' dir='ltr'><strong><em>insigni</em></strong></span> <span class='ocrx_word' id='word_1_946' title='bbox 3039 5361 3361 5410; x_wconf 83' lang='lat' dir='ltr'><strong><em>monasterio</em></strong></span> <span class='ocrx_word' id='word_1_947' title='bbox 3396 5359 3514 5410; x_wconf 83' lang='lat' dir='ltr'><strong><em>0rd.</em></strong></span> <span class='ocrx_word' id='word_1_948' title='bbox 3551 5358 3667 5412; x_wconf 77' lang='lat' dir='ltr'><strong><em>Be-</em></strong></span> 
     </span>
    </p>
   </div>
   <div class='ocr_carea' id='block_1_126' title="bbox 2085 5427 3668 5494">
    <p class='ocr_par' dir='ltr' id='par_1_126' title="bbox 2085 5427 3668 5494">
     <span class='ocr_line' id='line_1_126' title="bbox 2085 5427 3668 5494; baseline -0.005 -12"><span class='ocrx_word' id='word_1_949' title='bbox 2085 5429 2338 5482; x_wconf 83' lang='lat' dir='ltr'><strong><em>nedictini</em></strong></span> <span class='ocrx_word' id='word_1_950' title='bbox 2365 5428 2464 5480; x_wconf 91' lang='lat' dir='ltr'><strong><em>sub</em></strong></span> <span class='ocrx_word' id='word_1_951' title='bbox 2489 5429 2656 5480; x_wconf 86' lang='lat' dir='ltr'><strong><em>sancti</em></strong></span> <span class='ocrx_word' id='word_1_952' title='bbox 2689 5427 2851 5478; x_wconf 84' lang='lat' dir='ltr'><strong><em>Mauri</em></strong></span> <span class='ocrx_word' id='word_1_953' title='bbox 2883 5428 3323 5494; x_wconf 87' lang='lat' dir='ltr'><strong><em>congregatione,</em></strong></span> <span class='ocrx_word' id='word_1_954' title='bbox 3359 5430 3444 5478; x_wconf 84' lang='lat' dir='ltr'><strong><em>ubi</em></strong></span> <span class='ocrx_word' id='word_1_955' title='bbox 3474 5432 3668 5494; x_wconf 70' lang='lat' dir='ltr'><strong><em>scpul.</em></strong></span> 
     </span>
    </p>
   </div>
   <div class='ocr_carea' id='block_1_127' title="bbox 2083 5496 3666 5564">
    <p class='ocr_par' dir='ltr' id='par_1_127' title="bbox 2083 5496 3666 5564">
     <span class='ocr_line' id='line_1_127' title="bbox 2083 5496 3666 5564; baseline -0.001 -11"><span class='ocrx_word' id='word_1_956' title='bbox 2083 5515 2230 5552; x_wconf 85' lang='lat' dir='ltr'><strong><em>crum</em></strong></span> <span class='ocrx_word' id='word_1_957' title='bbox 2263 5500 2321 5550; x_wconf 77' lang='grc'><strong><em>11.</em></strong></span> <span class='ocrx_word' id='word_1_958' title='bbox 2356 5496 2586 5550; x_wconf 82' lang='lat' dir='ltr'><strong><em>Medardi</em></strong></span> <span class='ocrx_word' id='word_1_959' title='bbox 2619 5497 2801 5548; x_wconf 81' lang='lat' dir='ltr'><strong><em>visitur</em></strong></span> <span class='ocrx_word' id='word_1_960' title='bbox 2830 5499 2879 5548; x_wconf 89' lang='lat' dir='ltr'><strong><em>in</em></strong></span> <span class='ocrx_word' id='word_1_961' title='bbox 2913 5505 3094 5564; x_wconf 84' lang='lat' dir='ltr'><strong><em>crypta</em></strong></span> <span class='ocrx_word' id='word_1_962' title='bbox 3126 5497 3487 5550; x_wconf 80' lang='lat' dir='ltr'><strong><em>subterranea.</em></strong></span> <span class='ocrx_word' id='word_1_963' title='bbox 3520 5497 3666 5552; x_wconf 80' lang='lat' dir='ltr'><strong><em>Fur-</em></strong></span> 
     </span>
    </p>
   </div>
   <div class='ocr_carea' id='block_1_128' title="bbox 2084 5565 3664 5634">
    <p class='ocr_par' dir='ltr' id='par_1_128' title="bbox 2084 5565 3664 5634">
     <span class='ocr_line' id='line_1_128' title="bbox 2084 5565 3664 5634; baseline 0 -14"><span class='ocrx_word' id='word_1_964' title='bbox 2084 5578 2297 5621; x_wconf 81' lang='lat' dir='ltr'><strong><em>tunatus</em></strong></span> <span class='ocrx_word' id='word_1_965' title='bbox 2326 5574 2516 5634; x_wconf 70' lang='lat' dir='ltr'><strong><em>pra-ter</em></strong></span> <span class='ocrx_word' id='word_1_966' title='bbox 2546 5565 2662 5633; x_wconf 86' lang='lat' dir='ltr'><strong><em>ejus</em></strong></span> <span class='ocrx_word' id='word_1_967' title='bbox 2703 5566 2895 5627; x_wconf 87' lang='lat' dir='ltr'><strong><em>vitam,</em></strong></span> <span class='ocrx_word' id='word_1_968' title='bbox 2929 5568 3140 5632; x_wconf 86' lang='lat' dir='ltr'><strong><em>scripsit</em></strong></span> <span class='ocrx_word' id='word_1_969' title='bbox 3172 5567 3240 5618; x_wconf 87' lang='lat' dir='ltr'><strong><em>de</em></strong></span> <span class='ocrx_word' id='word_1_970' title='bbox 3269 5574 3450 5618; x_wconf 70' lang='lat' dir='ltr'><strong><em>mntem</em></strong></span> <span class='ocrx_word' id='word_1_971' title='bbox 3481 5583 3664 5621; x_wconf 65' lang='lat' dir='ltr'><strong><em>carni.</em></strong></span> 
     </span>
    </p>
   </div>
   <div class='ocr_carea' id='block_1_129' title="bbox 2088 5634 3666 5705">
    <p class='ocr_par' dir='ltr' id='par_1_129' title="bbox 2088 5634 3666 5705">
     <span class='ocr_line' id='line_1_129' title="bbox 2088 5634 3666 5705; baseline 0.001 -13"><span class='ocrx_word' id='word_1_972' title='bbox 2088 5641 2148 5692; x_wconf 82' lang='grc'><strong>17</strong></span> <span class='ocrx_word' id='word_1_973' title='bbox 2183 5638 2302 5692; x_wconf 79' lang='lat' dir='ltr'><strong><em>lori</em></strong></span> <span class='ocrx_word' id='word_1_974' title='bbox 2334 5652 2401 5700; x_wconf 88' lang='lat' dir='ltr'><strong><em>II,</em></strong></span> <span class='ocrx_word' id='word_1_975' title='bbox 2434 5635 2519 5688; x_wconf 88' lang='lat' dir='ltr'><strong><em>ubi</em></strong></span> <span class='ocrx_word' id='word_1_976' title='bbox 2574 5639 2640 5689; x_wconf 87' lang='lat' dir='ltr'><strong><em>de</em></strong></span> <span class='ocrx_word' id='word_1_977' title='bbox 2671 5634 2886 5688; x_wconf 71' lang='lat' dir='ltr'><strong><em>basiica</em></strong></span> <span class='ocrx_word' id='word_1_978' title='bbox 2919 5650 2948 5687; x_wconf 84' lang='lat' dir='ltr'><strong><em>a</em></strong></span> <span class='ocrx_word' id='word_1_979' title='bbox 2973 5635 3238 5703; x_wconf 76' lang='lat' dir='ltr'><strong><em>Signberto</em></strong></span> <span class='ocrx_word' id='word_1_980' title='bbox 3267 5642 3493 5703; x_wconf 80' lang='lat' dir='ltr'><strong><em>perlecta</em></strong></span> <span class='ocrx_word' id='word_1_981' title='bbox 3523 5654 3666 5705; x_wconf 76' lang='lat' dir='ltr'><strong><em>agit.</em></strong></span> 
     </span>
    </p>
   </div>
  </div>
