4006 6182
1258 363 1573 420 HISTORIA
1615 359 2062 418 FRANCORUM.
2105 358 2308 416 LIBER
2346 357 2690 428 QUARTUS.

3472 357 3584 414 986

326 483 428 537 des
475 492 634 548 atque
679 489 898 535 catenas
948 479 1218 547 disruptas
1263 480 1667 545 coufraclasqtte
1691 475 1902 545 jacere,
1933 473 1984 536 Α
2010 487 2114 527 non
2146 472 2406 541 permisit.
2439 471 2589 526 Mane
2630 479 2806 524 autem
2838 469 3009 534 facto,
3046 477 3270 540 uterque
3307 480 3581 526 commoto

328 590 454 643 qua:
486 589 652 642 usque
681 572 840 625 liodie
898 571 951 624 in
997 569 1358 624 testimonium
1413 569 1624 623 virtutis
1649 568 1796 635 ejus,
1838 564 1905 618 ad

334 666 509 732 ipsum
548 663 688 718 beati
737 661 1038 732 sepulcrum
1085 670 1444 715 reservantur.
1488 657 1594 715 Sed
1634 657 1700 712 ad
1747 670 1905 725 supe-

332 756 479 810 riora
509 754 809 809 redeamus.

407 846 529 901 XX.
571 846 940 901 Cbildebertus
980 845 1138 913 igitur
1175 858 1270 898 rex
1309 851 1572 911 aegrotare
1599 841 1794 910 etrapit,
1851 846 1907 893 et

331 952 461 992 cum
498 937 798 991 diutissime
843 935 980 1002 apud
1031 933 1262 988 Parisios
1310 932 1508 987 lectulo
1553 931 1901 998 decubasset,

334 1027 504 1092 obiit;
545 1036 600 1081 et
638 1026 704 1079 ad
738 1025 1012 1078 basilicam
1063 1023 1203 1076 beati
1235 1021 1494 1076 Vincentii
1526 1028 1574 1083 ⁸,
1603 1033 1760 1086 quam
1799 1018 1912 1084 ipse

339 1125 742 1180 construxerat,
775 1125 859 1170 est
887 1114 1154 1182 sepultus.
1183 1109 1348 1181 Cujus
1375 1125 1593 1178 regnum
1616 1119 1668 1163 et
1695 1107 1913 1161 thesau-

338 1223 430 1263 ros
480 1206 924 1260 Cblotbacharius
978 1218 1070 1257 rex
1134 1201 1338 1267 accepit
1387 1196 1825 1269 :Ultrogottham
1884 1191 1913 1231 δ

335 1313 472 1352 vero
498 1307 552 1353 et
592 1297 727 1351 ﬁlias
754 1297 873 1364 ejus
924 1295 1054 1348 duas
1094 1294 1145 1348 in
1175 1292 1420 1347 exsilium
1453 1289 1649 1357 posuit.
1693 1288 1915 1342 Cbram-

338 1403 444 1442 nus
493 1397 669 1442 antem
703 1386 840 1456 patri
871 1393 1304 1456 repnesentatur,
1338 1382 1430 1437 sed
1463 1390 1642 1449 postea
1686 1378 1914 1433 inﬁdelis

341 1479 572 1533 exstitit.
623 1477 864 1546 Cumque
909 1491 968 1532 se
1010 1483 1256 1531 cerneret
1303 1473 1531 1529 evadere
1581 1487 1686 1525 non
1728 1485 1914 1539 posse,

341 1569 671 1623 Britanniam
695 1568 846 1636 petiit
875 1584 888 1619 :
922 1565 1102 1634 ibique
1128 1578 1248 1618 cum
1269 1563 1556 1617 Chonobro
1582 1571 1603 1599 ε
1638 1560 1918 1614 Britanno-

338 1676 462 1715 rum
498 1660 726 1722 comite.
758 1661 873 1727 ipse
907 1667 961 1713 et
1008 1672 1143 1710 uxor
1178 1655 1324 1723 ejus,
1372 1669 1434 1706 ac
1474 1653 1593 1706 ﬁliae
1624 1651 1912 1705 latuerunt.

343 1755 722 1812 Wiliacharius
747 1763 924 1809 autem
967 1765 1120 1807 socer
1145 1750 1260 1819 ejus
1300 1746 1326 1785 ά
1353 1747 1418 1801 ad
1449 1746 1721 1802 basilicam
1747 1744 1916 1798 sancti

2007 564 2245 618 exercitu
2289 563 2354 616 ad
2411 563 2609 616 bellum
2667 569 2849 614 contra
2896 575 2956 615 se
3003 569 3307 628 properant.
3366 562 3582 631 lbatque

2006 652 2453 708 Cblotbacharius
2474 668 2570 707 rex
2595 663 2843 719 tanquam
2875 667 3042 707 novus
3072 653 3231 708 David
3260 662 3444 708 contra
3468 655 3581 709 Ab-

2007 743 2244 798 salonem
2279 744 2440 798 ﬁlium
2470 753 2830 813 pugnaturus,
2864 742 3121 812 plangens
3163 753 3321 813 atque
3345 744 3531 798 dicens
3563 762 3581 799 :

2010 833 2255 904 Respice,
2290 836 2532 902 Domine,
2561 835 2626 888 de
2653 835 2824 903 cmlo,
2852 841 2907 889 et
2927 834 3102 903 judica
3145 850 3357 891 causam
3383 852 3585 906 meam,

2009 924 2131 994 quia
2162 925 2357 995 injuste
2386 941 2413 979 a
2449 926 2555 979 ﬁlio
2578 925 2798 994 injurias
2819 928 3008 993 patior.
3041 927 3291 994 Respice,
3324 938 3379 982 et
3401 929 3582 994 judica

2010 1014 2177 1083 juste;
2222 1015 2458 1085 illudque
2487 1017 2698 1084 impone
2723 1015 3010 1085 judicium,
3037 1019 3178 1086 quod
3207 1020 3467 1086 quondam
3503 1020 3582 1073 iu-

2013 1115 2096 1160 ter
2117 1106 2435 1161 Absalonem
2478 1116 2532 1161 et
2571 1117 2774 1176 patrem
2805 1108 2922 1176 ejus
2962 1108 3125 1163 David
3166 1112 3405 1180 posuisti.
3439 1114 3577 1166 Con-

2014 1196 2314 1266 ﬁigentibus
2341 1197 2500 1266 igitur
2547 1197 2764 1266 pariter,
2808 1197 3177 1253 Britannorum
3219 1198 3398 1255 coines
3437 1210 3584 1271 terga

1989 1292 2202 1353 «vertit,
2235 1289 2412 1358 ibique
2441 1299 2495 1345 et
2539 1290 2751 1346 cecidit.
2797 1289 3038 1362 Denique
3083 1291 3381 1349 Chramnus
3411 1297 3587 1365 fugam

2016 1381 2160 1447 iniit,
2192 1396 2355 1435 naves
2385 1381 2435 1435 in
2467 1383 2599 1436 mari
2641 1391 2852 1449 paratas
2893 1383 3095 1438 habens
3129 1401 3142 1438 :
3175 1385 3266 1438 sed
3299 1385 3422 1439 dum
3452 1402 3586 1440 uxo-

2017 1486 2128 1524 rem
2161 1482 2214 1527 et
2244 1470 2380 1526 ﬁlias
2421 1485 2545 1525 suas
2574 1471 2804 1526 liberare
2830 1474 3021 1538 voluit,
3061 1474 3128 1527 ab
3157 1476 3390 1529 exercitu
3423 1478 3590 1544 patris

2017 1575 2332 1630 Oppressus,
2360 1570 2546 1630 captus
2571 1571 2729 1631 atque
2751 1563 2942 1631 ligatus
2971 1573 3073 1617 est.
3105 1565 3255 1629 Quod
3285 1579 3405 1618 cum
3427 1565 3590 1619 Chlo-

2019 1649 2296 1705 thachario
2334 1652 2444 1720 regi
2489 1654 2786 1706 nuntiatum
2835 1652 3053 1719 fuisset,
3092 1653 3251 1722 jussit
3292 1669 3412 1710 eum
3465 1671 3586 1711 cum

2021 1756 2186 1797 uxore
2215 1749 2272 1796 et
2303 1742 2511 1796 ﬁliabus
2545 1744 2700 1815 162
2749 1743 2856 1813 igni
2885 1745 3123 1800 consumi
3155 1762 3169 1799 :
3211 1746 3505 1817 inclusique
3530 1749 3586 1803 in

341 1845 555 1901 κατϋηὶ
581 1844 840 1916 confugit.
859 1843 1011 1898 Tunc
1039 1850 1221 1896 sancta
1253 1839 1466 1895 basilica
1495 1853 1525 1890 a
1564 1839 1794 1906 peccatis
1821 1849 1913 1905 po-
1943 1829 1992 1887 B
2018 1831 2228 1899 tugurio
2274 1830 2550 1900 cujusdam
2614 1833 2914 1900 pauperculi
2971 1831 2991 1869 τ
3014 1875 3030 1898 ,
3078 1833 3376 1889 Chramnus
3429 1852 3589 1904 super

342 1934 452 2006 puli
480 1949 543 1988 ac
576 1932 854 1997 ludibriis,
905 1947 1024 2000 qua:
1064 1930 1118 1985 in
1147 1945 1210 1985 ea
1241 1929 1471 1995 ﬁebant,
1513 1943 1606 1996 per
1635 1926 1918 1982 Wiliacha-

344 2026 484 2078 rium
508 2024 894 2093 conjugemque
911 2021 1029 2090 ejus
1049 2033 1305 2074 succensa
1331 2027 1443 2082 est,
1466 2017 1604 2088 quod
1629 2033 1732 2070 non
1766 2017 1918 2086 161

344 2117 464 2170 sine
489 2115 640 2184 gravi
669 2113 896 2182 suspirio
927 2125 1304 2167 memoramus.
1332 2109 1438 2164 Sed
1468 2119 1521 2161 et
1542 2107 1728 2161 civitas
1754 2106 1922 2160 Turo-

349 2205 464 2260 nica
495 2215 621 2261 ante
654 2218 852 2258 annum
880 2202 986 2270 jam
1036 2201 1141 2270 igni
1170 2209 1484 2267 consumpta
1534 2197 1727 2262 fuerat,
1754 2207 1808 2252 et
1838 2207 1924 2252 to-

348 2304 417 2350 te
459 2295 702 2351 ecclesia:
730 2294 782 2348 in
831 2293 1017 2348 eadem
1055 2302 1403 2357 constructa,
1452 2292 1679 2346 deserta:
1722 2288 1926 2344 relicta

348 2394 490 2442 sunt.
521 2385 771 2440 Protinus
792 2384 929 2438 beati
950 2381 1157 2437 Martini
1188 2381 1400 2437 basilica
1420 2421 1436 2444 ,
1466 2381 1744 2434 ordinante
1763 2378 1929 2433 Chlo-

354 2475 635 2530 tbacnario
665 2489 820 2544 rege,
872 2483 1063 2527 stanno
1104 2480 1354 2542 coopvrta
1383 2480 1498 2530 est,
1533 2481 1584 2524 et
1615 2470 1667 2523 in
1696 2470 1817 2534 illa,
1872 2477 1929 2522 ut

353 2567 499 2637 prius
544 2568 754 2634 fuerat,
784 2564 1078 2634 elegantia,
1128 2573 1392 2629 reparata.
1445 2560 1593 2616 Tunc
1626 2559 1746 2614 dure
1785 2559 1930 2612 acies

359 2659 686 2711 locustarum
727 2662 1122 2723 apparuerunt,
1153 2669 1271 2721 qua:
1303 2667 1397 2720 per
1446 2652 1742 2705 Arvernum
1772 2657 1932 2718 atque

357 2746 755 2802 Lemovicinum
787 2755 810 2782 ⁶
844 2751 1208 2810 transeuntes,
1241 2751 1299 2796 ut
1318 2743 1523 2806 ferunt,
1550 2740 1929 2794 Romaniacum

352 2853 604 2907 campum
633 2843 925 2899 venerunt,
978 2835 1030 2888 in
1078 2850 1218 2902 quo,
1253 2833 1437 2902 praelio
1465 2847 1657 2900 magno
1709 2832 1848 2885 inter
1873 2845 1932 2886 se

355 2939 498 2995 acto,
558 2929 790 2983 maxime
840 2935 964 2981 sunt
1005 2926 1226 2980 colliszr.
1277 2923 1718 2979 Cltlotliacbarius
1755 2931 1930 2976 autem

355 3037 472 3084 rex,
499 3028 690 3074 contra
719 3016 1042 3072 Cltramnum
1087 3014 1366 3079 frendens,
1415 3029 1534 3067 cum
1580 3013 1815 3067 exercitu
1841 3011 1933 3064 ad-

356 3126 547 3167 versus
577 3125 700 3164 eum
738 3108 790 3162 in
834 3106 1156 3161 Britanniam
1183 3104 1378 3174 dirigit.
1430 3103 1534 3158 Sed
1566 3117 1663 3157 nec
1691 3103 1778 3156 ille
1805 3116 1935 3155 con-

2018 1936 2291 1976 scamnum
2318 1930 2566 1976 extensus
2597 1923 2773 1977 orario
2803 1924 3111 1993 suggillatus
3139 1935 3246 1989 est;
3265 1934 3318 1980 et
3343 1927 3418 1981 sic
3440 1939 3588 1990 post-

2020 2026 2080 2065 ea
2111 2025 2270 2077 super
2295 2025 2389 2066 eos
2430 2012 2643 2066 incensa
2682 2013 2894 2080 casula,
2925 2029 3043 2066 cum
3073 2029 3237 2069 uxore
3285 2024 3339 2070 et
3381 2016 3589 2073 ﬁliabus

2020 2101 2241 2156 interiit.

2094 2191 2239 2247 XXI.
2259 2192 2370 2246 Rex
2388 2205 2514 2246 vero
2534 2190 2972 2246 Cblmhacharius
2993 2207 3133 2246 anno
3152 2196 3590 2264 quinquagesimo

2027 2282 2198 2351 primo
2226 2281 2375 2352 regni
2404 2281 2508 2348 sui,
2539 2297 2659 2336 cum
2695 2282 2873 2337 multis
2902 2284 3208 2337 muneribus
3236 2285 3421 2341 limina
3443 2288 3585 2342 beati

2029 2371 2235 2427 Martini
2281 2372 2507 2441 expetiit
2535 2380 2584 2436 Β,
2613 2380 2667 2425 et
2695 2372 2985 2426 adveniens
3028 2371 3256 2427 Turonis
3294 2375 3358 2428 ad
3413 2378 3590 2443 sepul-

2028 2476 2178 2516 crum
2207 2461 2458 2515 antedicti
2488 2459 2763 2527 antistitis,
2790 2469 3008 2513 cunctas
3055 2460 3291 2514 actiones
3321 2477 3454 2530 quas
3477 2463 3586 2517 for-

2031 2559 2172 2604 tasse
2221 2551 2547 2620 negligenter
2596 2557 2774 2618 egerat
2828 2548 3126 2619 replicans,
3173 2559 3226 2604 et
3269 2566 3428 2606 orans
3473 2567 3594 2608 cum

2030 2642 2215 2710 grandi
2246 2642 2482 2712 gemitu,
2516 2649 2571 2693 ut
2601 2654 2698 2710 pro
2745 2642 2858 2693 suis
2890 2640 3058 2707 culpis
3092 2640 3279 2695 beatus
3322 2641 3596 2698 confessor

2033 2735 2241 2789 Domini
2271 2733 2687 2788 misericordiam
2733 2739 2998 2796 exoraret,
3032 2741 3085 2787 et
3114 2747 3176 2786 ea
3225 2749 3342 2800 qua:
3388 2734 3597 2789 irratio-

2035 2825 2279 2879 nabiliter
2309 2824 2669 2887 commiserat,
2702 2835 2800 2875 suo
2825 2821 3044 2875 obtentu
3076 2821 3320 2875 dilueret.
3358 2822 3492 2875 Exin
3519 2838 3599 2878 re-

2034 2931 2275 2989 gressus,
2311 2915 2750 2984 quinquagesimo
2779 2914 2951 2983 primo
2988 2914 3135 2982 regni
3167 2913 3247 2966 sui
3273 2929 3445 2979 anno,
3475 2913 3600 2968 dum

2035 3011 2086 3064 itt
2111 3009 2259 3064 Cotia
2290 3008 2420 3060 silva
2448 3005 2474 3042 ιι
2506 3006 2839 3060 venationem
2873 3017 3164 3066 exerceret,
3190 3021 3218 3058 a
3251 3007 3397 3062 febre
3428 3009 3599 3062 corri-

2035 3100 2201 3168 pitur,
2233 3109 2283 3152 et
2322 3097 2516 3152 exinde
2545 3097 2932 3165 Compendium
2970 3096 3147 3149 villam
3178 3097 3335 3152 rediit
3363 3115 3378 3152 :
3412 3099 3462 3152 in
3494 3116 3596 3167 qua
3689 3121 3694 3123 >

356 3211 436 3256 tra
491 3213 697 3272 patrem
750 3197 930 3268 egredi
979 3197 1175 3252 timuit.
1207 3195 1444 3262 Cumque
1492 3194 1544 3247 in
1594 3209 1700 3247 uno
1747 3207 1935 3260 campo
1963 3185 2008 3247 C
2041 3204 2158 3244 cum
2190 3188 2420 3259 graviter
2446 3196 2731 3240 vexaretur
2758 3201 2786 3238 a
2822 3187 2988 3252 febre,
3021 3188 3192 3241 aiebat
3225 3205 3239 3245 :
3281 3189 3426 3242 Vua!
3458 3191 3594 3256 Quid

355 3292 708 3362 conglobatus
738 3299 960 3356 uterque
1005 3286 1262 3341 resideret
1303 3285 1597 3346 exercitus,
1627 3293 1679 3337 et
1713 3282 1935 3338 Chram-

355 3400 458 3439 nns
486 3400 608 3438 cum
634 3380 899 3436 Britannis
921 3388 1105 3434 contra
1149 3387 1347 3446 patrem
1375 3377 1542 3430 aciem
1575 3375 1932 3440 instruxisset,

358 3474 702 3530 incumbente
737 3469 892 3525 nocte
923 3486 950 3522 a
981 3469 1119 3523 bello
1168 3478 1430 3522 cessatum
1460 3475 1563 3520 est.
1615 3466 1685 3520 Ea
1727 3480 1937 3534 quoque

357 3575 516 3618 nocte
546 3562 834 3617 Chonober
861 3574 1042 3615 comes
1068 3559 1438 3614 Britannorum
1467 3557 1595 3611 dicit
1623 3556 1688 3608 ad
1717 3556 1938 3610 Chram-

359 3673 488 3710 num
517 3673 530 3707 :
565 3655 822 3724 lujustum
845 3667 1038 3708 censeo
1061 3661 1111 3707 te
1133 3660 1317 3706 contra
1344 3658 1546 3719 patrem
1573 3657 1718 3701 tuum
1742 3647 1939 3702 debere

359 3746 569 3814 egredi.
620 3745 874 3799 Permitte
920 3758 1005 3796 me
1046 3741 1145 3796 hac
1200 3749 1389 3804 nocte,
1447 3747 1504 3792 ut
1531 3738 1730 3791 irruam
1780 3751 1940 3803 super

361 3852 513 3902 curn,
544 3836 822 3904 ipsumque
849 3847 971 3886 cum
997 3841 1108 3886 toto
1135 3830 1373 3886 exercitu
1404 3837 1755 3898 prosternam.
1787 3826 1938 3893 Quod

362 3928 703 3991 Chramnus,
736 3935 792 3978 ut
837 3924 1033 3987 credo,
1078 3923 1274 3976 virtute
1309 3921 1404 3976 Dei
1457 3926 1787 3990 praeventus,
1825 3917 1939 3972 ﬁeri

438 4051 464 4077 ⁸
502 4041 625 4095 llaec
673 4048 758 4095 est
801 4038 1014 4093 basilica
1044 4037 1100 4092 S.
1141 4035 1384 4089 Germani
1415 4049 1443 4087 a
1479 4033 1648 4088 Pratis
1676 4032 1845 4097 dicta,
1873 4031 1942 4086 de

365 4129 467 4177 qua
499 4125 659 4176 supra
687 4111 751 4163 ad
793 4124 912 4176 cap.
951 4109 1017 4160 29
1043 4107 1133 4160 lib.
1167 4121 1258 4167 ιιι,
1282 4105 1370 4157 ubi
1390 4105 1454 4177 _in
1484 4104 1662 4177 medio
1687 4101 1834 4157 chori
1867 4101 1943 4155 vi-

366 4172 499 4237 situr
529 4172 686 4236 etiam
739 4172 876 4232 nunc
911 4177 1235 4230 Cbildeberti
1293 4172 1816 4244 regisisepulcrum,
1865 4180 1943 4225 ta-

369 4251 526 4305 metsi
557 4267 660 4302 non
689 4247 1226 4312 tantae‘antiquitatis.
1281 4245 1406 4313 Ejus
1435 4243 1699 4313 depositio
1749 4243 1801 4294 in
1849 4255 1943 4313 an-

369 4320 636 4388 tngraplro
674 4319 898 4374 Usuardi
952 4311 1334 4388 Martyrologio
1378 4315 1466 4388 die
1515 4312 1586 4388 g3
1637 4311 1943 4388 Decembris

370 4381 733 4460 consignatur,
764 4403 883 4460 quo
907 4387 1008 4460 ‘die
1036 4381 1442 4460 singulis—annis
1487 4381 1604 4449 ejus
1631 4382 1942 4460 anniversa-

374 4451 664 4514 riumvcum
693 4451 921 4512 sclémni
972 4451 1166 4523 pompa
1209 4455 1366 4523 etiam
1409 4466 1549 4506 nunc
1590 4451 1939 4523 celebramus.

379 4549 399 4582 ι
449 4531 560 4582 Non
594 4529 746 4583 facile
776 4519 1038 4595 reperias,
1083 4519 1250 4590 inquit
1277 4521 1549 4595 valesius,
1593 4521 1812 4595 lib._vttt
1838 4519 1944 4595 Re-

377 4616 492 4654 rum
526 4599 793 4659 Francia,
823 4590 974 4664 cujus
1005 4596 1171 4663 pietas
1213 4601 1269 4647 et
1314 4593 1381 4664 de
1423 4591 1645 4664 summis
1696 4590 1947 4664 Ecclesia:

379 4671 539 4722 rebus
568 4668 866 4722 sollicitudo
887 4659 1076 4720 inuliis
1102 4672 1156 4717 et
1196 4661 1401 4732 magnis
1419 4659 1809 4732 experimentis
1844 4666 1948 4710 tes-

380 4742 544 4793 tatior
589 4738 717 4801 fuit,
751 4752 909 4804 quam
939 4730 1305 4804 Childeberti.‘
1325 4750 1344 4783 ›
1378 4730 1826 4804 ldprobant‘loca
1858 4741 1948 4780 sa-

379 4823 474 4861 cra
497 4848 512 4869 ,
545 4823 664 4875 qua:
687 4799 984 4866 exstruxit,
1008 4803 1233 4875 dotavit,
1259 4801 1515 4867 protexit;
1559 4799 1946 4875 concilia_,__qu:e

382 4892 450 4931 eo
479 4869 701 4930 curante
752 4876 1058 4944 frequenter
1101 4873 1370 4944 celebrata
1429 4879 1584 4932 sunt,
1622 4869 1949 4944 pontiﬁcum

387 4946 744 5000 Romanorum
763 4986 776 5008 ,
801 4939 1134 5011 aliorumque
1154 4942 1524 5011 episcoporum
1552 4939 1821 5011 epistolae,
1844 4951 1952 4991 om-

385 5017 531 5069 nium
561 5015 725 5070 ferme
764 5014 881 5085 ejus
907 5013 1004 5066 τενί
1037 5010 1307 5085 anetorum
1341 5010 1661 5063 testimoitia.
1693 5011 1770 5061 0b
1798 5021 1946 5085 suam

384 5087 440 5139 in
466 5087 665 5139 cultum
721 5077 951 5138 divinum
1007 5083 1284 5151 pietatem,
1329 5095 1420 5132 rex
1448 5090 1600 5148 atque
1647 5077 1949 5151 sacerdos}!

387 5154 681 5210 Fortunato
723 5145 1038 5220 appellatur,
1086 5167 1118 5220 q
1160 5152 1172 5203 i
1216 5161 1267 5203 et
1312 5164 1432 5203 eum
1466 5145 1713 5220 passim,
1746 5155 1852 5220 tum
1901 5145 1952 5196 in

389 5172 681 5210 I'ortnnato
723 5172 749 5206 a
795 5172 1038 5216 pellatur,
1086 5172 1118 5220 (ι
1160 5172 1172 5203 1
1216 5172 1267 5203 ει
1312 5172 1432 5203 eum
1466 5172 1689 5212 paramur,
1747 5172 1852 5199 sum
1902 5172 1952 5196 III

389 5224 508 5279 Vita
538 5235 704 5278 sancti
739 5172 1016 5286 (germani,
1074 5232 1180 5273 tum
1225 5222 1275 5273 iu
1319 5219 1642 5275 carminibus
1669 5218 1952 5286 plurimmu

391 5296 594 5349 laudat.
630 5295 759 5349 Vide
793 5295 965 5347 Vales.
1016 5291 1151 5345 libro
1182 5291 1420 5346 laudato,
1452 5298 1504 5340 ct
1536 5289 1667 5340 alios
1712 5298 1955 5337 ain-tores

390 5368 608 5434 passim.
672 5365 798 5432 Ejus
839 5363 1279 5434 Constitutionem
1332 5359 1584 5412 adverSus
1633 5369 1953 5425 paganorum

390 5431 643 5506 reliquias
667 5431 907 5506 dabimus
935 5434 985 5486 in
1019 5431 1340 5506 {appendit-0:

433 5574 446 5586 .
467 5494 763 5587 b'Ux‘urcm.
786 5501 993 5557 scilicet
1017 5494 1339 5587 Cliildciberti
1370 5498 1541 5587 regis,
1573 5511 1634 5549 ac
1663 5496 1794 5549 duas
1827 5494 1960 5548 ﬁlias

392 5574 547 5646 ejus,
578 5575 964 5642 Chrotbergam
993 5582 1047 5624 et
1072 5570 1498 5624 Cbrotesindam.

470 5656 497 5684 ε
538 5647 666 5708 Alii,
691 5644 978 5707 Coonobro;
1004 5642 1158 5707 Bell.,
1187 5640 1413 5702 (ΣΙοοηοο,
1442 5645 1495 5708 et
1515 5634 1768 5708 sicinfra.
1796 5630 1958 5687 Corb.

399 5716 628 5770 Chonoo.
655 5706 659 5708 ’
686 5715 751 5768 Et
797 5716 873 5767 sic
927 5706 975 5766 in
1023 5706 1339 5775 istocapite
1367 5707 1556 5777 lcgilur
1589 5706 1688 5765 bis,
1732 5717 1836 5777 tam
1869 5719 1962 5768 pro

399 5787 686 5850 (nonaliter,
721 5799 875 5851 quam
908 5801 1001 5852 pro
1030 5781 1312 5835 Chonobro.
1344 5775 1444 5833 Sed
1475 5788 1528 5829 et
1575 5792 1728 5847 ~upra
1762 5775 1812 5828 in
1842 5788 1958 5842 cap.

2040 3280 2265 3348 putatis,
2291 3277 2462 3347 qualis
2488 3287 2569 3330 est
2601 3277 2687 3329 ille
2717 3275 2825 3329 Rex
2857 3275 3109 3343 caelestis,
3140 3277 3225 3346 qui
3257 3279 3332 3332 sic
3359 3289 3464 3333 tam
3491 3296 3602 3334 rna-

2037 3384 2168 3439 gnos
2195 3382 2346 3437 reges
2372 3365 2624 3419 interficit
2643 3366 2655 3417 !
2677 3365 2731 3417 In
2762 3365 2862 3418 hoc
2889 3366 3030 3418 enim
3055 3367 3212 3419 taidio
3245 3369 3463 3435 positus,
3492 3371 3604 3435 spi-

2039 3462 2196 3514 ritum
2239 3457 2524 3513 exlialavit.
2566 3457 2732 3521 Quem
2762 3464 2986 3523 quatuor
3028 3456 3119 3509 ﬁlii
3149 3459 3228 3511 Siti
3257 3473 3376 3512 cum
3409 3476 3601 3527 magno

2041 3552 2243 3604 honore
2271 3549 2589 3603 Suessionas
2614 3547 2947 3609 deferentcs,
2979 3549 3029 3601 iu
3062 3548 3271 3602 basilica
3304 3549 3440 3603 beati
3489 3551 3607 3604 Me-

2038 3641 2188 3695 dardi
2219 3639 2562 3707 sepelierunt.
2606 3637 2752 3692 Obiit
2781 3645 2958 3690 autem
2988 3647 3106 3706 post
3134 3653 3292 3691 unum
3319 3637 3607 3692 decurren-

2041 3733 2108 3788 tis
2137 3732 2263 3786 anui
2293 3731 2453 3795 diem,
2488 3746 2593 3799 quo
2617 3728 2913 3783 Chramnus
2937 3729 3104 3781 fuerat
3134 3729 3457 3783 interfectus.

2119 3824 2281 3880 XXII.
2310 3820 2641 3890 Chilpericus
2688 3834 2813 3874 vero
2845 3829 2964 3888 post
3017 3819 3183 3888 patris
3225 3820 3444 3882 funera,
3486 3819 3608 3874 tlte-

2042 3928 2230 3969 sauros
2254 3913 2340 3981 qui
2363 3915 2414 3966 in
2458 3912 2584 3965 villa
2609 3910 2868 3966 Brinuacu
2902 3911 2917 3948 ι
2952 3918 3108 3964 erant
3149 3911 3476 3979 congregati,
3517 3926 3611 3964 ac-

2042 4028 2076 4081 4
2100 4026 2337 4095 ejusdem
2394 4025 2513 4079 libri
2551 4038 2626 4095 ty.
2657 4022 2761 4077 col.
2794 4023 2921 4095 ω,
2955 4022 3047 4075 lin.
3076 4022 3174 4084 20,
3208 4038 3304 4092 pro
3331 4023 3611 4095 σὴαηᾳοηε

2045 4092 2234 4166 legitur
2263 4096 2313 4148 in
2344 4097 2531 4166 eodem
2560 4092 2744 4157 Corb.,
2781 4092 3054 4146 Chonoone
3077 4133 3092 4156 ,
3131 4107 3430 4162 quanquam
3461 4093 3601 4146 idem

2042 4165 2174 4220 alias
2198 4166 2390 4220 dicitur
2416 4165 2646 4218 Chartae.

2118 4233 2144 4272 ἀ
2183 4237 2347 4290 Corb.
2379 4245 2433 4287 et
2459 4235 2616 4295 Bell.,
2651 4230 3035 4284 Williacharius
3063 4243 3228 4284 autem
3259 4232 3496 4285 sacerdos
3520 4233 3611 4287 ad.

2045 4305 2206 4362 Cori).
2243 4316 2295 4359 et
2322 4306 2523 4372 aliquot
2559 4303 2718 4364 editi,
2754 4301 3129 4372 Wilfitharins,
3166 4309 3222 4350 ut
3250 4314 3427 4361 supra.

2120 4387 2145 4414 ⁸
2190 4376 2342 4437 Bell.,
2377 4370 2815 4443 Lemajccinum...
2853 4370 3184 4443 Roninnicum
3213 4385 3466 4443 cantpnm.

2121 4443 2142 4484 ί
2185 4445 2313 4511 Alii,
2339 4438 2708 4511 inclusitque...
2727 4440 3070 4511 pauperculre.
3103 4440 3294 4492 Marius
3325 4438 3391 4491 ad
3417 4456 3614 4511 annum

2050 4515 2152 4572 560
2181 4507 2340 4570 refert
2369 4529 2488 4566 eum
2535 4507 2648 4564 ctum
2687 4525 2843 4561 uxore
2880 4519 2925 4561 et
2956 4510 3079 4574 ﬁliis
3107 4519 3396 4561 crematum
3429 4507 3609 4560 fuisse.

2121 4595 2147 4632 ι
2184 4584 2391 4638 Itineris
2419 4596 2597 4635 comes
2629 4578 2726 4631 fuit
2753 4579 2935 4631 beatus
2964 4579 3257 4632 Germanus
3289 4576 3613 4630 Parisiorum

2051 4655 2350 4722 episcopus,
2382 4654 2469 4719 qui
2501 4665 2561 4703 ea
2593 4650 2872 4722 occasione
2900 4648 3140 4701 Pictavos
3168 4648 3418 4722 perrexit,
3455 4647 3614 4701 Racle

2051 4718 2212 4794 gundi
2237 4718 2337 4794 pro
2365 4718 2725 4794 rege_ve_niam
2752 4718 3036 4794 _petit_urus,
3067 4725 3122 4769 ut
3152 4728 3334 4794 narrat
3359 4718 3594 4794 Baudnni

2052 4785 2134 4846 ἶιδ
2166 4794 2218 4846 in
2243 4785 2366 4844 'Vita
2387 4785 2448 4844 Si
2479 4788 2835 4856 Radeguudis.
2867 4788 3017 4841 'l'uuc
3040 4789 3217 4853 procul
3249 4785 3408 4838 dubio
3438 4788 3616 4856 Agne-

2054 4874 2158 4917 tem
2187 4861 2506 4983 alibgbztttssam
2554 4857 2864 4922 benedixit,
2911 4867 2963 4910 ut
3002 4857 3193 4910 dicitur
3239 4856 3370 4909 infra
3415 4857 3508 4911 lib.
3543 4873 3621 4921 rx,

2054 4948 2168 4983 can.
2277 4972 2293 4983 .

2052 4948 2168 4991 can.
2203 4933 2293 4991 42.
3657 4975 3662 4978 .

2156 4973 2168 4987 .
2203 4949 2293 4991 42,

2120 4949 2158 5040 ll:
2199 5003 2367 5055 Etiam
2399 5014 2538 5052 nunc
2582 5012 2771 5051 nomen
2801 4997 3031 5059 retinet,
3082 4997 3131 5048 Ia
3172 4997 3308 5065 {orét
3345 4997 3407 5048 de
3453 4993 3621 5060 Cariae,

2057 5071 2394 5139 Compendio
2417 5070 2676 5136 proxima.
2707 5068 2948 5139 Cointius
2980 5067 3224 5139 pluribus
3248 5066 3433 5139 probat
3452 5065 3624 5139 _(_2ltlo-

2059 5133 2250 5196 tariuiu
2280 5133 2429 5192 anno
2450 5139 2517 5192 50
2548 5140 2692 5207 regni
2739 5138 2818 5190 sui
2867 5133 3061 5191 abiisse
3084 5177 3100 5207 ,
3135 5135 3371 5207 Valesius
3418 5133 3621 5199 aliquot

2060 5213 2245 5266 diebus
2278 5225 2471 5261 annum
2521 5203 2817 5260 exciassisse
2869 5206 3139 5275 probabile
3185 5203 3489 5275 existimat:
3523 5218 3628 5268 quo

2063 5291 2221 5352 parto
2243 5279 2516 5352 legendtmt
2540 5287 2683 5330 esset
2711 5271 2896 5352 saltem
2928 5275 3081 5352 hujus
3103 5271 3467 5352 capitis-.i‘uit‘io
3491 5289 3629 5352 (ωηο

2064 5339 2151 5405 50.
2185 5339 2546 5403 lienscltcttitts
2575 5355 2754 5399 censet
2791 5347 2876 5398 ltic
2918 5339 3254 5397 scribendum
3281 5339 3371 5394 52.
3410 5341 3628 5396 ΕΜοω-

2065 5421 2172 5474 rius
2201 5420 2335 5472 obiit
2355 5433 2416 5472 ex
2452 5415 2614 5469 Mario
2641 5431 2775 5467 anno
2795 5413 2866 5466 20
2897 5425 3014 5483 post
3049 5411 3395 5466 Consulatum
3428 5411 3629 5476 Basilii,

2066 5491 2116 5544 id
2147 5500 2227 5544 est
2250 5505 2336 5542 an.
2368 5487 2492 5549 561,
2524 5484 2640 5538 Ind.
2674 5500 2753 5537 tx.

2145 5562 2158 5596 ί
2205 5559 2304 5614 Alii
2329 5599 2346 5622 ,
2388 5555 2657 5610 Brannaco
2682 5593 2697 5617 ,
2726 5553 2880 5622 vulgo
2911 5550 3135 5617 Brat'ttc,
3181 5551 3429 5619 oppidum
3460 5552 3629 5603 tribui

2065 5631 2276 5684 circiter
2309 5627 2471 5682 Ieucis
2498 5625 2564 5677 ab
2589 5629 2820 5689 Augusta
2847 5623 3190 5676 Suessionum
3215 5624 3417 5674 distans
3446 5634 3631 5672 versos

2070 5701 2297 5754 Rhemos
2325 5738 2338 5760 ,
2374 5696 2460 5749 ubi
2502 5693 2721 5761 insignis
2752 5691 2956 5745 abbalia
3005 5692 3218 5747 Ordinis
3254 5693 3630 5744 Prw-monstra-

2068 5774 2232 5826 tensis
2351 5766 2548 5821 Erodio
2575 5765 2765 5816 dicata.
2830 5811 2837 5813 _
