4006 6182
441 275 538 333 i9!

1437 269 1496 333 Β.
1532 271 1864 330 CRECORII
1902 268 2207 332 EPISCOPI
2247 223 2676 335 TCRONENSIS

3596 273 3704 327 ὶθῖ

449 394 533 447 dus
559 404 661 446 una
691 387 992 461 reginarum
1022 389 1160 460 ejus,
1193 389 1408 445 nuntios
1448 390 1515 444 ad
1556 388 2018 446 Guntcbramnum
2046 390 2098 450 Α
2122 390 2241 461 guis
2271 393 2464 462 opibus
2493 395 2804 448 destinavit.
2836 390 2969 449 Nam
2994 392 3308 448 Calsnintha
3335 401 3492 446 aetate
3522 393 3703 447 senior

445 499 628 553 regem
675 482 898 551 dirigit,
946 497 1007 536 se
1045 483 1184 536 ultro
1214 482 1445 536 offerens
1500 480 1842 535 matrimonio
1881 479 2020 548 ejus.

444 575 647 642 Quibus
679 589 766 627 res
799 574 899 626 hoc
928 571 1158 627 reddidit
1197 574 1250 627 in
1301 573 1611 642 responsis:
1656 572 1928 628 Accedere
1955 571 2023 628 ad

446 677 532 716 me
559 663 606 715 ei
641 675 744 714 non
777 661 952 731 pigeat
976 676 1096 714 cum
1133 659 1401 714 thesauris
1448 662 1562 715 suis
1592 674 1606 715 :
1635 675 1732 728 ego
1755 661 1898 715 enim
1930 675 2024 715 ac-

443 752 639 819 cipiam
668 767 810 815 eam,
843 747 1140 818 faciamque
1167 767 1406 819 magnam
1440 754 1488 804 in
1522 752 1746 820 populis,
1793 761 1850 803 ιιι
1875 751 2024 805 scili-

442 851 530 895 cet
558 842 757 910 majore
789 857 996 896 mecum
1026 838 1230 897 honore
1259 858 1421 908 quam
1453 858 1574 896 cum
1603 856 1860 911 germano
1883 855 2022 906 meo,

449 932 540 999 qui
570 947 737 1002 nuper
757 928 1044 986 defunctus
1069 941 1173 996 est,
1199 931 1453 1000 potiatur.
1479 926 1548 986 At
1579 932 1664 985 illa
1691 931 1896 1000 gavisa,
1918 931 2030 985 col-

450 1023 607 1077 lectis
636 1023 916 1088 omnibus,
939 1020 1007 1076 ad
1047 1037 1176 1076 eum
1218 1022 1453 1092 profecta
1482 1031 1585 1078 est.
1628 1021 1779 1088 Quod
1801 1035 2028 1076 cernens

454 1130 551 1171 rex
583 1116 658 1168 ait
689 1133 702 1169 :
734 1114 950 1170 Rectius
977 1124 1061 1169 est
1097 1115 1268 1183 enim,
1295 1124 1353 1169 ut
1383 1113 1435 1168 hi
1488 1113 1728 1169 thesauri
1759 1128 1923 1184 penes
1943 1127 2030 1168 tne

449 1205 766 1270 habeantur,
800 1221 956 1274 quam
984 1214 1102 1274 post
1129 1204 1260 1277 [Ed.
1294 1202 1458 1276 apud]
1482 1206 1650 1270 hanc,
1673 1217 1793 1273 quze
1815 1203 2031 1271 indigne

447 1297 689 1366 germani
739 1297 840 1350 mei
888 1297 1100 1349 thorum
1149 1294 1338 1348 adivit.
1377 1295 1529 1348 Tunc
1576 1293 1768 1348 ablatis
1821 1292 2028 1360 multis,

451 1388 638 1456 paucis
667 1387 889 1451 relictis,
919 1386 1218 1442 Arelatensi
1240 1400 1359 1462 eam
1382 1381 1708 1440 monasterio
1727 1381 2028 1438 destinavit.

458 1477 583 1532 Haec
609 1492 736 1531 vero
757 1493 902 1549 aegre
941 1477 1288 1546 acquiescens
1309 1473 1530 1544 jejuniis
1558 1489 1622 1529 ac
1647 1471 1845 1544 vigiliis
1865 1472 2006 1526 allici

453 1583 550 1638 per
578 1567 819 1622 occultos
847 1567 1059 1621 nuntios
1090 1565 1344 1620 Gotthum
1366 1563 1650 1634 quemdam
1679 1558 2032 1632 advocat[Al.

451 1655 662 1732 adivit],
691 1659 1007 1728 promittens
1026 1654 1169 1727 quod
1197 1655 1246 1710 si
1276 1670 1335 1710 se
1365 1655 1417 1709 in
1447 1653 1729 1722 Hispanias
1748 1652 2032 1708 deductam

2121 497 2282 551 quam
2324 482 2681 538 Brunichildts
2723 494 2857 537 erat.
2899 485 3030 550 Quae
3071 498 3196 537 cum
3243 483 3307 536 ad
3333 483 3703 550 Chilperirnm

2122 587 2301 641 regem
2327 573 2580 627 venisset.
2607 589 2731 627 cum
2761 573 2945 642 grandi
2973 572 3178 627 honore
3200 582 3466 641 suscepta.
3484 573 3708 641 ejnstjuc

2123 671 2206 716 est
2236 663 2434 716 sociata
2463 655 2713 732 conjugio
2742 680 2754 716 :
2785 678 2813 714 a
2844 678 2951 731 quo
2981 661 3139 715 etiam
3172 677 3368 732 magno
3397 678 3584 716 amore
3625 664 3709 719 di-

2127 751 2410 825 ligebatur.
2443 749 2719 808 Detulerat
2750 755 2895 807 enim
2925 769 3109 809 secum
3144 771 3365 823 magnos
3395 755 3708 811 thesauros.

2129 843 2234 900 Sed
2265 859 2357 912 per
2380 859 2614 899 amorem
2640 838 3034 915 Frt-degundis,
3059 861 3218 913 quam
3253 847 3400 914 prius
3431 845 3710 910 habuerat,

2127 947 2306 990 ortum
2331 945 2414 991 est
2441 937 2578 991 inter
2601 947 2695 990 eos
2720 935 2922 1004 grande
2945 936 3277 990 scandalum.
3307 935 3423 990 iam
3469 938 3614 991 enim
3657 938 3710 991 in

2130 1024 2245 1094 lege
2264 1026 2527 1081 catholica
2555 1042 2814 1082 conversa
2841 1025 3034 1092 fuerat,
3064 1037 3119 1082 et
3150 1028 3438 1082 chrismata
3472 1037 3520 1081 ο.
3545 1027 3713 1083 Cum-

2130 1133 2313 1189 quese
2334 1120 2445 1189 regi
2475 1129 2790 1189 quereretur
2818 1120 3039 1175 assidue
3082 1119 3304 1187 injurias
3333 1122 3602 1190 perferre,
3631 1123 3712 1176 di-

2131 1223 2388 1278 ceretque
2416 1210 2613 1265 nullam
2651 1225 2712 1266 se
2741 1209 3053 1279 dignitatem
3099 1226 3220 1264 cum
3268 1212 3455 1266 eodem
3494 1211 3714 1273 habere,

2134 1301 2286 1371 petiit
2324 1311 2382 1356 ut
2408 1302 2610 1357 relictis
2635 1299 2898 1356 thesauris
2917 1342 2934 1364 ,
2956 1315 3092 1369 quos
3115 1316 3297 1356 secum
3329 1302 3626 1367 detulerat,
3657 1303 3716 1354 Ii-

2135 1392 2319 1448 beram
2350 1391 2527 1447 redire
2566 1393 2899 1458 permitteret
2923 1392 2988 1446 ad
3016 1393 3267 1462 patriam.
3300 1393 3452 1460 Quod
3503 1393 3596 1448 ille
3627 1408 3719 1460 per

2137 1484 2345 1554 ingenia
2377 1484 2744 1550 dissimulans,
2769 1484 2954 1539 verbis
2977 1499 3096 1538 eam
3118 1483 3325 1539 lenibus
3349 1483 3625 1539 demulsit.
3644 1485 3722 1537 Ad

2139 1575 2440 1632 extremum
2467 1591 2586 1630 eatn
2617 1575 2891 1644 suggillari
2929 1576 3086 1648 169
3102 1576 3264 1646 jussit
3288 1591 3319 1630 a
3350 1590 3517 1646 puero
3538 1617 3555 1643 ,
3578 1590 3725 1629 mor-

2141 1676 2392 1735 tuamqne
2425 1666 2624 1732 reperit
2655 1666 2707 1719 in
2750 1676 2941 1721 strato.
2974 1666 3099 1720 Post
3141 1664 3297 1735 cujus
3330 1666 3532 1721 obitum
3588 1664 3725 1718 Dens

451 1751 700 1821 cunjugio
728 1751 1022 1819 cepularet,
1058 1763 1179 1803 cum
1217 1745 1487 1802 thesauris
1513 1747 1628 1800 suis
1655 1745 1723 1800 de
1764 1751 2037 1799 monaste-

2146 1758 2394 1813 virtutem
2446 1774 2693 1828 magnam
2733 1758 2992 1814 ostendit.
3021 1759 3274 1828 Lychnus
3300 1759 3444 1815 enim
3473 1759 3604 1826 ille,
3628 1759 3720 1830 qui

453 1843 536 1899 rio
574 1842 876 1912 egrediens,
919 1839 1105 1895 libenti
1140 1853 1264 1894 eum
1290 1835 1471 1891 animo
1504 1843 1843 1905 sequeretur.
1883 1832 2037 1900 Quod

454 1934 571 1998 ille,
607 1931 737 1986 nihil
769 1932 1020 1986 dubitans
1046 1971 1063 1996 ,
1105 1928 1434 1998 repromisit.
1477 1925 1721 1995 Cumque
1772 1925 1889 1979 haec
1926 1923 2040 1978 col-

457 2019 613 2075 lectis
644 2019 805 2074 rebus
823 2058 840 2083 ,
871 2017 1135 2086 factisque
1161 2016 1388 2072 voluclis
1416 2013 1526 2087 [AL
1565 2010 1823 2084 volucris]
1840 2054 1857 2080 ,
1880 2029 1911 2068 a
1935 2027 2042 2068 cte-

458 2112 622 2168 nobio
653 2121 868 2181 pararet
909 2110 1135 2180 egredi,
1183 2104 1498 2176 anticipavit
1551 2106 1880 2162 voluntatem
1923 2102 2042 2174 ejus

458 2205 722 2259 industria
759 2202 1043 2257 abbatissa:
1065 2210 1093 2239 α
1125 2219 1138 2255 :
1166 2200 1606 2271 deprehensaque
1658 2197 1879 2262 fraude,
1921 2212 2040 2252 eam

453 2296 692 2366 graviter
720 2309 912 2348 caasam
932 2291 1192 2348 custodite
1213 2290 1522 2358 mancipare
1545 2289 1831 2356 prtccepit,
1858 2288 1909 2342 in
1933 2303 2037 2356 qua

457 2401 627 2456 usque
654 2385 720 2438 ad
753 2385 957 2438 exitum
1011 2383 1136 2436 vita}
1181 2380 1494 2450 przesentis,
1543 2394 1649 2434 non
1679 2379 2042 2436 mediocribus

460 2481 643 2540 attrita
672 2477 1026 2549 passionibus,
1057 2474 1382 2546 perduravit.

540 2588 749 2643 XXHI.
803 2587 970 2641 Porro
1008 2586 1308 2654 Sigibertus
1336 2601 1462 2652 rex,
1498 2599 1619 2640 cum
1665 2585 1870 2640 videret
1897 2585 2042 2654 quod

460 2682 657 2735 fratres
698 2679 817 2748 ejus
863 2679 1105 2750 indignas
1150 2678 1367 2734 sibimet
1405 2693 1602 2733 uxores
1634 2677 1958 2746 acciperent,
1990 2687 2047 2733 et

461 2791 557 2846 per
603 2775 862 2828 vilitatem
893 2788 1044 2826 suam
1086 2773 1248 2827 etiam
1297 2773 1521 2827 ancillas
1565 2773 1618 2827 in
1645 2775 2046 2828 matrimonium

466 2869 758 2931 sociarent,
793 2866 1111 2935 legationem
1161 2865 1215 2918 in
1262 2864 1572 2933 Hispaniam
1611 2864 1810 2932 mittit,
1840 2874 2045 2918 etcum

462 2958 643 3013 multis
665 2957 976 3012 muneribus
1019 2954 1413 3010 Brunichildem
1438 2954 1780 3024 Atltanagildi
1807 2954 1950 3024 regis
1981 2956 2042 3007 li-

465 3049 587 3104 liam
618 3048 792 3118 petiit.
828 3048 952 3102 Erat
994 3047 1137 3101 enim
1182 3049 1354 3115 puella
1400 3047 1620 3116 elegans
1667 3060 1852 3114 opere.
1888 3046 2048 3116 ιω

2143 1849 2269 1906 fune
2296 1863 2590 1918 suspensus
2632 1863 2812 1904 coram
2854 1850 3104 1915 sepulcro
3141 1850 3259 1918 ejus
3287 1849 3544 1915 ardebat,
3572 1850 3720 1904 nullo

2143 1950 2413 2010 tangente,
2448 1940 2574 1996 fune
2601 1940 2847 2010 disrupto
2884 1941 2940 1995 in
2984 1940 3346 2009 pavimentum
3385 1940 3592 1997 corruit
3620 1959 3634 1994 :
3665 1950 3721 1998 et

2142 2028 2377 2101 fugiente
2403 2039 2529 2086 ante
2547 2045 2670 2085 eum
2697 2031 2894 2085 duritia
2924 2031 3236 2100 pavimenti,
3265 2041 3514 2104 tanquam
3546 2034 3597 2088 in
3623 2035 3722 2087 ali-

2146 2124 2287 2193 quod
2318 2124 2478 2179 molle
2508 2124 2834 2178 elementum
2883 2125 3180 2191 descendit,
3208 2134 3367 2195 atque
3413 2125 3619 2181 medius
3641 2133 3722 2180 est

2143 2214 2439 2278 sulfnssus,
2500 2230 2599 2270 nec
2646 2217 2870 2270 omnino
2923 2217 3186 2271 contritus
3231 2217 3417 2284 :quod
3461 2231 3569 2271 non
3604 2217 3722 2272 sine

2144 2306 2334 2376 grandi
2369 2305 2389 2344 ‘
2424 2307 2682 2361 miraculo
2731 2307 3038 2363 videntibus
3064 2308 3184 2364 fuit.
3214 2308 3330 2365 Rex
3369 2319 3548 2366 autem
3599 2324 3723 2365 cum

2145 2415 2264 2455 eam
2293 2408 2561 2456 mortuam
2587 2400 2874 2468 deflesset,
2899 2411 3020 2472 post
3044 2417 3244 2471 paucos
3274 2401 3392 2458 dies
3419 2403 3726 2473 Fredegun-

2145 2491 2265 2547 dom
2293 2494 2496 2563 recepit
2523 2495 2575 2548 in
2603 2494 2966 2569 matrimonio.
2998 2494 3124 2549 Post
3151 2495 3536 2565 quod'l'actmn,
3567 2510 3728 2565 repuo

2149 2596 2323 2639 tantes
2347 2586 2465 2654 ejus
2491 2584 2655 2657 [Βειι.
2679 2584 2751 2656 ei]
2777 2585 2990 2649 fratres,
3021 2585 3161 2656 quod
3193 2600 3288 2640 sua
3311 2587 3608 2644 emissione
3629 2602 3727 2641 an-

2149 2677 2344 2730 tedicta
2391 2677 2569 2744 regina
2605 2676 2765 2730 fuerit
2794 2676 3094 2740 interfecta,
3124 2691 3247 2731 eum
3293 2677 3360 2732 de
3402 2692 3568 2747 regno
3595 2678 3730 2747 deji-

2148 2771 2318 2823 ciunt.
2345 2768 2583 2823 Habebat
2605 2780 2782 2824 autem
2817 2778 2942 2823 tunc
2978 2767 3314 2838 Cliilpericus
3354 2780 3462 2825 tres
3491 2770 3633 2826 filios
3660 2773 3732 2826 de

2149 2861 2435 2915 Audouera
2470 2860 2646 2928 priore
2669 2862 2849 2929 regina
2887 2877 2986 2915 sua
3020 2879 3033 2913 :
3066 2861 3117 2915 id
3149 2872 3230 2916 est
3269 2861 3727 2930 Tlteodobertum,

2149 2953 2303 3022 cujus
2332 2968 2491 3022 supra
2523 2953 2863 3006 meminimus
2901 2953 3052 3022 (Cap.
3085 2951 3198 3022 23),
3239 2953 3614 3009 Merovecbum
3644 2965 3735 3010 -ιιι-

2154 3061 2260 3115 que
2286 3045 2744 3100 Chlodnvechum.
2769 3047 2874 3100 Sed
2903 3045 2969 3098 ad
3000 3055 3175 3111 empta
3209 3045 3513 3101 redeamus.

465 3147 686 3195 venusta
709 3149 949 3206 aspectu,
977 3138 1198 3191 honesta
1221 3135 1459 3190 moribus
1480 3146 1642 3203 atque
1661 3135 1881 3197 decora.
1908 3150 2035 3203 pru-
2063 3130 2110 3194 C
2217 3137 2410 3191 XXIX.
2445 3136 2617 3192 Chuni
2651 3146 2677 3184 τ
2713 3151 2838 3191 vero
2866 3137 3058 3191 iterum
3087 3137 3139 3190 in
3171 3136 3367 3193 Gallias
3420 3139 3605 3192 venire
3641 3152 3735 3192 co-

463 3232 599 3286 deus
627 3229 876 3293 consilio,
903 3236 957 3283 et
987 3228 1179 3282 blanda
1225 3228 1512 3294 colloquio.
1546 3227 1716 3293 Quam
1751 3236 1902 3294 pater
1925 3227 2044 3293 ejus

465 3337 572 3377 non
595 3322 866 3391 denegans
884 3359 899 3383 ,
928 3335 1051 3374 cum
1081 3317 1289 3388 magnis
1313 3317 1582 3372 thesauris
1617 3315 1893 3370 antedicto
1933 3315 2043 3383 regi

466 3415 786 3470 transmisit.
826 3412 922 3467 Ille
948 3427 1079 3467 vero
1101 3410 1442 3480 congregatis
1482 3408 1785 3463 senioribus
1823 3422 2045 3474 secum,

469 3507 784 3575 praeparatis
809 3503 1003 3572 epulis,
1034 3515 1155 3555 cum
1187 3501 1443 3556 immensa
1469 3497 1655 3553 lauitia
1677 3507 1836 3567 atque
1855 3495 2048 3566 jocun-

468 3598 635 3651 ditate
665 3609 785 3650 eam
813 3594 1020 3661 accepit
1049 3606 1294 3646 uxorem.
1323 3591 1390 3644 Et
1417 3590 1538 3660 quia
1571 3591 1784 3645 Arianae
1811 3589 1911 3659 legi
1933 3591 2049 3644 sub-

469 3687 609 3760 jecta
639 3694 776 3751 erat,
807 3700 903 3755 per
928 3683 1358 3753 pradicationem
1389 3682 1727 3747 sacerdotum
1746 3722 1762 3747 ,
1789 3692 1946 3750 atque
1972 3683 2050 3750 ip-

469 3780 582 3834 sius
631 3776 771 3845 regis
810 3775 1281 3830 commonitionem
1324 3772 1353 3811 δ
1393 3787 1686 3839 conversa,
1739 3774 1946 3827 beatam
1995 3774 2048 3827 in

472 3870 674 3922 unitate
696 3865 942 3920 confessa
963 3865 1277 3920 Trinitatem
1311 3863 1561 3930 credidit,
1587 3874 1745 3933 atque
1765 3863 2048 3919 chrismata

470 3971 577 4025 est,
606 3974 726 4026 qua:
749 3959 801 4012 in
830 3958 1051 4012 nomine
1078 3954 1284 4010 Christi
1311 3954 1570 4036 catholica
1599 3967 1901 4024 perseverat
1929 3965 1977 4007 ο.

547 4056 784 4117 XXVI“.
818 4057 970 4124 Quod
1023 4055 1209 4110 videns
1254 4053 1593 4122 Chilpericus
1625 4069 1746 4119 rex,
1788 4070 1907 4108 cum
1939 4056 2050 4123 jam

473 4152 654 4222 plures
679 4150 900 4204 haberet
929 4163 1156 4210 uxores,
1189 4161 1427 4201 sororem
1475 4146 1590 4214 ejus
1621 4145 1989 4201 Galsuintham
2019 4147 2046 4184 ά

470 4244 713 4310 espetiit,
747 4241 1066 4311 promittens
1096 4253 1188 4307 per
1221 4239 1420 4305 legatos
1455 4251 1514 4291 se
1541 4237 1672 4290 alias
1701 4236 2048 4292 relicturum:

471 4343 674 4388 tantum
707 4331 1024 4400 condignam
1074 4329 1198 4394 sibi,
1242 4329 1492 4397 regisque
1517 4327 1720 4395 prolem
1752 4340 2052 4382 mereretur

469 4424 736 4493 accipere.
755 4423 909 4476 Pater
941 4436 1067 4475 vero
1093 4419 1213 4489 ejus
1235 4420 1328 4472 has
1358 4418 1737 4486 promissiones
1757 4418 2048 4488 accipiens,

2146 3231 2428 3292 nabantur,
2455 3230 2715 3283 adversus
2744 3243 2878 3298 quos
2905 3228 3202 3293 Sigibertus
3228 3244 3348 3284 cum
3377 3230 3615 3285 exercitu
3645 3231 3730 3285 di-

2147 3323 2287 3391 rigit,
2331 3321 2532 3377 habens
2558 3335 2740 3375 secum
2789 3334 3032 3389 magnam
3076 3319 3466 3376 multitudinem
3496 3321 3731 3376 virorum

2148 3416 2384 3470 fortium.
2434 3413 2679 3483 Cumque
2723 3414 3014 3479 conlingere
3061 3412 3338 3476 deberent,
3382 3413 3465 3468 isti
3513 3413 3739 3483 magicis

2147 3507 2350 3562 artibus
2371 3504 2633 3571 instructi,
2665 3504 2907 3558 diver~as
2935 3504 3014 3558 eis
3046 3505 3301 3559 fantasias
3339 3505 3655 3570 ostendunt,
3681 3514 3741 3562 et

2148 3616 2245 3656 eos
2274 3600 2431 3654 valde
2470 3608 2747 3667 superant.
2799 3597 3060 3667 Fugiente
3101 3609 3277 3653 autem
3321 3599 3565 3654 exercitu
3594 3600 3742 3671 Sigi-

2151 3693 2308 3758 berti,
2334 3692 2447 3759 ipse
2474 3691 2709 3744 inclusus
2737 3705 2766 3742 a
2795 3689 2996 3743 Chunis
3023 3689 3367 3754 retinebatur,
3399 3689 3498 3744 nisi
3525 3702 3742 3758 postea,

2151 3794 2209 3838 ut
2229 3792 2343 3838 erat
2371 3783 2584 3851 elegans
2609 3790 2664 3835 et
2693 3793 2956 3847 versutus,
2988 3795 3124 3850 quos
3154 3796 3259 3834 non
3281 3780 3453 3850 potuit
3474 3795 3738 3850 superare

2151 3878 2344 3930 virtute
2367 3873 2555 3941 praelii,
2593 3872 2862 3940 superavit
2895 3881 3009 3926 arte
3034 3871 3284 3929 donandi.
3318 3871 3448 3926 Nam
3463 3873 3602 3926 datis
3625 3889 3743 3926 mu-

2153 3963 2372 4019 neribus
2403 3962 2576 4017 lmdus
2605 3977 2728 4016 cum
2773 3975 2902 4029 rege
2946 3961 3064 4016 iniit
3094 3959 3143 4025 ιι,
3178 3970 3234 4016 ιιι
3276 3962 3525 4017 omnibus
3551 3963 3745 4019 diebus

2152 4058 2274 4110 vine
2309 4070 2420 4109 suae
2457 4055 2602 4108 nulla
2639 4053 2778 4107 inter
2807 4067 2867 4108 se
2902 4053 3085 4121 przclia
3115 4063 3514 4109 commoverent
3540 4072 3553 4107 :
3584 4055 3745 4126 idque

2152 4151 2199 4204 ei
2224 4147 2390 4217 iungis
2415 4146 2479 4199 ad
2512 4145 2743 4209 laudem,
2769 4159 2925 4212 quam
2967 4144 3031 4198 ad
3079 4144 3297 4214 aliquod
3346 4145 3615 4214 pertinere
3645 4160 3744 4214 op-

2153 4237 2586 4310 probriumjusta
2611 4236 2816 4290 ratione
2847 4247 3119 4303 pensatur.
3163 4235 3268 4290 Sed
3308 4245 3364 4290 et
3406 4251 3499 4291 rex
3529 4233 3746 4290 Chuno-

2155 4348 2272 4386 rum
2307 4330 2469 4385 multa
2501 4343 2723 4382 munera
2767 4328 2881 4397 regi
2927 4327 3199 4396 Sigiberto
3225 4329 3393 4383 dedit.
3440 4328 3746 4385 Vocabatur

2155 4432 2332 4481 autem
2365 4422 2612 4492 Gaganus
2647 4419 2661 4456 ί
2698 4437 2711 4484 ;
2759 4433 2946 4474 omnes
2985 4419 3127 4474 enim
3181 4434 3335 4491 reges
3375 4419 3551 4491 gentis
3594 4420 3746 4476 illius

470 4528 631 4582 filiam
655 4540 824 4589 suam,
855 4524 990 4577 sicut
1009 4522 1356 4585 anteriorem,
1384 4519 1632 4574 similiter
1661 4518 1761 4587 ipsi
1789 4535 1910 4573 cum
1939 4537 2055 4576 ma-
2085 4517 2136 4576 Ι)
2163 4522 2262 4576 hoc
2282 4515 2619 4588 appellantur
2648 4514 2883 4568 nomine.

466 4663 630 4716 dovei
660 4678 723 4713 es
749 4662 908 4726 priori
941 4675 1106 4713 uxore
1139 4660 1318 4720 liliam,
1352 4672 1590 4711 sororem
1623 4656 1946 4711 Theoderici
1991 4666 2045 4712 et

468 4732 828 4785 Thendeherti
855 4730 1091 4783 amitam.
1119 4730 1191 4784 De
1217 4728 1518 4784 Chariberti
1544 4728 1690 4781 obitu
1713 4727 1832 4783 vide
1855 4729 1950 4782 lib.
1979 4730 2047 4784 de

466 4803 650 4855 Gloria
681 4798 947 4859 Confess,
976 4813 1095 4866 cap.
1134 4802 1220 4852 l9.

540 4881 567 4906 σι
591 4871 714 4924 llaec
739 4877 854 4921 erat
876 4867 1082 4932 Liliola,
1108 4869 1264 4922 tertia
1288 4868 1390 4922 loci
1411 4867 1699 4933 abbatissa,
1723 4883 1881 4937 quam
1911 4883 2049 4938 pne-

465 4946 741 4996 cesserant
765 4937 882 4990 dua:
907 4938 1179 4990 Ctesarite.

539 5012 566 5049 ιι
598 5011 688 5064 Sic
714 5007 868 5062 Colb.
901 5007 1036 5061 Editi
1067 5006 1265 5061 habent
1283 5007 1694 5062 commotionem.
1728 5005 1882 5070 Bad.,
1907 5023 2045 5062 cont-

463 5083 772 5135 munionem.

538 5165 560 5191 ε
596 5152 682 5207 Sic
707 5149 896 5213 Corh.,
927 5147 1048 5200 Dee.
1079 5155 1131 5200 et
1160 5146 1316 5210 Bel|.,
1344 5153 1400 5200 el.
1444 5155 1590 5200 recte
1636 5145 1884 5214 quidem;
1919 5163 2041 5201 nam

463 5224 730 5276 srrihente
759 5219 1016 5288 Gregorio
1039 5218 1208 5269 adhuc
1233 5218 1282 5269 in
1315 5217 1447 5269 vivis
1472 5226 1748 5288 eramque:
1771 5231 1912 5270 anno
1937 5217 2041 5271 6H

461 5291 724 5358 discerpta
757 5285 1040 5343 fttitCEditi
1093 5289 1458 5352 perseveravit;
1502 5285 1682 5358 Colb.,
1738 5289 2040 5358 permansit.

464 5357 714 5425 Sigiherti
745 5371 798 5416 et
828 5359 1198 5414 Brunechildis
1227 5359 1436 5425 nuptias
1464 5357 1751 5412 celebravit
1783 5357 2042 5411 Fortuna-

464 5439 552 5482 tus
584 5430 717 5482 liltro
752 5446 824 5492 Vl,
857 5445 1024 5483 carm.
1058 5428 1113 5480 Ξ.

532 5495 559 5536 ⁸
591 5499 775 5563 Corb.,
803 5500 933 5553 Bell.
963 5510 1016 5553 et
1047 5499 1205 5553 Freh.
1239 5516 1252 5551 :
1286 5497 1381 5562 a|.,
1411 5496 1778 5560 Gaisuendam,
1809 5507 1860 5550 et
1886 5496 2039 5562 infra,

459 5584 581 5622 nam
607 5568 899 5621 Calsueudn
931 5579 1080 5622 celate
1114 5571 1310 5622 seniore
1339 5587 1368 5620 a
1399 5567 1740 5620 Bruttecltilde
1766 5577 1898 5620 erat.

537 5650 561 5677 ⁸
598 5639 810 5706 Deejus
857 5640 1084 5705 mtptiis,
1134 5642 1487 5695 conversione
1529 5647 1582 5693 et
1634 5645 1804 5692 morte
1847 5636 2042 5693 cecinit

461 5709 788 5766 Fortunatus
817 5724 984 5763 carm.
1016 5709 1044 5759 7
1080 5710 1198 5764 libr.
1235 5725 1301 5763 rt.

2237 4656 2255 4696 τ
2301 4654 2403 4710 Alii
2435 4669 2554 4707 cum
2586 4652 2742 4719 cdit.,
2767 4668 2971 4721 magno.

2226 4737 2251 4774 ε
2295 4726 2425 4779 Vide
2445 4739 2604 4792 supra
2635 4738 2755 4790 cap.
2785 4720 2876 4786 25,
2907 4732 2963 4777 et
2993 4720 3215 4792 Paulum
3259 4721 3405 4775 Diae.
3455 4721 3549 4775 lib.
3603 4738 3639 4776 ιι
3668 4721 3743 4778 de

2151 4797 2327 4853 Gestis
2353 4791 2611 4862 Langob.,
2643 4809 2761 4859 cap.
2807 4793 2893 4857 ll),
2929 4793 3013 4844 ubi
3043 4791 3229 4855 Chuni,
3249 4793 3338 4860 qui
3367 4799 3414 4844 et
3439 4793 3630 4846 Avares
3655 4795 3740 4846 di-

2151 4879 2363 4922 cuntur.
2399 4861 2639 4918 Valesius
2668 4863 2803 4915 libro
2837 4879 2888 4917 ιι
2933 4863 3129 4915 Rerum
3157 4862 3402 4915 Francic.
3437 4861 3606 4918 fusius
3632 4867 3750 4933 agit

2150 4939 2219 4993 de
2249 4936 2452 4991 Clutnis
2486 4933 2766 4996 Avaribus,
2803 4948 2962 4999 quem
2993 4934 3239 4988 consule.

2219 5010 2247 5044 ἰ
2286 5009 2420 5060 Cod.
2447 5006 2660 5072 Regum
2695 5003 2860 5070 {tellus
2885 5003 3020 5055 init.

2225 5077 2239 5114 ί
2285 5078 2372 5131 Sic
2403 5071 2561 5129 (Zorb.
2595 5081 2649 5125 «ιι
2682 5075 2801 5126 Bec.
2850 5089 2970 5126 cum
3016 5071 3173 5142 editis
3221 5071 3457 5141 aliquot;
3514 5074 3731 5142 [ὶρςιιι.ν

2145 5147 2449 5220 Garganus;
2477 5145 2588 5220 alii,
2617 5143 2890 5220 Cltaganus
2917 5151 3007 5194 aut
3029 5141 3286 5212 Caganus.
3320 5143 3430 5196 Mos
3461 5145 3547 5220 hic
3588 5141 3742 5198 ﬂun-

2147 5221 2230 5274 nis
2255 5213 2544 5286 peculiaris
2573 5229 2675 5266 non
2727 5213 2852 5286 fuit,
2878 5224 2932 5266 ut
2960 5228 3159 5286 omne:
3194 5228 3326 5286 sua;
3349 5216 3522 5282 gentis
3577 5230 3745 5283 reges

2145 5281 2281 5343 idem
2316 5302 2507 5341 nomen
2543 5288 2762 5337 ferrent.
2803 5285 2891 5337 Sic
2919 5284 3046 5336 olim
3097 5281 3329 5352 [Egyptii
3358 5281 3513 5352 reges
3560 5281 3746 5351 primo

2154 5359 2477 5414 Pltaraones.
2512 5366 2620 5407 tum
2667 5353 2932 5406 Ptoletntei
2961 5354 3132 5406 \ocali
3175 5363 3322 5413 sunt,
3356 5353 3532 5407 Persa:
3571 5357 3746 5407 Arsa-

2148 5432 2302 5488 cidae,
2337 5426 2688 5479 Athenienses
2733 5424 3061 5491 Cccrnpidm,
3111 5422 3394 5489 Etltiupes
3432 5422 3748 5488 Candaces.

2150 5494 2478 5566 Langobrrdi
2540 5494 2728 5566 Flavii,
2757 5507 2908 5566 _etc.,
2945 5502 3016 5566 _ut
3059 5494 3300 5566 Ctesares
3343 5503 3397 5547 et
3464 5497 3752 5566 Augustos

2147 5563 2571 5638 pra-(erinitum.
2615 5564 2706 5618 Sic
2754 5564 2911 5620 hodie
2944 5563 3228 5634 Presbyter
3258 5563 3492 5620 Joannes
3538 5563 3750 5619 dicitur

2147 5636 2237 5695 rex
2269 5636 2604 5706 zEthiopum,
2636 5643 2739 5689 ctc.
