4006 6182
386 322 488 382 ἰθό

1352 320 1663 382 HISTORIA
1708 320 2151 380 FBANCORUM.
2192 319 2390 377 LIBER
2425 315 2752 389 QUARTUS

3522 318 3628 377 ιειι

455 439 621 496 XXX.
664 435 956 510 Sigiliortus
983 455 1110 494 vero
1139 452 1231 494 rex
1264 441 1626 494 Arelatensem
1654 440 1837 494 urbem
1857 454 1948 493 ca-
1980 441 2018 494 A
2051 437 2151 490 sibi
2182 449 2497 503 propinquo,
2525 451 2643 487 cum
2672 434 3000 495 hominibus,
3035 430 3298 497 ecclesiis,
3331 433 3630 506 opibusque

384 547 509 598 pere
535 533 777 598 cupiens,
821 531 1089 582 Arvernos
1129 531 1454 584 commoveri
1504 531 1779 596 praecepit.
1829 529 1956 582 Erat

388 623 546 695 170
573 622 715 675 enim
748 628 874 672 tunc
911 617 1181 672 Firminus
1234 633 1418 673 comes
1465 616 1608 671 urbis
1655 617 1817 685 illius,
1867 619 1953 685 qul

384 730 507 766 cum
538 712 666 779 ipsis
694 710 746 763 in
777 711 948 776 capite
978 708 1125 761 ahiit.
1157 707 1262 763 Sed
1293 717 1348 761 et
1393 707 1460 761 de
1510 708 1612 760 alia
1663 715 1812 769 parte
1849 706 1957 760 Au-

386 802 639 853 douarius
667 810 690 834 °
720 813 839 852 cum
884 798 1120 850 exercitu
1147 796 1380 858 advenit,
1418 795 1746 865 ingressique
1773 795 1954 848 urbem

391 893 782 948 Arelatensem,
831 895 1160 939 sacramenta
1190 900 1284 952 pro
1327 894 1477 953 parte
1521 882 1770 954 Sigiberti
1817 884 1958 952 regis

385 992 700 1049 exegerunt.
715 978 863 1044 Quod
887 977 1450 1031 cumGuntchramnus
1471 990 1565 1029 rex
1585 975 1954 1044 comperisset,

386 1067 600 1124 Celsum
619 1069 894 1136 patricium
907 1083 1026 1120 rum
1040 1066 1272 1120 exercitu
1291 1067 1415 1120 illuc
1433 1064 1644 1134 dirigit:
1673 1067 1759 1134 qui
1772 1065 1958 1119 abiens

388 1159 742 1227 Avennicaml
775 1152 1138 1225 Avenionem]
1182 1155 1366 1208 urbem
1411 1155 1646 1208 abstulit.
1689 1156 1960 1208 Accedens

387 1233 566 1299 autem
598 1249 894 1308 Arelatem,
924 1256 976 1296 et
1006 1244 1209 1296 vallaris
1247 1258 1384 1308 eam,
1418 1245 1727 1314 impugnare
1754 1245 1958 1297 exerci-

387 1347 502 1391 tutn
531 1336 807 1404 Sigiberti,
848 1335 939 1403 qui
965 1333 1100 1388 infra
1129 1348 1309 1387 muros
1347 1335 1742 1397 continebatur,
1773 1334 1955 1399 coepit.

389 1429 541 1482 Tunc
567 1426 848 1482 Sabaudus
873 1426 1154 1493 episcopus
1184 1423 1315 1477 dixit
1352 1423 1416 1475 ad
1456 1437 1549 1477 eos
1580 1440 1592 1474 :
1628 1421 1956 1491 Egredimini

391 1522 555 1583 foras,
580 1529 636 1572 et
674 1517 801 1570 inite
839 1527 1130 1579 certamen,
1160 1517 1279 1583 quia
1311 1529 1416 1567 non
1445 1514 1687 1582 poteritis
1716 1513 1816 1565 sub
1844 1528 1961 1567 mu-

389 1625 572 1664 rorum
604 1609 946 1662 conclusione
970 1607 1245 1676 degentes,
1275 1621 1450 1674 neque
1472 1619 1590 1670 nos,
1615 1620 1784 1673 neque
1814 1605 1960 1658 urbis

391 1700 549 1754 istius
573 1698 814 1767 subjecta
850 1697 1158 1752 defendere.
1188 1697 1340 1762 Quod
1370 1696 1414 1750 si
1442 1711 1536 1750 vos
1584 1697 1694 1750 Deo
1733 1697 1959 1765 propitio

2057 541 2119 580 ac
2138 526 2381 578 domibus
2419 528 2469 578 in
2499 525 2721 577 ﬂuvium
2764 523 2889 584 ruit.
2920 524 3250 592 exclusaque
3288 526 3458 579 amnis
3486 526 3628 579 illius

2059 617 2253 679 littore,
2277 632 2409 682 aqua
2442 626 2733 668 retrorsum
2780 614 2928 681 petiit
2985 613 3156 667 Lucus
3201 614 3399 668 etenim
3448 613 3539 669 ille
3562 615 3632 668 ah

2059 719 2280 775 utraque
2311 714 2462 774 parte
2494 721 2520 756 a
2553 705 2820 758 montibus
2847 704 3129 758 conclusus
3170 715 3307 769 erat,
3339 703 3476 757 inter
3500 720 3590 772 qut
3619 731 3630 746 -

2057 813 2172 849 rtun
2203 796 2477 866 angustias
2517 806 2728 849 torrens
2765 794 2973 849 deﬂuit.
3026 795 3293 849 lnundans
3316 809 3445 861 ergo
3473 808 3629 862 supe-

2058 892 2249 944 riorctn
2292 903 2515 956 partem,
2543 903 2659 957 que
2688 889 2816 954 ripae
2845 886 3104 941 insidebat
3132 885 3192 951 II,
3223 886 3430 953 operuit
3473 896 3634 952 atque

2056 979 2271 1033 delevit.
2305 978 2648 1032 Accumulata
2676 978 2821 1030 enim
2865 990 3002 1045 aqua
3050 990 3334 1038 erumpens
3360 975 3632 1034 deorsum.

2057 1069 2362 1135 inepinatos
2407 1069 2682 1134 reperiens
2733 1066 2994 1128 homines,
3037 1075 3097 1118 ut
3139 1067 3369 1132 desuper
3415 1063 3634 1128 fecerat,

2060 1160 2204 1227 ipsos
2246 1160 2509 1224 cnecavit,
2554 1159 2743 1213 domos
2771 1159 2985 1220 evertit,
3030 1157 3268 1225 jumenta
3310 1157 3530 1218 delevit,
3579 1165 3637 1208 et

2059 1267 2175 1320 qua:
2206 1259 2395 1304 cuncta
2441 1249 2708 1303 littoribus
2750 1249 2854 1302 illis
2883 1248 3214 1308 iusidehant,
3259 1262 3428 1313 usque
3454 1248 3520 1301 ad
3545 1248 3635 1301 Je-

2064 1345 2256 1394 nubam
2295 1341 2309 1378 ί
2343 1341 2633 1403 civitatem,
2656 1340 2890 1394 violenta
2917 1348 3076 1407 atque
3094 1339 3266 1393 subita
3290 1337 3636 1392 inundatione

2061 1433 2284 1499 diripuit
2315 1442 2473 1500 atque
2518 1431 2798 1485 subvertit.
2841 1431 3088 1484 Traditur
3132 1445 3161 1482 a
3207 1430 3389 1483 multis
3433 1438 3633 1482 tantam

2059 1523 2359 1592 congeriem
2408 1522 2534 1575 inibi
2566 1537 2715 1588 aqum
2756 1521 2950 1585 fuisse,
2985 1530 3042 1574 ut
3071 1520 3121 1574 in
3150 1522 3468 1574 antediclam
3507 1521 3635 1572 rivi-

2063 1622 2229 1666 tatem
2260 1627 2418 1678 super
2440 1627 2621 1665 muros
2659 1611 3040 1680 ingrederetur.
3087 1611 3236 1676 Quod
3274 1612 3493 1665 dubium
3527 1626 3633 1663 non

2061 1716 2160 1769 est,
2189 1706 2338 1772 quia,
2385 1713 2442 1757 ut
2470 1705 2719 1769 diximus,
2759 1704 3046 1758 llhodauus
3095 1704 3146 1759 in
3178 1704 3307 1759 locis
3338 1706 3444 1759 illis
3495 1704 3635 1758 inter

387 1786 851 1850 illtrs‘devincitis,
892 1800 989 1840 nus
1017 1786 1174 1851 fidem
1210 1801 1367 1855 quam
1409 1785 1745 1853 promisimus
1772 1796 1952 1840 custo-
1989 1795 2033 1854 Β
2058 1795 2325 1864 angustias
2358 1795 2614 1848 montium
2644 1793 2848 1858 deﬂuit,
2877 1808 2975 1848 nec
3005 1794 3188 1848 habuit
3219 1796 3272 1848 in
3299 1795 3483 1860 latere,
3510 1809 3632 1849 cum

388 1881 600 1937 diemus
632 1880 716 1934 :si
744 1892 872 1933 vero
896 1877 975 1932 idi
1013 1889 1196 1932 contra
1228 1892 1324 1932 vos
1352 1877 1692 1942 iuvaluerint,
1723 1892 1851 1933 ecce
1879 1893 1964 1933 re-

385 1983 596 2027 seratas
645 1971 922 2040 reperietis
965 1981 1178 2038 portas;
1215 1969 1545 2038 ingredimini
1589 1984 1656 2024 tte
1709 1969 1959 2039 pereatis.

391 2064 506 2118 lloc
530 2064 602 2116 illi
632 2063 756 2116 dolo
784 2061 976 2125 delusi,
1003 2061 1201 2129 egressi
1231 2061 1373 2114 foras
1403 2061 1600 2114 bellum
1630 2070 1844 2129 parant;
1868 2060 1961 2114 sed

388 2159 626 2228 superati
657 2157 728 2210 ab
754 2166 990 2210 exercttu
1021 2153 1181 2218 Celsi,
1213 2153 1390 2222 fugam
1426 2154 1628 2216 ineunt,
1662 2153 1965 2208 venientes-

390 2266 496 2320 que
519 2250 585 2301 ad
615 2247 822 2311 urbem,
865 2256 1044 2313 portas
1092 2246 1368 2313 reperiunt
1396 2243 1739 2304 obseratasb.
1802 2243 1967 2297 Cum-

391 2358 496 2409 que
523 2339 788 2395 etercitus
826 2353 853 2388 a
887 2349 1033 2402 tergo
1055 2337 1247 2403 iaculis
1272 2335 1519 2389 feriretur
1549 2344 1606 2401 ι,
1637 2335 1963 2402 operiretur-

390 2447 498 2500 que
533 2427 792 2498 lapidibus
821 2427 888 2479 ab
910 2427 1145 2487 urbanis,
1175 2426 1239 2478 ad
1267 2441 1476 2478 amnem
1501 2424 1813 2479 Rhodanum
1837 2423 1966 2478 diri-

391 2535 545 2594 gunt,
574 2533 750 2592 ibique
798 2528 996 2590 parmis
1043 2519 1384 2588 superposui,
1437 2516 1741 2570 ulteriorem
1793 2517 1960 2582 ripam

396 2622 676 2681 expetunt.
694 2611 798 2666 Sed
824 2611 1018 2664 multos
1043 2625 1106 2663 ex
1143 2609 1225 2662 his
1253 2606 1506 2661 violentia
1534 2606 1706 2658 amnis
1731 2605 1967 2669 direptos

391 2700 660 2767 caecavit,
691 2701 915 2769 fecitque
947 2699 1232 2752 Rhodanus
1253 2708 1375 2751 tunc
1420 2698 1695 2759 Arvernis,
1721 2694 1860 2764 quod
1891 2694 1967 2749 fe-

391 2796 534 2847 cisse
559 2791 824 2860 quondam
857 2789 1053 2844 Simois
1080 2783 1106 2824 δ
1144 2788 1337 2857 legitur
1365 2786 1431 2840 de
1453 2783 1697 2854 'l‘rojattis
1721 2801 1736 2837 ε

1175 2954 1185 2972 .
1218 2956 1233 2971 .
1270 2957 1285 2972 .
1313 2957 1328 2972 .
1359 2954 1376 2971 .
1407 2916 1658 2983 Correpta
1689 2917 1787 2971 sub
1812 2916 1967 2971 nudis

469 2993 625 3045 Scuta
664 2992 855 3053 virum,
885 2988 1190 3058 galeasque,
1218 2997 1270 3042 et
1312 2988 1464 3041 fortia
1496 3003 1716 3056 corpora
1745 2987 1928 3041 volvit.

473 3066 743 3131 Appareut
779 3063 882 3114 rari
915 3071 1101 3113 nautes
1137 3060 1187 3111 in
1213 3058 1416 3131 gurgite
1437 3069 1609 3131 _v_ast_o_.

1210 3125 1380 3198 (Virg.
1412 3125 1627 3182 Eneid.
1657 3126 1750 3182 lib.
1775 3125 1842 3195 t.)

395 3243 492 3306 Qui
526 3241 609 3294 vix
641 3237 877 3300 natandi,
901 3246 960 3291 ιιι
994 3237 1245 3300 diximus,
1274 3235 1530 3306 impulsu,
1554 3250 1965 3304 parmarumque

393 3332 561 3401 adjuti
589 3328 934 3394 adminiculo,
969 3327 1161 3381 littoris
1197 3326 1415 3381 alterius
1465 3328 1620 3394 plana
1659 3334 1969 3392 eonttugere

393 3431 698 3489 potuerunt.
713 3418 812 3484 Qui
837 3417 1015 3470 nudati
1047 3431 1077 3469 a
1093 3416 1269 3480 rebus,
1291 3416 1359 3469 ab
1379 3413 1646 3484 equitibus
1667 3413 1772 3484 [ΑΙ.
1795 3413 1966 3485 equis]

392 3508 652 3570 destituti,
702 3523 806 3560 non
835 3507 950 3560 siue
998 3504 1182 3574 grandi
1219 3503 1536 3558 contumelia
1567 3503 1752 3572 patriae
1815 3506 1968 3557 rt-sti—

395 3598 647 3652 tutisunt.
673 3597 908 3651 Firmino
923 3603 1095 3650 tamen
1117 3604 1140 3632 °
1164 3603 1220 3650 et
1234 3594 1536 3650 Audouarlo
1554 3595 1860 3649 discedendi
1882 3596 1965 3650 via

397 3689 600 3742 indulta
631 3693 735 3742 est.
766 3687 911 3740 Multi
941 3686 1015 3740 ibi
1055 3697 1181 3741 tunc
1209 3686 1307 3740 viri
1339 3700 1404 3740 ex
1431 3687 1708 3751 Arvernis,
1743 3701 1849 3740 non
1878 3701 1965 3741 so-

395 3782 505 3835 lum
549 3778 802 3834 torrentis
832 3779 1029 3846 impetu
1060 3776 1218 3844 rapti,
1257 3791 1442 3830 verum
1473 3777 1631 3830 etiam
1671 3777 1965 3846 gladiorum

395 3873 588 3928 ictibus
612 3879 739 3924 sunt
789 3869 1060 3938 prostrati.
1096 3869 1248 3939 171
1296 3868 1374 3922 Ac
1414 3867 1494 3922 sic
1537 3868 1968 3923 Guntchramnus

397 3981 495 4020 rex
529 3972 742 4031 recepta
773 3962 904 4016 urbe
930 3962 1037 4026 illa;
1061 3960 1216 4029 juxta
1247 3961 1686 4016 consuetudinem
1716 3962 1969 4017 bonitatis

396 4068 530 4117 suae,
563 4052 892 4107 Avennicatn
923 4050 1213 4104 ditionibus
1244 4050 1422 4105 fratris
1450 4049 1469 4088 ί
1502 4051 1583 4106 sui
1609 4052 1861 4107 restituit.

469 4142 662 4201 XXXI.
702 4141 940 4211 lgituriu
986 4140 1172 4195 Galliis
1206 4155 1452 4208 magnum
1511 4141 1803 4210 prodigium
1834 4151 1857 4192 ι
1902 4143 1970 4200 de

399 4233 719 4288 Taureduno
746 4241 925 4286 castro
965 4232 1238 4299 apparuit,
1281 4230 1420 4300 quod
1467 4243 1626 4302 super
1653 4233 1968 4289 Rhodanum

399 4325 613 4379 ﬂuvium
646 4327 696 4377 in
725 4334 905 4378 monte
928 4325 1244 4378 collocatum
1270 4333 1403 4378 erat.
1436 4323 1539 4390 Qui
1570 4340 1689 4378 cum
1727 4340 1821 4392 per
1849 4327 1962 4382 dies

399 4403 627 4482 amplius
656 4416 928 4482 sexaginta
956 4415 1137 4469 nescio
1176 4429 1334 4484 quem
1365 4417 1620 4485 mugitum
1651 4417 1821 4483 daret,
1849 4427 1969 4473 tan-

2063 1883 2156 1936 fuit
2184 1885 2448 1947 exclusus,
2471 1899 2577 1953 quo
2598 1897 2657 1937 se
2680 1883 2970 1938 diverteret
2993 1898 3009 1938 :
3033 1893 3464 1953 commotumque
3486 1899 3640 1938 mou-

2063 1984 2168 2027 tetu
2204 1975 2292 2042 qui
2324 1974 2672 2027 descenderat
2697 1974 2937 2028 adsetnel
2981 1973 3178 2042 erupit,
3210 1984 3264 2028 et
3316 1977 3394 2029 sic
3441 1984 3634 2028 cuncta

2062 2063 2276 2117 delevit.
2309 2062 2459 2129 Quod
2484 2077 2602 2116 cum
2647 2062 2841 2116 factum
2872 2061 3076 2124 fuisset,
3109 2063 3323 2131 triginta
3368 2064 3638 2126 monachi,

2061 2155 2203 2207 unde
2245 2166 2478 2208 casuum
2530 2163 2710 2206 ruerat
2753 2152 3106 2217 advenerunt,
3154 2161 3210 2206 et
3239 2161 3432 2207 terram
3464 2154 3662 2220 illam,-

2062 2260 2181 2315 qua:
2221 2254 2402 2299 monte
2429 2246 2674 2298 diruente
2707 2253 3063 2309 remanserat,
3096 2243 3377 2308 fodientes,
3414 2259 3489 2297 aes
3530 2246 3641 2300 sive
3709 2251 3714 2256 '

2064 2339 2263 2392 ferrum
2287 2338 2584 2406 reperiunt.
2614 2336 2764 2403 Quod
2787 2335 2916 2388 dum
2945 2341 3183 2403 agerent,
3208 2337 3464 2403 mugitum
3489 2350 3643 2388 tuon-

2066 2426 2156 2489 tis,
2189 2435 2245 2479 ut
2275 2427 2421 2494 prius
2464 2425 2656 2490 fuerat,
2684 2423 2989 2478 audierunt.
3012 2423 3118 2479 Sed
3153 2424 3274 2477 'lum
3302 2440 3329 2476 a
3368 2438 3507 2478 saeva
3549 2441 3643 2477 eu-

2070 2519 2295 2588 piditate
2321 2519 2644 2580 retinentur,
2676 2531 2799 2585 pars
2857 2516 2944 2570 illa
2995 2531 3115 2585 qua:
3157 2517 3390 2570 nondum
3445 2527 3643 2583 ruerat,

2072 2612 2225 2680 172
2272 2623 2434 2674 super
2461 2623 2555 2662 eos
2581 2607 2794 2672 cecidit,
2828 2621 2962 2676 quos
2999 2607 3208 2674 Operuit
3235 2615 3393 2674 atque
3424 2607 3642 2661 interfe-

2065 2703 2160 2765 cit,
2194 2714 2290 2752 uec
2342 2698 2480 2752 ultra
2510 2699 2708 2752 inventi
2739 2706 2882 2750 sunt.
2930 2695 3185 2753 Similiter
3212 2707 3267 2751 et
3293 2704 3415 2752 ante
3439 2697 3642 2753 cladem

2068 2791 2381 2853 Arvernam,
2411 2802 2597 2855 magna
2629 2788 2902 2855 regiooem
2951 2787 3092 2839 illam
3149 2786 3382 2856 prodigia
3431 2798 3641 2841 terrue-

2069 2889 2212 2931 runt.
2242 2878 2372 2932 Natn
2420 2879 2732 2946 plerumque
2778 2887 2889 2930 tres
2919 2887 3012 2930 aut
3058 2887 3286 2946 quatuor
3327 2878 3643 2947 spleudmes

2071 2969 2248 3038 magni
2290 2969 2432 3022 circa
2476 2968 2641 3021 soletn
2689 2977 3075 3036 apparuerunt,
3107 2982 3241 3036 quos
3271 2968 3452 3022 rustici
3501 2967 3644 3022 soles

2071 3061 2352 3123 vocabant,
2384 3059 2623 3111 dicentes
2655 3074 2668 3109 :
2718 3058 2853 3111 Ecce
2887 3067 2994 3112 tres
3032 3058 3114 3111 vel
3166 3068 3393 3127 quatuor
3418 3061 3558 3114 soles
3586 3061 3640 3114 in

1993 3143 2038 3205 C
2068 3150 2226 3204 coelo.
2270 3149 2503 3214 Quadam
2537 3156 2712 3201 tamen
2752 3149 2869 3202 vice
2915 3149 2967 3201 in
3015 3147 3252 3203 kalendis
3297 3149 3641 3217 Octobribus,

2069 3241 2142 3295 ita
2171 3239 2249 3292 sol
2278 3240 2589 3292 obscuratus
2632 3238 2895 3306 apparuit,
2948 3247 3004 3291 ut
3045 3251 3142 3292 nec
3187 3247 3374 3306 quarta
3421 3238 3637 3306 quidem

2069 3343 2190 3398 pars
2213 3330 2263 3381 in
2302 3329 2488 3382 eodem
2513 3325 2695 3380 lucens
2720 3335 3039 3393 remaneret,
3065 3326 3160 3381 sed
3186 3337 3322 3382 teter
3349 3336 3508 3397 atque
3537 3328 3636 3383 de-

2069 3422 2220 3474 color
2276 3434 2561 3488 apparens,
2620 3418 2771 3488 quasi
2823 3432 3012 3472 saccus
3059 3418 3353 3472 videbatur.
3401 3419 3534 3474 Nam
3588 3430 3644 3476 et

2068 3510 2244 3573 stella,
2294 3523 2452 3576 quam
2483 3507 2698 3576 quidam
2731 3516 2997 3561 cometem
3029 3516 3239 3575 vocant,
3273 3507 3476 3564 radium
3521 3519 3639 3565 tan-

2069 3616 2224 3670 quam
2251 3599 2482 3667 gladium
2524 3599 2742 3660 habens,
2773 3612 2933 3666 super
2958 3597 3228 3664 regionem
3254 3598 3396 3651 illam
3434 3614 3528 3668 per
3549 3615 3644 3654 an-

2071 3704 2194 3743 muu
2221 3690 2480 3757 integrum
2507 3688 2774 3757 apparuit,
2816 3697 2870 3742 et
2895 3687 3091 3742 cadum
3131 3687 3320 3742 ardere
3346 3689 3516 3743 visum
3539 3699 3642 3755 est,

2068 3789 2124 3834 et
2153 3782 2314 3834 multa
2357 3780 2461 3834 alia
2491 3780 2640 3848 signa
2691 3794 3007 3848 apparuere.
3041 3779 3098 3834 ln
3124 3779 3346 3834 ecclesia
3375 3794 3504 3835 vero
3543 3783 3644 3835 Ar-

2071 3887 2250 3939 verna,
2281 3873 2409 3925 dum
2458 3871 2735 3926 matutina:
2761 3871 3164 3926 celebrarentur
3191 3872 3382 3940 vigilite
3412 3873 3466 3928 in
3509 3888 3643 3941 qua-

2069 3964 2190 4017 dam
2251 3960 2560 4027 festivitate,
2597 3964 2719 4016 lavis
2769 3962 3053 4032 corydalus
3087 3966 3134 4028 l,
3191 3977 3350 4032 quam
3401 3961 3644 4020 alendam

2071 4070 2341 4119 vocamus,
2377 4056 2636 4126 ingressa,
2668 4054 2845 4108 omnia
2893 4054 3170 4109 luminaria
3211 4069 3332 4124 qua:
3373 4055 3643 4125 lucebant,

2071 4144 2175 4199 alis
2202 4145 2555 4215 superpositis
2591 4145 2642 4199 in
2673 4153 2818 4198 tanta
2849 4146 3129 4199 velocitate
3155 4144 3430 4210 exstinxit,
3459 4155 3516 4197 ut
3547 4162 3644 4214 pu-

2073 4245 2216 4290 tares
2245 4235 2385 4290 eain
2418 4237 2571 4289 unius
2602 4232 2832 4288 hominis
2860 4250 3019 4288 manu
3063 4235 3252 4302 positi,
3298 4249 3431 4301 aqua
3474 4235 3642 4291 fuisse

2073 4328 2346 4383 submersa
2379 4345 2394 4383 :
2426 4326 2479 4380 in
2506 4327 2740 4380 sacrario
2766 4335 2942 4378 autem
2971 4327 3068 4381 sub
3096 4326 3217 4379 velo
3243 4326 3532 4384 transiens.
3566 4328 3644 4381 ci-

2073 4418 2341 4473 cindelum
2373 4418 2396 4453 ι
2426 4417 2764 4487 exStinguere
2791 4417 2977 4482 voluit,
3004 4418 3095 4471 sed
3125 4417 3192 4472 ab
3215 4420 3448 4474 ostiariis
3478 4418 3646 4486 prohii

313 4557 356 4589 ..
401 4507 523 4558 dem
555 4507 750 4560 scissus
781 4515 938 4573 atque
965 4515 1238 4573 separatus
1269 4519 1422 4559 mons
1450 4507 1538 4560 ille
1564 4505 1632 4559 ab
1655 4507 1761 4560 alio
1789 4517 1970 4563 monte
2001 4506 2049 4565 Ι)
2075 4509 2180 4563 bita
2209 4517 2368 4578 atque
2395 4507 2569 4561 occisa
2600 4517 2700 4562 est.
2747 4507 2932 4563 Simile
2962 4517 3015 4562 et
3038 4508 3097 4592 in
3124 4509 3344 4564 basilica
3372 4510 3511 4564 beati
3535 4512 3646 4563 Au«

475 4675 502 4703 ⁸
541 4665 632 4721 Sic
653 4628 761 4718 vet.
788 4679 953 4723 mss.;
981 4662 1193 4734 Regm.,
1223 4664 1556 4733 Adovagrtus.
1589 4663 1748 4731 Etliti,
1773 4668 1981 4719 Adoua-

403 4739 534 4800 rius,
567 4745 655 4788 aut
683 4734 1024 4786 Eudouarius.

478 4805 531 4924 ιιι
700 4812 990 4872 sequuntur
1017 4816 1184 4870 usque
1215 4800 1328 4857 fere
1353 4801 1420 4855 ad
1450 4801 1607 4858 linem
1637 4818 1754 4871 cap.
1785 4804 1853 4859 58
1879 4804 1976 4860 de-

478 4895 504 4924 ll
552 4891 600 4924 ΙΙΙ
679 4889 817 4924 ι’ΠΙΙΙ.

406 4885 531 4930 inut
552 4891 600 4926 ιιι
634 4885 817 4940 ltrgiu.

484 4956 505 4982 ε
549 4944 758 5008 Aliquot
788 4955 916 4995 mss.
947 4956 1066 4995 cum
1093 4940 1202 5003 ed.,
1235 4940 1513 5008 foderetur.

2087 4680 2199 4717 cum
2227 4680 2278 4716 tn
2307 4663 2622 4732 longitudine
2651 4662 2719 4716 ϐξ)
2742 4662 2956 4716 millium
2975 4672 3022 4718 et
3051 4665 3315 4722 latitudine
3333 4667 3404 4720 9.0
3431 4671 3644 4725 millium

2083 4735 2154 4787 ita
2181 4744 2338 4786 totum
2367 4735 2538 4804 movit,
2567 4742 2621 4784 ut
2662 4748 2886 4804 egressus
2929 4745 3138 4802 utraque
3175 4740 3290 4804 ripa
3330 4739 3465 4792 vicos
3511 4743 3651 4794 anti-

2079 4805 2348 4873 quissimos
2375 4817 2490 4855 cum
2518 4801 2806 4854 hominibus
2833 4812 2878 4854 et
2901 4801 3160 4871 pecoribus
3195 4801 3456 4872 vastasset,
3489 4811 3646 4870 ciant

2080 4880 2242 4926 Multa
2271 4882 2590 4948 sacrosancta
2620 4874 2730 4924 loca
2758 4876 2962 4948 carneis
2989 4877 3316 4948 seruientt'bus
3334 4879 3643 4948 demo/isset,

2080 4953 2130 5015 et
2160 4951 2364 5015 pontem
2394 4938 2732 5015 Genavacum,
2755 4943 2970 5015 molinae
2999 4953 3044 4997 et
3073 4944 3298 4999 homines
3321 4965 3410 5015 per
3429 4949 3527 5001 vim
3553 4938 3646 5004 de;

480 5011 505 5049 δ
549 5013 870 5084 Fluviusesl.
902 5010 1120 5084 '[roadis
1139 5026 1201 5084 ea
1222 5008 1320 5084 Ida
1337 5020 1516 5084 monte
1536 5010 1792 5077 deﬂuens,
1816 5011 1974 5070 hodie
2065 5013 2212 5084 jecit,
2246 5020 2291 5065 et
2311 5009 2517 5064 Genava
2543 5012 2742 5065 civitate
2769 5012 3028 5081 ingressus
3053 5015 3226 5084 plures
3247 5008 3470 5071 homines
3490 5020 3646 5072 inter-i

407 5099 441 5136 a
471 5085 655 5137 Turcis
681 5082 876 5136 dicitur
909 5079 1151 5145 Chisime,
1182 5081 1234 5134 in
1269 5081 1491 5150 Phrygia
1521 5084 1745 5136 minore.

486 5164 509 5190 ο
554 5154 683 5205 Editi
714 5153 949 5219 quidam,
989 5150 1279 5204 Firmino...
1312 5161 1529 5216 tantum,
1559 5161 1612 5205 et
1641 5153 1777 5207 infra
1811 5153 1976 5208 Corb.

408 5238 465 5281 et
498 5224 715 5284 Bellum,
748 5221 928 5291 Magni
951 5221 1018 5273 ibi
1056 5230 1173 5291 tunc
1194 5221 1304 5272 viri.

490 5294 506 5332 ί
551 5293 637 5348 Sic
662 5306 792 5346 mss.
823 5290 1056 5345 omnes:
1107 5290 1342 5360 plerique
1386 5299 1562 5346 tamen
1608 5290 1733 5344 editi
1781 5291 1978 5346 habent

447 5377 592 5417 αῑγιε.

480 5383 592 5416 trra.

409 5383 509 5481 Pas
554 5431 648 5485 llic
693 5431 841 5485 locus
867 5429 1086 5482 omnino
1134 5429 1421 5482 illustratur
1462 5445 1525 5484 ex
1579 5429 1724 5484 Marii
1759 5431 1976 5484 Aventi-

412 5503 585 5555 rensis
617 5502 879 5553 Chronico
905 5499 988 5552 ubi
1019 5499 1086 5551 de
1109 5499 1293 5552 eadem
1337 5515 1394 5553 re
1422 5500 1499 5554 sic
1540 5500 1770 5568 loquitur
1801 5517 1816 5554 :
1859 5499 1974 5552 Hoc

410 5589 549 5626 auito
582 5568 733 5639 (565)
765 5586 905 5622 mons
950 5571 1145 5621 ualidus
1189 5569 1580 5622 'I‘auretunensis
1625 5570 1678 5621 in
1723 5572 1972 5622 territorio

426 5641 641 5695 Vulleusi
677 5642 748 5692 ita
775 5640 937 5692 subito
966 5641 1086 5701 ruit,
1125 5647 1178 5689 ut
1204 5650 1423 5691 castrum
1445 5639 1526 5691 cui
1553 5639 1745 5691 vicinus
1775 5649 1901 5702 erat,
1925 5651 1972 5691 et

410 5729 548 5764 vicus
567 5725 679 5762 cum
712 5711 939 5761 omnibus
968 5709 1033 5760 ibi
1078 5708 1413 5761 [metientibus
1441 5710 1784 5777 Oppressisset,
1814 5720 1857 5761 et
1891 5711 1968 5761 la-

2077 5082 2212 5147 fecit.

2150 5151 2175 5188 δ
2217 5152 2461 5220 Plerique
2488 5149 2635 5214 editi,
2666 5150 2969 5220 insidebant.

2157 5220 2172 5255 ί
2217 5222 2306 5276 Sic
2333 5219 2493 5275 Cbrb.
2522 5228 2578 5273 et
2607 5221 2739 5273 Bell.
2775 5219 2909 5290 Edjti
2940 5221 3174 5290 plerique
3215 5237 3334 5276 cum
3367 5225 3510 5289 Bec.,
3541 5226 3645 5280 1a.

2081 5292 2462 5368 nosamLCulb.
2503 5300 2557 5368 et
2580 5289 2798 5368 (ilicem,
2827 5288 3207 5368 Genuam—Sed
3236 5293 3320 5346 hic
3347 5288 3641 5368 Genavam,

2080 5360 2476 5435 vulgo__Ge_ueve_,
2506 5360 2769 5435 designari
2812 5359 3145 5435 manifestum
3189 5370 3300 5427 est;
3350 5373 3404 5419 et
3427 5359 3641 5435 quidem

2079 5431 2129 5483 id
2154 5430 2206 5484 in
2237 5429 2490 5494 Vallensi,
2519 5430 2565 5482 le.
2601 5429 2791 5490 Valais,
2815 5429 3054 5496 contigit.

2150 5501 2164 5549 i
2213 5498 2370 5553 Corb.
2404 5509 2458 5554 et
2480 5501 2628 5562 Bec.,
2660 5497 2978 5552 Coredallus.
3004 5496 3180 5564 Colb.,
3215 5500 3542 5560 Coradullus.
3573 5505 3639 5560 ν.

2076 5568 2421 5624 Alteserram.

2149 5639 2175 5676 κ
2215 5639 2303 5693 Sic
2329 5637 2489 5693 Cerb.
2520 5646 2575 5690 et
2607 5635 2868 5708 Bell.uAlii
2899 5645 2953 5689 et
2981 5638 3216 5708 plerique
3241 5641 3392 5705 editi,
3419 5646 3640 5698 cicinde-

2075 5709 2196 5762 lem.
2223 5709 2410 5764 Nosmt
2444 5709 2599 5760 lectio
2623 5705 2966 5760 confirmatur
2995 5724 3056 5762 ex
3095 5705 3206 5764 Vita
3246 5711 3302 5766 S.
3331 5714 3484 5782 διίεἰί
3521 5729 3550 5766 a
3579 5716 3626 5770 S~

2583 5882 2610 5891 ν-
