4006 6182
258 276 375 369 299

1346 297 1405 358 s.
1447 267 1805 359 GBEGOBII
1848 297 2180 363 EPISCOPI
2218 301 2689 383 TURONE‘NSIS

3665 307 3771 367 300

262 429 647 510 Lugdunensi
676 427 958 502 episcopo,
992 426 1224 483 sanctus
1246 424 1502 483 Nicetius
1531 425 1603 483 ab
1636 427 1784 498 ipso,
1834 426 2045 488 sicutA
2066 445 2240 504 quem
2291 446 2439 505 saepe
2488 435 2712 503 propter
2762 429 2988 487 facinus
3034 427 3303 487 adulterii
3358 434 3592 489 sanctus
3641 431 3769 504 Dei,

264 524 329 583 in
357 523 506 581 libro
533 520 685 579 Vitae
725 517 851 591 ejus
879 513 1215 587 scripsimus
1254 526 1298 583 ε,
1338 513 1555 573 electus
1581 516 1832 587 suscepit
1861 514 1981 586 epi-

265 615 585 685 scopatum,
628 605 718 664 vir
746 602 920 661 totius
949 600 1266 659 sanctitatis
1307 601 1596 673 egregius,
1637 607 1807 660 castm
1849 616 1981 659 con-

263 698 626 760 versationis.
664 692 1013 752 Charitatem
1054 706 1212 760 vero,
1243 706 1421 765 quam
1454 691 1766 764 Apostolus
1806 696 1974 751 (Rom.

265 802 373 859 XII,
410 789 495 857 17)
535 800 669 845 cum
698 782 993 849 omnibus,
1026 782 1074 839 si
1126 781 1402 855 possibile
1454 788 1623 853 esset,
1676 783 1978 840 observare

265 875 554 951 praecepit,
603 874 697 931 hic
724 870 1075 946 possibiliter
1116 869 1195 926 ita
1222 868 1285 925 in
1314 870 1539 928 cunctis
1579 871 1859 940 exercuit,
1915 876 1980 927 ut

264 967 329 1026 in
367 966 492 1041 ejus
534 969 759 1038 pectore
790 960 912 1034 ipse
945 959 1249 1031 Dominus,
1291 960 1392 1032 qui
1424 965 1509 1017 est
1536 975 1671 1018 vera
1708 960 1975 1029 Charitas,

265 1060 616 1117 cerneretur.
647 1054 794 1112 Nam
824 1052 930 1109 etsi
976 1057 1303 1110 commotus
1336 1058 1535 1110 contra
1578 1051 1831 1127 aliquem
1874 1066 1977 1124 pro

264 1146 617 1221 negligentia
668 1143 809 1211 fuit,
862 1142 942 1200 ita
992 1143 1261 1216 protinus
1310 1142 1683 1200 emendatum
1740 1142 1969 1213 recepit,

264 1244 543 1310 tanquam
570 1234 619 1293 si
648 1249 767 1325 npn
790 1232 995 1291 fuisset
1021 1233 1295 1291 offensus.
1330 1233 1465 1290 Erat
1487 1232 1645 1290 enim
1674 1232 1975 1305 castigator

265 1322 753 1400 delinquentium,
805 1323 1332 1397 pmnitentiumque
1378 1326 1670 1393 remissor,
1722 1322 1972 1380 eleemo-

263 1415 535 1491 synarius
571 1418 746 1486 atque
776 1418 1049 1469 strenuus
1080 1410 1143 1467 in
1170 1410 1364 1469 labore
1394 1431 1406 1469 :
1439 1411 1706 1468 ecclesias
1732 1411 1973 1481 erigere,

264 1507 466 1565 domos
497 1517 856 1577 componere,
888 1515 1076 1558 serere
1114 1513 1301 1571 agros,
1331 1498 1532 1568 vineas
1569 1500 1857 1573 pastinare
1885 1498 1974 1555 di-

150 1630 161 1639 ι
263 1594 648 1673 ligentissime
687 1589 968 1649 studebat.
1014 1589 1126 1647 Sed
1166 1604 1280 1646 non
1314 1604 1447 1646 eum
1484 1588 1578 1645 hae
1616 1603 1707 1645 res
1755 1588 1826 1645 ab
1853 1604 1975 1646 ora-

265 1690 423 1749 tione
456 1686 782 1746 turbabant.
819 1684 929 1742 Hic
961 1684 1169 1755 viginti
1194 1684 1425 1742 duobus
1450 1685 1620 1742 annis
1662 1686 1974 1743 sacerdotio

2062 516 2203 575 dum
2227 525 2375 576 esset
2400 519 2463 576 in
2503 532 2758 592 corpore,
2800 534 2918 577 non
2952 517 3146 576 solum
3178 533 3210 575 a
3235 519 3653 578 communione
3685 537 3775 578 re-

2060 614 2337 678 moverat,
2378 607 2476 665 sed
2509 608 2682 665 etiam
2715 608 2928 679 saepius
2956 606 3101 664 cmdi
3130 616 3506 680 praeceperat,
3538 616 3593 667 et
3617 625 3774 667 nun-

2059 713 2234 772 quam
2264 697 2317 755 ei
2345 696 2417 755 ad
2445 696 2908 754 emendationem
2946 695 3157 753 ducere
3194 696 3401 769 potuit,
3434 696 3529 755 hic
3566 713 3773 756 ascen-

2059 788 2202 844 dens
2235 802 2407 859 super
2441 791 2651 843 tectum
2696 784 2909 842 domus
2939 783 3126 933 iLEius,
3171 800 3305 843 cum
3356 784 3620 858 detegere
3651 802 3769 845 cm-

2061 878 2254 933 nissct.
2290 876 2371 933 ait
2400 898 2412 932 :
2447 874 2670 933 Gratias
2702 874 2805 932 tibi
2831 889 2960 933 ago.
3034 890 3136 933 esu
3175 875 3423 933 Christe.
3458 876 3612 933 quod
3643 884 3769 933 post

2061 878 2254 950 pisset,
2290 876 2371 933 ait
2400 898 2412 932 :
2447 874 2670 934 Gratias
2702 874 2805 932 tibi
2831 889 2960 946 ago,
2998 874 3136 933 Jesu
3175 875 3423 946 Christe,
3458 876 3612 949 quod
3642 884 3769 950 post

2059 975 2302 1027 mortem
2333 965 2689 1041 iniquissimi
2721 965 2904 1023 Niceti
2930 982 3101 1039 super
3120 967 3281 1025 hunc
3309 974 3523 1026 tectum
3550 968 3772 1026 calcare

2058 1058 2369 1132 promerui.
2406 1057 2615 1114 Adhuc
2650 1055 2825 1113 verba
2878 1056 2940 1113 in
2969 1071 3067 1114 ore
3098 1057 3440 1129 pendebant,
3475 1065 3531 1115 et
3573 1057 3769 1115 statim

2058 1148 2379 1205 subductus
2405 1161 2438 1203 a
2466 1146 2709 1219 pedibus
2749 1146 2874 1218 ejus
2902 1145 3078 1204 robur
3106 1146 3169 1203 in
3204 1162 3320 1220 quo
3364 1147 3565 1216 stabat,
3608 1145 3764 1202 ceci-

2057 1237 2140 1294 dit
2169 1236 2241 1293 ad
2256 1241 2484 1304 terram,
2515 1235 2854 1309 crepuitque
2874 1241 2928 1292 et
2959 1240 3224 1313 mortuus
3252 1242 3355 1295 est.
3389 1235 3529 1293 Cum
3562 1240 3761 1292 autem

2058 1324 2360 1397 episcopus
2417 1321 2507 1381 vel
2550 1321 2765 1395 conqu
2814 1321 2940 1393 ejus
2994 1321 3179 1377 multa
3221 1326 3422 1377 contra
3474 1320 3761 1377 rationem

2056 1419 2310 1487 agerent,
2344 1411 2610 1485 apparuit
2637 1410 2872 1469 cuidam
2903 1416 3139 1467 sanctus
3167 1424 3268 1481 per
3301 1409 3618 1481 somnium,
3667 1410 3759 1467 di-

2055 1518 2229 1561 cens:
2276 1500 2451 1566 Vade,
2488 1506 2541 1558 et
2567 1499 2659 1558 dic
2687 1499 2879 1557 Prisco
2909 1505 2974 1556 ut
3000 1498 3340 1556 emendetur
3377 1497 3450 1555 ab
3487 1498 3763 1572 operibus

2056 1593 2246 1664 malis,
2312 1596 2369 1650 et
2420 1592 2563 1648 fiant
2610 1605 2779 1663 opera
2844 1588 2971 1663 ejus
3006 1588 3178 1646 bona.
3226 1587 3473 1646 Martino
3528 1604 3764 1663 quoque

2057 1686 2388 1759 presbytero
2416 1684 2569 1741 dices
2608 1706 2621 1740 :
2662 1680 2807 1751 Quia
2830 1680 3119 1739 censentis
3144 1679 3236 1737 his
3263 1680 3557 1753 operibus,
3585 1681 3758 1739 casti-

264 1776 591 1836 ministrato
642 1772 911 1845 migravit
957 1772 1027 1828 ad
1077 1771 1412 1842 Dominum,
1453 1772 1556 1845 qui
1581 1788 1739 1831 nunc
1767 1777 2279 1852 magnaBgandus
2321 1776 2468 1846 eris;
2518 1779 2573 1833 et
2601 1774 2649 1831 si
2674 1772 2983 1831 emendare
3010 1770 3442 1845 perversitatem
3470 1778 3628 1829 tuam
3661 1787 3764 1830 no-

264 1864 543 1927 miracula
555 1865 621 1920 ad
648 1879 818 1921 suum
841 1862 1140 1920 tumulum
1167 1862 1545 1919 exorantibus
1560 1869 1809 1935 prmstat.
1828 1863 1972 1920 Nam

262 1957 335 2016 de
365 1957 488 2015 oleo
528 1950 817 2019 cicindeli,
850 1950 955 2020 qui
999 1950 1071 2007 ad
1100 1950 1293 2021 ipsum
1336 1948 1665 2021 sepulcrum
1715 1951 1972 2023 quotidie

258 2039 609 2106 accenditur,
647 2051 931 2094 caecorum
964 2036 1147 2094 oculis
1192 2037 1391 2095 lumen
1435 2038 1703 2109 reddidit,
1753 2040 1969 2096 dieme-

261 2146 367 2188 nes
397 2128 467 2185 de
492 2128 740 2186 obsessis
772 2126 1110 2199 corporibus
1138 2126 1315 2199 fugat,
1351 2128 1657 2184 contractis
1694 2126 1972 2185 membris

262 2224 512 2283 restituit
540 2223 863 2291 sanitatem,
905 2228 961 2278 et
1002 2222 1275 2278 omnibus
1304 2222 1561 2279 infirmis
1593 2238 1871 2295 magnum
1908 2220 1971 2277 in

261 2313 372 2370 hoc
404 2317 655 2385 tempore
683 2310 927 2368 habetur
956 2307 1316 2382 praesidium.
1348 2309 1535 2382 Igitur
1581 2309 1815 2368 Priscus
1849 2311 1974 2383 epi-

261 2417 489 2476 scopus,
518 2401 620 2475 qui
642 2400 695 2458 ei
724 2396 1091 2470 successerat,
1128 2414 1259 2457 cum
1291 2400 1533 2473 conjuge
1568 2416 1675 2459 sua
1705 2401 1972 2459 Susanna

260 2490 432 2563 cmpit
475 2487 744 2561 persequi
790 2504 853 2545 ac
900 2488 1224 2544 interﬁcere
1280 2487 1495 2546 multos
1540 2489 1610 2546 de
1664 2490 1777 2561 his,
1829 2504 1973 2562 quos

260 2580 353 2637 vir
381 2578 483 2636 Dei
514 2577 823 2634 familiares
859 2575 1161 2647 habuerat,
1199 2592 1313 2633 non
1348 2576 1514 2650 culpa
1542 2576 1740 2651 aliqua
1770 2577 1970 2647 victos,

196 2710 197 2713 η
260 2687 377 2729 non
402 2671 463 2727 in
503 2667 745 2725 crimine
773 2667 1187 2740 comprobatos,
1224 2683 1337 2727 non
1378 2668 1533 2726 furto
1562 2668 1970 2741 deprehensos,

261 2764 485 2816 tantum
542 2756 938 2814 inﬂammante
981 2754 1199 2811 malitia
1253 2755 1510 2824 invidus,
1562 2772 1667 2815 cur
1695 2757 1743 2814 ei
1776 2757 1973 2815 fideles

176 2850 185 2855 “
260 2852 528 2913 fuissent.
586 2849 951 2906 Declamabat
1013 2850 1195 2907 multa
1243 2848 1606 2922 blasphemia
1656 2849 1778 2922 ipse
1833 2865 1967 2907 cum

259 2938 504 3010 conjuge
539 2936 609 2994 de
641 2941 834 2993 sancto
869 2934 991 3005 Dei,
1018 2940 1225 2992 etcum
1260 2933 1363 2991 diu
1391 2935 1690 3007 multoque
1718 2942 1968 3009 tempore

2053 1867 2252 1934 lueris,
2280 1863 2655 1923 morieris.At
2674 1860 2773 1919 ille
2802 1859 3105 1933 evigilans,
3139 1858 3363 1918 locutus
3404 1864 3491 1918 est
3517 1860 3761 1919 diacono

2053 1935 2306 2023 etiidam,
2339 1952 2578 2010 dicens:
2627 1949 2802 2019 Vade,
2845 1962 3068 2023 quaeso,
3113 1961 3183 2005 eo
3230 1947 3381 2019 quod
3415 1946 3495 2004 sis
3532 1948 3759 2006 amicus

2056 2043 2111 2098 in
2148 2041 2317 2098 domo
2353 2036 2623 2111 episcopi,
2654 2043 2709 2094 et
2737 2037 2861 2093 haec
2890 2035 3126 2108 loquere
3165 2033 3289 2091 sive
3317 2035 3599 2107 episcopo,
3632 2034 3759 2093 sive

2054 2135 2302 2193 Martino
2324 2134 2677 2207 presbytero.
2699 2129 2968 2189 Promisit
2991 2144 3051 2187 se
3065 2128 3343 2187 diaconus
3367 2126 3759 2199 elocuturum,

2055 2226 2154 2285 sed
2190 2231 2526 2283 retractatus
2564 2224 2749 2282 noluit
2798 2237 2864 2278 ea
2912 2220 3040 2278 fari.
3090 2220 3267 2277 Nocte
3292 2220 3483 2275 autem
3506 2233 3652 2301 cum
3700 2232 3763 2274 se

2054 2315 2243 2388 sopori
2272 2314 2540 2379 dedisset,
2569 2314 2834 2388 apparuit
2874 2312 2927 2370 ei
2952 2315 3202 2379 sanctus,
3229 2309 3427 2367 dicens
3454 2333 3466 2366 :
3504 2309 3620 2367 Cur
3643 2323 3763 2367 non

2052 2406 2255 2463 dixisti
2284 2420 2417 2476 quae
2462 2404 2566 2462 tibi
2589 2404 2767 2462 abbas
2796 2403 3027 2462 locutus
3058 2407 3141 2459 est
3162 2403 3188 2456 ‘i
3224 2406 3281 2457 et
3308 2399 3523 2458 clausis
3550 2400 3764 2472 pugnis

2052 2495 2223 2569 cmpit
2251 2500 2449 2567 guttur
2478 2494 2603 2567 ejus
2641 2494 2879 2553 caedere.
2912 2492 3081 2550 Mane
3104 2498 3301 2549 autem
3340 2489 3507 2559 facto,
3546 2487 3764 2545 inﬂatis

2053 2585 2320 2644 faucibus
2374 2599 2507 2642 cum
2560 2598 2772 2657 magno
2818 2579 3036 2652 dolore,
3088 2576 3324 2636 accessit
3362 2576 3445 2634 ’ad
3486 2576 3662 2645 viros,
3704 2582 3759 2632 et

2053 2674 2251 2733 omnia
2275 2688 2408 2746 quae
2433 2672 2693 2731 audierat
2715 2669 3027 2729 intimavit.
3057 2670 3132 2726 At
3159 2668 3249 2725 illi
3275 2664 3757 2739 parvipendentes

2053 2778 2119 2821 ea
2148 2778 2280 2838 qum
2311 2762 2631 2832 audierant,
2662 2760 3026 2834 phantasiam
3053 2757 3411 2815 somniorum
3437 2769 3562 2812 esse
3593 2752 3755 2809 dixe-

2050 2860 2207 2911 runt.
2260 2853 2545 2911 Martinus
2602 2867 2737 2909 vero
2790 2848 3085 2922 presbyter
3129 2846 3320 2903 statim
3376 2844 3438 2901 in
3489 2842 3647 2899 febre
3699 2846 3757 2897 et

2051 2949 2334 3016 aegrotans
2377 2941 2708 3011 convaluit;
2762 2939 2859 2998 sed
2888 2954 3023 2997 cum
3065 2942 3205 3000 1'79
3243 2948 3468 3007 semper
3498 2931 3519 2960 "
3544 2930 3752 2989 adora-

258 3027 626 3084 observatum
680 3023 880 3081 fuisset
924 3022 997 3079 ab
1037 3022 1427 3081 anterioribus
1464 3024 1856 3096 pontiﬁcibus,
1910 3029 2196 3089 utCtorio
2227 3030 2490 3104 episcopo
2522 3030 2874 3103 loqueretur,
2922 3034 2975 3085 et
3003 3025 3349 3084 consentiret
3389 3028 3443 3079 οἱ
3478 3021 3541 3077 in
3584 3017 3754 3076 malis

259 3116 475 3176 mulier
502 3116 742 3174 domum
780 3130 895 3174 non
930 3114 1332 3188 ingrederetur
1357 3115 1632 3187 ecclesia},
1672 3118 1796 3175 haec
1834 3134 1966 3176 cum

258 3206 472 3281 puellis
491 3206 662 3264 etiam
693 3206 755 3263 in
786 3204 1015 3276 cellula,
1052 3206 1110 3262 in
1143 3221 1257 3278 qua
1286 3206 1399 3263 viri
1426 3206 1576 3265 beati
1604 3209 1965 3281 quieverant,

258 3294 554 3353 introibat.
603 3292 714 3350 Sed
752 3306 852 3364 pro
885 3291 974 3348 his
1004 3299 1287 3349 commota
1320 3294 1550 3351 tandem
1598 3294 1798 3351 divina
1842 3311 1968 3351 ma-

252 3385 429 3459 jestas
451 3383 571 3441 ulta
600 3388 684 3439 est
712 3381 772 3437 in
801 3380 1022 3438 familia
1057 3380 1237 3437 Prisci
1268 3381 1538 3454 episcopi.
1583 3381 1727 3439 Nam
1752 3385 1966 3453 conjux

260 3474 388 3547 ejus
433 3474 699 3531 daemone
738 3476 981 3542 arrepta,
1033 3467 1292 3527 dimissis
1339 3470 1604 3529 crinibus
1650 3488 1751 3544 per
1795 3478 1971 3529 totam

261 3566 467 3625 urbem
532 3566 740 3623 insana
793 3562 1133 3624 vexabatur.
1194 3569 1250 3619 et
1317 3571 1576 3620 sanctum
1639 3568 1778 3626 1'78
1846 3563 1969 3632 Dei,

260 3671 437 3729 quem
480 3668 619 3711 sana
650 3658 976 3721 negaverat,
1029 3649 1284 3707 amicum
1316 3648 1529 3707 Christi
1566 3654 1845 3723 confessa,
1907 3659 1973 3711 ut

263 3746 373 3804 sibi
409 3749 662 3817 parceret
685 3741 1062 3797 declamabat.
1097 3740 1417 3812 Episcopus
1448 3741 1547 3798 ille
1569 3758 1603 3799 a
1632 3749 1765 3816 typo
1797 3758 1971 3816 quar-

264 3839 414 3890 tanae
456 3836 749 3902 correptus
802 3835 1104 3886 tremorem
1146 3827 1411 3885 incurrit.
1460 3828 1606 3886 Nam
1638 3845 1772 3887 cum
1804 3838 1974 3903 typus

262 3925 362 3984 ille
410 3924 756 3994 recessisset,
818 3921 913 3979 hic
958 3938 1188 3995 semper
1238 3928 1488 3981 tremens
1539 3924 1860 3983 habebatur
1907 3942 1973 3983 ac

262 4013 548 4089 stupidus.
601 4011 789 4070 Filius
833 4027 1087 4085 quoque,
1138 4012 1451 4086 omnisque
1495 4014 1717 4071 familia
1745 4014 1971 4072 decolor

263 4121 386 4166 esse
416 4102 718 4162 videbatur
748 4118 814 4159 ac
859 4101 1088 4174 stupida
1120 4125 1132 4158 :
1188 4107 1252 4160 ut
1278 4102 1429 4161 nulli
1463 4104 1535 4159 sit
1572 4102 1839 4174 dubium,
1874 4119 1969 4161 eos

262 4216 297 4259 a
325 4196 504 4258 sancti
544 4194 657 4255 viri
683 4194 901 4252 virtute
927 4208 1246 4266 percussos.
1286 4190 1524 4267 Semper
1553 4194 1709 4252 enim
1741 4194 1971 4254 Priscus

261 4292 579 4365 episcopus,
619 4287 859 4360 ejusque
906 4284 1145 4356 familia,
1202 4291 1399 4343 contra
1430 4292 1695 4345 sanctum
1725 4287 1828 4345 Dei
1866 4304 1969 4346 ne-

2050 3122 2273 3180 actibus
2307 3137 2372 3180 ac
2402 3119 2777 3194 blasphemiis
2814 3134 2946 3192 quae
2984 3118 3047 3174 in
3088 3120 3350 3174 sanctum
3385 3111 3751 3179 evomebant,

2049 3217 2262 3274 iterum
2292 3215 2355 3272 in
2388 3214 2547 3272 febre
2576 3212 2837 3270 redactus
2867 3209 3135 3284 spiritum
3172 3205 3486 3266 exhalavit.

2122 3351 2143 3374 ⁸
2167 3347 2453 3406 XXXVII.
2490 3347 2734 3404 Sanctus
2762 3359 2898 3404 vero
2927 3343 3203 3401 Friardus
3232 3342 3341 3399 hoc
3368 3336 3758 3396 nihilominus

2054 3453 2329 3519 tempore,
2377 3457 2491 3517 quo
2534 3448 2764 3500 sanctus
2793 3439 3050 3499 Nicetius
3080 3438 3221 3497 obiit
3264 3438 3475 3509 plenus
3505 3435 3757 3502 dierum,

2054 3536 2350 3595 sanctitate
2402 3534 2689 3606 egregius,
2745 3532 2969 3589 actione
3001 3527 3289 3596 sublimis,
3341 3526 3460 3584 vita
3502 3521 3758 3593 nobilis;

2055 3626 2125 3683 de
2153 3625 2319 3697 cujus
2347 3622 2663 3689 miraculis,
2683 3622 2949 3695 quazdam
2986 3620 3047 3677 in
3087 3618 3254 3683 libro,
3306 3632 3483 3690 quem
3513 3613 3583 3671 de
3632 3611 3765 3669 Vita

2054 3716 2181 3789 ejus
2210 3714 2554 3787 scripsimus
2584 3725 2605 3751 ο
2656 3713 3128 3771 memoravimus.
3181 3709 3251 3766 In
3298 3708 3467 3781 cujus
3514 3706 3765 3764 transitu

2053 3804 2398 3862 adveniente
2433 3803 2617 3861 Felice
2662 3802 2947 3875 episcopo,
2994 3798 3202 3859 cellula
3242 3804 3355 3856 tota
3387 3795 3759 3863 contremuit,

2054 3893 2208 3951 unde
2242 3908 2357 3951 non
2402 3893 2632 3967 ambigo
2659 3891 2882 3966 aliquid
2921 3891 3136 3948 ibidem
3186 3888 3366 3947 fuisse
3406 3884 3757 3959 angelicum,

2054 3984 2206 4059 quod
2238 3984 2319 4041 sic
2358 3983 2516 4041 locus
2562 3980 2663 4039 ille
2691 3981 2815 4055 ipso
2844 3983 3181 4037 transeunte
3209 3973 3530 4043 tremuerit,
3584 3986 3761 4045 quem

2054 4074 2354 4148 episcopus
2398 4072 2665 4141 abluens,
2720 4076 2892 4145 atque
2930 4069 3124 4142 dignis
3174 4062 3534 4124 vestimentis
3564 4061 3757 4119 invol-

2054 4180 2217 4233 vens,
2252 4161 2565 4236 sepulturae
2594 4158 2911 4217 mandavit.

2124 4295 2422 4355 XXXVIII
2462 4294 2572 4370 [Αἱ.
2619 4295 2842 4365 XXXII].
2891 4292 3064 4365 Ergo,
3106 4294 3172 4350 ut
3207 4289 3279 4347 ad
3328 4284 3632 4345 historiam
3668 4295 3761 4340 re-

266 4380 429 4438 fariis
476 4376 716 4437 vocibus
760 4374 1143 4441 oblatrabant,
1199 4374 1509 4448 ipsumque
1560 4376 1670 4433 sibi
1719 4377 2351 4448 amicuchurramus
2391 4390 2418 4425 (ι
2462 4436 2476 4458 ,
2515 4393 2743 4444 mortuo
2787 4386 2939 4459 apud
2982 4381 3326 4454 Hispaniam
3368 4371 3762 4447 Athanagildo

265 4485 389 4529 8859
415 4467 688 4539 dicentes»,
720 4465 1076 4540 (ﬁlicumque
1105 4464 1176 4521 de
1210 4480 1276 4522 90
1304 4464 1649 4538 imProperia
1692 4468 1975 4525 ονοῑηυὶε·
2056 4495 2215 4552 rege,
2259 4479 2457 4537 Leuva
2486 4491 2621 4535 cum
2664 4473 2981 4533 Leuvieldo
3023 4472 3199 4529 fratre
3236 4480 3485 4539 regnum
3521 4460 3763 4535 accepit.

266 4562 369 4616 set.
400 4555 431 4613 J
438 4560 657 4615 usserat
694 4554 851 4612 enim
882 4553 943 4611 in
971 4552 1285 4628 primordio
1314 4552 1671 4626 episcopatus
1701 4555 1791 4612 sui
1831 4555 1973 4613 aedi-

2123 4551 2339 4628 .éfuncto
2365 4567 2544 4641 igitur
2572 4567 2868 4634 Leuvane,
2918 4557 3279 4619 Leuvieldus
3305 4555 3480 4613 frater
3518 4551 3647 4625 ejus
3675 4555 3763 4606 to-

265 4646 466 4708 ﬁcium
515 4649 727 4709 domus
776 4647 1176 4707 ecclesiastica)
1236 4646 1524 4721 exaltari;
1592 4654 1647 4707 et
1697 4648 1975 4715 diaconus
2056 4665 2181 4720 tum
2218 4674 2463 4733 regnum
2498 4655 2818 4731 occupavit.
2870 4652 2980 4724 Qui
3020 4665 3207 4711 uxore
3244 4651 3488 4715 mortua,
3530 4641 3762 4703 Gunth-

324 5062 345 5084 ‘
384 5052 444 5105 In
496 5050 636 5105 “er
676 5050 747 5104 de
793 5048 924 5101 Vitis
967 5048 1202 5113 Patrum,
1270 5060 1392 5113 cal)-
1422 5049 1471 5112 8.
1520 5052 1666 5116 quod
1696 5062 1820 5105 cum
1859 5053 1967 5109 isto
2058 5063 2230 5116 usque
2281 5050 2347 5102 ad
2377 5048 2501 5101 libri
2547 5048 2713 5099 tinem
2756 5052 3115 5108 apponemus,
3146 5040 3216 5116 ob
3254 5038 3571 5116 cita_tionum
3609 5047 3759 5116 com-

265 5124 385 5177 loco
410 5122 623 5179 confer.
1186 5108 1198 5113 ’
1338 5108 1352 5113 ’
1456 5108 1465 5112 ⁷
1535 5108 1554 5116 ’
1950 5108 1953 5109 ⁷
2055 5108 2247 5176 mo'da-
2290 5123 2545 5173 Caeterum
2605 5129 2797 5170 omnes
2863 5127 2994 5169 mss.
3068 5115 3269 5179 praeter
3344 5111 3468 5163 Bec.
3533 5108 3758 5179 habent,

2054 5195 2195 5258 Ergo
2223 5195 2283 5245 ut
2311 5192 2383 5243 ad
2414 5189 2699 5242 historiam
2726 5178 3098 5247 recurramus,
3144 5188 3252 5244 aut,
3288 5182 3588 5258 redeuntes.
3612 5178 3762 5258 _Editi

2052 5250 2186 5317 vero
2208 5268 2266 5316 ut
2295 5265 2603 5328 plurimum,
2639 5259 2713 5311 Eo
2756 5261 2939 5311 autem
2978 5264 3211 5328 tempore
3247 5252 3579 5328 mortuo_._Et
3611 5250 3760 5328 intra

2052 5336 2223 5394 Corb,
2256 5321 2634 5388 Aihaniezdo...
2687 5330 2967 5383 Leuvetdo.
2999 5328 3129 5379 Editi
3163 5326 3387 5390 aliquot,
3431 5321 3757 5394 Athanolae.

2048 5392 2343 5471 Leuvigildi
2399 5408 2675 5459 sincerum
2760 5414 2980 5459 nomen,
3044 5404 3101 5451 et
3168 5397 3328 5471 regni
3392 5398 3605 5471 tempus
3636 5392 3759 5471 _di-

323 5519 342 5541 ‘
368 5508 429 5561 1n
451 5507 587 5561 libro
607 5507 674 5559 de
708 5508 831 5561 Vitis
861 5509 1087 5573 Patrum.
1122 5522 1246 5574 cap.
1290 5508 1363 5560 ιο-
2046 5464 2611 5574 ἓξξωΡὲηῗῖξὲωίὲῗὲ,
2642 5473 2922 5574 193.33.333.13
2929 5469 3305 5574 ¹¹ῗη⁶ἷ¹ῗῖἒξξξῗο
3318 5464 3761 5574 °‘3l2?“3~2.22‘.:

2047 5550 2125 5601 tbi
2175 5552 2438 5615 apposita,
2493 5534 2614 5612 quae
2646 5534 2914 5605 hodieque
2974 5543 3030 5594 in
3075 5540 3311 5615 ecclesia
3361 5534 3759 5615 vici__f‘rui_uas

319 5628 341 5659 ⁴
375 5625 617 5692 Cupitum
670 5633 901 5676 numero
944 5624 1012 5677 ob
1077 5624 1258 5677 addita
1315 5636 1385 5677 ex
1438 5622 1559 5677 cod.
1622 5622 1825 5674 Cassia.
1884 5633 1967 5675 ao-
2047 5606 2454 5692 dictifduabus
2501 5606 2680 5692 ieucis
2720 5629 2750 5666 a
2812 5612 3143 5692 Narbonensi
3186 5610 3322 5692 urbe
3355 5606 3755 5692 dissiti,__v_t_sn-

248 5702 417 5763 creto,
446 5680 796 5751 ‘Chesnianos
854 5706 1113 5747 numeros
1166 5708 1198 5748 e
1255 5697 1481 5760 regione
1526 5693 1594 5747 ad
1649 5694 1956 5757 marginem
2048 5694 2153 5746 tur.
2176 5680 2284 5751 Quo
2306 5693 2363 5742 in
2413 5690 2533 5742 loco
2576 5687 2794 5749 antiqua
2833 5684 3189 5738 aediﬁciorum
3220 5680 3440 5739 rudera,
3471 5681 3526 5730 et
3566 5688 3757 5742 aqua-

324 5248 348 5278 ι
381 5248 464 5300 Sic
510 5248 650 5301 torte
702 5247 1015 5313 legendum,
1078 5245 1141 5298 in
1178 5243 1385 5310 febrem
1440 5245 1656 5305 incidit,
1702 5252 1753 5301 et
1802 5263 1974 5313 aegro-

260 5319 389 5444 iam!
417 5320 724 5442 coartauit“:
777 5319 870 5373 sed
903 5332 1029 5372 cum
1068 5330 1271 5382 semper
1305 5316 1693 5372 adulatoria...
1734 5333 1965 5375 consen-

286 5403 366 5444 πε
416 5403 465 5441 ει
485 5404 567 5444 τη.
592 5402 621 5442 e
648 5402 696 5444 ο.
