4008 6184
321 373 429 435 303

1400 361 1460 423 S.
1501 359 1858 422 GREGORII
1896 357 2229 422 EPISCOPI
2267 359 2737 422 TURONENSIS

3665 377 3754 437 304

243 512 264 527 °
305 499 385 556 'ac
415 496 654 569 turpiter
679 493 828 552 vivis
849 500 873 548 ι
902 489 1013 549 Sed
1041 489 1165 548 haec
1189 490 1252 546 in
1280 486 1631 546 sacerdotem
1667 486 1846 543 verba
1883 487 2085 558 pro-A
2107 483 2354 556 injurias
2402 485 2580 559 patris
2634 476 2847 546 ulcisci.
2882 488 3045 548 Unde
3071 492 3285 550 factum
3309 496 3392 550 est
3417 497 3479 550 ut
3498 507 3668 554 unum
3693 514 3757 557 ex

317 586 453 654 lata,
472 584 668 643 divina
695 580 997 641 confestim
1026 578 1172 638 ultio
1194 578 1554 652 subsequens
1577 576 1848 633 abolevit.
1877 576 2022 633 Nam

320 693 472 735 anno
501 671 760 748 sequenti
798 677 1053 728 semotus
1101 686 1133 726 a
1176 667 1450 726 comitatu
1505 666 1794 724 Palladius
1819 668 2025 723 Arver-

321 779 464 821 num
489 775 781 835 regressus
807 765 891 816 est
921 777 934 814 :
962 758 1258 816 Romanus
1291 769 1426 811 vero
1461 753 1799 812 comitatum
1836 753 2022 811 ambi-

318 855 418 911 vit.
461 855 697 911 Factum
732 858 816 908 est
847 857 1060 919 autem,
1100 855 1164 906 ut
1212 847 1461 919 quadam
1507 845 1598 902 die
1630 846 1688 901 in
1734 845 1875 902 urbe
1913 846 2020 899 Ar-

319 958 495 1001 verna
544 948 786 1012 uterque
829 939 1299 1011 conjungeretur,
1336 943 1388 991 et
1416 934 1827 991 altercantibus
1875 934 2027 990 inter

319 1048 380 1092 se
403 1048 504 1106 pro
535 1032 638 1088 hac
669 1032 888 1087 actione
915 1028 1238 1093 comitatus,
1281 1025 1504 1083 audivit
1554 1025 1845 1082 Palladius
1891 1040 1952 1080 se
1991 1040 2024 1079 a

323 1121 609 1195 Sigiberto
653 1119 1045 1190 rege'debere
1088 1116 1333 1173 interﬁci
1389 1135 1400 1173 :
1458 1113 1551 1171 scd
1610 1115 1749 1172 falsa
1807 1115 1930 1171 haec
1970 1120 2024 1170 et

319 1212 578 1270 maxime
629 1226 662 1266 a
706 1209 968 1266 Romano
1011 1205 1220 1263 emissa
1277 1205 1634 1277 deprehensa
1673 1209 1827 1260 sunt.
1860 1203 2025 1260 Tunc

319 1301 421 1358 ille
447 1299 650 1356 timore
676 1296 1030 1370 perterritus,
1082 1295 1160 1351 ita
1195 1293 1254 1350 in
1285 1295 1613 1366 angustiam
1656 1308 1890 1365 gravem
1932 1307 2019 1348 re-

319 1390 519 1446 dactus
543 1393 646 1456 est,
670 1393 730 1444 ut
758 1385 1078 1448 minaretur
1098 1398 1158 1439 se
1186 1383 1415 1454 propria
1435 1383 1669 1439 dextera
1697 1379 1982 1454 perimere
2005 1400 2018 1446 ;

319 1492 571 1550 cumque
598 1493 630 1534 a
660 1482 839 1533 matre
886 1473 973 1531 vel
1023 1490 1055 1530 a
1101 1479 1342 1544 cognato
1387 1487 1491 1530 suo
1520 1471 1778 1529 Firmino
1805 1470 2024 1526 intente

320 1573 730 1639 attenderetur,
765 1585 836 1626 ne
872 1569 1168 1641 perﬁceret
1214 1566 1365 1640 quod
1416 1571 1609 1621 mente
1651 1578 1849 1621 amara
1891 1578 2024 1620 con-

318 1672 565 1739 ceperat,
626 1677 725 1734 per
777 1658 1082 1716 intervalla
1137 1658 1413 1715 horarum
1469 1655 1697 1726 elapsus
1745 1670 1778 1710 a
1823 1653 2023 1711 matris

317 1760 568 1827 aspectu,
622 1751 1030 1822 ingressusque
1059 1745 1416 1814 cubiculum,
1461 1749 1689 1816 accepto
1729 1744 1912 1814 spatio
1943 1756 2024 1798 so-

316 1927 563 1991 calcans,
595 1938 843 1978 acumen
876 1922 947 1975 ad
989 1927 1186 1988 pectus
1229 1920 1436 1985 erexit,
1470 1917 1903 1990 imprcssusque
1934 1916 2024 1974 de-

317 2026 512 2085 super,
555 2007 787 2083 gladius
807 2005 879 2063 ab
900 2020 1018 2064 una
1040 2005 1336 2078 ingressus
1355 2003 1609 2061 mamilla
1645 2005 1704 2061 in
1733 2003 2021 2077 spatulam

317 2102 473 2160 dorsi
505 2113 800 2172 regressus
827 2103 911 2154 est
942 2115 956 2151 :
1003 2103 1343 2169 erectusque
1372 2094 1608 2166 iterum,
1642 2095 1912 2153 similiter
1932 2094 2021 2152 al-

319 2194 440 2246 tera
467 2184 726 2245 mamilla
756 2183 1047 2257 perfossus
1077 2181 1300 2250 cecidit,
1329 2187 1385 2238 et
1411 2188 1676 2239 mortuus
1705 2191 1790 2239 est
1821 2202 1833 2240 :
1866 2184 2022 2256 quod

318 2291 438 2335 non
469 2276 594 2333 sine
623 2273 838 2330 diaboli
877 2287 1047 2344 opere
1090 2271 1411 2344 perfectum
1456 2268 1644 2327 scelus
1690 2271 1884 2329 mirati
1920 2288 2024 2330 su-

316 2383 471 2426 mus.
518 2366 664 2424 Nam
710 2363 894 2438 prima
928 2368 1068 2424 182
1093 2377 1229 2418 eum
1259 2361 1422 2434 plaga
1467 2360 1786 2419 interﬁcere
1814 2365 2019 2435 potuit,

315 2456 366 2515 si
397 2471 515 2514 non
541 2453 809 2522 diabolus
842 2446 1308 2508 sustentaculum
1339 2446 1701 2519 praebuisset,
1747 2463 1865 2522 quo
1899 2449 2022 2506 bazc

315 2543 567 2603 nefanda
591 2547 903 2615 perageret.
917 2537 1109 2596 Currit
1129 2542 1308 2593 mater
1327 2536 1638 2605 exanimis,
1657 2543 1710 2593 et
1723 2553 1896 2610 supra
1917 2539 2024 2596 lilii

315 2632 723 2706 corpusculum
766 2629 962 2686 orbata
1010 2624 1335 2693 collabitur,
1377 2631 1550 2697 atque
1585 2624 1776 2682 omnis
1803 2625 2022 2683 familia

314 2739 483 2783 voces
512 2722 775 2795 planctus
805 2717 1033 2775 emittit.
1058 2715 1469 2772 Verumtamen
1501 2714 1572 2771 ad
1605 2716 2021 2774 monasterium

316 2815 793 2872 Clirononensem
817 2821 840 2846 ι
859 2805 1088 2863 delatus
1110 2803 1422 2876 sepulturae
1438 2802 1764 2874 mandatur,
1781 2806 1878 2862 sed
1903 2821 2018 2862 non

309 2903 482 2977 juxta
512 2899 970 2957 Christianorum
1009 2893 1286 2950 cadavera
1329 2891 1571 2964 positus,
1616 2894 1714 2950 sed
1745 2909 1850 2951 nec
1876 2894 2018 2950 Mis-

312 3004 511 3049 sarum
537 2986 818 3045 solemnia
851 2981 1058 3039 meruit
1087 2979 1128 3038 ¹’.
1152 2979 1309 3048 Quod
1344 2994 1460 3036 non
1484 2979 1557 3036 ob
1583 2980 1758 3037 aliam
1782 2996 2017 3037 causam

313 3077 430 3136 nisi
457 3075 532 3132 ob
558 3072 832 3144 injuriam
864 3069 1138 3142 episcopi,
1171 3068 1291 3124 lucc
1334 3069 1385 3124 ei
1426 3066 1689 3124 evenisse
1719 3068 2011 3139 probatur.

2106 573 2344 632 famulis
2401 575 2828 646 concupiscens,
2882 579 3072 636 virum
3137 595 3362 638 veneno
3417 592 3630 642 necaret
3673 587 3696 623 ιι
3743 610 3755 644 :

2107 677 2223 733 quo
2247 661 2540 730 defuncto,
2570 678 2703 720 cum
2726 665 2940 724 famulo
2967 667 3108 724 abiit
3139 685 3152 738 ;
3186 667 3283 724 sed
3311 669 3655 741 apprehensi,
3683 688 3765 745 pa-

2109 753 2246 807 riter
2275 750 2557 808 interfecti
2587 760 2740 809 sunt.
2774 753 3134 828 Langobardi
3179 756 3445 830 deinceps
3472 759 3642 818 alium
3684 777 3767 820 su-

2109 848 2210 910 per
2239 854 2297 894 se
2326 853 2517 909 regem
2548 846 2825 897 statuunt.
2989 859 2995 863 ·

2179 924 2336 982 XLII
2394 925 2505 997 [AL
2541 928 2784 997 xxxvx].
2843 926 3068 986 Ennius
3116 944 3368 1002 quoque,
3422 941 3770 1003 cognomento

2107 1014 2483 1086 Mummolus,
2533 1031 2566 1072 a
2619 1033 2747 1088 rege
2791 1015 3226 1075 Guntcbramno
3273 1019 3628 1091 patriciatum
3654 1038 3774 1094 pro-

2106 1107 2320 1163 meruit
2348 1131 2360 1162 :
2394 1106 2464 1162 de
2485 1107 2650 1180 cujus
2681 1107 2900 1164 militiae
2928 1107 3170 1180 origine,
3201 1107 3376 1166 altius
3415 1110 3669 1180 quaedam
3694 1127 3771 1168 re-

2111 1195 2350 1268 petenda
2385 1197 2599 1268 putavi.
2655 1197 2763 1254 Hic
2815 1197 3026 1253 etenim
3085 1196 3299 1254 Peonio
3351 1210 3374 1236 ο
3421 1205 3576 1269 patre
3611 1207 3775 1266 ortus,

2108 1285 2625 1343 Antissiodorensis
2679 1285 2841 1342 urbis
2905 1286 3095 1342 incola
3157 1286 3289 1344 fuit.
3360 1285 3607 1345 Peonius
3659 1301 3780 1344 vero

2107 1372 2284 1445 hujus
2335 1373 2640 1446 municipii
2699 1373 3026 1431 comitatum
3095 1373 3348 1446 regebat.
3413 1373 3668 1447 Cumque
3717 1375 3780 1431 ad

2107 1462 2496 1519 renovandam
2555 1462 2833 1520 actionem
2894 1463 2931 1531 ί,
2986 1478 3233 1520 munera
3285 1449 3426 1536 regi'
3464 1479 3561 1536 per
3614 1464 3783 1523 ﬁlium

2109 1560 2250 1616 183
2314 1555 2645 1626 transmisit,
2710 1556 2805 1613 ille
2869 1556 3015 1614 datis
3069 1556 3242 1614 rebus
3301 1557 3574 1628 paternis,
3621 1560 3782 1616 comi-

2107 1648 2289 1701 tatum
2338 1644 2516 1716 patris
2574 1644 2833 1711 ambivit,
2894 1643 3409 1716 supplantavitque
3461 1647 3784 1716 genitorem,

2105 1745 2278 1801 quem
2339 1729 2637 1787 sublevare
2697 1731 2984 1788 debuerat.
3040 1731 3131 1788 Ex
3183 1731 3291 1788 hoc
3339 1747 3478 1789 vero
3526 1733 3787 1804 gradatim

193 1815 214 1826 Ι
316 1815 606 1911 liuidinis,
636 1815 951 1909 evaginato-
977 1835 1188 1908 gladio,
1222 1849 1556 1908 cornuaque
1596 1815 1750 1889 ensis
1781 1831 2083 1904 pedibusB
2109 1820 2429 1911 PFOﬁCiell§s
2461 1820 2532 1878 ad
2559 1821 2775 1911 P3111?
2801 1821 3030 1911 011}an
3066 1828 3298 1911 (fV'QGIUS
3327 1829 3436 1880 θεῖε
3467 1823 3648 1896 Igitur
3683 1841 3794 1898 ῐπο·

2104 1908 2508 1980 rumpentibus
2554 1908 2944 1982 Langobardis
2978 1910 3039 1967 in
3068 1908 3305 1981 Gallias,
3344 1914 3594 1970 Amatus
3630 1915 3792 1985 patri-

2105 2001 2249 2070 cius,
2278 2003 2379 2074 qui
2411 2017 2594 2075 nuper
2622 2002 2770 2061 Celsi
2801 2019 3091 2062 successor
3135 2007 3462 2078 exstiterat,
3495 2015 3689 2067 contra
3711 2027 3798 2069 eos

2105 2090 2266 2159 abiit,
2321 2094 2744 2164 commissoque
2798 2092 2948 2150 bello
3004 2099 3158 2167 terga
3211 2095 3411 2165 vertit,
3441 2098 3797 2171 ceciditqueﬁ

2107 2179 2575 2254 ibi.Tantamque
2605 2189 2741 2240 tunc
2769 2192 3016 2255 stragem
3044 2183 3417 2256 Langobardi
3447 2186 3710 2245 feruntur
3738 2190 3806 2246 fe-

2107 2269 2252 2327 cisse
2275 2271 2342 2328 de
2371 2270 2907 2344 Burgundionibus,
2945 2282 3009 2329 ut
3033 2289 3150 2330 non
3175 2274 3361 2346 possit
3386 2275 3584 2349 colligi
3615 2293 3808 2336 nume-

2108 2372 2207 2415 rus
2234 2358 2550 2416 occisorum
2601 2384 2612 2416 :
2672 2359 3010 2433 oneratique
3064 2362 3258 2433 praeda
3283 2363 3681 2424 discesserunt
3707 2366 3780 2424 ite

2107 2465 2239 2507 rum
2263 2451 2322 2507 in
2354 2450 2600 2507 Italiam.
2651 2449 2873 2519 Quibus
2912 2451 3372 2525 discedentibus,
3429 2456 3680 2528 Ennius,
3712 2459 3804 2532 qui

2104 2545 2160 2597 et
2183 2540 2567 2610 Mummolus,
2597 2542 2907 2599 arcessitus
2944 2558 2977 2598 a
3012 2559 3164 2615 rege,
3209 2546 3560 2616 patriciatus
3587 2549 3806 2606 culmen

2105 2636 2335 2693 meruit.
2372 2636 2733 2694 Irruentibus
2783 2637 2996 2696 iterum
3045 2637 3454 2709 Langobardis
3498 2642 3556 2698 in
3608 2626 3811 2700 Gallias

2103 2731 2158 2783 et
2182 2741 2363 2799 usque
2417 2725 2878 2784 Mutias-Calmes
2904 2734 2926 2763 δ
2954 2727 3390 2798 accedentibus,
3413 2731 3576 2804 quod
3605 2731 3810 2804 adjacet

2103 2813 2319 2870 civitati
2350 2813 2758 2880 Ebredonensi,
2787 2813 3139 2872 Muminolus
3159 2818 3492 2876 exercitum
3528 2827 3739 2888 movet,
3765 2826 3813 2876 et

2101 2915 2233 2957 cum
2268 2901 2777 2973 Burgundionibus
2831 2902 2974 2960 illuc
3015 2904 3428 2976 proficiscitur.
3490 2907 3812 2965 Circumda-

2103 2988 2288 3061 lisque
2317 2988 2710 3058 Langobardis
2733 3005 2867 3046 cum
2900 2991 3182 3060 exemita,
3219 2992 3398 3051 factis
3433 2995 3614 3052 etiam
3647 2995 3818 3053 conci-

2098 3077 2291 3148 dibus,
2333 3094 2433 3152 per
2465 3079 2635 3137 devia
2671 3079 2958 3136 silvarum
2996 3079 3170 3136 irruit
3207 3096 3394 3154 super
3423 3099 3525 3142 eos
3561 3108 3573 3141 :
3610 3083 3814 3142 multos

384 3164 514 3222 XLI
576 3165 688 3230 [AL
722 3161 937 3229 xxxv].
984 3156 1277 3246 Alboinus
1319 3171 1461 3246 vero;
1499 3156 1990 3246 Langobardoruu

2133 3168 2378 3238 nerfecit,
2424 3169 2740 3227 nonnullos
2766 3170 2932 3241 cepit,
2966 3175 3019 3226 et
3052 3171 3174 3243 regi
3216 3169 3472 3228 direxit.
3519 3172 3682 3242 Quos
3721 3171 3812 3228 ille

312 3268 437 3322 rex,
486 3250 588 3324 qui
637 3245 1111 3307 Clilotbosindam
1164 3244 1314 3334 regis
1362 3243 1788 3334 Glilotbacbarii
1836 3245 2015 3334 ﬁliam
2043 3243 2071 3246 ’⁷
2099 3271 2199 3329 per
2251 3256 2371 3313 loca
2415 3257 2702 3331 dispersos
2749 3259 3038 3317 custodire
3069 3260 3370 3332 praecepit,
3427 3263 3637 3334 paucis
3687 3277 3817 3334 quo.

311 3340 580 3409 habebat,
613 3339 809 3396 relicta
858 3335 1091 3407 regione
1122 3348 1247 3403 sua,
1278 3331 1504 3388 Italiam
1546 3347 1678 3388 cum
1724 3334 1885 3390 omni
1915 3332 2015 3390 illa

314 3426 828 3501 Langobardorum
869 3435 889 3459 ε
936 3429 1106 3494 gente
1152 3420 1332 3493 petiit.
1372 3419 1515 3476 Nam
1546 3427 1831 3477 commoto
1851 3435 2013 3478 exer-

309 3516 449 3586 citu,
481 3531 616 3573 cum
658 3513 946 3570 uxoribus
999 3518 1054 3567 et
1095 3509 1295 3566 liberis
1343 3507 1556 3575 abiere,
1587 3508 1730 3566 illuc
1755 3523 2008 3565 comma-

312 3623 449 3666 nere
475 3605 875 3666 deliberantes.
913 3601 1099 3668 Quam
1139 3600 1430 3671 regionem
1459 3597 1722 3670 ingressi,
1753 3599 2010 3654 maxime

228 3709 230 3711 '
311 3712 413 3769 per
461 3701 678 3774 septem
733 3705 917 3748 annos
967 3695 1358 3762 pervagantes,
1417 3687 1676 3759 spoliatis
1727 3686 2004 3756 ecclesiis,

309 3777 701 3845 sacerdotibus
747 3778 1078 3845 interfectis,
1136 3777 1199 3833 in
1257 3790 1424 3832 suam
1469 3774 1737 3847 redigunt
1775 3783 2012 3845 potesta-

311 3882 446 3934 tem.
472 3872 693 3929 Mortua
715 3878 904 3927 autem
924 3865 1333 3924 Iihlotbosinda
1357 3880 1541 3922 uxore
1559 3864 1816 3932 Alboini,
1837 3864 2012 3921 aliam

225 3992 230 3996 -
311 3963 480 4024 duxit
503 3962 826 4035 conjugem,
866 3958 1036 4029 cujus
1062 3963 1283 4028 patrem
1321 3962 1452 4011 ante
1481 3968 1733 4027 paucum
1786 3961 2012 4027 tempus

313 4053 694 4112 interfecerat.
746 4047 872 4116 Qua
928 4045 999 4102 de
1052 4058 1223 4101 causa
1265 4041 1475 4099 mulier
1525 4042 1584 4097 in
1616 4041 1747 4098 odio
1786 4057 2012 4113 semper

221 4117 226 4124 ε
313 4144 505 4203 virum
569 4139 807 4210 habens,
866 4137 1055 4195 locum
1102 4131 1522 4207 opperiebatur,
1577 4131 1639 4188 in
1675 4146 1790 4205 quo
1827 4139 2016 4204 posset

375 4281 394 4302 ι
427 4272 510 4322 Sic
561 4266 862 4331 appellatur
924 4265 978 4314 in
1031 4261 1232 4313 Bellov.
1303 4263 1355 4313 et
1425 4259 1596 4331 Corb.,
1640 4257 1916 4331 lucelli.
1958 4261 2012 4310 et

315 4342 458 4406 apud
498 4327 713 4397 Circen,
763 4333 1148 4406 Chroncnsium
1180 4348 1192 4390 ;
1247 4331 1494 4406 plerique
1525 4330 1623 4379 alii
1667 4329 1819 4406 editi,
1849 4327 2004 4378 Οἰνο-

311 4399 582 4468 ηὶηδίιιτη.
639 4409 752 4461 Huc
803 4407 850 4456 S.
905 4404 1099 4464 Gallus,
1158 4406 1348 4467 postea
1407 4405 1630 4452 Arvern.
1685 4399 1854 4468 episc.
1911 4411 1995 4452 se-

318 4486 502 4544 cessit,
563 4487 620 4534 ut
668 4485 728 4530 in
763 4481 888 4542 ejus
938 4475 1047 4526 Vita
1103 4475 1319 4531 dicitur,
1388 4475 1527 4544 inter
1586 4470 1724 4520 Vitas
1775 4467 2007 4544 Patrum,

2097 3343 2229 3400 dam
2255 3344 2424 3401 modo
2459 3360 2558 3417 per
2583 3345 2784 3417 fugam
2808 3345 3034 3417 elapsis,
3075 3347 3178 3418 qui
3213 3348 3429 3419 patriae
3461 3349 3817 3407 nuntiarent.

2164 3432 2349 3506 XLIII
2375 3433 2486 3506 [ΑΙ.
2519 3433 2782 3505 xxxvu].
2819 3434 3267 3506 Fueruntquein
3293 3436 3411 3493 hoc
3434 3439 3647 3510 praelio
3681 3435 3824 3494 Salo-

2095 3522 2228 3579 nius
2265 3523 2276 3558 ί
2310 3529 2363 3578 et
2395 3521 2739 3598 Sagittarius
2784 3522 2986 3580 fratres
3024 3528 3199 3597 atque
3231 3526 3529 3599 episcopi,
3573 3526 3677 3600 qui
3710 3541 3821 3583 non

2093 3628 2262 3671 cruce
2290 3612 2504 3670 cmlesti
2539 3612 2769 3681 muniti,
2818 3612 2916 3669 sed
2965 3612 3126 3683 galea
3179 3621 3278 3670 aut
3330 3613 3524 3672 lorica
3568 3615 3824 3674 saeculari

2093 3702 2317 3770 armati,
2370 3702 2584 3760 multos
2642 3699 2924 3758 manibus
2960 3701 3232 3774 propriis,
3279 3705 3454 3776 quod
3516 3707 3690 3779 pejus
3725 3711 3822 3770 est,

2094 3791 2445 3848 interfecisse
2473 3792 2823 3848 referuntur.
2864 3789 3000 3848 Haec
3028 3790 3214 3863 prima
3253 3790 3592 3852 Mummoli
3621 3796 3682 3852 in
3716 3809 3824 3851 cer-

2095 3879 2309 3936 tamine
2342 3879 2576 3936 victoria
2602 3879 2730 3936 fuit.
2762 3879 3019 3936 Posthaac
3046 3879 3335 3951 Saxones,
3370 3886 3654 3955 quicum
3689 3882 3824 3938 Lan-

2094 3965 2360 4038 gobardis
2389 3966 2448 4022 in
2481 3965 2706 4023 Italiam
2735 3973 3031 4038 venerant,
3061 3967 3274 4026 iterum
3310 3981 3733 4045 prorumpunt
3767 3972 3825 4029 in

2097 4055 2332 4128 Gallias,
2393 4063 2447 4114 et
2487 4057 2638 4114 infra
2686 4058 3043 4134 territorium
3083 4059 3375 4132 Regense,
3433 4063 3498 4121 id
3553 4073 3644 4123 est
3679 4064 3825 4140 apud

2099 4143 2431 4216 Stablonem
2501 4146 2704 4205 villam
2746 4155 2930 4205 castra
2971 4157 3218 4222 ponunt,
3260 4150 3696 4216 discurrentes
3732 4170 3828 4230 per

2095 4273 2315 4324 comites
2358 4273 2695 4336 dicebantur,
2741 4273 3050 4325 civitatibus
3096 4286 3196 4346 seu
3226 4279 3467 4341 oppidis
3531 4282 3589 4331 in
3626 4283 3828 4333 certum

2091 4347 2309 4414 tempus
2362 4356 2715 4408 praeponere:
2768 4346 2964 4414 quibus
3019 4357 3246 4398 munera
3296 4351 3741 4414 praestantibus,
3783 4351 3827 4402 sl

2091 4413 2159 4487 de
2197 4415 2262 4466 iis
2312 4427 2474 4487 nemo
2507 4415 2853 4478 querebatur,
2900 4413 3059 4487 facile
3105 4418 3160 4467 in
3204 4416 3360 4487 idem
3388 4424 3677 4485 temporis
3711 4413 3832 4487 spa-

2093 4483 2223 4533 tium
2296 4485 2643 4547 magistratus
2710 4483 3126 4536 concedebatur'.
3231 4486 3367 4539 Haec
3471 4483 3651 4544 etiam
3725 4483 3833 4546 erat

317 4565 435 4615 cap.
455 4539 520 4625 γε.
567 4551 736 4625 Hodie
777 4539 953 4625 vulgo
985 4544 1218 4605 Comen,
1239 4557 1354 4625 seu
1373 4539 2003 4625 _§oufﬂ0§_appelldluri
2023 4543 2073 4602 D
2095 4539 2419 4619 quandoque
2461 4555 2527 4606 ad
2560 4556 2874 4618 superiores
2903 4556 3195 4618 dignitates
3218 4539 3835 4625 pertin'gendi—viajut

318 4611 410 4675 ubi
443 4623 742 4684 Collegium
761 4619 1150 4671 canonicorum
1173 4615 1272 4668 sub
1296 4617 1344 4667 S.
1373 4614 1582 4667 Martini
1613 4611 1788 4684 titulo.

387 4695 408 4723 ι
441 4682 678 4746 Observa
729 4692 816 4741 hic
869 4691 1066 4740 missas
1103 4701 1202 4752 pro
1254 4686 1524 4739 defunctis
1567 4685 1696 4735 olim
1747 4682 2012 4734 dicisoli—

323 4769 424 4823 tas,
475 4767 521 4816 si
566 4763 622 4814 id
687 4763 821 4825 ipsis
881 4759 1012 4811 utile
1056 4760 1173 4811 fore
1221 4763 1555 4822 speraretur.
1621 4753 1742 4804 Vide
1772 4753 2014 4804 Mabillo-

321 4830 472 4890 nium
503 4835 595 4887 lib.
633 4845 675 4884 ιι
706 4832 954 4895 Liturgiae
983 4831 1185 4890 Gallic,
1210 4843 1363 4881 num.
1388 4829 1468 4880 70.

383 4917 401 4938 ⁸
434 4907 568 4960 Editi
600 4903 924 4966 complures,
982 4916 1105 4954 cum
1151 4903 1387 4965 quatuor
1434 4899 1668 4951 millium
1714 4901 2015 4966 Langobar-

319 4980 525 5032 dorum.
583 4975 779 5027 lilarius
829 4975 882 5024 in
920 4973 1184 5025 Chronico
1233 4971 1441 5024 Alboini
1482 4973 1535 5021 in
1571 4972 2011 5039 italiam.migra-

321 5053 524 5104 tionem
562 5049 780 5102 revocat
800 5046 869 5096 ad
894 5058 981 5096 an.
1007 5046 1117 5100 569;
1149 5046 1270 5106 ejus
1298 5054 1430 5094 vero
1462 5054 1656 5093 necem
1685 5043 1753 5093 ad
1774 5043 1886 5094 572.

390 5125 411 5152 ⁴
444 5124 567 5175 Haec
615 5123 732 5172 erat
781 5116 1132 5173 Rosemunda,
1197 5113 1522 5164 Cunimundi
1579 5113 1897 5176 Gepidarum
1933 5126 2031 5165 rev

325 5197 410 5260 gis
468 5194 598 5249 tilia,
649 5203 770 5254 quae
819 5190 994 5260 primo
1041 5187 1322 5260 Alboinum
1364 5185 1615 5236 maritum
1649 5185 1835 5260 necari
1879 5197 2008 5260 pro-

325 5255 554 5324 curavit,
597 5265 710 5312 tum
766 5259 1121 5321 Hetmigisum
1182 5255 1488 5308 adulterum
1546 5267 1755 5307 veneno
1813 5255 2012 5307 interﬂ-

324 5350 454 5390 cere
505 5335 716 5394 conata,
784 5331 1054 5394 reliquum
1125 5328 1322 5379 veneni
1382 5326 1448 5378 ab
1498 5327 1614 5388 ipso
1666 5327 1777 5389 jam
1832 5327 2013 5378 media

323 5413 476 5474 parte
537 5403 794 5474 ebibitum
861 5401 1029 5474 libere
1071 5402 1298 5474 coacta,
1358 5396 1520 5474 simul
1589 5396 2012 5474 periere.‘_Vide

323 5467 469 5533 Pauli
525 5473 818 5526 Historiam
887 5469 1377 5535 Langobardorum,
1437 5469 1534 5519 lib.
1604 5480 1643 5527 ι,
1712 5480 1759 5519 c.
1821 5467 1900 5527 27,
1959 5470 2013 5520 et

316 5551 414 5605 lib.
441 5561 498 5611 ιι,
526 5557 645 5609 cap.
667 5544 730 5594 28
769 5550 824 5594 et
843 5541 923 5592 29.

377 5635 400 5661 ο
435 5618 568 5672 Editi
596 5615 817 5680 aliquot.
839 5612 1042 5664 Panic.
1071 5612 1242 5674 Colb.,
1278 5614 1487 5664 Piom‘o.

2093 4626 2379 4699 nummolo
2422 4627 2676 4699 contigit.
2724 4625 2986 4699 __Acti_onis
3041 4632 3221 4679 autem
3298 4634 3558 4686 nomine
3641 4636 3835 4699 saepius

2095 4695 2330 4767 cilicium
2389 4697 2652 4759 signatur.
2724 4696 2778 4748 V.
2853 4697 3076 4760 Bignon.
3151 4699 3207 4748 in
3290 4699 3400 4752 lib.
3490 4717 3511 4755 ι
3573 4695 3837 4767 Marcum,

2094 4766 2253 4816 form.
2287 4767 2360 4817 ll.

2160 4847 2184 4881 s
2218 4839 2352 4888 Editi
2398 4836 2664 4907 plerique,
2698 4837 2957 4888 Amatus
3008 4837 3272 4898 Pericius,
3305 4841 3422 4904 qui
3461 4855 3660 4907 nuper
3708 4845 3842 4898 Celsi

2096 4920 2376 4958 successor.
2433 4905 2878 4970 Concurruntquc
2921 4907 3017 4958 ibi.
3075 4909 3178 4960 Sed
3212 4911 3371 4973 apud
3440 4905 3688 4969 Paulum
3726 4917 3844 4970 Dia-

2097 4989 2294 5030 conum
2328 4978 2422 5031 lib.
2459 4990 2539 5037 ιιι,
2577 4978 2971 5042 cap.3,dicitur
2986 4990 3203 5043 quoque
3231 4983 3490 5035 Amatus
3530 4984 3832 5040 Patricius.

2159 5049 2180 5078 '-
2217 5053 2298 5102 Sic
2359 5048 2560 5103 Bellov.
2613 5054 2674 5102 At
2720 5047 2898 5106 Corb.,
2947 5049 3470 5116 Musticascalmes;
3529 5055 3686 5119 Bec.,
3740 5059 3846 5109 Mu-

2097 5120 2446 5172 tias-calmes.
2513 5120 2650 5172 Editi
2711 5119 2980 5181 nonnulli,
3053 5121 3546 5178 Musciascalmes.
3603 5129 3850 5183 Nostram

2094 5191 2380 5264 lectionem
2405 5191 2564 5264 habet
2595 5189 2784 5241 Paulus
2811 5189 2904 5264 lib.
2926 5202 2990 5241 ιιι
3013 5189 3213 5264 Histor.
3242 5191 3542 5264 Langob.,
3595 5212 3651 5251 c.
3689 5205 3738 5264 4,
3765 5200 3848 5252 ubi

2095 5265 2148 5314 et
2178 5261 2316 5312 hanc
2350 5261 2818 5324 Langobardorum
2860 5263 3228 5313 incursionem
3249 5262 3576 5319 describit.

2156 5331 2338 5406 ‘_Ed_iti
2405 5333 2634 5406 aliquot1
2678 5330 2980 5406 Salvium.
3046 5334 3191 5406 quod
3240 5333 3328 5406 sic
3419 5337 3710 5400 legerent
3763 5355 3858 5406 pro

2094 5396 2371 5475 Salonius,
2415 5408 2468 5452 ut
2507 5405 2562 5452 in
2598 5402 2745 5454 Colb.
2807 5402 3054 5475 Salonius
3086 5396 3550 5468 Ebredunensis,
3602 5396 3844 5475 Sagitia—

2094 5474 2208 5524 rius
2240 5474 2584 5537 Vapincensis
2608 5474 2850 5536 episcopi
2881 5472 3055 5524 fuere.

2155 5545 2285 5596 i'S.c
2333 5549 2548 5596 veteres
2592 5555 2722 5594 mss.
2749 5557 2763 5604 ;
2821 5543 3039 5604 Chesn.,
3099 5541 3472 5608 Staplonem.
3539 5550 3651 5604 Hic
3706 5553 3863 5605 locus

2090 5611 2250 5667 hodie
2277 5617 2472 5666 dicitur
2515 5613 2676 5676 vulgo
2722 5614 2956 5673 Stoblon,
2999 5613 3088 5666 vel
3142 5609 3450 5674 Εσιαὺέοπ,
3509 5619 3575 5673 in
3627 5623 3859 5678 ὀίωοθεί

2853 4697 3076 4760 Bignon.
3151 4699 3207 4748 in
3290 4699 3400 4752 lib.

378 5693 394 5723 τ
429 5692 487 5744 id
537 5691 621 5742 est
682 5690 742 5739 ut
819 5683 1071 5736 comitiva
1145 5684 1248 5735 sibi
1301 5684 1706 5749 prorogaretur.
1750 5683 2002 5738 Solebant
2086 5685 2356 5749 Regiensi,
2387 5684 2614 5746 chicz,
2647 5687 2702 5736 in
2737 5686 3035 5739 Provincia.

311 5765 459 5817 enim
505 5764 636 5815 tunc
681 5769 846 5823 reges
902 5755 1073 5807 nostri
1117 5755 1332 5817 iudices
1385 5767 1485 5809 seu
1538 5753 1837 5820 praefectos,
1901 5757 1995 5822 qui
