4006 6182
267 265 354 326 305

1215 263 1578 325 HISTORIA
1614 244 2093 326 FBANCORUM.
2137 260 2363 321 LIBER
2399 215 2772 330 QUARTUS.

3642 247 3748 311 306

264 389 417 448 villas
458 387 697 447 urbium
731 387 1078 456 vicinarum,
1111 387 1448 462 diripientes
1479 389 1722 463 praedas,
1772 386 2268 463 capti-Aingenio
2294 384 2496 443 nescio
2522 398 2637 457 quo
2665 381 2776 439 fuit
2811 398 2822 437 :
2872 377 3031 437 unde
3060 373 3332 435 nonnulli
3359 373 3468 434 hoc
3496 372 3628 434 dolo
3653 389 3747 434 se-

262 494 348 536 vos
400 477 776 547 abducentes,
827 477 919 535 vel
965 479 1140 536 etiam
1175 486 1384 536 cuncta
1435 486 1739 537 vastantes.
1790 478 1953 548 Quod

260 585 376 628 cum
432 568 788 627 Mummolus
825 568 1215 640 comperisset,
1265 567 1586 626 exercitum
1626 576 1836 640 movet,
1871 569 1953 626 ir-

262 672 538 730 ruensque
565 672 737 729 super
765 672 882 727 eos,
911 649 1093 714 multa
1123 672 1198 713 ex
1228 657 1320 713 his
1349 655 1533 713 millia
1562 655 1869 729 interfecit,
1899 665 1954 717 et

260 764 431 821 usque
468 753 610 810 184
641 747 712 804 ad
753 761 1050 818 vesperam
1099 746 1317 803 caedere
1353 762 1466 804 non
1500 746 1736 817 destitit,
1774 748 1955 807 donec
2045 805 2047 807 .

259 852 362 894 nox
394 834 575 893 ﬁnem
604 836 831 893 faceret.
874 834 1111 907 Ignaros
1157 833 1313 892 enim
1359 841 1644 907 repererat
1669 837 1953 908 homines,

257 934 304 985 et
356 927 505 984 nihil
539 928 607 984 de
657 927 748 985 his
779 942 914 1001 quae
952 931 1308 984 accesserant
1346 933 1733 986 autumantes.
1789 928 1956 988 Mane

255 1026 439 1077 autem
472 1019 617 1076 facto
644 1023 905 1076 statuunt
937 1015 1196 1076 Saxones
1225 1018 1568 1088 exercitum,
1626 1036 1953 1093 prmparan-

261 1119 334 1168 tes
363 1126 422 1167 se
451 1110 521 1188 ad
549 1109 784 1166 bellum.
822 1108 932 1166 Sed
953 1106 1472 1166 intercurrentibus
1501 1109 1724 1166 nuntiis
1753 1126 1950 1181 pacem

256 1199 528 1266 fecerunt,
557 1197 822 1270 datisque
851 1194 1194 1254 muneribus
1222 1193 1564 1266 Mummolo,
1596 1195 1790 1253 relicta
1818 1197 1949 1255 uni-

258 1303 412 1345 versa
465 1286 719 1358 regionis
774 1285 970 1358 praeda
1017 1299 1149 1341 cum
1181 1285 1439 1356 captivis,
1466 1285 1946 1353 discesserunt“:

251 1373 505 1444 jurantes
558 1373 720 1445 prius
763 1372 914 1445 quod
963 1371 1033 1429 ad
1071 1372 1485 1444 subiectionem
1528 1389 1752 1445 regum,
1803 1374 1949 1431 sola-

257 1462 510 1534 tiumque
543 1463 628 1532 [It.
652 1459 963 1534 auxilium]
1001 1459 1352 1518 Francorum
1383 1460 1570 1518 redire
1592 1461 1863 1518 deberent
1887 1462 1948 1519 in

255 1550 485 1610 Gallias.
511 1551 697 1624 lgitur
721 1550 963 1622 regressi
997 1549 1256 1608 Saxones
1283 1551 1346 1608 in
1370 1550 1614 1622 Italiam,
1639 1553 1950 1625 assumptis

251 1655 439 1699 secum
472 1640 760 1698 uxoribus
788 1645 842 1698 et
870 1639 1148 1713 parvulis,
1183 1641 1269 1697 vel
1301 1644 1460 1699 omni
1481 1642 1834 1715 supellectile
1860 1644 1947 1701 fa-

2035 477 2211 549 ducti,
2246 491 2454 534 aurum
2485 474 2686 530 dantes
2731 476 2786 529 et
2813 485 2891 526 aes
2936 467 3300 541 accipientes,
3347 479 3626 540 pauperes
3665 463 3746 524 fa-
3812 545 3826 556 D

2035 569 2109 626 eti
2148 574 2304 626 sunt.
2345 565 2420 622 Hi
2457 578 2588 621 vero
2638 562 2708 620 ad
2743 559 3100 634 Sigibertum
3132 570 3323 627 regem
3359 561 3742 628 transeuntes,

2039 663 2097 719 in
2135 659 2325 718 locum
2374 657 2528 715 unde
2562 655 2725 728 prius
2763 651 2977 725 egressi
3028 650 3279 716 fuerant,
3320 647 3559 706 stabiliti
3585 653 3744 707 sunt.

2113 747 2294 808 XLIV
2327 747 2440 821 [ΑΙ.
2473 743 2760 815 XXXVIII].
2795 741 2861 799 In
2882 741 2900 776 τ
2929 755 3106 814 regno
3131 744 3325 797 autem
3355 736 3626 811 Sigiberti
3650 756 3742 798 re-

2038 845 2145 918 gis,
2178 849 2396 900 remoto
2421 839 2492 897 ab
2527 841 2743 897 honore
2769 833 2978 898 Jovino
3020 838 3234 892 rectore
3262 832 3602 902 Provinciae,
3635 833 3743 892 Al-

2036 937 2216 994 binus
2249 934 2308 991 in
2346 933 2467 990 loco
2498 931 2620 1003 ejus
2649 929 3012 999 subrogatur.
3046 925 3312 998 Magnam
3343 924 3492 983 inter
3517 939 3614 983 eos
3633 923 3744 982 ini-

2039 1022 2317 1080 micitiam
2355 1021 2479 1077 111110
2505 1033 2675 1076 causa
2725 1015 2919 1089 gessit.
2970 1015 3154 1087 Igitur
3185 1013 3631 1072 advenientibus
3667 1013 3738 1071 ad

2035 1114 2322 1188 cataplum
2367 1109 2818 1168 Massiliensium
2848 1106 3096 1163 navibus
3128 1103 3528 1162 transmarinis
3560 1113 3605 1175 ε,
3635 1103 3744 1161 Vi-

2033 1208 2158 1281 gilii
2219 1203 2607 1266 archidiaconi
2660 1200 2924 1258 homines
2975 1196 3338 1270 septuaginta
3396 1211 3551 1266 vasa,
3605 1211 3740 1268 quae

2034 1298 2208 1369 vulgo
2230 1311 2390 1352 orcas
2433 1293 2454 1322 “
2493 1299 2717 1360 vocant,
2747 1289 2859 1349 olei
2889 1285 3337 1362 liquaminisque
3384 1284 3559 1343 iurati
3579 1291 3738 1358 sunt,

2036 1389 2329 1445 nesciente
2357 1369 2613 1442 domino.
2641 1381 2968 1453 Negotiator
2993 1385 3188 1436 autem
3216 1391 3348 1434 cum
3382 1376 3742 1449 cognovisset

2036 1475 2147 1533 sibi
2179 1490 2300 1532 rem
2349 1474 2501 1531 furto
2547 1470 2796 1530 ablatam
2852 1467 3047 1533 fuisse,
3098 1463 3392 1536 inquirere
3433 1463 3739 1535 diligenter

2033 1565 2224 1638 erepit,
2275 1579 2389 1635 quo
2422 1563 2638 1619 furtum
2689 1558 2748 1614 in
2802 1557 2921 1614 loco
2956 1555 3157 1613 fuisset
3186 1552 3569 1611 reconditum.
3601 1553 3742 1612 Hzec

2033 1650 2358 1723 inquirens,
2413 1647 2596 1706 audiit
2644 1662 2676 1702 a
2723 1643 2996 1717 quodam,
3045 1641 3194 1715 quod
3246 1641 3511 1698 homines
3540 1639 3741 1714 Vigilii

249 1731 493 1800 cultatis,
545 1731 732 1789 redire
779 1733 842 1787 in
886 1730 1104 1789 Gallias
1147 1731 1519 1804 destinantes,
1565 1733 1781 1791 scilicet
1828 1740 2006 1811 utaB
2031 1736 2424 1795 archidiaconi
2480 1739 2915 1808 perpetrassent.
2978 1728 3332 1787 Perveniunt
3376 1728 3500 1786 haec
3551 1728 3625 1785 ad
3653 1743 3738 1784 ar-

251 1817 528 1892 Sigiberto
563 1836 694 1892 rege
723 1819 964 1887 collecti,
1009 1819 1069 1877 in
1113 1819 1235 1879 loco
1272 1823 1427 1880 unde
1454 1824 1666 1895 egressi
1697 1824 1942 1895 fuerant,

246 1907 652 1965 stabilirentur.
688 1908 1086 1980 Feceruutque
1118 1926 1192 1966 ex
1233 1926 1292 1967 se
1323 1911 1486 1981 duos,
1532 1920 1595 1969 ut
1623 1913 1808 1984 aiunt,
1840 1929 1945 1971 cu-

249 2013 377 2055 neos
407 2021 419 2054 :
456 2004 511 2055 et
548 2014 702 2056 unus
723 1999 958 2070 quidem
986 2015 1086 2072 per
1102 1999 1339 2057 'Niceam
1375 2001 1601 2071 urbem,
1630 2001 1778 2059 alius
1809 2017 1944 2061 vero

244 2099 336 2156 per
351 2083 832 2143 Ebredunensem
864 2086 1219 2150 venit,illam
1253 2103 1449 2144 revera
1477 2093 1738 2146 tenentes
1767 2088 1940 2160 viam,

242 2189 411 2245 quam
437 2189 594 2232 anno
625 2176 920 2248 superiore
967 2183 1270 2235 tenuerant
1311 2202 1321 2235 :
1364 2179 1772 2253 conjunctique
1809 2184 1945 2237 sunt

239 2261 298 2318 in
347 2263 694 2322 Avennico"
755 2265 1062 2324 territorio.
1133 2267 1268 2324 Erat
1319 2268 1475 2325 enim
1515 2275 1652 2326 tunc
1719 2277 1944 2342 tempus

242 2353 539 2423 messium,
573 2361 626 2410 et
674 2355 834 2414 locus
876 2357 975 2414 ille
1025 2359 1280 2416 maxime
1336 2359 1557 2417 fructus
1614 2366 1779 2417 terrze
1834 2361 1942 2418 sub

239 2442 372 2502 divo
423 2447 550 2516 [Ed.
589 2447 702 2520 dio]
765 2447 1027 2517 habebat,
1065 2466 1167 2507 nec
1192 2451 1509 2524 quidquam
1537 2468 1608 2508 ex
1652 2451 1744 2508 bis
1786 2451 1942 2509 domi

241 2533 448 2592 incolze
507 2536 960 2595 recondiderant.
1003 2539 1264 2612 Denique
1288 2541 1617 2602 accedentes
1654 2542 1714 2599 in
1760 2557 1942 2613 areas,

238 2631 457 2693 segetes
487 2624 639 2681 inter
673 2641 732 2682 se
761 2626 1033 2685 dividunt
1059 2651 1070 2696 ;
1102 2627 1554 2703 colligentesque
1584 2647 1648 2688 ac
1677 2632 1946 2688 trituran-

237 2722 337 2776 tes,
377 2713 671 2772 frumenta
696 2716 1086 2784 comedebant,
1127 2717 1274 2775 nihil
1303 2736 1376 2776 ex
1407 2719 1516 2786 his,
1545 2720 1628 2776 eis
1652 2719 1752 2793 qui
1780 2719 1942 2776 labo-

233 2808 524 2869 raverant,
578 2802 991 2876 relinquentes.
1055 2804 1266 2863 Verum
1329 2814 1631 2881 postquam
1671 2808 1942 2881 expensis

234 2889 524 2947 fructibus
571 2891 640 2947 ad
691 2891 850 2952 littus
903 2893 1170 2951 Rhodani
1208 2896 1398 2952 amnis
1451 2904 1833 2966 accesserunt,
1879 2903 1940 2954 ut

230 2985 520 3037 transacto
571 2987 836 3051 torrente,
890 2998 1065 3055 regno
1111 2999 1170 3040 se
1216 2984 1367 3056 regis
1414 2984 1682 3057 Sigiberti
1713 2987 1938 3043 confer-

2032 1828 2450 1898 chidiaconem,
2478 1827 2579 1899 qui
2606 1823 2909 1895 inquirens
2938 1829 2992 1878 et
3017 1819 3345 1891 inveniens,
3370 1834 3740 1893 nequaquam

2034 1916 2348 1989 publicare,
2401 1914 2499 1972 sed
2549 1926 2830 1970 excusare
2877 1925 3012 1967 suos
3050 1908 3239 1980 coepit,
3285 1907 3483 1965 dicens
3519 1929 3532 1963 :
3567 1907 3737 1964 Nun-

2031 2018 2204 2076 quam
2253 2002 2323 2059 de
2373 2001 2544 2057 domo
2593 2013 2722 2055 mea
2761 2012 3023 2069 egressus
3070 2002 3172 2064 est,
3217 1994 3320 2067 qui
3361 1994 3471 2054 tale
3499 1995 3737 2051 auderet

2029 2093 2350 2151 admittere.
2401 2089 2634 2157 Taliter,
2675 2088 2940 2162 inquam,
2969 2092 3281 2145 excusante
3309 2085 3731 2157 archidiacono,

2029 2180 2346 2253 negotiator
2396 2177 2466 2234 ad
2523 2177 2808 2235 Albinum
2858 2175 3088 2249 pergit:
3130 2190 3364 2232 causam
3413 2175 3645 2244 exserit,
3680 2180 3735 2232 et

2026 2270 2488 2328 archidiaconem
2523 2267 2584 2323 in
2631 2264 2875 2323 crimine
2925 2263 3144 2322 fraudis
3175 2266 3350 2338 hujus
3379 2264 3616 2323 mistum
3648 2279 3735 2321 ac-

2026 2366 2208 2418 cusat.
2259 2359 2356 2416 Die
2401 2345 2594 2416 autem
2640 2362 2833 2414 sancto
2874 2354 3093 2413 Natalis
3139 2354 3437 2425 dominici,
3467 2355 3731 2428 episcopo

2027 2449 2088 2506 in
2137 2448 2376 2506 ecclesia
2420 2447 2782 2513 adveniente,
2837 2446 3280 2503 archidiaconus
3328 2445 3568 2514 indutus
3599 2446 3732 2504 alba

2026 2537 2205 2608 adest,
2261 2536 2614 2610 episcopum,
2667 2539 2805 2598 186
2860 2542 2924 2592 ut
2977 2549 3101 2590 mos
3145 2539 3228 2590 est
3259 2529 3295 2603 ί,
3348 2533 3604 2590 invitans
3657 2533 3729 2591 ad

2027 2628 2205 2686 altare
2231 2625 2438 2684 debere
2471 2624 2789 2697 procedere,
2846 2639 2911 2680 ac
2942 2622 3361 2681 solemnitatem
3403 2621 3517 2678 diei
3547 2622 3730 2679 sancti

2027 2724 2346 2791 opportuno
2370 2715 2578 2773 debere
2626 2721 2875 2788 tempore
2909 2714 3215 2771 celebrare.
3273 2712 3388 2770 Nec
3415 2728 3593 2782 mora,
3625 2712 3728 2774 Αι-

2024 2806 2199 2863 binus
2229 2807 2299 2863 de
2325 2806 2457 2862 sede
2485 2805 2784 2872 exsiliens,
2815 2803 3239 2876 apprehensum
3263 2801 3727 2861 arcliidiaconem

2024 2895 2291 2964 detrahit,
2334 2894 2546 2967 pugnis
2595 2893 2962 2965 calcibusque
3007 2892 3191 2962 caedit,
3241 2898 3297 2947 et
3327 2891 3583 2948 custodia
3608 2907 3726 2949 car-

2022 2986 2193 3043 cerali
2239 2985 2533 3042 coarctatl.
2587 2983 2696 3041 Pro
2743 2997 2859 3055 quo
2898 2996 3203 3054 nunquam
3229 2981 3490 3038 obtinere
3518 2989 3725 3054 potue-

224 3076 381 3137 rent,
416 3071 663 3128 occurrit
694 3072 776 3128 eis
805 3071 1180 3144 Mummolus,
1221 3074 1416 3133 dicens
1450 3100 1461 3132 :
1499 3077 1625 3134 Non
1663 3078 1994 3174 transibi-C
2023 3083 2176 3146 runt,
2212 3091 2313 3133 nec
2343 3075 2661 3148 episcopus,
2691 3089 2795 3130 nec
2824 3071 2999 3140 cives,
3035 3087 3137 3129 nec
3166 3071 3322 3130 ullus
3351 3072 3533 3146 major
3558 3081 3723 3143 natu,

228 3157 302 3212 tis
346 3163 658 3216 torrentem
693 3159 869 3217 hunc.
925 3160 1066 3218 Ecce
1099 3163 1359 3235 regiones
1395 3163 1616 3221 domini
1647 3167 1759 3222 mei
1790 3157 1994 3239 regis”
2025 3183 2129 3225 nec
2160 3166 2283 3239 ipsa
2316 3181 2431 3223 vox
2464 3165 2637 3222 totius
2670 3162 2868 3236 populi
2890 3162 3279 3231 acclamantis,
3319 3168 3380 3220 ut
3403 3164 3551 3222 datis
3581 3163 3725 3221 iide-

221 3243 642 3317 depopulastis,
673 3246 983 3320 collegistis
1009 3258 1246 3321 segetes,
1299 3267 1503 3324 pecora
1531 3253 1870 3312 devastastis
1897 3265 1934 3324 °,

223 3331 550 3389 tradidistis
577 3333 783 3392 domus
830 3337 1135 3407 incendiis,
1177 3337 1386 3396 oliveta
1424 3356 1487 3397 ac
1529 3342 1722 3399 vineta
1754 3341 1936 3400 succi-

223 3421 422 3478 distis.
481 3421 604 3480 Non
660 3426 997 3496 ascendetis,
1059 3427 1171 3484 nisi
1221 3428 1582 3487 satisfaciatis
1631 3432 1793 3504 prius
1850 3431 1940 3489 his

222 3527 380 3582 quos
413 3513 654 3585 exiguos
679 3515 1012 3588 reliquistis.
1045 3517 1325 3592 Alioquin
1357 3535 1475 3577 non
1503 3519 1787 3592 etingietis
1815 3536 1940 3578 ma-

225 3616 348 3657 nus
382 3616 558 3670 meas,
603 3604 716 3661 nisi
747 3621 957 3677 ponam
985 3605 1244 3678 gladium
1277 3623 1453 3681 super
1484 3624 1602 3676 vos,
1636 3616 1692 3666 et
1729 3625 1941 3668 uxores

224 3702 284 3748 et
317 3695 595 3765 parvulos
628 3704 867 3767 vestros,
908 3703 963 3755 et
995 3697 1241 3756 ulciscar
1277 3700 1550 3772 iujuriam
1583 3701 1804 3759 domini
1824 3703 1940 3760 mei

223 3781 662 3840 Guntchramni
719 3785 887 3858 regis.
940 3785 1106 3843 Tunc
1144 3786 1232 3844 illi
1281 3788 1545 3846 timentes
1573 3789 1758 3861 valde,
1799 3797 1938 3854 185

222 3869 437 3928 dantes
481 3871 665 3930 multa
717 3873 1082 3932 numismatis
1111 3877 1136 3911 ἀ
1164 3876 1326 3934 aurei
1353 3876 1537 3935 millia
1582 3893 1683 3950 pro
1725 3879 1941 3938 redem-

224 3960 433 4032 ptione
459 3978 570 4022 sua
624 3964 866 4022 transire
912 3964 1179 4038 permissi
1218 3972 1356 4024 sunt
1390 3989 1402 4022 :
1446 3974 1500 4024 et
1546 3968 1628 4024 sic
1658 3968 1939 4026 Arvernis

224 4061 647 4122 pervenerunt.
689 4054 826 4113 Erat
853 4063 991 4113 tunc
1017 4071 1264 4113 vernum
1299 4063 1543 4128 tempus,
1574 4059 1940 4130 proferebant

221 4142 312 4198 ibi
346 4142 578 4216 regulas
606 4158 628 4183 ο
652 4145 786 4202 teris
814 4144 1028 4202 incisas
1052 4160 1154 4218 pro
1182 4160 1343 4215 auro,
1381 4162 1526 4219 quas
1570 4147 1818 4222 quisque
1843 4149 1936 4206 vi—

218 4232 401 4300 dens,
431 4248 545 4290 non
593 4233 891 4291 dubitabat
918 4233 1096 4302 aliud,
1125 4233 1262 4300 nisi
1293 4234 1447 4308 quod
1491 4250 1701 4292 aurum
1731 4235 1936 4307 proba-

218 4330 352 4380 tum
387 4328 563 4398 atque
605 4323 1008 4382 examinatum
1053 4328 1218 4380 esset.
1270 4321 1571 4381 Sicenim
1616 4319 1958 4383 coloratum"

2017 3255 2366 3332 jussoribus,
2417 3254 2572 3311 diem
2617 3260 2883 3312 sanctum
2931 3251 3333 3310 archidiacono
3383 3253 3551 3310 liceat
3587 3270 3723 3312 cum

2023 3345 2265 3419 reliquis
2293 3343 2601 3413 celebrare,
2632 3348 2805 3414 atque
2849 3339 3133 3397 accusatio
3184 3340 3307 3412 ejus
3336 3340 3394 3397 in
3431 3349 3723 3413 posterum

2023 3439 2229 3497 debere
2270 3434 2457 3493 audiri
2491 3459 2503 3491 :
2564 3434 2661 3490 sed
2712 3449 2815 3490 nec
2864 3431 2936 3489 ob
2983 3431 3105 3505 ipsa
3137 3439 3494 3491 sacrosancta
3526 3435 3725 3496 solem-

2024 3526 2118 3582 nia
2177 3529 2395 3581 metum
2447 3520 2672 3591 habuit,
2727 3528 2787 3578 ut
2826 3519 3162 3578 ministrum
3218 3518 3494 3579 dominici
3530 3522 3727 3584 altaris

2025 3615 2122 3674 tali
2152 3614 2212 3671 in
2243 3614 2334 3671 die
2355 3629 2472 3671 non
2499 3611 2733 3670 auderet
2761 3609 3032 3683 arripere.
3063 3608 3210 3678 Quid
3235 3611 3440 3683 plura?
3469 3611 3727 3682 Quatuor

2024 3704 2282 3763 millibus
2312 3702 2629 3761 solidorum
2658 3699 3122 3758 arcliidiaconem
3153 3701 3596 3763 condemnavit:
3620 3708 3726 3782 qui

2020 3795 2083 3853 in
2123 3792 2429 3867 praesentia
2475 3789 2624 3864 regis
2657 3788 2927 3865 Sigiberti
2965 3789 3226 3863 veniens,
3271 3793 3592 3868 quadrupla
3633 3812 3726 3854 sa-

2023 3885 2361 3954 tisfactione,
2391 3882 2725 3956 insequente
2753 3881 2979 3950 Jovino,
3015 3883 3355 3956 composuit.

2095 3971 2250 4030 XLV
2300 3973 2412 4044 [Αι.
2446 3971 2688 4040 XXXIX].
2739 3970 2996 4027 Postbzec
3043 3979 3155 4028 tres
3210 3971 3724 4046 Langobardorum

2020 4061 2196 4120 duces
2230 4062 2277 4130 ι,
2313 4059 2371 4118 id
2401 4067 2486 4116 est
2537 4061 2705 4129 Amo,
2761 4058 2971 4128 Zaban,
3019 4075 3084 4115 ac
3139 4059 3477 4133 Rhodanus,
3507 4063 3724 4125 Gallias

2020 4151 2302 4222 irrupere.
2367 4148 2438 4204 Et
2488 4149 2636 4204 Amo
2683 4147 2918 4218 quidem
2965 4146 3436 4205 Ebredunensem
3484 4137 3726 4224 carpens

2019 4241 2175 4299 viam
2206 4254 2388 4313 usque
2429 4235 2834 4294 Machovillam
2871 4235 2882 4272 ¹
2911 4236 3197 4293 Avennici
3228 4238 3516 4310 territorii,
3547 4258 3724 4316 quam

2019 4330 2375 4390 Mummolus
2405 4342 2644 4386 munere
2690 4333 2979 4383 meruerat
3003 4326 3178 4398 regio,
3213 4331 3447 4406 accessit
3476 4355 3488 4388 :
3523 4331 3724 4406 ibique

283 4489 302 4509 ·
339 4477 478 4530 Editi
536 4480 608 4530 ita
657 4491 866 4531 comma
923 4483 1218 4542 apponunt,
1263 4482 1320 4531 ut
1349 4482 1594 4532 Saxones
1640 4492 1762 4530 cum
1803 4479 2213 4542 cap-Dtigisse
2249 4478 2391 4539 patet
2454 4485 2521 4524 ex
2577 4465 2996 4542 capitis_titulo,
3040 4472 3183 4535 quod
3223 4473 3290 4524 de
3341 4475 3720 4530 archidiacono

213 4551 355 4600 tivis
425 4548 746 4601 discessisse
811 4539 1124 4608 videantur;
1192 4553 1242 4600 at
1332 4564 1402 4600 ex
1473 4550 1626 4602 Paulo
1702 4539 1966 4602 Diacono’
2024 4539 2342 4603 Massiliensi
2393 4542 2721 4595 inscribitur.
2778 4539 3034 4604 Cataptus
3085 4545 3264 4594 autem
3305 4557 3403 4607 pro
3434 4551 3592 4609 portu
3616 4549 3718 4598 fre-

209 4619 318 4670 lib.
395 4631 480 4678 111,
532 4633 652 4683 cap.
699 4623 745 4678 5,
802 4625 950 4684 patet
1003 4620 1100 4670 has
1144 4633 1305 4672 voces
1367 4635 1491 4673 cum
1532 4621 1760 4684 captivis
1812 4633 1934 4674 esse

207 4691 663 4754 praecedentibus
716 4692 1146 4755 conjungendas,
1214 4705 1332 4743 cum
1389 4694 1506 4753 ipse
1560 4692 1770 4749 habeat,
1823 4692 1937 4743 reli-

204 4762 324 4813 ctis
361 4761 593 4822 captivis
639 4770 687 4812 et
726 4763 981 4814 universa
1008 4764 1192 4825 praeda
1229 4763 1289 4813 in
1311 4761 1534 4816 Italiam
1556 4766 1928 4815 revertuntur.

211 4833 355 4884 Vide
380 4837 434 4882 et
463 4833 708 4897 ejusdem
735 4833 878 4884 Pauli
901 4847 1017 4897 cap.
1045 4835 1074 4884 6
1106 4838 1160 4886 et
1191 4835 1240 4885 8.

285 4905 308 4933 "
352 4905 444 4955 Sic
494 4917 625 4955 mss.
683 4905 813 4957 Editi
858 4917 985 4956 vero
1034 4917 1156 4956 cum
1203 4901 1323 4958 Béc.
1378 4906 1577 4956 habent
1631 4906 1935 4956 Arvernico.

208 4972 278 5017 At
347 4967 695 5030 praeferenda
757 4969 1144 5030 mss.ilectio;
1203 4981 1326 5018 nam
1367 4967 1504 5019 infra
1573 4980 1603 5017 a
1657 4967 1938 5018 Mummolo

207 5029 520 5094 intercepti
567 5033 710 5094 sunt
756 5029 811 5079 in
873 5029 1113 5094 Rhodani
1169 5034 1432 5081 transitu:
1482 5030 1627 5094 quod
1671 5030 1792 5094 lteri
1829 5041 1939 5079 non

207 5092 626 5155 p0tuisset.isi
661 5152 675 5155 _
695 5092 806 5155 jam
871 5093 921 5155 in
991 5094 1282 5144 Arveruico
1348 5091 1623 5144 territorio
1691 5091 1936 5155 fuissent,

205 5155 396 5218 longe
453 5165 484 5204 a
535 5152 772 5205 Rhodani
825 5154 957 5216 ripis
1006 5155 1198 5218 posito.
1249 5155 1573 5218 Designatur,
1609 5156 1788 5218 itaque
1835 5152 1940 5205 hoc

204 5215 886 5327 iguarlgggocilggnionense
937 5215 1286 5268 territorium.
1328 5215 1489 5269 Nabis
1555 5215 1717 5268 favet'
1753 5215 1940 5268 Frede-

333 5293 343 5326 I
432 5317 444 5327 .
505 5315 518 5327 .
613 5315 626 5326 .
1503 5291 1506 5294 ’

205 5281 444 5339 garius,
471 5289 518 5329 c.
547 5281 626 5327 68.
1503 5291 1506 5294 ·

277 5356 296 5376 τ
339 5347 592 5411 Plerique
627 5347 755 5400 editi
777 5348 982 5399 addunt
1017 5347 1345 5400 trucidastis.

277 5419 301 5448 ⁴
338 5417 482 5469 Cod.
516 5418 695 5481 Corb.,
724 5420 1086 5472 numismata.

274 5501 295 5521 ⁸
333 5490 457 5541 Alit
487 5489 706 5552 habent,
729 5491 956 5553 tegulas.

271 5562 290 5591 '
327 5561 453 5614 Hoc
477 5565 640 5622 caput
666 5561 820 5614 deest
851 5563 906 5614 in
930 5561 1087 5614 Corb.
1130 5564 1182 5614 et
1210 5560 1412 5615 Bellov.

278 5644 305 5680 ι
349 5633 424 5685 In
480 5631 760 5697 plerisque
821 5633 997 5692 editis,
1045 5631 1464 5685 Advenientibus
1528 5631 1939 5688 transmarinis.

209 5705 456 5760 Cetera
501 5705 703 5758 omissa
760 5706 904 5758 sunt.
958 5704 1084 5759 Haec
1137 5715 1303 5769 porro
1340 5706 1482 5770 apud
1512 5705 1795 5758 Massiliam
1817 5715 1942 5757 con-

2019 4621 2206 4688 quenti
2265 4617 2498 4667 sumitur
2551 4613 2691 4676 apud
2739 4612 3032 4663 Sidonium.
3099 4613 3224 4668 Vide
3280 4616 3601 4670 Amaltheon
3635 4619 3722 4670 Jo-

2021 4687 2178 4756 00111ιί
2212 4687 2497 4740 Laurentii.

2084 4763 2106 4792 ιι
2141 4761 2312 4817 Colb.,
2368 4769 2555 4819 arcas;
2618 4759 2714 4808 sed
2768 4757 3050 4810 retinenda
3121 4759 3307 4808 nostra
3356 4756 3535 4811 lectio.
3593 4758 3726 4813 Orca

2020 4829 2232 4891 quippe
2259 4823 2412 4873 vasis
2442 4822 2522 4872 est
2556 4821 2767 4882 species
2788 4821 3004 4871 usitata.

2084 4905 2096 4925 ι
2145 4895 2416 4961 laeserat
2462 4891 2836 4961 ulhepiscopo
2912 4890 3249 4961 celebratum
3307 4891 3375 4961 ad
3439 4893 3726 4961 ecclesiam

2025 4957 2314 5011 accedenti
2363 4952 2785 5016 archidiaconus
2832 4965 2955 5004 cum
3012 4953 3222 5013 reliquo
3282 4952 3428 5016 clero
3477 4955 3530 5005 in
3567 4954 3723 5016 albis,

2022 5019 2321 5072 thuribulis
2397 5015 2790 5076 tumigantibus
2880 5019 3212 5067 occurreret.
3295 5015 3420 5067 Vide
3513 5015 3728 5068 Paulum

2028 5083 2442 5143 Emeritensem,
2493 5085 2616 5138 010..
2661 5079 2802 5140 apud
2847 5077 3109 5130 Mabillon.
3162 5077 3314 5128 lib.t
3372 5077 3437 5129 de
3492 5077 3726 5143 Liturgia

2024 5117 2449 5206 ὅεῖἰῆὸῖῗὲἓῖῥῗγὶ

2084 5217 2098 5262 1
2119 5213 2380 5287 _Plerique
2453 5211 2599 5272 editi,

2022 5289 2258 5330 omisms.

2090 5349 2110 5377 ι
2148 5347 2220 5398 Bx
2259 5345 2328 5395 iis
2355 5347 2508 5394 erant
2555 5343 2802 5402 ducibus,
2853 5343 2941 5406 qui
2985 5345 3108 5406 post
3144 5340 3290 5394 Clebi
3339 5345 3487 5407 regis
3509 5357 3727 5411 necem,

2022 5431 2170 5471 anno
2200 5418 2310 5478 574,
2341 5414 2702 5477 Langobardis
2734 5414 3084 5477 praefuerunt.

2087 5490 2109 5553 ‘_
2139 5489 2224 5541 Sic
2267 5493 2372 5539 duo
2439 5499 2570 5538 mss.
2645 5490 2865 5537 veteres
2919 5483 3071 5535 Corb.
3140 5487 3197 5537 et
3255 5486 3509 5552 Bellov.;
3551 5488 3733 5540 caeteri

2026 5573 2152 5614 cum
2213 5561 2372 5612 editis
2437 5556 2900 5617 Machvio-villam,
2950 5559 3149 5619 praeter
3199 5557 3345 5609 Colb.
3383 5560 3438 5611 in
3480 5571 3586 5625 quo
3623 5570 3731 5610 vox

2026 5632 2223 5684 vittam
2277 5630 2641 5683 desideratur.
2700 5626 2888 5678 Paulus
2952 5627 3096 5680 Dtac.
3151 5628 3182 5679 l.
3238 5642 3318 5689 m,
3374 5643 3423 5683 c.
3470 5631 3520 5692 8,
3571 5629 3735 5683 habet

2035 5705 2184 5757 sicut
2215 5706 2428 5756 veteres
2453 5713 2604 5761 mss,
2628 5698 3010 5753 Haehovitlam.

2680 5209 3125 5261 archidiaconum
3197 5212 3462 5272 coarctat,
3520 5214 3730 5266 ceteris
