4006 6182
1640 148 1657 177 κ

240 302 345 364 307

1324 306 1382 366 S.
1425 306 1782 367 GREGOBII
1820 310 2151 373 EPISCOPI
2190 307 2660 372 TURONENSIS

3536 294 3735 361 \308

249 428 384 489 ﬁxit
429 429 689 489 tentoria.
735 430 921 489 Zaban
958 445 1092 490 vero
1118 447 1219 505 per
1252 433 1527 492 Diensem
1551 447 1573 472 τι
1602 434 2018 500 descendensA
2037 438 2130 509 sit,
2158 438 2219 497 in
2248 437 2462 513 quibus
2490 434 2671 495 victor
2706 430 2945 491 exstitit.
2972 431 3118 490 Nam
3149 434 3277 505 post
3316 432 3559 487 mortem
3597 426 3738 485 Cha-

252 519 480 591 urbem,
511 536 695 593 usque
735 520 1050 578 Valentiam
1082 523 1260 595 venit,
1292 524 1488 598 ibique
1526 530 1705 583 castra
1737 526 1946 599 posuit.
2032 528 2250 600 riberti,
2279 542 2412 586 cum
2441 525 2801 600 Chilpericus
2833 521 3083 582 Turonis
3126 537 3193 579 ac
3249 519 3499 577 Pictavis
3542 533 3739 592 perva-

253 610 571 669 Bhodanus
599 616 788 669 autem
803 609 1386 684 Gratianopolitanam
1418 614 1619 671 urbem
1650 630 1951 688 aggressus

257 708 359 770 est,
395 700 590 773 ibique
617 701 939 774 papiliones
966 704 1242 761 extendit.
1281 704 1351 761 Et
1380 708 1528 763 Anio
1555 721 1784 779 quoque
1817 708 1953 764 Are-

256 791 537 850 latensem
590 791 899 851 debellavit
930 795 1308 866 provinciam,
1358 812 1489 853 cum
1540 796 1785 855 urbibus
1822 813 1951 871 quae

262 870 610 941 circumsita:
663 889 818 941 sunt.
858 882 927 940 Et
965 900 1149 957 usque
1194 887 1384 969 ipsum
1431 885 1747 957 Lapideum
1798 870 1949 944 cam-

251 989 393 1048 pum
430 974 471 1044 ",
509 972 609 1047 qui
651 973 867 1047 adjacet
912 974 1042 1033 urbi
1075 975 1423 1034 Massiliensi
1457 976 1731 1035 accedens
1758 988 1797 1043 ε,
1836 982 1953 1035 tam

258 1061 327 1119 de
351 1061 676 1135 pecoribus,
703 1077 877 1133 quam
905 1062 973 1119 de
991 1050 1325 1122 hominibus
1354 1064 1667 1122 denudavit
1692 1083 1704 1122 :
1730 1058 1955 1138 Aquon-

256 1151 420 1211 sibus
454 1156 649 1210 autem
695 1150 1053 1211 obsidionem
1102 1157 1343 1228 paravit,
1394 1155 1462 1212 de
1496 1155 1710 1228 quibus
1745 1153 1955 1227 viginti

260 1245 490 1304 duabus
541 1245 704 1303 libris
757 1248 979 1319 argenti
1026 1248 1269 1322 acceptis
1315 1254 1456 1314 187
1485 1248 1775 1307 abscessit.
1834 1249 1958 1307 Sic-

257 1350 374 1406 que
404 1340 459 1391 et
488 1333 806 1393 Rhodanus
841 1352 906 1393 ac
949 1336 1138 1394 Zaban
1174 1338 1236 1393 in
1268 1337 1406 1395 locis
1447 1340 1662 1412 quibus
1706 1356 1960 1398 accesse-

259 1429 409 1493 rant,
440 1423 715 1481 fecerunt.
745 1422 885 1492 Quae
932 1440 1067 1483 cum
1099 1424 1416 1483 Mummolo
1444 1427 1657 1499 perlata
1688 1429 1958 1500 fuissent,

259 1511 582 1571 exercitum
615 1512 814 1582 movit,
845 1512 1214 1582 etithodano,
1241 1515 1342 1587 qui
1374 1514 1963 1587 Gratianopolitanam

259 1599 465 1659 urbem
492 1600 831 1671 debellabat,
863 1600 1124 1658 occurrit.
1154 1599 1265 1659 Sed
1279 1617 1411 1659 cum
1434 1602 1649 1661 Iseram
1666 1605 1691 1641 d
1714 1602 1963 1663 ﬂuvium

263 1691 552 1749 exercitus
582 1690 862 1749 laboriose
892 1692 1180 1759 transiret,
1199 1701 1348 1750 nutu
1378 1692 1483 1750 Dei
1499 1694 1963 1753 animalamnem

2034 621 2217 691 sisset,
2249 635 2380 692 quae
2425 617 2706 691 Sigiberto
2745 616 2865 688 regi
2896 630 2995 687 per
3042 619 3273 685 pactum
3307 611 3367 668 in
3398 616 3619 685 partem
3648 624 3741 666 ve-

2034 716 2258 779 nerant,
2289 707 2634 781 conjunctus
2663 720 2766 762 rex
2798 709 2938 767 188
2970 702 3090 775 ipse
3119 717 3254 759 cum
3298 699 3739 758 Guntchramno

2039 802 2213 858 fratre
2247 815 2373 867 suo,
2418 796 2807 855 Mummolum
2861 794 3106 866 eligunt,
3172 792 3275 867 qui
3305 792 3410 848 has
3461 790 3637 848 urbes
3673 787 3743 845 ad

2040 908 2241 950 eorum
2279 892 2391 965 [AL
2432 894 2653 955 verum]
2696 886 2999 943 dominum
3045 898 3310 941 revocare
3341 879 3593 937 deberet.
3634 876 3747 947 Qui

2041 981 2294 1041 Turonis
2319 980 2579 1049 veniens,
2622 977 2815 1047 fugato
2844 973 3057 1031 exinde
3088 969 3486 1030 Chlodovecho
3523 965 3750 1038 Chilpe-

2042 1074 2146 1131 rici
2176 1072 2315 1138 lilio,
2348 1068 2565 1129 exactis
2592 1085 2625 1125 a
2656 1064 2864 1140 populo
2911 1065 2981 1121 ad
3021 1068 3241 1137 partem
3293 1060 3443 1131 regis
3479 1056 3750 1130 Sigiberti

2039 1162 2430 1230 sacramentis,
2476 1160 2736 1217 Pictavos
2787 1153 3040 1212 accessit.
3093 1152 3204 1212 Sed
3254 1148 3508 1207 Basilius
3551 1163 3618 1204 ac
3666 1145 3752 1204 Si-

2040 1255 2276 1329 gliarius
2332 1252 2350 1287 τ
2403 1248 2622 1307 Pictavi
2675 1245 2850 1316 cives,
2909 1243 3143 1302 collecta
3215 1237 3605 1301 multitudine,
3669 1251 3753 1292 ιε-

2043 1350 2241 1407 sistere
2265 1344 2581 1404 voluerunt
2612 1359 2623 1398 :
2657 1354 2803 1412 quos
2829 1339 2899 1397 de
2938 1334 3181 1394 diversis
3216 1330 3477 1406 partibus
3506 1329 3751 1385 circum-

2044 1442 2204 1499 datos
2259 1432 2560 1509 oppressit,
2610 1427 2823 1497 obruit,
2864 1424 3189 1493 interemit;
3244 1428 3297 1478 et
3353 1420 3435 1509 sic
3482 1418 3751 1509 _Pict_avos

2044 1503 2355 1592 accedens;
2390 1522 2745 1577 sacramenta
2789 1513 3002 1586 exegit.
3035 1512 3174 1569 Haec
3203 1508 3436 1568 interim
3466 1506 3537 1563 de
3568 1503 3751 1561 Mum-

2047 1598 2200 1673 molo
2238 1610 2396 1669 dictu
2430 1604 2721 1666 suﬂiciant
2759 1612 2784 1649 ε
2827 1627 2839 1661 :
2900 1600 3125 1674 reliqua
3170 1599 3232 1657 in
3278 1601 3570 1671 posterum
3617 1594 3753 1648 sunt

2047 1702 2370 1777 dirigenda.

265 1781 605 1855 ingreditur,
639 1782 853 1839 vadum
893 1782 1140 1839 oStendit
1170 1801 1181 1839 :
1214 1788 1268 1840 et
1314 1782 1394 1839 sic
1424 1784 1673 1856 populus
1720 1785 1784 1843 in
1816 1786 2023 1858 ulte-B
2116 1768 2327 1853 XLVII
2363 1792 2478 1864 [ΑΖ.
2512 1787 2655 1857 XLI].
2712 1784 2793 1841 De
2840 1778 3195 1871 Apdarchiih
3229 1790 3365 1834 vero
3398 1768 3748 1871 interitu'lo-

268 1872 476 1929 riorem
519 1871 703 1945 ripam
729 1871 1039 1944 egreditur.
1094 1872 1256 1941 Quod
1289 1871 1547 1931 videntes
1579 1874 1963 1947 Langobardi,
2049 1890 2313 1949 autut-us,
2363 1858 2526 1952 prius
2573 1889 2757 1946 genus
2801 1858 2979 1930 ordiri
3025 1869 3225 1942 placet,
3264 1872 3319 1955 et
3347 1858 3752 1955 patriam._Ilic

268 1978 372 2020 nec
428 1963 653 2033 morati,
714 1962 1031 2033 cvaginatis
1078 1962 1283 2035 gladiis
1330 1963 1434 2020 hos
1481 1970 1775 2035 appetunt,
1819 1982 1970 2023 com-
2052 1973 2246 2045 igitur,
2304 1947 2379 2026 ut
2409 1970 2672 2023 asserunt
2702 1962 2737 2032 ί,
2778 1958 2987 2017 Felicis
3034 1954 3314 2014 senatoris
3336 1965 3566 2048 servus

273 2052 565 2127 missoque
613 2052 786 2122 bello,
841 2051 904 2108 iu
956 2058 1181 2111 tantum
1210 2053 1343 2110 caesi
1376 2059 1531 2123 sunt,
1562 2059 1625 2111 ut
1653 2053 1971 2115 Rhodanus
2000 2092 2005 2097 ι
2053 2037 2156 2134 (ᾗιὶ
2189 2037 2259 2117 ad
2286 2054 2632 2128 obsequium
2662 2048 2885 2110 domini
2923 2048 3249 2138 deputatus,
3288 2042 3357 2100 ad
3390 2038 3580 2138 studia
3609 2037 3754 2138 litte-

270 2140 563 2200 sauciatus
621 2140 817 2197 lancea
866 2142 938 2197 ad
990 2141 1277 2198 montium
1331 2140 1558 2198 excelsa
1617 2142 1967 2217 confugeret.
2055 2127 2253 2209 rarum
2293 2163 2427 2205 cum
2447 2127 2512 2203 eo
2533 2142 2773 2217 positus,
2807 2139 2952 2196 bene
2988 2136 3283 2193 institutus
3315 2130 3568 2190 emicuit
3610 2127 3757 2186 Nam

274 2229 504 2287 ΕΧῘΠάθ
533 2245 667 2289 Cum
697 2229 1030 2304 qningemis
1057 2230 1198 2287 Viris
1227 2230 1329 2303 qni
1351 2233 1404 2286 οἱ
1435 2240 1847 2303 remanserant,
1876 2249 1977 2307 per
2059 2243 2129 2300 de
2157 2238 2425 2312 operibus
2455 2232 2709 2307 Virgilii,
2756 2230 2899 2303 legis
2938 2225 3357 2285 Theodosianae
3387 2220 3599 2312 libris,
3620 2223 3764 2312 arte-

281 2320 449 2379 devia
478 2319 758 2380 silvarum
797 2335 1201 2394 prorumpens,
1245 2321 1315 2378 ad
1357 2321 1645 2379 Zabanem
1692 2323 1976 2395 pervenit,

282 2409 389 2484 qui
418 2415 555 2468 tunc
583 2408 791 2466 urbem
818 2407 1145 2465 Valentiam
1169 2407 1497 2466 obsidebat:
1536 2410 1908 2483 narravitque
1928 2410 1982 2468 ei

281 2498 480 2557 omnia
511 2512 641 2572 quae
669 2503 793 2554 acta
836 2497 1080 2555 fuerant.
1120 2498 1282 2570 Tunc
1323 2499 1470 2557 datis
1498 2499 1711 2572 pariter
1757 2499 1981 2558 cunctis

277 2590 338 2646 in
369 2589 643 2662 praedam,
672 2588 742 2645 ad
775 2588 1249 2648 Ebredunensem
1288 2590 1772 2662 urbem-regressi
1809 2596 1977 2649 sunt:

280 2676 481 2749 ibique
508 2678 592 2734 eis
617 2694 751 2736 cum
780 2678 1091 2738 innumero
1123 2680 1382 2737 exercitu
1427 2679 1779 2739 Mummolus
1818 2680 1880 2737 in
1908 2680 1986 2737 fa-

285 2767 435 2824 ciem
490 2767 669 2837 venit,
728 2767 1150 2841 commissoque
1205 2767 1425 2841 praelio,
1474 2768 1986 2841 Langobardorum

282 2854 587 2929 phalangae
623 2870 808 2929 usque
834 2855 904 2912 ad
934 2856 1389 2913 internecionem
1414 2871 1597 2927 caesae,
1629 2871 1763 2914 cum
1791 2855 1989 2930 paucis

286 2943 461 3001 duces
492 2942 553 2999 in
576 2942 806 3000 Italiam
838 2949 975 3001 sunt
1008 2945 1269 3015 regressi.
1304 2944 1564 3017 Cumque
1610 2960 1791 3017 usque
1825 2944 1990 3017 Sigu-

287 3033 445 3090 sium
488 3044 510 3071 ο
550 3032 757 3090 urbem
809 3032 1012 3105 perlati
1066 3032 1329 3103 fuissent,
1375 3039 1430 3089 et
1476 3048 1573 3090 eos
1634 3031 1839 3090 incolae
1880 3024 1989 3090 loci

2062 2346 2174 2405 que
2195 2304 2425 2385 -calculi
2454 2304 2698 2396 adplene
2730 2318 2994 2378 eruditus
3032 2322 3134 2374 est.
3167 2313 3287 2370 Hac
3316 2312 3495 2384 igitur
3524 2304 3765 2405 scientia

2068 2396 2315 2489 tumens,
2367 2414 2655 2488 despicere
2699 2409 2963 2469 dominos
3000 2406 3171 2478 erepit
3221 2423 3233 2462 :
3277 2410 3333 2461 et
3361 2417 3421 2459 se
3449 2396 3765 2489 patrocinio

2064 2511 2215 2584 Lupi
2249 2507 2411 2566 ducis
2436 2515 2472 2576 ι,
2506 2519 2641 2563 cum
2682 2499 2752 2558 ad
2784 2498 2990 2557 urbem
3034 2493 3465 2584 Massiliensem
3491 2504 3565 2547 ex
3595 2488 3766 2561 jussu

2066 2576 2217 2672 regis
2249 2593 2522 2669 Sigiberti
2569 2590 2879 2655 accederet,
2929 2578 3375 2672 commendavit.
3425 2576 3505 2672 pe
3541 2589 3656 2672 qua
3691 2587 3770 2629 re-

2068 2665 2342 2759 gressus,“
2358 2682 2516 2738 hunc
2543 2690 2737 2735 secum
2765 2671 2924 2730 abire
2952 2671 2980 2708 ιι
3010 2666 3298 2743 praecepit,
3330 2665 3769 2759 i_usinua\’itque

2069 2747 2207 2833 cum
2238 2747 2547 2842 diligenter
2588 2762 2875 2835 Sigiberto
2905 2757 3047 2831 regi,
3099 2761 3269 2827 atque
3296 2753 3366 2810 ad
3396 2747 3769 2842 serviendum

2074 2862 2303 2923 tradidit
2336 2837 2553 2933 :tquem
2600 2853 2700 2911 ille
2747 2867 2846 2929 per
2870 2849 2991 2907 loca
3019 2845 3245 2904 diversa
3270 2841 3546 2936 dirigens,
3580 2837 3771 2936 locum

2071 2950 2320 3026 praebuit
2342 2927 2651 3005 militandi.
2684 2940 2774 2997 Ex
2795 2927 2912 2996 hoc
2935 2933 3455 3026 quasillonoratus
3481 2927 3775 3026 lliabitus,

2071 3017 2400 3102 Arvernum
2436 3035 2632 3094 venit:
2669 3031 2865 3104 ibique
2907 3043 3040 3085 cum
3089 3023 3236 3082 Urso
3270 3023 3396 3080 cive
3442 3018 3607 3078 urbis
3652 3017 3781 3089 ejus

288 3124 434 3182 dure
466 3123 838 3195 ευδείρθΐθῐιῐν
872 3122 1193 3196 praesertim
1226 3138 1359 3182 cum
1395 3122 1690 3182 Sismﬂius
1718 3123 1989 3195 magism
2005 3156 2048 3217 ο
2071 3137 2352 3197 amicitias
2378 3132 2586 3205 illigat.
2630 3126 2892 3196 Interim,
2921 3130 2985 3181 ut
3017 3127 3138 3181 erat
3158 3119 3303 3205 acris
3328 3116 3572 3217 ingenii,
3598 3114 3780 3213 tiliam

292 3212 553 3271 militum
584 3229 617 3271 a
646 3219 804 3287 parte
856 3212 1216 3285 imperatoris
1254 3213 1316 3270 in
1351 3214 1458 3270 hac
1487 3214 1629 3272 urbe
1672 3214 1947 3271 resideret
1975 3232 1989 3272 :

287 3303 593 3363 simulatus
631 3304 937 3363 Mummoli
965 3321 1109 3378 puer
1148 3305 1212 3363 in
1259 3310 1565 3378 conspectu
1608 3305 1875 3377 Zabanis,
1911 3304 1996 3364 Si-

292 3394 486 3453 sinnio
513 3396 729 3454 litteras
758 3397 1015 3469 protulit,
1044 3396 1407 3470 salutemque
1433 3413 1507 3453 ex
1544 3397 1781 3454 nomine
1808 3397 1994 3459 Mum-

290 3484 432 3542 moli
460 3484 638 3557 dedit,
665 3485 863 3543 dicens
890 3509 901 3542 :
936 3486 1024 3542 En
1050 3486 1242 3559 ipsum
1284 3486 1345 3543 in
1374 3488 1662 3559 proximo.
1697 3487 1856 3556 Quod
1885 3504 1990 3545 au-

291 3572 458 3630 diens
500 3574 713 3645 Zaban,
764 3590 937 3632 cursu
987 3575 1168 3633 veloci
1213 3577 1286 3637 ab
1335 3576 1477 3634 urbe
1534 3577 1657 3649 ipsa
1703 3577 1995 3651 digressus

292 3664 589 3736 praeteriit.
642 3663 752 3721 His
792 3665 1003 3723 auditis
1031 3669 1201 3738 Amo,
1234 3667 1469 3725 collecta
1510 3669 1670 3727 omni
1716 3668 1993 3743 praedain

292 3752 521 3823 itinere,
570 3755 951 3828 proficiscitur
982 3780 993 3814 :
1029 3756 1127 3814 sed
1176 3757 1573 3816 resistentibus
1622 3758 1878 3830 nivibus,
1912 3776 1997 3817 rc-

291 3844 423 3903 licta
453 3846 664 3919 praeda,
693 3846 797 3903 vix
827 3862 961 3904 cum
990 3846 1192 3919 paucis
1219 3863 1521 3921 erumpere
1559 3849 1763 3922 potuit.
1798 3850 1998 3910 Exter-

294 3934 391 3991 riti
422 3934 579 3991 enim
607 3940 769 3991 erant
798 3934 1012 3993 virtute
1040 3935 1367 3994 Mummoli.
1438 3940 1444 3951 '
1802 3952 1806 3956 ·

365 4021 550 4080 XLVI
582 4025 696 4094 [ΑΙ.
728 4022 852 4096 XL].
901 4022 1083 4082 Multa
1115 4026 1273 4084 enim
1312 4026 1670 4088 Mummolus
1709 4028 1858 4087 bella
1886 4045 2001 4104 ges-

366 4175 522 4226 -Alii
572 4176 722 4239 editi,
775 4175 1043 4239 Deensem,
1069 4179 1214 4242 quod
1255 4180 1484 4243 perinde
1541 4184 1638 4233 est.
1706 4183 1795 4234 Est
1846 4195 1997 4235 nam-

302 4258 409 4312 que
464 4247 555 4299 Dia
621 4260 716 4299 seu
785 4248 889 4299 Dea
956 4249 1333 4303 Vocontiorum
1414 4254 1605 4306 civitas
1654 4256 1995 4317 episcopalis,

308 4320 470 4369 etiam
523 4331 671 4371 nunc
731 4320 982 4371 celebris.
1047 4320 1241 4373 Tamen
1289 4323 1427 4376 Bell.
1481 4324 1641 4376 habet
1702 4325 1998 4377 Vardanen-

304 4402 434 4452 sem,
493 4393 547 4440 et
600 4388 755 4442 Corb.
803 4390 1207 4455 Virdunensem,
1266 4406 1574 4458 quanquam
1616 4398 1789 4459 prima
1834 4410 1995 4448 manu

303 4461 567 4524 scriptum
618 4460 813 4514 fuisset
862 4461 1257 4516 Vinsunensem.
1303 4465 1402 4517 Sed
1446 4468 1710 4518 correctio
1752 4468 1996 4529 ejusdem

307 4534 393 4581 est
436 4535 537 4583 aevi
590 4546 653 4585 ac
696 4535 869 4586 codex
911 4547 1013 4588 ms.
1068 4535 1123 4586 Et
1172 4537 1390 4597 quidem
1446 4536 1709 4589 Freherus
1752 4525 1805 4589 in
1858 4525 2065 4590 mar-‘D

305 4602 435 4663 gine
495 4607 699 4664 monet,
754 4606 810 4656 in
857 4612 958 4659 ms.
1013 4606 1222 4659 scilicet
1262 4608 1514 4667 Palatino,
1571 4608 1753 4661 haberi
1817 4609 1999 4661 Virdu-

302 4684 537 4725 mnsam.
594 4676 742 4727 Unde
799 4676 1039 4729 Valesius
1105 4679 1382 4731 existimat
1440 4680 1546 4731 duo
1612 4683 1748 4733 hanc
1809 4682 1999 4735 urbem

302 4747 523 4796 nomina
574 4744 853 4809 habuisse,
896 4747 1135 4813 Latinum
1187 4763 1375 4809 unum,
1430 4752 1590 4805 Deam
1638 4753 1862 4809 scilicet.
1916 4752 1997 4804 al—

300 4812 476 4865 terum
530 4814 806 4875 Gallicum,
856 4818 1001 4879 quod
1059 4821 1143 4869 est
1206 4819 1531 4873 Virdunum.
1604 4823 1749 4874 idem
1813 4829 2000 4875 auctor

302 4884 408 4936 alio
460 4887 512 4938 in
549 4884 668 4937 loco
699 4886 954 4939 observat
1002 4889 1058 4938 in
1102 4890 1383 4942 Provincia
1436 4893 1663 4945 ﬂuvium
1715 4908 1857 4956 esse,
1896 4909 2000 4945 no-

298 4956 447 5009 mine
490 4957 820 5019 Verdunum,
878 4958 1043 5021 vulgo
1093 4961 1313 5022 Verdon,
1374 4974 1443 5014 ex
1495 4976 1602 5025 quo
1658 4965 1797 5017 forte
1848 4966 2000 5019 locus

305 5028 504 5093 aliquis
547 5029 635 5081 hic
678 5028 992 5100 designatus
1032 5043 1229 5083 nomen
1278 5031 1546 5084 habuerit.
1597 5037 1802 5087 Paulus
1832 5037 1995 5100 Diae,

305 5102 399 5163 qui
440 5102 537 5155 lib.
602 5113 664 5155 ιιι
712 5099 824 5153 has
880 5113 1070 5155 omnes
1128 5103 1597 5167 Langobardorum
1636 5112 1687 5159 et
1729 5099 1998 5161 Saxonum

304 5174 689 5244 expeditiones
733 5176 919 5225 narrat
975 5174 1168 5227 iisdem
1223 5176 1394 5227 ferme
1455 5177 1640 5229 verbis
1688 5191 1751 5231 ac
1805 5181 1997 5244 Grego-

300 5242 435 5316 rius,
494 5256 612 5316 cap.
671 5246 717 5305 8.
767 5245 858 5298 ubi
926 5246 993 5299 de
1045 5245 1148 5298 hac
1208 5246 1325 5311 ipsa
1383 5248 1683 5314 irruptione
1739 5242 1996 5316 loquitur,

298 5311 460 5365 habet
486 5315 746 5373 Diensem.

362 5384 384 5412 δ
417 5384 602 5448 Vulgo,
639 5385 693 5437 la
719 5384 879 5451 Grau,
902 5391 960 5441 ut
990 5389 1231 5442 Cointius
1257 5393 1459 5444 monet.

363 5466 381 5487 ο
415 5456 576 5518 Bell.,
607 5458 872 5523 accipiens
907 5463 1032 5514 tam.

362 5527 383 5559 "
416 5529 500 5581 Sic
556 5528 712 5582 Corb.
771 5537 823 5584 et
886 5534 1126 5597 Bellov.;
1186 5532 1294 5595 alii,
1349 5536 1574 5586 Eseram
1621 5536 1713 5587 aut
1756 5532 1990 5599 Isaram,

300 5600 390 5652 vel
444 5613 565 5653 cum
619 5602 951 5666 aspiratione
1002 5608 1270 5666 Heseram,
1316 5605 1600 5659 Hiseram:
1655 5620 1771 5671 quae
1826 5611 1991 5659 variae

298 5674 562 5727 lectiones
616 5675 669 5724 in
715 5672 837 5725 aliis
883 5688 1095 5741 quoque
1131 5678 1490 5741 scriptoribus
1541 5681 1855 5741 occurrunt,
1891 5681 1988 5733 sed

220 5768 225 5769 ί
318 5748 568 5799 eumdem
612 5745 827 5800 ﬂuvium
879 5746 1179 5819 designant,
1210 5749 1375 5815 vulgo
1420 5748 1613 5817 l’Isére,
1664 5751 1844 5815 quiin
1886 5752 1985 5807 Sa~

2076 3229 2199 3301 ejus
2246 3204 2589 3295 desponsare
2632 3214 2984 3281 desiderans,
3027 3210 3284 3278 loricam,
3333 3214 3397 3267 ut
3446 3206 3663 3301 ferunt,

2076 3293 2462 3383 libellariquo
2509 3308 2723 3365 cbartm
2772 3302 2905 3361 abdi
2953 3300 3137 3358 solitae
3170 3304 3328 3369 sunt,
3380 3295 3655 3365 recondit,
3687 3293 3783 3383 di-

2076 3420 2210 3463 cens
2248 3381 2501 3468 mulieri,
2543 3392 2777 3468 coniugi
2825 3390 3024 3464 utique
3064 3387 3193 3446 Ursi
3230 3408 3240 3445 :
3275 3385 3412 3461 quia
3454 3381 3786 3443 multitudi-

2076 3510 2209 3553 nem
2237 3503 2546 3550 aureorum
2577 3497 2840 3543 meorum
2870 3480 3122 3552 amplius
3137 3494 3308 3552 quam
3341 3475 3633 3536 sexdecim
3658 3472 3786 3532 mil-

2078 3586 2155 3643 lia
2194 3584 2255 3641 in
2299 3582 2406 3638 hoc
2434 3576 2681 3635 libellari
2711 3569 3060 3631 reconditam
3088 3568 3191 3627 tibi
3221 3565 3587 3636 commendo,
3618 3562 3783 3637 quod

2081 3678 2244 3729 tuum
2295 3682 2416 3725 esse
2453 3660 2679 3737 poterit,
2731 3660 2779 3719 si
2829 3656 2976 3716 mihi
3019 3656 3201 3714 ﬁliam
3243 3660 3401 3714 tuam
3445 3650 3785 3727 praestiteris

2076 3753 2428 3831 desponsari.
2463 3750 2575 3810 Sed

2313 3858 2449 3921 Quid
2480 3871 2579 3907 non
2612 3854 2846 3921 mortalia
2874 3861 3086 3921 pectora
3109 3852 3271 3921 cogis,

2139 3912 2273 3977 Auri
2305 3912 2449 3972 sacra
2471 3920 2674 3970 fames?
2706 3912 2885 3981 (Virg;
2904 3916 3103 3965 ιΕπεὶά.
3138 3914 3222 3964 lib.
3250 3912 3350 3974 ιιι.)

2164 4030 2304 4088 189
2356 4018 2624 4081 Promisit
2679 4014 2891 4075 mulier
2943 4014 3065 4072 haec
3121 4010 3459 4086 simpliciter
3514 4006 3784 4081 credens,

2078 4187 2275 4241 baudia
2321 4188 2491 4243 ortus,
2548 4180 2806 4235 Rhodano
2863 4176 3027 4241 paulo
3064 4186 3231 4239 supra
3284 4170 3581 4225 Valentiam
3637 4170 3781 4222 mis-

2079 4265 2249 4312 cetur.

2140 4339 2161 4363 ο
2194 4329 2311 4390 Alii,
2370 4322 2646 4383 Siosium;
2718 4323 2988 4384 hodieque
3046 4331 3248 4373 nomen
3293 4318 3505 4383 Segusii
3559 4317 3782 4375 retinet,

2079 4402 2243 4463 vulgo
2276 4403 2431 4461 Susa,
2470 4398 2538 4448 ad
2574 4396 2786 4448 Duriam
2814 4404 3047 4446 amnem.

2143 4459 2289 4523 f'Ed.
2347 4459 2438 4530 aL,
2494 4467 2769 4532 Siagrius.
2838 4466 3050 4529 Regm.,
3102 4459 3335 4514 Parilia:
3388 4475 3451 4512 ac
3503 4460 3782 4525 Siagrius.

2082 4542 2353 4595 Fortunati
2395 4536 2721 4592 carmen’18
2766 4536 2891 4587 libri
2940 4547 3012 4597 iv,
3062 4533 3397 4598 epitaphium
3451 4536 3535 4584 est
3594 4532 3785 4585 Basilii

2079 4613 2365 4680 cujusdam
2427 4610 2655 4662 illustris
2706 4608 2813 4661 viri
2875 4607 3237 4669 Pictaviensis,
3295 4605 3389 4671 qui
3440 4603 3583 4655 forte
3630 4604 3784 4656 idem

2081 4690 2166 4736 est
2197 4686 2264 4736 de
2300 4694 2406 4736 quo
2437 4681 2525 4733 hic
2550 4681 2787 4736 loquitur
2822 4678 3135 4736 Gregorius.

2761 4693 2787 4730 ι’
2822 4693 3135 4730 υΓΘΕΟΙΊιΙΒ.

2081 4690 2166 4738 est
2197 4690 2264 4736 de
2300 4694 2406 4746 quo
2438 4690 2525 4733 mc
2550 4690 2787 4746 loquitur
2822 4690 3135 4742 uregorius.

2145 4766 2168 4802 ε
2203 4754 2441 4819 Reliqua,
2494 4755 2618 4814 etc.,
2666 4750 2735 4803 ad
2766 4749 2933 4801 ﬁnem
2963 4749 3156 4814 capitis
3198 4747 3395 4801 desunt
3426 4745 3481 4796 in
3524 4743 3789 4796 omnibus

2079 4826 2197 4879 fere
2217 4838 2349 4875 mss.

2142 4896 2165 4925 δ
2197 4895 2349 4947 Corb.
2418 4897 2471 4948 et
2513 4890 2663 4954 Bell.,
2728 4890 3011 4951 Andan’ci,
3052 4889 3150 4943 sed
3184 4901 3309 4942 eum
3359 4886 3503 4939 infra
3557 4884 3785 4938 Andar-

2078 4966 2253 5020 chium
2280 4966 2571 5032 appellant.
2608 4961 2771 5025 Colb.,
2794 4960 3088 5032 Anparclii.

2142 5040 2152 5067 ¹
2186 5030 2331 5091 ϐοιὺξ
2354 5030 2476 5089 cum
2499 5036 2778 5100 plerisque
2806 5033 2984 5091 editis,
3015 5030 3231 5085 Facilis.

2146 5110 2239 5161 iis
2295 5109 2395 5161 tuit
2450 5105 2745 5169 Campaniae
2797 5104 3117 5156 Rhemensis
3164 5102 3292 5164 dux,
3357 5100 3427 5153 de
3482 5111 3588 5163 quo
3646 5100 3791 5152 Gre-

2081 5182 2269 5245 gorius
2311 5178 2453 5230 infra
2489 5189 2598 5229 non
2639 5175 2824 5227 semel.
2865 5175 2986 5238 Ejus
3033 5174 3222 5227 laudes
3263 5171 3614 5237 prosequitur
3642 5170 3790 5225 For-

2082 5257 2300 5305 tunatus
2320 5250 2413 5302 lib.
2446 5262 2548 5308 v11,
2572 5259 2741 5301 carm.
2776 5248 2826 5310 7,
2861 5246 2891 5298 8
2919 5250 2974 5300 et
3004 5247 3052 5298 9.

2142 5326 2162 5355 ι
2195 5323 2348 5384 Bell.,
2384 5320 2593 5373 habere.

2145 5394 2157 5425 ι
2193 5396 2251 5447 1d
2313 5396 2410 5452 est,
2458 5391 2615 5456 quasi
2651 5400 2792 5441 unus
2833 5402 2904 5442 ex
2949 5389 3016 5440 iis
3061 5388 3152 5454 qui
3190 5397 3281 5440 res
3327 5384 3626 5456 civileswet
3674 5396 3801 5448 pu-

2084 5464 2254 5518 blicas
2314 5455 2531 5515 nomine
2600 5460 2862 5525 principis
2926 5460 3204 5523 gerebant,
3267 5457 3463 5523 quibus
3523 5455 3805 5507 Honorati

2086 5530 2275 5589 titulus
2327 5533 2744 5588 concedebatur.
2794 5530 2864 5584 De
2898 5531 3001 5583 hoc
3052 5531 3206 5583 titulo
3248 5529 3406 5593 plura
3442 5525 3615 5579 babes
3640 5528 3807 5591 apud

2077 5608 2254 5661 Vales.
2309 5608 2367 5659 in
2412 5606 2556 5660 notis
2613 5602 2681 5658 ad
2732 5602 2993 5657 Ammian.
3032 5601 3289 5663 Marcell.,
3338 5602 3394 5655 et
3420 5599 3680 5664 Cangium
3735 5600 3808 5653 in

2075 5680 2364 5735 Glossario.
