4006 6182
233 277 330 340 309
359 294 372 308 ³

1150 275 1544 370 .HISTORIA
1583 277 2060 338 FRANCORUM.
2107 279 2332 340 LIBER
2370 277 2742 349 QUARTUS.

3610 276 3718 340 310

228 404 458 462 absente
487 401 635 475 viro,
665 402 808 462 huic
833 400 1167 476 desponsari
1190 402 1467 476 puellam.
1495 405 1571 462 At
1591 403 1690 462 ille
1718 406 1992 477 regres-A
2011 412 2218 465 exusta
2260 404 2533 475 dirueret,
2582 404 2929 474 excitantur,
2977 402 3253 462 emittunt
3299 415 3469 461 voces
3496 413 3562 460 σε
3616 399 3718 460 sed

227 509 322 553 sus
337 495 406 551 ad
428 509 646 565 regem,
671 493 1113 566 praeceptionem
1135 494 1204 551 ad
1224 494 1481 568 judicem
1505 494 1611 553 loci
1636 495 1926 568 exhibuit,

227 589 289 640 ut
329 581 586 655 puellam
626 582 774 640 hanc
823 597 928 640 suo
976 582 1345 641 matrimonio
1388 585 1645 654 sociaret,
1687 583 1923 644 dicens:

225 671 365 740 Quia
393 670 525 728 dedi
554 671 785 729 arrham
813 671 873 729 in
901 671 1340 745 desponsationc
1367 672 1508 745 ejus.
1552 674 1794 748 Negavit
1821 691 1929 734 au-

225 768 334 818 tem
365 759 457 819 vir
492 761 611 830 ille,
647 761 882 820 dicens:
927 761 1071 832 Quia
1121 779 1309 838 neque
1350 770 1403 821 te
1454 765 1592 822 novi
1628 765 1784 822 unde
1825 767 1925 837 sis,

221 865 409 924 neque
455 850 676 924 aliquid
713 851 783 909 de
813 851 985 929 rebus
1023 852 1136 910 tuis
1169 853 1372 912 habeo.
1423 852 1570 922 Quia
1611 855 1930 913 intentione

218 942 558 1016 pullulante,
611 959 676 1002 ac
709 945 1111 1004 vehementius
1142 946 1512 1016 increscente,
1561 947 1929 1006 Andarehius

169 1023 172 1025 ’
219 1031 454 1103 expetiit
509 1032 721 1090 Ursum
778 1033 928 1104 regis
985 1033 1286 1106 praesentia
1331 1033 1612 1092 arcessiri.
1668 1035 1928 1109 Cumque

219 1120 468 1177 venisset
489 1121 640 1193 apud
668 1121 868 1179 villam
893 1121 1261 1180 Brennacum
1281 1133 1323 1190 ει,
1361 1121 1602 1195 requirit
1628 1123 1926 1182 hominem

217 1209 417 1277 alium,
470 1209 684 1267 Ursum
720 1209 976 1280 nomine,
1022 1227 1194 1285 quem
1227 1211 1300 1267 ad
1335 1210 1606 1269 altarium
1643 1212 1793 1270 clam
1822 1214 1927 1271 ad-

216 1297 450 1356 ductum
503 1294 703 1366 jurare
755 1297 907 1367 fecit,
965 1313 1032 1355 ac
1089 1298 1307 1356 dicere:
1368 1297 1476 1355 Per
1527 1299 1684 1359 hunc
1737 1301 1927 1360 locum

218 1396 476 1448 sanctum
525 1398 577 1448 et
633 1388 908 1462 reliquias
953 1396 1276 1463 martyrum
1325 1390 1641 1461 beatorum,
1699 1393 1836 1467 quia
1878 1393 1927 1452 si

120 1555 128 1568 ἴ
217 1483 396 1540 ﬁliam
428 1498 616 1540 meam
651 1482 752 1540 tibi
785 1482 843 1539 in
887 1481 1258 1542 matrimonio
1297 1500 1412 1542 non
1445 1484 1747 1554 tradidero,
1794 1501 1923 1544 sex-

217 1573 402 1630 decim
437 1572 622 1630 millia
653 1572 969 1632 solidorum
1003 1573 1106 1630 tibi
1135 1574 1456 1632 satisfacere
1487 1591 1604 1633 non
1639 1577 1923 1635 morabor.

219 1663 455 1722 Stabant
496 1663 655 1720 enim
687 1669 857 1721 testes
884 1663 946 1720 in
979 1664 1244 1735 sacrario,
1285 1668 1677 1726 auscultantes
1709 1669 1929 1728 occulte

2013 509 2128 552 non
2162 494 2272 554 fuit
2298 493 2401 568 qui
2427 491 2746 563 exaudiret,
2778 492 2960 551 donec
2984 495 3099 550 tota
3132 489 3303 548 domo
3329 481 3532 550 adusta
3561 488 3718 562 ipsos

2011 585 2222 658 pariter
2246 584 2395 657 ignis
2423 584 2766 642 absorberet.
2820 581 3001 640 Ursus
3028 585 3481 652 vero~metuens,
3511 579 3717 639 basili-

2008 689 2134 733 cam
2160 675 2343 733 sancti
2364 674 2393 733 J
2403 674 2585 733 uliani
2609 673 2869 747 expetiit,
2892 672 3155 747 datisque
3177 670 3328 745 regis
3347 670 3715 744 muneribus,

2012 780 2102 822 res
2129 779 2262 822 suas
2289 765 2349 822 in
2376 764 2624 824 solidum
2656 763 2888 838 recepit.

2082 856 2320 914 XLVIII
2367 858 2476 930 [AL
2524 857 2694 931 XLII].
2745 855 3182 914 Chlodovechus
3227 869 3364 912 vero
3406 849 3714 927 Chilperici

2009 947 2186 1016 ﬁlius,
2210 948 2279 1006 de
2299 946 2588 1005 Turonico
2603 947 2837 1018 ejectus,
2862 942 3246 1018 Burdegalam
3267 942 3428 1002 abiit.
3452 942 3716 1016 Denique

2009 1051 2142 1094 cum
2193 1036 2350 1108 apud
2405 1034 2891 1107 Burdegalensem
2931 1032 3219 1090 civitatem
3261 1031 3424 1089 nullo
3478 1046 3715 1104 prorsus

2010 1124 2365 1197 inquietante
2399 1122 2692 1191 resideret,
2744 1121 3005 1196 Sigulfus
3043 1121 3282 1196 quidam
3311 1136 3344 1177 a
3374 1127 3531 1194 parte
3561 1119 3716 1192 Sigi-

2009 1213 2157 1271 berti
2202 1229 2262 1270 se
2303 1229 2476 1286 super
2516 1228 2654 1272 eum
2702 1211 2945 1286 objecit:
2992 1226 3165 1285 quem
3213 1209 3531 1282 fugientem
3578 1223 3714 1266 cum

2012 1303 2166 1361 tubis
2206 1309 2262 1360 et
2314 1303 2597 1374 buccinis,
2649 1303 2816 1377 quasi
2868 1303 3154 1361 labentem
3200 1317 3438 1360 cervum
3483 1299 3714 1372 fugans,

2010 1391 2440 1466 insequebatur,
2470 1392 2571 1464 qui
2603 1391 2705 1448 vix
2731 1392 2798 1448 ad
2829 1398 3047 1464 patrem
3076 1387 3438 1464 regrediendi
3465 1387 3717 1445 liberum

2011 1481 2216 1540 habuit
2245 1480 2489 1540 aditum.
2543 1481 2760 1539 Tamen
2791 1496 2891 1554 per
2923 1479 3254 1553 Andegavis
3285 1493 3597 1551 regressus,
3646 1477 3718 1535 ad

2012 1588 2148 1630 eum
2185 1572 2374 1636 rediit.
2420 1572 2562 1630 Cum
2605 1577 2798 1629 autem
2849 1571 3093 1629 intentio
3140 1571 3289 1627 inter
3337 1568 3721 1628 Guntchram-

2010 1676 2154 1719 num
2183 1661 2203 1696 ί
2226 1665 2280 1718 et
2310 1660 2664 1733 Sigibertum
2687 1672 2850 1733 reges
2876 1664 3213 1728 verteretur,
3243 1655 3720 1715 Guntchramnus

220 1751 391 1810 verba
419 1751 732 1826 loquentis,
779 1751 875 1810 sed
905 1767 1208 1825 personam
1237 1771 1370 1829 qum
1398 1756 1732 1830 loqueretur
1760 1757 1984 1830 peni-B
2011 1769 2115 1811 rex
2141 1753 2295 1827 apud
2327 1751 2574 1810 Parisios
2604 1766 2806 1809 omnes
2838 1750 3131 1824 episcopos
3160 1749 3324 1823 regni
3354 1746 3444 1806 sui
3478 1760 3720 1819 congre-

220 1847 310 1898 tus
340 1855 455 1898 non
487 1840 767 1899 videntes.
813 1840 980 1900 Tunc
1023 1835 1388 1902 Andarchius
1429 1844 1702 1905 demulsit
1740 1847 1931 1906 verbis

221 1929 448 1986 lenibus
493 1928 728 2001 Ursum,
777 1929 1023 2003 fecitque
1070 1946 1206 1988 eum
1254 1931 1380 1988 sine
1427 1933 1578 2004 regis
1624 1935 1931 2005 praesentia

221 2017 426 2076 reverti
485 2019 554 2076 ad
603 2020 867 2093 patriam.
943 2019 1225 2096 Factoque
1282 2037 1358 2080 ex
1411 2023 1520 2081 hoc
1577 2024 1928 2098 juramento,

219 2109 395 2166 breve
450 2114 945 2169 sacramentorum
988 2111 1109 2183 regi
1157 2111 1258 2169 illo
1301 2112 1539 2184 protulit
1585 2113 1928 2188 discedente,

216 2199 415 2257 dicens
442 2206 499 2256 δε
551 2198 691 2270 Haec
727 2206 787 2256 et
825 2200 948 2258 haec
985 2201 1131 2258 mihi
1170 2200 1350 2260 Ursus
1387 2203 1652 2276 scripsit;
1704 2212 1759 2263 et
1804 2206 1931 2265 ideo

215 2290 417 2363 gloriae
459 2297 660 2349 vestrm
689 2293 1134 2366 praeceptionem
1160 2293 1422 2365 deposco,
1459 2300 1523 2352 ut
1552 2295 1734 2354 tiliam
1766 2313 1931 2357 suam

215 2379 365 2438 mihi
395 2379 580 2437 tradat
615 2380 673 2437 in
717 2381 1110 2441 matrimonio.
1153 2383 1428 2458 Alioquin
1469 2385 1617 2444 mihi
1647 2385 1815 2445 liceat
1843 2403 1932 2446 res

215 2471 342 2542 ejus
381 2470 698 2544 possidere,
745 2472 925 2531 donec
965 2473 1259 2532 sexdecim
1302 2473 1571 2536 millibus
1613 2476 1930 2536 solidorum

215 2561 486 2633 acceptis,
539 2577 631 2620 me
659 2563 732 2621 ab
762 2564 869 2622 hac
907 2579 1078 2623 causa
1117 2581 1470 2624 removeam.
1517 2566 1682 2626 Tunc
1718 2568 1936 2643 adeptis

215 2650 727 2723 praeceptionibus,
780 2653 1112 2712 Arvernum
1170 2655 1394 2713 rediit:
1461 2656 1710 2714 ostendit
1747 2659 1935 2732 judici

211 2737 540 2810 jussid‘nem
575 2739 744 2810 regis.
777 2740 961 2798 Ursus
985 2747 1175 2800 autem
1211 2759 1270 2800 se
1293 2742 1354 2800 in
1383 2742 1691 2803 Vellavum
1717 2758 1739 2784 ο
1769 2746 1931 2803 terri-

219 2824 435 2883 torium
486 2825 751 2884 contulit.
789 2825 1050 2901 Cumque
1078 2844 1168 2886 res
1197 2830 1322 2902 ejus
1355 2831 1493 2889 huic
1520 2832 1936 2905 consignaren-

216 2922 338 2984 tur,
374 2921 431 2972 et
465 2915 562 2972 hic
591 2915 652 2972 in
686 2913 993 2974 Vellavum
1021 2919 1275 2976 accessit.
1312 2921 1730 2994 Ingressusque
1756 2937 1936 2982 unam

217 3004 354 3063 Ursi
385 3005 650 3075 domum,
692 3021 913 3065 cmnam
949 3007 1059 3066 sibi
1089 3011 1357 3083 praecepit
1387 3014 1718 3086 praeparari,
1765 3020 1936 3088 atque

2013 1851 2126 1917 gat,
2175 1850 2240 1902 ut
2286 1844 2438 1901 inter
2487 1849 2760 1915 utrosque
2806 1842 2947 1914 quid
2986 1844 3197 1900 veritas
3242 1840 3498 1909 haberet,
3540 1837 3720 1896 edice-

2014 1939 2159 1991 rent.
2200 1932 2312 1991 Sed
2347 1937 2410 1989 ut
2433 1930 2654 1989 bellum
2681 1930 2853 1988 civile
2881 1931 2942 1988 in
2971 1929 3185 2002 majore
3215 1928 3548 2002 pernicitate
3576 1941 3720 1984 cres-

2013 2029 2202 2096 ceret,
2252 2040 2348 2082 eos
2405 2024 2608 2082 audire
2658 2022 2904 2096 peccatis
2957 2020 3301 2080 facientibus
3346 2020 3716 2079 distulerunt.

2014 2116 2373 2191 Chilpericus
2401 2123 2594 2174 autem
2621 2131 2725 2173 rex
2753 2115 2815 2172 in
2843 2115 2929 2172 ira
2956 2118 3297 2182 commotus,
3329 2127 3430 2185 per
3459 2109 3720 2169 Theodo-

2012 2207 2243 2265 bertum
2286 2205 2477 2264 ﬁlium
2513 2220 2685 2264 suum
2727 2204 3034 2273 seniorem,
3067 2202 3170 2276 qui
3208 2219 3240 2259 a
3284 2199 3567 2273 Sigiberto
3608 2199 3719 2256 ali-

2016 2293 2246 2366 Quando
2297 2292 2694 2367 apprehensus
2735 2295 3160 2350 sacramentum
3199 2287 3431 2346 dederat
3482 2297 3508 2334 ε
3553 2294 3618 2346 ut
3668 2286 3722 2345 ei

2015 2384 2201 2442 ﬁdelis
2232 2389 2395 2450 esset,
2449 2383 2708 2442 civitates
2750 2383 2874 2456 ejus
2923 2380 3199 2454 pervadit,
3240 2379 3299 2436 id
3344 2384 3428 2437 est
3470 2376 3724 2437 Turonis

2018 2480 2074 2532 et
2103 2473 2370 2543 Pictavis,
2399 2478 2453 2530 et
2479 2473 2731 2548 reliquas
2760 2471 2901 2529 citra
2930 2469 3184 2542 Ligerim
3213 2468 3368 2525 sitas.
3399 2466 3510 2537 Qui
3537 2466 3723 2525 Picta-

2015 2563 2104 2621 vis
2148 2562 2432 2632 veniens,
2490 2565 2687 2620 contra
2743 2559 3194 2618 Gundobaldum
3246 2568 3267 2597 ιι
3323 2563 3457 2620 191
3517 2556 3725 2614 ducem

2015 2650 2314 2725 pugnavit.
2347 2649 2532 2721 Terga
2564 2655 2756 2706 autem
2789 2653 3043 2705 vertente
3071 2645 3330 2705 exercitu
3357 2646 3536 2720 partis
3567 2647 3749 2705 Gun—.

2019 2739 2269 2810 dobatdi,
2311 2754 2582 2811 magnam
2620 2738 2702 2795 ibi
2735 2743 2980 2811 stragem
3025 2739 3094 2793 de
3145 2737 3360 2810 populo
3397 2736 3497 2795 illo
3547 2737 3680 2795 fecit
3703 2759 3719 2807 ;

2021 2831 2118 2889 sed
2152 2838 2206 2887 et
2243 2831 2312 2887 de
2351 2830 2637 2888 Turonica
2686 2830 2918 2902 regione
2964 2828 3283 2885 maximam
3324 2833 3544 2901 partem
3582 2826 3596 2866 ί
3627 2826 3727 2907 in-

2018 2923 2226 3000 cendit,
2279 2929 2335 2979 et
2383 2922 2493 2979 nisi
2544 2923 2614 2978 ad
2666 2929 2890 2994 tempus
2938 2936 3148 2978 manus
3193 2919 3500 2990 dedissent,
3550 2925 3725 2980 totam

2018 3015 2292 3074 continuo
2320 3013 2680 3072 debellasset.
2721 3013 3016 3073 Commoto
3055 3021 3247 3073 autem
3285 3014 3568 3084 exercitu,
3616 3014 3724 3074 Le-

209 3109 402 3201 aquas
422 3095 637 3195 quibus
663 3096 996 3201 ablueretur
1019 3100 1265 3158 calefieri
1283 3101 1467 3174 jubet.
1496 3101 1607 3160 Sed
1628 3119 1757 3161 cum
1784 3103 1992 3201 serviC
2017 3107 2395 3176 movicinum,
2437 3106 2848 3176 Cadurcinum,
2892 3106 2985 3164 vel
3025 3106 3277 3180 reliquas
3322 3107 3561 3165 illorum
3601 3123 3728 3180 pro-

212 3184 433 3242 domus
459 3185 704 3244 minime
734 3189 865 3246 rudi
890 3189 1442 3264 dominoparerent,
1482 3191 1624 3251 alios
1662 3184 1992 3266 fustibus,"
2019 3198 2269 3255 vinciasj
2299 3196 2575 3271 pervadit,
2615 3203 2812 3265 vastat,
2853 3196 3094 3266 evertit;
3143 3195 3408 3254 ecclesias
3446 3196 3723 3268 incendit,

214 3276 368 3334 alios
415 3277 596 3348 virgis
643 3278 828 3345 caedit,
879 3281 1184 3340 nonnullis
1222 3283 1407 3356 capita
1440 3285 1770 3358 percutiens
1798 3301 1936 3343 san-
2016 3285 2339 3344 ministeria
2386 3285 2669 3349 detrahit,
2725 3285 2959 3342 clericos
3009 3284 3311 3352 interﬁcit,
3378 3283 3728 3342 monasteria

213 3366 464 3438 guinem
514 3364 730 3424 elicuit.
793 3365 1045 3425 Turbata
1101 3385 1233 3441 ergo
1289 3371 1527 3440 familia,
1583 3380 1937 3447 praeparatur

218 3460 368 3518 190
427 3469 610 3524 omna,
663 3454 924 3514 abluitur
972 3456 1067 3514 hic
1118 3459 1290 3534 aquis
1341 3461 1562 3533 calidis,
1616 3463 1936 3522 inebriatur

213 3545 382 3614 vino,
414 3550 469 3601 et
496 3559 555 3602 se
580 3544 817 3603 collocat
849 3563 1024 3620 super
1052 3555 1316 3607 stratum.
1363 3550 1541 3608 Erant
1573 3558 1769 3611 autem
1799 3570 1934 3613 cum

210 3649 284 3691 eo
318 3640 537 3708 septem
563 3636 728 3708 pueri
761 3642 1006 3696 tantum.
1059 3639 1322 3716 Cumque
1350 3658 1468 3700 non
1503 3643 1702 3702 minus
1732 3660 1934 3704 somno

213 3740 401 3796 quam
441 3725 578 3782 vino
617 3725 825 3798 sepulti
865 3727 1038 3787 altius
1081 3729 1521 3802 obdormissent,
1577 3731 1754 3791 Ursus
1805 3750 1934 3792 con-

211 3819 451 3888 gregata
503 3815 748 3887 familia,
794 3817 938 3876 ostia
987 3819 1212 3890 domus,
1263 3835 1394 3893 quae
1436 3828 1557 3880 erat
1602 3838 1677 3879 ex
1725 3822 1933 3896 ligneis

211 3905 491 3964 fabricata
525 3906 757 3978 tabulis,
798 3908 1052 3968 claudit:
1101 3910 1461 3984 acceptisque
1499 3910 1780 3983 clavibus,
1818 3915 1944 3971 me:

217 4003 308 4053 tas
333 3997 360 4031 ἀ
386 4011 636 4055 annonae
662 4014 796 4072 quze
823 3997 1084 4067 aderant,
1116 3998 1315 4071 elidit;
1348 4015 1414 4058 ac
1440 4000 1588 4059 circa
1611 4001 1850 4059 domum
1878 4008 1932 4059 et

209 4102 396 4160 supra
441 4086 680 4145 domum
721 4091 1040 4161 aggregatis
1085 4091 1174 4148 his
1220 4091 1440 4148 acervis
1486 4107 1756 4161 annonae,
1798 4107 1930 4166 quae

210 4181 360 4232 tunc
408 4173 467 4231 in
517 4175 832 4248 manipulis
874 4181 1010 4242 erat,
1058 4176 1137 4234 ita
1175 4183 1239 4236 ut
1268 4185 1464 4251 operta
1494 4191 1566 4235 ex
1601 4179 1692 4236 his
1721 4178 1929 4237 domus

205 4269 552 4321 cerneretur
573 4264 834 4322 omnino.
861 4265 1026 4324 Tunc
1050 4265 1312 4326 immisso
1339 4283 1441 4340 per
1464 4271 1650 4341 partes
1673 4268 1927 4327 diversas

207 4353 378 4428 igne,
432 4369 564 4413 cum
607 4354 728 4428 jam
776 4370 950 4430 super
994 4357 1101 4416 hos
1138 4355 1399 4445 infelices
1431 4357 1668 4417 materia
1697 4357 1928 4417 aediﬁcii

1873 4453 1893 4490 \

282 4603 300 4624 -
336 4592 503 4654 Colb.,
540 4591 773 4645 Brinna.

284 4666 305 4694 δ
341 4665 430 4716 Sic
461 4664 624 4724 Colb.,
674 4665 796 4718 Bec.
853 4665 908 4717 et
947 4663 1130 4729 Regm.
1168 4663 1225 4717 At
1264 4663 1473 4725 Chesn.,
1517 4664 1608 4717 illi
1657 4665 1914 4730 protulit;

210 4735 312 4788 alii
346 4734 494 4795 editi,
526 4736 615 4786 illo
663 4734 890 4800 protulit
925 4735 1235 4790 discedenti.
1284 4735 1484 4788 Bellov.
1544 4736 1786 4797 brevius,
1828 4737 1918 4789 illo

207 4807 465 4872 protulit,
490 4807 690 4859 dicens.

283 4889 302 4910 ε
339 4879 476 4932 Editt
506 4879 757 4943 plerique
796 4889 918 4930 cum
964 4879 1085 4932 Bec.
1119 4880 1174 4932 et
1213 4878 1373 4937 Colb.,
1409 4879 1700 4933 Villavum.
1729 4880 1915 4944 Regm.

217 4955 281 5007 et
313 4951 464 5010 Bad.,
529 4949 834 5013 Finanum;
866 4950 944 5001 sic
973 4954 1026 5002 et
1055 4950 1212 5003 intra.
1238 4954 1300 5002 At
1339 4951 1610 5004 Vellavum
1644 4952 1923 5016 designari

207 5027 434 5076 certum
467 5028 569 5084 est,
627 5021 894 5084 hodieque
943 5021 1108 5085 vulgo
1158 5023 1203 5073 le
1268 5021 1440 5089 Velay.
1485 5023 1609 5076 Vide
1653 5027 1808 5076 notas
1848 5023 1954 5075 ad'

206 5107 339 5157 cap.
382 5095 463 5156 25,
487 5094 580 5147 lib.
606 5107 663 5145 x.
1892 5122 1894 5126 -

278 5166 302 5196 ⁴
347 5166 496 5218 Melae
530 5166 855 5220 vocabulum
876 5179 976 5232 pro
1022 5165 1239 5227 frugum
1269 5175 1467 5217 acervo
1491 5165 1744 5229 usurpari
1779 5163 1923 5216 mul-

209 5239 289 5290 tis
324 5236 602 5302 exemplis
636 5237 832 5302 probat
860 5238 1144 5288 Alteserra
1167 5235 1223 5287 in
1249 5234 1396 5288 hunc
1438 5233 1636 5288 locum.
1679 5236 1732 5288 V.
1759 5235 1920 5288 Hinc-

202 5320 432 5359 marum
465 5307 519 5358 in
547 5307 660 5361 Vita
692 5307 744 5358 S.
776 5307 1019 5372 Remigii.

277 5390 301 5416 ο
335 5379 458 5439 Alii,
491 5379 806 5431 excitantur
826 5379 899 5430 ad
921 5378 1142 5430 emissas
1165 5389 1330 5428 voces.

282 5453 302 5489 ι
339 5451 536 5502 Censet
587 5451 844 5509 Valesius,
907 5454 959 5502 et
998 5453 1119 5514 post
1149 5462 1278 5501 cum
1328 5447 1583 5506 Cointius,
1630 5447 1924 5510 legendum

207 5535 347 5576 esse
404 5518 788 5585 Chilperieum.
842 5522 972 5574 Nam
1018 5521 1309 5583 Gregorius
1344 5519 1420 5571 ibi
1451 5525 1503 5572 et
1526 5519 1792 5583 capitibus
1825 5530 1922 5570 se-

206 5592 524 5660 quentibus
570 5595 639 5645 de
699 5593 846 5647 bello
896 5593 1036 5645 inter
1096 5591 1451 5655 Chilpericum
1507 5594 1559 5643 et
1601 5590 1925 5652 Sigibertum

218 5672 385 5720 moto
436 5665 707 5731 loquitur:
761 5665 836 5724 ad
869 5676 1006 5730 quos
1055 5663 1110 5714 in
1163 5674 1350 5726 pacem
1399 5661 1738 5715 revocandos
1787 5661 1922 5714 Gun-

239 5745 504 5793 tramnus
560 5738 850 5803 episcopos
914 5748 1027 5792 suae
1080 5735 1300 5791 ditionis
1365 5733 1594 5789 Parisios
1647 5733 1937 5790 convenire

2022 3376 2276 3435 virorum
2322 3374 2535 3448 dejicit,
2584 3373 2912 3448 puellarum
2953 3373 3174 3432 deludit
3204 3375 3252 3445 ιι,
3293 3379 3349 3431 et
3375 3380 3582 3433 cuncta
3623 3373 3724 3431 de-

2016 3473 2247 3525 vastat:
2297 3467 2524 3542 fuitque
2572 3464 2674 3524 illo
2725 3464 2785 3522 in
2838 3471 3088 3538 tempore
3139 3466 3294 3538 pejor
3349 3464 3413 3522 in
3466 3461 3724 3522 ecclesiis

2016 3559 2286 3633 gemitus,
2320 3573 2498 3632 quam
2527 3563 2778 3630 tempore
2806 3555 3222 3630 persecutionis
3252 3554 3613 3613 Diocletiani.

2086 3646 2271 3704 XLIX
2308 3645 2420 3719 [Αι.
2449 3644 2638 3718 XLIII].
2681 3643 2750 3701 Et
2778 3644 2793 3682 ι
2817 3644 3006 3701 adhuc
3034 3640 3490 3716 obstupescimus
3523 3647 3580 3700 et
3617 3641 3723 3700 ad-

2016 3734 2318 3803 miramur,
2366 3747 2470 3790 cur
2510 3737 2680 3788 tantm
2706 3745 2882 3802 super
2909 3745 3007 3788 eos
3032 3730 3217 3804 plagae
3244 3729 3570 3789 irruerant:
3622 3729 3723 3788 sed

2014 3836 2378 3880 recurramus
2404 3820 2474 3878 ad
2502 3819 2648 3878 illud
2675 3818 2830 3894 quod
2860 3825 3121 3892 parentes
3149 3833 3349 3878 eorum
3377 3823 3641 3892 egerunt,
3669 3823 3726 3878 et

2015 3911 2110 3968 isti
2144 3915 2488 3985 perpetrant.
2532 3909 2628 3968 Illi
2669 3913 2796 3984 post
2832 3906 3298 3981 praedicationem
3337 3906 3720 3977 sacerdotum,

2014 4000 2084 4058 de
2111 4000 2258 4058 fanis
2286 4000 2357 4057 ad
2388 3999 2652 4057 ecclesias
2690 4004 2827 4055 sunt
2867 3997 3168 4066 conversi;
3221 3997 3316 4055 isti
3357 3995 3612 4070 quotidie
3649 3995 3721 4053 de

2011 4089 2266 4148 ecclesiis
2291 4089 2513 4163 praedas
2548 4089 2875 4146 detrahunt.
2913 4087 3007 4144 Illi
3037 4087 3356 4145 sacerdotes
3382 4083 3614 4172 Domini
3643 4099 3720 4142 ex

2011 4189 2126 4240 toto
2153 4182 2321 4239 corde
2351 4180 2606 4237 venerati
2636 4186 2791 4248 sunt,
2819 4185 2874 4235 et
2899 4177 3240 4246 audierunt;
3272 4176 3365 4235 isti
3385 4191 3503 4233 non
3527 4174 3717 4234 solum

2010 4287 2125 4329 non
2155 4269 2420 4338 audiunt,
2450 4268 2547 4326 sed
2571 4267 2745 4326 etiam
2775 4271 3218 4341 persequuntur.
3250 4264 3342 4322 Illi
3369 4261 3716 4323 monasteria

2009 4365 2066 4420 et
2102 4358 2370 4419 ecclesias
2402 4359 2776 4429 ditaverunt;
2829 4356 2925 4415 isti
2971 4372 3066 4414 eas
3109 4353 3352 4414 diruunt
3380 4370 3446 4412 ac
3470 4352 3712 4413 subver-

1932 4585 1981 4644 D
2007 4591 2334 4655 procuravit.
2390 4589 2590 4653 Religio
2639 4593 2821 4640 tamen
2871 4587 2972 4639 fuit
3017 4587 3072 4641 id
3109 4589 3340 4651 mutare,
3375 4599 3500 4642 cum
3533 4587 3710 4644 Gunt-

2008 4665 2331 4714 chramnum
2380 4675 2569 4713 omnes
2619 4661 2749 4713 editi
2803 4659 2967 4712 simul
3024 4661 3079 4712 et
3138 4671 3273 4713 mss.
3329 4659 3584 4715 habeant.
3617 4662 3714 4714 Hic

2009 4735 2282 4806 synodum
2335 4734 2496 4806 [jar-is.
2533 4745 2590 4786 Iv
2624 4731 2833 4784 laudari
2867 4733 3054 4783 censet
3107 4729 3368 4795 Cointius,
3404 4744 3524 4798 quae
3569 4746 3712 4806 anno

2011 4808 2104 4857 573
2129 4805 2310 4856 habita
2345 4804 2462 4856 fuit.
3573 4804 3600 4826 :-

2077 4888 2100 4924 ις
2134 4878 2304 4941 Supra
2346 4888 2464 4940 cap.
2515 4876 2593 4927 23.
2635 4875 2902 4927 Caeterum
2949 4874 3200 4939 plerique
3253 4874 3384 4927 editi
3436 4887 3562 4930 cum
3608 4877 3708 4929 alt-

2011 4951 2144 5014 quot
2173 4959 2308 4999 mss.
2330 4946 2532 4999 habent
2560 4946 2839 5011 quondam
2870 4942 3256 5010 approbemus,
3291 4949 3394 5000 etc.

2075 5019 2097 5047 ἰ
2132 5018 2242 5071 Bel.
2295 5023 2347 5069 et
2399 5017 2574 5076 Corb.,
2640 5015 3055 5079 Gundoaldum;
3107 5017 3310 5080 Regm.,
3378 5012 3711 5068 Gundobau-

2009 5091 2168 5150 dum;
2203 5089 2290 5140 Al.
2320 5086 2726 5142 Guntwaldum.

2067 5162 2237 5219 ‘Alii,
2284 5159 2610 5212 Turonicam
2648 5160 2921 5225 regionem
2964 5157 3212 5210 maxima
3264 5169 3324 5208 ex
3373 5159 3549 5218 parte.
3590 5157 3715 5217 Quae

2009 5235 2314 5298 sequuntur
2330 5233 2428 5304 sic
2476 5231 2645 5284 refert
2681 5232 2883 5294 Begm.,
2919 5228 2990 5282 Et
3035 5229 3146 5281 nisi
3183 5241 3238 5281 se
3278 5227 3600 5304 adjempus
3623 5229 3718 5282 de-

2012 5304 2274 5358 dissent...
2308 5302 2656 5356 devastasset.

2072 5374 2274 5426 tCorb.
2324 5377 2376 5425 et
2425 5374 2582 5437 Bell.,
2618 5373 2841 5425 illarum
2883 5369 3236 5436 propinquas.
3283 5369 3429 5430 Bad.,
3477 5371 3716 5439 reliquas

2011 5443 2342 5509 provincias.
2377 5444 2591 5506 Regm.,
2630 5445 2866 5508 reliquas
2912 5441 3139 5494 illarum
3167 5440 3417 5505 partium
3442 5440 3712 5496 civitates.

2012 5516 2154 5578 Bec.,
2177 5515 2403 5567 illarum
2425 5515 2645 5567 urbium
2665 5512 2994 5579 provincias.

2078 5588 2100 5618 ι
2142 5588 2225 5640 Sic
2269 5599 2418 5649 mss,
2476 5593 2527 5639 at
2591 5585 2719 5637 editi
2769 5583 3043 5648 plerique,
3099 5583 3343 5648 puellas:
3401 5585 3575 5649 Freh.,
3641 5586 3714 5638 al.

2027 5658 2288 5724 puellam,
2323 5661 2379 5710 et
2404 5656 2548 5711 intra
2582 5668 2702 5709 cum
2735 5655 2882 5715 Bec.,
2905 5656 3274 5719 persecutoris.

2085 5730 2101 5762 ³
2153 5731 2264 5786 Hoc
2299 5733 2460 5796 caput
2490 5730 2640 5783 deest
2662 5729 2715 5780 in
2748 5725 2876 5783 Bell.
2907 5730 2959 5782 et
2988 5727 3144 5781 Corb.
