4006 6182
305 233 403 294 3l1

1376 245 1434 306 S.
1477 247 1836 308 GREGORII
1880 249 2212 324 EPISCOPI
2249 248 2721 311 TUBONENSIS

3612 247 3618 264 ’
3663 256 3752 316 312

305 364 457 450 tunt.
505 360 655 430 Quid
695 366 766 423 de
806 367 970 425 Latta
1015 381 1038 407 α
1083 372 1429 429 monasterio
1475 374 1738 447 referam,
1787 375 1848 432 in
1891 375 2316 450 qqutimens,
2380 391 2456 434 ne
2505 373 2703 434 colliso
2757 334 2897 438 19.3
2962 376 3210 446 utroque
3254 375 3546 447 exercitu,
3598 380 3751 440 etiam

304 448 462 509 beati
493 451 727 512 Martini
755 457 1046 517 habentur
1072 459 1380 536 reliquiae?
1414 463 1560 522 Cum
1588 465 1658 522 ad
1685 481 1820 524 eum
1851 448 2005 526 unus

302 563 524 606 cuneus
555 551 806 608 hostium
837 552 1190 627 adventaret,
1235 565 1288 615 et
1317 559 1584 631 ﬂuvium,
1629 562 1732 634 qui
1776 564 2005 636 propin-

299 653 454 727 quus
484 647 586 711 est,
620 643 859 700 transire
887 644 1214 718 disponeret
1242 656 1304 707 ut
1341 652 1755 709 monasterium
1790 670 2000 727 exspo-

299 726 486 799 liaret,
537 729 935 791 clamaverunt
991 738 1280 802 monachi,
1336 739 1631 799 dicentes:
1697 726 1913 812 Nolite,
1964 760 1998 802 ο

297 816 546 888 barbari,
574 819 750 878 nolite
782 822 897 880 huc
927 825 1194 884 transire:
1223 827 1371 885 beati
1401 829 1558 886 enim
1586 829 1817 888 Martini
1846 832 1998 890 istud

294 913 377 967 est
405 911 842 969 monasterium.
883 913 1023 973 Haec
1058 917 1378 988 audientes,
1410 934 1609 978 eorum
1641 922 1808 980 multi
1837 939 1998 980 com-

292 997 492 1092 puncti
523 1013 555 1054 a
589 999 690 1056 Dei
723 1000 922 1059 timore
951 1005 1191 1075 regressi
1219 1013 1373 1066 sunt.
1427 1007 1645 1088 Viginti
1688 1017 1879 1069 tamen
1923 1027 1998 1068 ex

292 1085 451 1157 ipsis,
499 1088 602 1158 qui
636 1104 749 1144 non
783 1091 1113 1150 metuebant
1142 1093 1343 1164 Deum,
1390 1085 1578 1168 neque
1605 1097 1839 1155 beatum
1867 1115 2000 1157 con-

296 1173 574 1232 fessorem
602 1177 975 1248 honorabant,
1008 1182 1376 1241 ascendentes
1407 1201 1616 1243 navem
1643 1186 1783 1244 illuc
1814 1194 1996 1244 trans-

294 1262 656 1336 grediuntur,
688 1274 742 1325 et
767 1268 1003 1328 inimico
1024 1272 1377 1344 stimulante,
1409 1278 1718 1335 monachos
1745 1279 1995 1349 credunt,

297 1358 717 1416 monasterium
753 1369 1036 1432 evertunt,
1078 1381 1280 1438 resque
1325 1366 1628 1440 diripiunt,
1675 1368 1746 1428 de
1785 1370 1999 1443 quibus

298 1450 438 1506 192
471 1446 741 1506 facientes
770 1451 1042 1520 sarcinas,
1086 1454 1221 1511 navi
1260 1455 1586 1527 imponunt.
1632 1457 1999 1531 Ingressique

292 1532 563 1605 ﬂuvium,
595 1537 856 1608 protinus
881 1539 1138 1598 vibrante
1167 1542 1363 1600 carina
1382 1545 1496 1602 huc
1521 1543 1780 1619 illucque
1807 1547 2000 1605 ferun-

294 1630 405 1680 tur.
467 1625 726 1698 Cumque
780 1628 991 1685 amisso
1047 1629 1248 1688 solatio
1301 1647 1631 1705 remorum,
1697 1634 2001 1695 hastilibus

2083 483 2331 539 regnum
2359 480 2563 524 eorum
2591 469 2902 532 corrueret,
2947 478 3144 536 pacem
3182 462 3370 536 petiit,
3417 466 3753 543 civitatesque

2083 558 2226 629 ejus,
2258 572 2402 629 quas
2430 554 2861 613 Theodobertus
2906 552 3055 610 male
3096 562 3438 626 pervaserat,
3481 557 3743 631 reddidit;

2081 647 2408 719 deprecans,
2443 652 2507 703 ut
2543 644 2704 702 nullo
2733 659 2871 701 casu
2903 642 3274 715 culparcntur
3311 659 3502 702 earum
3549 647 3751 705 habita-

2081 739 2250 802 tores,
2294 748 2438 805 quos
2477 731 2576 788 ille
2604 729 2818 802 injuste
2853 728 2977 803 igni
3011 729 3276 802 ferroque
3319 732 3629 803 opprimens
3665 750 3752 792 ac-

2079 822 2372 896 quisierat.
2430 820 2593 878 Vicos
2643 836 2895 894 quoque,
2947 818 3052 893 qui
3105 819 3253 876 circa
3303 819 3543 879 Parisios
3587 828 3754 892 erant,

2080 910 2336 967 maxime
2391 915 2527 966 tunc
2581 909 2814 966 ﬂamma
2865 905 3264 980 consumpsit;
3320 912 3374 964 et
3414 913 3523 965 tam
3571 909 3758 968 domus

2080 1016 2253 1072 quam
2302 1014 2392 1055 res
2441 997 2680 1074 reliquae
2724 996 2796 1054 ab
2841 997 3001 1054 hoste
3037 996 3271 1068 direpta).
3309 1003 3461 1065 sunt,
3498 1002 3560 1056 ut
3601 1000 3760 1057 etiam

2082 1094 2136 1142 et
2191 1083 2402 1156 captivi
2455 1084 2824 1141 ducerentur.
2885 1083 3282 1141 Obtestahatur
3325 1084 3480 1140 enim
3530 1100 3646 1155 rex,
3694 1100 3759 1142 ne

2082 1174 2206 1230 haec
2233 1173 2472 1229 tierent:
2509 1173 2607 1229 sed
2641 1171 2898 1230 furorem
2925 1171 3208 1243 gentium,
3255 1187 3387 1244 qua)
3415 1172 3483 1229 de
3512 1173 3761 1231 ulteriore

2082 1262 2272 1320 Rheni
2319 1261 2510 1318 amnis
2552 1267 2710 1334 parte
2745 1267 3048 1329 venerant,
3083 1275 3352 1332 superare
3381 1276 3497 1318 non
3525 1268 3760 1334 poterat:

2081 1352 2181 1408 sed
2210 1351 2406 1408 omnia
2434 1351 2711 1423 patienter
2751 1349 2984 1418 ferebat,
3027 1349 3208 1406 donec
3246 1349 3431 1406 redire
3476 1357 3654 1422 posset
3700 1351 3763 1408 ad

2082 1440 2344 1512 patriam.
2379 1439 2543 1497 Tunc
2568 1456 2642 1497 ex
2667 1439 2980 1512 gentilibus
3009 1437 3129 1495 illis
3158 1446 3355 1495 contra
3383 1453 3514 1497 eum
3547 1438 3765 1511 quidam

2082 1537 2616 1601 murmuraverunt,
2667 1545 2774 1586 cur
2829 1544 2889 1586 se
2938 1545 2970 1585 a
3025 1519 3339 1586 certamine
3387 1528 3763 1586 subtraxisset.

2085 1619 2197 1678 Sed
2250 1618 2368 1690 ille,
2420 1625 2482 1676 ut
2536 1624 2656 1675 erat
2701 1617 3043 1690 intrepidus,
3085 1632 3326 1675 ascenso
3369 1633 3536 1690 equo,
3581 1617 3648 1674 ad
3687 1631 3772 1675 eos

293 1708 624 1766 lancearum
656 1710 712 1767 in
743 1711 992 1770 fundum
1020 1715 1172 1772 alvei
1214 1717 1420 1775 detixis
1451 1734 1707 1778 remeare
1733 1738 2060 1798 conaren-B
2086 1710 2302 1783 dirigit.
2350 1725 2564 1782 εοεαιιθ
2603 1709 2795 1768 verbis
2837 1709 3068 1768 lenibus
3113 1709 3410 1781 demUISil,
3459 1708 3664 1768 ῐΠυῙιοε
3705 1723 3770 1765 ει

295 1805 412 1869 tur,
459 1800 622 1858 navis
653 1803 761 1860 sub
792 1804 1036 1875 pedibus
1065 1822 1266 1864 eorum
1299 1808 1561 1878 dehiscit,
1615 1817 1672 1868 et
1719 1813 2002 1873 uniuscu-
2085 1801 2168 1860 Bis
2205 1806 2398 1874 Postea
2447 1800 2736 1873 lapidibus
2784 1800 2888 1857 0131‘
2893 1800 2954 1859 Ui
2992 1801 3356 1874 ΡΓωείΡῙθῐιεο
3405 1799 3514 1859 Sed
3552 1815 3652 1856 nec
3677 1799 3774 1856 hoc

287 1890 502 1961 jusque
553 1891 769 1947 ferrum
798 1936 812 1960 ,
863 1894 1039 1964 "quod
1084 1899 1282 1952 contra
1328 1912 1388 1953 se
1455 1897 1723 1969 tenebat,
1791 1903 2004 1974 pectori

294 1979 586 2052 deligitur,
636 1982 1201 2057 transverberatique
1230 1987 1423 2043 cuncti
1454 2003 1487 2044 a
1518 1989 1763 2060 propriis
1792 1991 2002 2063 jaculis

294 2065 729 2127 interimuntur.
791 2070 948 2130 Unus
987 2078 1212 2132 tantum
1255 2089 1329 2132 ex
1368 2075 1529 2149 ipsis,
1559 2079 1659 2151 qui
1692 2095 1788 2137 eos
1821 2080 2003 2140 incre-

295 2156 483 2229 pabat,
531 2173 604 2214 ne
631 2157 739 2215 ista
765 2160 1204 2232 committerent,
1247 2165 1524 2222 remansit
1553 2166 1794 2225 illmsus.
1836 2169 2001 2238 Quod

211 2303 216 2308 ,
297 2245 346 2303 si
377 2246 484 2303 hoc
525 2245 656 2318 quis
694 2247 935 2305 fortuitu
980 2249 1242 2307 evenisse
1279 2250 1519 2323 judicat,
1566 2264 1760 2312 cernat
1812 2272 2000 2315 unum

296 2335 589 2394 insontem
616 2337 884 2410 plurimis
915 2339 1166 2397 evasisse
1198 2340 1269 2398 de
1299 2341 1508 2399 noxiis.
1562 2343 1784 2413 Quibus
1832 2347 2006 2406 inter-

297 2425 480 2495 fectis,
537 2427 807 2484 monachi
837 2428 992 2500 ipsos
1032 2434 1088 2484 et
1126 2445 1214 2486 res
1244 2445 1380 2488 suas
1411 2447 1484 2489 ex
1513 2433 1676 2491 alveo
1704 2435 2005 2494 detrahen-

305 2523 404 2584 tes,
440 2513 572 2580 illos
599 2515 960 2587 sepelientes,
993 2533 1082 2574 res
1109 2533 1241 2576 suas
1268 2518 1468 2577 domui
1499 2522 1832 2582 restituunt.

375 2604 417 2661 L
455 2605 567 2675 [Λι.
601 2605 791 2676 XLIV].
827 2605 976 2663 Dum
1008 2606 1132 2664 htBC
1159 2613 1484 2679 agerentur,
1534 2609 1856 2682 Sigibertus
1900 2630 2004 2673 rex

283 2697 498 2766 gentes
543 2692 674 2748 illas
715 2703 757 2763 ιι,
805 2709 939 2767 qua)
976 2694 1125 2752 ultra
1166 2695 1438 2753 Rhenum
1489 2697 1795 2770 habentur,
1846 2716 2003 2759 com-

302 2790 512 2853 movet,
542 2791 597 2840 et
621 2782 839 2841 bellum
865 2783 1037 2842 civile
1061 2785 1309 2854 ordiens,
1347 2795 1542 2845 contra
1571 2790 1799 2848 fratrem
1832 2807 2006 2850 suum

2085 1889 2211 1947 sine
2239 1889 2388 1947 beati
2411 1888 2643 1946 Martini
2671 1887 2850 1946 fuiSse
2881 1889 3093 1946 virtute
3121 1887 3459 1960 ambigitur,
3490 1894 3551 1946 ut
3577 1885 3637 1943 hi
3662 1885 3774 1943 sine

2083 1976 2234 2034 bello
2282 1976 2738 2050 paciﬁcarentur.
2773 1975 2920 2032 Nam
2956 1976 3017 2034 in
3061 1977 3183 2048 ipsa
3215 1975 3309 2032 die
3350 1991 3464 2048 qua
3501 1974 3560 2032 hi
3598 1987 3775 2047 pacem

2086 2065 2384 2139 fecerunt,
2441 2073 2554 2125 tres
2609 2065 2909 2140 paralytici
2962 2066 3033 2124 ad
3088 2067 3240 2125 beati
3306 2067 3604 2125 basilicam
3656 2068 3778 2122 sunt

2080 2159 2282 2217 directi
2311 2160 2347 2230 ί,
2377 2160 2530 2233 quod
2557 2160 2620 2218 in
2647 2159 3024 2234 sequentibus
3049 2159 3232 2230 libris,
3263 2159 3514 2218 Domino
3537 2160 3776 2233 juvante,

2083 2248 2446 2308 disserimus.
3457 2240 3464 2248 ’

2161 2336 2237 2394 LI
2293 2337 2406 2411 [AL
2450 2338 2619 2411 XLV].
2677 2338 2942 2398 Dolorem
2990 2339 3148 2396 enim
3193 2339 3414 2413 ingerit
3458 2340 3644 2396 animo
3683 2337 3782 2394 ista

2088 2423 2285 2482 civilia
2335 2425 2482 2483 bella
2527 2427 2759 2484 referre.
2814 2427 2957 2484 Nam
2988 2435 3114 2500 post
3141 2443 3375 2485 annum
3403 2427 3609 2484 iterum
3636 2422 3782 2482 Chil-

2086 2512 2316 2586 pericus
2369 2515 2439 2570 ad
2501 2512 3005 2573 Guntchramnum
3067 2516 3301 2572 fratrem
3366 2529 3538 2574 suum
3593 2512 3781 2583 legatos

2087 2599 2281 2670 mittit,
2331 2599 2564 2658 dicens:
2611 2599 2820 2658 Veniat
2857 2603 3031 2660 frater
3068 2617 3302 2658 mecum
3355 2601 3466 2676 (At.
3510 2599 3701 2670 meus],
3736 2603 3783 2654 et

2087 2687 2390 2746 videamus
2424 2704 2547 2760 nos,
2599 2694 2654 2747 et
2691 2689 2969 2762 paciticati
2998 2705 3425 2763 persequamur
3458 2688 3781 2764 Sigibertum

2087 2777 2392 2836 inimicum
2419 2785 2716 2848 nostrum.
2759 2782 2920 2850 Quod
2955 2797 3088 2840 cum
3123 2781 3337 2839 fuisset
3366 2781 3598 2850 factum,
3631 2791 3784 2850 seque

302 2869 690 2943 Chilpericum
718 2871 802 2928 ire
833 2871 1095 2930 destinat.
1146 2871 1304 2942 Quod
1351 2876 1595 2933 audiens
1625 2876 2004 2952 Chilpericus,
2089 2867 2387 2937 Vidissent,
2437 2885 2502 2926 ac
2530 2870 2872 2929 muneribus
2901 2872 3300 2938 DODOI‘BSSBIIL
3335 2875 3618 2928 οοωιΠοίο
3643 2863 3782 2922 ῧῙιῘί·

301 2958 372 3015 ad
394 2960 633 3018 fratrem
661 2975 854 3017 summ
884 2961 1385 3021 Guntchramnum
1416 2964 1630 3038 legatos
1660 2967 1849 3026 mittit.
1897 2967 1967 3038 Qt‘

2141 2958 2318 3017 aric'us
2365 2958 2623 3018 exercitu
2663 2975 2847 3032 usque
2895 2960 3136 3018 Rhemis
3177 2959 3445 3029 accessit,
3485 2963 3679 3015 cuncta
3713 2952 3786 3010 ia-

300 3050 849 3146 conjunctipariter
896 3051 1082 3154 ftedps
1134 3051 1358 3123 ineunt,
1405 3063 1469 3112 ut
1524 3057 1724 3116 nullus
1772 3047 2342 3154 fratremCPBIldeﬂS
2378 3054 2549 3121 atque
2590 3048 2903 3154 ᾅθῦθηὶὶξὶιεο
2953 3049 3116 3154 09φά
3159 3047 3417 3106 ἂυάίθῐιε
3465 3045 3780 3118 Sigibertus.

304 3153 479 3196 suum
505 3136 694 3211 perire
723 3137 953 3195 sineret.
1003 3137 1112 3196 Sed
1141 3155 1275 3197 cum
1307 3140 1627 3214 Sigibertus
1655 3153 1850 3217 gentes
1879 3136 2063 3204 illasu
2089 3137 2297 3195 iterum
2330 3136 2657 3196 convocatis
2683 3137 2952 3210 gentibus
2983 3137 3120 3208 illis:
3169 3152 3322 3210 qual‘
3325 3153 3427 3196 11m
3485 3149 3652 3208 supra
3688 3144 3786 3188 me'

301 3227 597 3285 adducens
629 3225 900 3297 venisset,
943 3233 997 3282 et
1030 3227 1390 3300 Chilpericus
1417 3230 1486 3288 de
1513 3230 1626 3289 alia
1665 3240 1822 3306 parte
1870 3251 2007 3293 cum
2089 3229 2333 3287 muriam
2377 3229 2638 3300 fecimus,
2701 3229 2949 3287 Parisios
2987 3229 3167 3298 venit,
3221 3236 3278 3286 et
3333 3235 3531 3286 contra
3575 3226 3786 3283 fratrem

303 3334 412 3376 suo
456 3317 714 3376 exercitu
755 3317 1047 3389 resideret,
1100 3335 1203 3376 nec
1252 3320 1489 3379 haberet
1534 3337 1638 3379 rex
1689 3322 2011 3395 Sigibertus
2094 3336 2267 3378 suum
2317 3320 2402 3377 ire
2443 3319 2716 3392 disponit,
2770 3319 3006 3376 mittens
3049 3318 3287 3377 nuntios
3344 3314 3704 3376 Duuensibus
3742 3313 3788 3366 ei

299 3421 473 3479 super
499 3405 732 3462 fratrem
759 3421 933 3464 suum
963 3405 1177 3474 iturus,
1214 3405 1316 3463 ubi
1353 3405 1681 3483 Sequanam
1713 3420 1734 3446 ο
1762 3410 2011 3469 ﬂuvium
2094 3400 2420 3480 Turonicis,
2489 3415 2553 3466 ut
2600 3415 2796 3467 contra
2849 3407 3322 3466 Theodobertum
3379 3406 3468 3463 ire
3520 3402 3787 3460 deberent.

301 3500 679 3562 transmearet
706 3539 721 3562 ,
792 3493 956 3552 fratri
1016 3508 1121 3552 suo
1181 3493 1615 3554 Guntchramno
1673 3498 2011 3557 mandatum
2093 3500 2254 3571 Quod
2297 3499 2385 3556 illi
2427 3499 2879 3568 dissimulantes,
2925 3513 3031 3554 rex
3074 3494 3496 3566 Godegiselum
3531 3498 3586 3549 et
3621 3489 3789 3548 Gunt-

305 3585 500 3654 mittit,
533 3583 756 3640 dicens:
806 3585 930 3642 Nisi
973 3601 1047 3641 ne
1086 3583 1416 3656 permiseris
1457 3603 1558 3661 per
1604 3593 1761 3649 tuam
1801 3595 2010 3648 sortem
2055 3640 2058 3642 .
2093 3591 2439 3649 chramnum
2495 3595 2638 3652 194
2678 3589 2853 3649 duces
2890 3589 2952 3646 in
2996 3586 3178 3662 capite
3224 3585 3454 3660 dirigit.
3503 3582 3610 3654 Qui
3655 3592 3792 3638 com-

307 3679 467 3736 hunc
492 3675 740 3732 ﬂuvium
766 3674 1028 3745 transire,
1058 3691 1192 3734 cum
1219 3678 1381 3734 omni
1407 3679 1664 3737 exercitu
1690 3695 1818 3739 meo
1840 3697 2012 3755 SUper
2093 3683 2388 3734 moventes
2419 3677 2760 3748 exercitum,
2810 3678 3088 3736 adversus
3116 3691 3252 3735 eum
3278 3681 3563 3750 pergunt.
3602 3673 3673 3729 At
3704 3665 3792 3724 ille

231 3782 240 3790 λ
305 3773 361 3824 te
391 3778 645 3839 pergam.
677 3761 839 3832 Quod
866 3761 966 3821 ille
997 3764 1222 3834 timens,
1255 3765 1444 3824 foedus
1467 3783 1599 3826 cum
1631 3770 1828 3826 eodem
1856 3770 2006 3842 iniit,
2092 3763 2399 3822 derelictus
2438 3780 2472 3821 a
2511 3765 2654 3837 suis,
2693 3781 2826 3823 cum
2854 3764 3053 3838 paucis
3085 3765 3373 3822 remansit
3403 3787 3417 3821 :
3475 3759 3574 3844 sed
3625 3765 3796 3816 tamen

307 3870 559 3929 eumque
590 3851 832 3910 transire
857 3855 1138 3925 permisit.
1179 3855 1444 3928 Denique
1490 3856 1742 3914 sentiens
1787 3856 2012 3931 Chilpe-
2092 3852 2162 3910 ad
2192 3851 2414 3909 bellum
2445 3851 2605 3910 exire
2643 3866 2760 3909 non
2801 3852 3044 3910 dubitat.
3097 3852 3384 3910 Ineuntes
3424 3857 3618 3908 autem
3661 3856 3796 3918 prte-

306 3943 484 4011 ricus,
531 3940 687 4014 quod
744 3939 1238 4014 Guntchramnus,
1303 3941 1519 4000 scilicet
1569 3944 1766 4002 relicto
1821 3961 1888 4003 eo
1940 3945 2013 4003 ad
2095 3941 2262 4010 lium,
2312 3940 2743 4000 Theodobertus
2785 3939 3006 3998 evictus
3045 3939 3110 3998 in
3152 3955 3364 4015 campo
3414 3933 3796 4014 prosternitur,

311 4031 664 4105 Sigibertum
699 4031 1010 4103 transisset,
1041 4039 1221 4089 castra
1249 4031 1447 4102 movit,
1480 4038 1534 4089 et
1565 4049 1748 4107 usque
1774 4035 2012 4093 Avallo-
2095 4042 2151 4093 et
2175 4035 2246 4092 ab
2288 4031 2551 4091 hostibtts
2583 4031 2857 4090 exanime
2899 4045 3126 4103 corpus,
3166 4029 3329 4102 quod
3364 4028 3484 4086 dici
3519 4025 3677 4085 dolor
3706 4025 3794 4086 est,

238 4159 260 4175 ε
306 4123 463 4180 cium
513 4122 539 4157 ά
577 4119 986 4180 Carnotensem
1030 4122 1224 4179 vicum
1265 4120 1424 4179 abiit.
1466 4121 1648 4191 Quem
1695 4122 2014 4198 Sigibertus
2096 4125 2394 4198 spohatur.
2448 4121 2614 4182 Tunc
2654 4121 2725 4180 ab
2762 4121 3013 4180 Arnulfo
3041 4130 3068 4167 ε
3097 4120 3354 4194 quodam
3385 4118 3680 4184 collectus,
3719 4109 3799 4168 ab-

310 4205 630 4283 insecutus,
663 4228 936 4285 campum
966 4211 1078 4270 sibi
1109 4211 1416 4304 praeparari
1451 4215 1610 4286 petiit
1648 4227 1689 4273 ο.
1737 4215 1842 4274 Ille
1880 4233 2015 4276 vero
2096 4219 2389 4293 lutusque,
2439 4232 2506 4275 ac
2537 4217 2747 4292 dignis,
2777 4215 3036 4275 vestibus
3076 4221 3161 4274 est
3196 4213 3475 4285 indutus,
3507 4218 3562 4269 et
3587 4209 3656 4269 ad
3684 4207 3800 4265 Eco-

373 4406 389 4425 ·
425 4393 592 4451 Colb.,
637 4391 787 4445 Lata.
833 4393 982 4444 Bec..
1043 4391 1115 4464 de,
1148 4388 1340 4445 Lettat.
1379 4393 1496 4446 Erat
1525 4393 1756 4444 fortasse
1791 4403 2353 4464 monas-_'Superest
2389 4400 2505 4451 haec
2555 4396 2785 4461 epistola
2832 4399 2978 4447 tanto
3012 4395 3268 4460 pontiﬁce
3315 4395 3390 4446 ad
3424 4403 3629 4464 pacem
3663 4385 3800 4451 prin-

311 4467 507 4519 terium
559 4464 647 4517 hic
697 4466 1055 4517 memoratum
1105 4463 1158 4514 in
1194 4464 1333 4522 vico,
1391 4465 1482 4526 qui
1535 4466 1696 4515 etiam
1741 4477 1883 4518 nunc
1922 4454 2078 4518 Si—D

312 4550 421 4588 van
473 4538 528 4588 ta
569 4539 694 4588 Late
743 4548 841 4588 seu
892 4533 946 4584 Ia
998 4530 1151 4586 Latte
1185 4534 1506 4598 appellatur,
1566 4535 1707 4587 haud
1763 4538 2018 4601 procula

316 4609 622 4667 Severiaco,
653 4607 833 4668 Sivré,
867 4604 1126 4658 Bellismo
1148 4611 1198 4658 et
1222 4605 1510 4666 Novitiaco,
1537 4605 1755 4666 Neuilli,
1785 4610 1907 4661 sito.

376 4679 399 4708 δ
442 4677 615 4736 01101.,
649 4677 947 4740 Sigibertus
983 4679 1090 4730 tres
1123 4681 1318 4742 gentes,
1346 4680 1448 4729 etc.

377 4758 395 4780 ε
431 4750 531 4800 Sic.
557 4761 690 4800 mss.
745 4760 958 4799 omnes.
1011 4755 1208 4810 praeter
1246 4749 1397 4800 Colb.
1453 4755 1506 4802 et
1557 4749 1756 4802 Chesn.
1797 4752 1888 4816 qui
1928 4751 2016 4802 ha-

318 4819 447 4870 bent
489 4818 771 4881 Segonam,
805 4819 957 4880 quasi
1005 4818 1093 4868 hic
1136 4821 1344 4882 Sagona
1396 4822 1513 4871 sive
1559 4824 1716 4879 Arar,
1769 4822 1932 4884 vulgo
1962 4822 2017 4872 ta

317 4891 508 4949 Satine,
571 4889 983 4952 designaretur.
1041 4888 1176 4939 Editi
1238 4894 1344 4941 vet.
1408 4889 1606 4942 habent
1653 4904 1870 4956 quoque
1924 4893 2015 4943 Se-

317 4976 580 5029 quanam.
642 4961 699 5013 Et
753 4959 972 5024 quidem
1038 4972 1107 5010 ex
1159 4961 1401 5024 Gregorii
1474 4963 1565 5018 lib,
1623 4975 1663 5014 ιι
1721 4964 1788 5016 de
1841 4964 2018 5016 Mirac.

313 5038 364 5087 S.
426 5033 649 5095 Martini,
702 5043 817 5096 cap.
871 5030 919 5090 7,
965 5034 1107 5095 patet
1166 5033 1254 5083 hic
1309 5033 1598 5096 legendum
1652 5047 1776 5088 esse
1825 5038 2023 5100 Sequa-

323 5120 474 5160 nam.
525 5106 596 5160 De
642 5107 744 5158 hac
795 5117 855 5158 re
903 5104 1028 5157 vide
1061 5107 1220 5157 etiam
1269 5104 1360 5157 lib.
1401 5119 1418 5156 ι
1459 5106 1523 5158 de
1560 5104 1746 5159 Gloria
1770 5113 2020 5172 martyr.,

316 5191 437 5242 cap.
464 5179 544 5229 72.

381 5251 402 5281 ⁴
435 5250 530 5300 Hic
573 5249 724 5307 vicus
787 5250 869 5302 est
912 5246 980 5301 ad
1034 5248 1234 5299 ﬂumen
1293 5246 1610 5312 Lidericum,
1676 5251 1767 5314 qui
1833 5253 2021 5314 postea

319 5321 577 5386 Allocium
621 5333 718 5370 seu
773 5321 1043 5384 Alogium,
1095 5318 1262 5382 Vulgo
1313 5320 1520 5386 Aliuye,
1571 5321 1747 5374 dictus
1802 5328 1900 5374 est.
1961 5322 2020 5373 Iu

322 5375 607 5455 plerisque
652 5402 783 5445 mss.
838 5375 905 5444 et
933 5375 1089 5444 editis
1122 5375 1374 5444 scribitur
1430 5375 1692 5445 Eiectum.
1741 5394 1891 5452 Bec.,
1949 5393 2022 5445 ad

334 5463 615 5516 Valocium.

388 5544 406 5609 ξ
441 5535 588 5586 Tunc
630 5535 924 5609 _temporis_
952 5539 1167 5603 scripsit
1201 5535 1721 5609 adiBrunechildem
1749 5534 2024 5609 rSigiberti

332 5607 559 5660 uxorem
630 5607 819 5658 beatus
892 5607 1197 5660 Germanus
1265 5608 1583 5660 Parisiorum
1649 5608 1893 5669 antistes,
1965 5609 2024 5659 ut

353 5680 646 5741 excidium,
723 5678 864 5746 quod
923 5681 1018 5733 toti
1083 5680 1294 5744 regioni
1348 5677 1675 5743 imminebat,
1737 5680 2023 5734 averteret.

2101 4462 2252 4537 cipes
2295 4471 2628 4522 Christianos
2667 4468 2986 4520 adhortante
3033 4468 3214 4531 digna,
3271 4478 3445 4530 quam
3504 4467 3559 4514 in
3594 4462 3797 4525 Appen-

2101 4545 2220 4596 dice
2245 4543 2570 4595 reteramus.

2160 4614 2417 4666 tHorum
2479 4612 2643 4663 trium
2716 4610 3142 4674 paralyticorum
3217 4608 3571 4660 curationem
3647 4597 3800 4652 refert

2099 4687 2333 4748 Gregor.
2363 4685 2454 4735 lib.
2481 4697 2522 4735 ll
2553 4684 2729 4734 Mirac.
2766 4683 2814 4734 S.
2851 4681 3080 4740 Martini,
3108 4693 3226 4744 cap.
3257 4682 3306 4735 5,
3336 4680 3368 4729 6
3395 4681 3449 4729 et
3478 4678 3534 4728 "I.

2161 4747 2367 4808 sColb.
2434 4758 2489 4807 et
2549 4755 2677 4806 Bec.
2739 4765 2862 4804 cum
2918 4751 3133 4811 Chesn.,
3195 4751 3474 4814 Aunutfo.
3555 4747 3627 4822 De
3672 4747 3805 4822 {nete

2104 4827 2503 4881 abluendorum
2546 4825 2922 4877 defunctorum
2977 4823 3118 4885 apud
3172 4812 3416 4885 gentiles
3465 4823 3519 4872 et
3573 4812 3804 4888 Christia-

2105 4910 2208 4949 nos
2269 4896 2426 4959 plura
2481 4895 2642 4947 habet
2705 4895 2759 4946 V.
2825 4895 2905 4946 Cl.
2950 4897 3069 4946 Ant.
3124 4893 3370 4945 Dadinus
3432 4890 3804 4960 Atteserra‘in

2105 4981 2222 5032 cap.
2267 4958 2294 5017 5
2347 4967 2439 5018 lib.
2491 4979 2530 5019 ιι
2581 4967 2712 5018 Hist.
2752 4965 3005 5029 Gregorii
3056 4965 3246 5022 nostri,
3305 4962 3406 5014 ubi
3450 4973 3524 5013 ex
3569 4958 3801 5032 Aimoiuo

2109 5030 2186 5090 in
2218 5039 2330 5091 Vita
2378 5040 2426 5091 S.
2481 5037 2728 5099 Abbonis,
2784 5049 2904 5099 cap.
2955 5037 3038 5098 20,
3073 5037 3334 5087 observat
3365 5030 3804 5092 interemptorum

2109 5121 2341 5172 corpora
2389 5111 2542 5162 illota
2592 5108 2816 5172 sepeliri
2882 5107 3038 5160 solita
3067 5106 3255 5158 fuisse.
3280 5104 3436 5155 Abbo
3469 5104 3674 5166 quippe
3692 5104 3800 5146 cum

2112 5181 2241 5244 ipsis
2275 5179 2464 5242 quibus
2508 5179 2734 5230 indutus
2773 5186 2888 5228 erat
2926 5175 3278 5234 vestimentis,
3306 5174 3400 5225 uti
3423 5185 3544 5224 mos
3575 5173 3649 5220 est
3673 5174 3804 5244 sepe-

2104 5243 2200 5303 liri
2230 5252 2600 5313 interemptos,
2635 5248 2811 5300 illotus
2839 5249 3007 5300 etiam
3045 5246 3258 5312 lapideo
3290 5244 3617 5298 tumulatus
3646 5243 3806 5314 surge:

2104 5323 2231 5386 fago
2303 5320 2421 5372 fuit.
2466 5305 2642 5372 'Forte
2711 5305 3116 5372 Theodebertus
3183 5318 3333 5369 lotus
3416 5316 3525 5366 fuit
3589 5322 3653 5386 ac
3707 5305 3814 5358 aliis

2103 5380 2339 5446 vestibus
2373 5393 2592 5443 indutus
2640 5389 2708 5442 ob
2744 5391 2949 5453 regiam
2986 5391 3326 5454 dignitatem,
3366 5386 3464 5438 vel
3503 5380 3652 5450 quod
3687 5387 3811 5454 non:-

2103 5465 2228 5516 dum
2275 5473 2396 5514 mos
2438 5463 2530 5514 ille
2572 5448 2916 5514 inolevisSet.
2974 5448 3148 5526 [teges
3191 5464 3401 5522 autem,
3442 5448 3733 5522 episcopos
3762 5448 3810 5497 et

2104 5535 2345 5596 abbates,
2393 5533 2590 5598 dignis,
2644 5532 2698 5585 id
2743 5539 2844 5593 est,
2903 5537 2960 5585 ut
3010 5536 3158 5600 puto,
3201 5542 3310 5582 sum
3370 5526 3630 5600 dignitati
3658 5528 3810 5600 comf

2100 5591 2411 5672 petentibus
2451 5591 2692 5658 'indutos
2767 5591 3027 5664 vestibus:
3090 5591 3318 5670 sepeliri
3389 5591 3592 5656 solitos
3654 5591 3812 5648 fuisse

2102 5677 2333 5744 probant
2355 5676 2667 5744 complures
2696 5676 2948 5742 Gregorii
2969 5677 3095 5732 loci.
