4006 6182
169 238 266 296 313

173 362 503 419 lismensem
566 373 588 398 ι

172 466 517 524 cognoscens
558 450 712 523 quod
753 450 967 507 iterum
1008 463 1069 505 se
1110 447 1583 507 Guntchramnus
1614 463 1745 504 cum
1778 445 1870 502 Si-

172 539 382 611 giberto
414 538 786 611 pacificasset,
827 553 886 595 se
919 535 1073 593 infra
1098 536 1489 594 Tornacenses
1516 550 1717 593 muros
1735 549 1871 591 cum

174 646 351 687 uxore
392 637 448 686 et
471 630 610 685 ﬁliis
639 630 764 687 suis
797 626 1200 685 communivit.

234 719 339 777 LII
377 722 490 786 [AL
528 721 713 791 XLVI].
768 718 836 775 In
873 733 940 775 eo
982 732 1137 775 anno
1170 717 1358 789 fulgor
1394 730 1495 788 per
1518 715 1731 773 cmlum
1760 715 1872 773 dis-

161 809 413 867 currisse
452 810 614 865 visus
670 816 753 865 est
800 808 841 878 δ,
898 807 1046 864 sicut
1097 806 1390 878 quondam
1445 812 1576 863 ante
1610 814 1871 864 .mortem

162 896 594 953 Chlothaeharii
655 896 866 954 factum
914 894 1192 952 vidimus.
1250 892 1569 966 Sigibertus
1615 909 1749 951 vero
1777 893 1873 950 ob-

161 986 337 1042 tentis
364 985 700 1042 civitatibus
729 985 865 1052 illis,
886 999 1019 1057 quae
1035 976 1453 1041 citra‘Parisios
1482 988 1616 1040 sunt
1648 983 1869 1055 positae,

156 1089 347 1145 usque
439 1072 966 1145 Rothomagensem
1037 1074 1241 1130 urbem
1313 1072 1583 1141 accessit,
1669 1073 1869 1131 volens

156 1160 393 1217 easdem
453 1160 630 1219 urbes
694 1161 962 1219 hostibus
1003 1160 1221 1219 cedere.
1257 1160 1419 1229 Quod
1460 1177 1530 1217 ne
1570 1160 1797 1233 faceret,
1834 1177 1867 1218 a

156 1253 281 1309 suis
322 1253 649 1325 prohibitus
678 1261 785 1310 est.
823 1254 1141 1327 Regressus
1172 1254 1325 1324 inde,
1360 1253 1607 1311 Parisios
1639 1258 1725 1309 est
1772 1253 1865 1309 in-

157 1359 398 1414 gressus
425 1363 436 1400 :
464 1342 663 1415 ibique
689 1344 758 1401 ad
784 1360 918 1402 eum
940 1344 1331 1403 Brunichildis
1356 1360 1489 1401 cum
1522 1344 1656 1401 ﬁliis
1685 1344 1863 1401 venit.

158 1434 330 1491 Tunc
358 1434 588 1495 Franci.
620 1435 721 1507 qui
752 1435 1043 1509 quandam
1071 1437 1141 1493 ad
1164 1434 1596 1493 Childebertum
1635 1450 1870 1507 aspexe-

156 1531 289 1582 rant
328 1523 639 1589 seniorem,
691 1525 759 1581 ad
808 1523 1161 1597 Sigibertum
1216 1524 1560 1595 legationem
1608 1525 1864 1595 mittunt,

159 1620 218 1667 ut
245 1611 318 1666 ad
346 1625 445 1667 eos
488 1611 750 1679 veniens,
784 1610 1056 1669 derelicto
1096 1611 1442 1685 Chilperico,
1482 1628 1653 1685 super
1690 1628 1749 1670 se
1777 1613 1866 1685 ip-

1130 231 1489 292 HISTORIA
1528 228 2005 293 FBANCORUM.
2049 228 2275 287 LIBER
2313 226 2685 298 QUARTUS.

650 358 949 418 civitatem
1007 356 1286 431 sepultus,
1328 357 1683 431 Chilpericus
1734 358 1928 416 veroA
1949 368 2109 425 gens,
2143 367 2385 424 magnus
2431 367 2532 424 per
2561 348 2922 407 adulationes
2951 364 3083 407 cum
3116 366 3246 425 rege
3274 340 3512 419 effectus
3539 372 3653 441 est;

3553 234 3675 305 3147

1953 443 2288 516 competitor
2334 458 2529 499 rerum
2574 441 2917 511 alienarum,
2962 447 3550 525 testamentorumque
3578 458 3657 516 ef-

1954 533 2163 589 fractor
2196 554 2207 600 ;
2238 532 2331 589 cui
2359 531 2487 588 talis
2518 532 2627 588 fuit
2659 532 2791 590 vitae
2819 533 3031 604 exitus,
3068 540 3129 592 ut
3175 552 3289 596 non
3335 554 3659 610 mereretur

1954 621 2309 679 voluntatem
2370 622 2657 715 propriam
2718 629 2900 680 morte
2955 624 3299 687 imminente
3346 636 3656 715 complere,

1955 713 2055 788 qui
2095 713 2341 771 aliorum
2386 708 2713 770 voluntates
2751 729 2901 786 saepe
2950 715 3330 777 destruxerat.
3385 708 3658 800 Chilperi;

1952 820 2055 861 cus
2087 810 2281 861 autem
2320 805 2381 861 in
2425 803 2659 877 ancipiti
2683 821 2820 863 casu
2842 806 3093 877 defixus,
3120 808 3183 866 in
3206 811 3454 874 dubium
3478 820 3654 880 liabe-

1955 894 2067 961 bat,
2113 910 2187 949 an
2239 893 2525 963 evaderet,
2573 910 2647 951 an
2689 895 2921 966 periret,
2973 897 3155 956 donec
3203 900 3273 957 ad
3325 919 3457 962 eum
3493 910 3658 969 missi

1955 978 2203 1036 veniunt
2228 979 2296 1035 de
2330 979 2521 1035 fratris
2553 980 2715 1037 obitu
2748 981 3099 1041 nuntiantes.
3135 984 3297 1044 Tunc
3330 1006 3592 1063 egressus
3622 1014 3657 1056 a

1956 1066 2214 1125 Tornaco
2270 1082 2403 1124 cum
2454 1083 2636 1125 uxore
2704 1076 2759 1125 et
2803 1070 2957 1141 ﬁliis,
3006 1088 3141 1129 eum
3172 1076 3468 1157 ‘vestitum
3500 1084 3655 1155 apud

1956 1155 2238 1212 Lambros
2278 1155 2297 1182 "
2330 1154 2521 1211 vicum
2551 1156 2832 1228 sepelivit.
2883 1157 3045 1216 Unde
3086 1154 3279 1233 postea
3318 1154 3659 1231 SuessiOnas

1952 1245 2013 1302 in
2049 1245 2283 1301 basilica
2322 1246 2501 1302 sancti
2545 1244 2821 1316 Medardi,
2860 1264 3035 1322 qnam
3086 1251 3209 1323 ipse
3244 1254 3651 1332 aedificaverat,

1958 1336 2287 1405 translatus,
2331 1352 2494 1393 secus
2543 1337 3056 1399 Chlothacbarium
3096 1349 3317 1416 patrem
3362 1363 3535 1409 suum
3563 1368 3655 1410 se-

1952 1427 2149 1500 pultus
2172 1434 2274 1484 est.
2299 1427 2662 1485 Obiitautem
2694 1437 2898 1502 quarto
2926 1431 3146 1492 decimo
3172 1438 3335 1509 regni
3358 1441 3453 1498 sui
3473 1459 3651 1513 anno,

1951 1525 2115 1576 ωιεηρ
2146 1517 2618 1590 quadragenaria.
2669 1526 2808 1583 196
2854 1522 2905 1577 A
2952 1524 3193 1583 transitu
3225 1544 3360 1600 ergo
3394 1530 3655 1594 Theude-

1955 1607 2098 1664 berti
2125 1607 2368 1664 senioris
2402 1623 2585 1681 usque
2628 1609 2698 1666 ad
2738 1612 2964 1669 exitum
3007 1613 3300 1690 Sigiberti,
3326 1618 3653 1693 subputan-

163 1716 288 1756 sum
318 1715 515 1772 regem
562 1700 903 1758 stabilirent.
935 1700 1039 1757 Ille
1072 1716 1207 1758 vero
1248 1701 1372 1759 hzec
1402 1700 1669 1769 audiens,
1710 1702 1924 1774 misitB
1953 1705 2045 1756 tur
2075 1698 2215 1755 anni
2250 1697 2454 1770 viginti
2484 1715 2691 1757 novem
2722 1701 2754 1759 ί.
2790 1700 2947 1760 Inter
2968 1704 3192 1765 exitum
3222 1725 3359 1768 vero
3382 1711 3653 1785 Sigiberti

158 1790 260 1864 qui
311 1792 553 1847 fratrem
590 1792 765 1848 saum
794 1791 853 1847 in
884 1806 1057 1864 supra
1092 1799 1402 1849 memorata
1427 1792 1656 1849 civitate
1685 1792 1865 1849 °.obsi-

160 1880 378 1949 tierent,
417 1878 539 1951 ipse
591 1878 733 1935 illuc
786 1895 1085 1951 properare
1117 1881 1462 1938 deliberans.
1496 1880 1601 1938 Cui
1633 1886 1865 1938 sanctus

162 1968 487 2025 Germanus
532 1969 833 2042 episcopus
880 1970 1030 2027 dixit
1084 1987 1095 2021 :
1142 1970 1201 2029 Si
1241 1972 1472 2041 abieris,
1525 1980 1579 2031 et
1633 1974 1865 2029 fratrem

156 2066 322 2116 tuum
354 2060 678 2118 interﬁcere
698 2063 973 2131 nolueris,
994 2062 1165 2121 vivus
1193 2072 1247 2121 et
1277 2064 1454 2122 victor
1486 2064 1700 2122 redibis
1728 2084 1739 2121 ε
1771 2064 1863 2122 sin

152 2156 355 2204 autem
386 2149 545 2207 aliud
574 2149 936 2222 cogitaveris,
958 2153 1241 2210 morieris.
1273 2153 1366 2212 Sic
1396 2154 1552 2211 enim
1584 2152 1866 2211 Dominus

151 2252 256 2307 per
300 2236 669 2295 Salomonem
699 2238 848 2296 dixit
880 2262 891 2295 :
934 2244 1160 2297 Foveam
1192 2260 1355 2314 quam
1386 2246 1558 2310 fratri
1587 2248 1676 2298 tuo
1704 2260 1865 2313 para-

152 2328 258 2387 bis,
305 2330 360 2382 in
392 2344 507 2383 eam
538 2345 753 2383 corrues
800 2332 974 2399 (Prov.
1019 2343 1193 2401 XXVI,
1236 2332 1343 2399 ‘27).
1376 2331 1537 2407 Quod
1580 2330 1700 2397 ille,
1746 2345 1866 2401 pec-

151 2414 301 2469 ratis
355 2414 722 2485 facientibus,
766 2416 968 2474 audire
1008 2418 1282 2490 neglexit.
1337 2419 1617 2477 Veniente
1667 2425 1862 2475 autem

150 2499 256 2555 illo
294 2500 367 2556 ad
417 2500 634 2571 villam,
667 2502 762 2559 cui
792 2520 1005 2561 nomen
1039 2514 1123 2563 est
1156 2506 1543 2564 Victoriacum
1578 2507 1622 2576 ά,
1654 2506 1862 2567 collec-

152 2597 243 2644 tus
276 2594 365 2644 est
388 2588 459 2644 ad
488 2604 622 2646 eum
658 2591 848 2647 omnis
873 2591 1181 2661 exercitus,
1212 2591 1663 2665 impositumque
1691 2607 1863 2665 super

148 2677 357 2750 clypeo
408 2678 520 2735 sibi
572 2694 762 2752 regem
806 2686 1083 2738 statuunt.
1141 2680 1307 2738 Tunc
1359 2682 1479 2738 duo
1520 2680 1681 2754 pueri
1729 2696 1859 2739 cum

150 2766 359 2825 cultris
391 2768 620 2837 validis,
654 2785 800 2841 quos
836 2770 1013 2842 vulgo
1065 2786 1458 2829 scramasaxos
1513 2786 1533 2811 °
1578 2777 1718 2836 195
1758 2789 1858 2829 vo-

150 2865 308 2927 aint,
340 2857 573 2915 infectis
621 2873 867 2931 veneno,
904 2861 1205 2919 maleiicati
1254 2878 1287 2919 a
1340 2862 1720 2935 Fredegunde
1772 2878 1859 2947 re.-

148 2952 287 3023 gina
308 2966 445 3010 cum
474 2952 650 3010 aliam
680 2968 913 3011 causam
944 2970 1005 3012 se
1037 2971 1232 3027 gerere
1259 2954 1278 2990 τ
1308 2954 1668 3025 simularent,
1704 2952 1863 3013 utra;

1947 1795 2002 1847 et
2033 1790 2255 1862 nepotis
2293 1789 2383 1846 sui
2414 1789 2816 1863 Theodoberti,
2850 1793 3010 1855 fuere
3049 1797 3169 1856 dies
3194 1798 3389 1859 decem
3419 1810 3473 1861 et
3501 1813 3647 1864 octo.

1948 1879 2172 1977 Itlortuo
2202 1886 2397 1938 autem
2431 1880 2736 1953 Sigiberto,
2766 1888 3031 1958 regnavit
3060 1887 3461 1952 Cbildebertus
3491 1894 3652 1954 ﬁlius

1947 1983 2071 2039 eius
2104 1984 2207 2040 pro
2234 1984 2320 2025 eo.

2018 2145 2069 2201 A
2108 2144 2390 2218 principio
2421 2162 2605 2221 usque
2638 2148 2709 2205 ad
2738 2149 3052 2223 diluvium,
3081 2154 3223 2212 anni
3248 2155 3339 2214 bis
3360 2157 3520 2215 mille
3548 2158 3651 2218 du-

1946 2234 2097 2290 centi
2150 2235 2533 2307 quadraginta
2583 2236 2717 2295 duo.
2771 2241 2821 2296 A
2882 2240 3107 2299 diluvio
3137 2250 3331 2301 autem
3360 2262 3545 2318 usque
3577 2247 3651 2305 ad

1946 2320 2262 2388 Abraham,
2326 2321 2467 2378 anni
2534 2325 2846 2397 nonagenti
2905 2327 3285 2401 quadraginta
3346 2330 3480 2389 duo.
3556 2332 3649 2390 Ab

1946 2413 2239 2471 Abraham
2274 2430 2407 2472 vero
2447 2431 2631 2489 usque
2659 2416 2729 2473 ad
2756 2433 3052 2489 egressum
3090 2420 3343 2481 filiorum
3370 2422 3546 2481 Israel
3575 2440 3651 2481 ex

1946 2503 2213 2576 .rEgypto,
2268 2504 2408 2561 anni
2468 2506 2874 2579 quadringenti
2948 2510 3250 2579 sexaginta
3303 2512 3418 2571 duo
3472 2506 3507 2572 ³.
3557 2513 3648 2572 Ab

1946 2609 2180 2665 egressu
2213 2594 2467 2651 ﬁliorum
2503 2594 2674 2652 Israel
2702 2612 2776 2653 ex
2805 2597 3052 2672 zEgypto
3084 2616 3268 2674 usque
3298 2602 3367 2659 ad
3396 2594 3647 2662 aediﬁca-

1948 2686 2163 2743 tionem
2222 2686 2419 2758 templi
2472 2684 2819 2757 Salomonis,
2865 2690 3005 2746 anni
3040 2692 3447 2765 quadringenti
3491 2701 3644 2753 octo-

1944 2774 2121 2846 ginta.
2174 2776 2263 2833 Ab
2298 2777 2677 2835 aedificatione
2725 2794 2859 2850 ergo
2902 2781 3093 2853 templi
3151 2797 3336 2855 usque
3370 2784 3441 2851 ad
3480 2783 3647 2842 deso-

1950 2863 2219 2921 lationem
2251 2864 2397 2935 ejus,
2428 2856 2483 2921 et
2521 2867 3087 2938 transmigrationem
3136 2869 3199 2925 in
3245 2869 3647 2942 Babyloniam,

1946 2950 2087 3008 anni
2123 2953 2360 3009 trecenti
2392 2952 2706 3023 nonaginta
2739 2954 2786 3011 ιι.
2836 2955 2889 3011 Α
2924 2956 3425 3028 transmigratione
3470 2957 3648 3029 igitur

148 3058 266 3115 que
342 3041 400 3098 ei
476 3041 654 3100 latera
714 3044 949 3102 feriunt.
1009 3046 1085 3103 At
1136 3045 1234 3104 ille
1289 3045 1633 3115 vociferans,
1691 3053 1918 3128 atqueG
1948 3055 2132 3112 usque
2160 3039 2231 3097 ad
2262 3039 2586 3112 passionem
2620 3041 2870 3112 Domini,
2897 3045 3321 3102 annisexcenti
3345 3047 3645 3119 sexaginta

145 3145 455 3199 corruens,
476 3146 592 3188 non
613 3137 737 3204 post
756 3134 941 3191 multo
957 3134 1137 3207 spatio
1155 3134 1861 3209 emisitspiritumzibique
1945 3134 2069 3184 00ιο
2102 3128 2135 3185 ¹-
2180 3130 2229 3185 Α
2262 3128 2527 3201 βδεδὶοηθ
2554 3128 2788 3187 Domini
2818 3146 3003 3205 υεαιιθ
3032 3132 3101 3189 ad
3136 3134 3439 3192 lI‘aUSimm
3464 3136 3645 3193 sancti

143 3225 199 3275 et
258 3217 657 3290 Charegisilus
687 3220 1078 3279 cubicularius
1126 3222 1254 3295 ejus
1277 3225 1528 3292 corruit;
1575 3224 1657 3280 ibi
1688 3232 1743 3281 et
1777 3223 1861 3283 Si-

146 3309 288 3382 gila,
321 3310 430 3385 qui
453 3310 749 3383 quondam
803 3327 877 3368 ex
930 3312 1159 3371 Gottliia
1202 3322 1457 3384 venerat,
1509 3316 1757 3372 multum
1784 3316 1859 3372 la-

148 3405 384 3455 cer-atus
415 3404 516 3467 est,
550 3405 605 3456 et
638 3406 830 3471 postea
857 3400 929 3457 ab
967 3399 1289 3475 Chilperico
1319 3418 1450 3473 rege
1489 3404 1860 3475 comprehen-

151 3499 277 3552 sus,
329 3484 583 3541 incensis
646 3501 780 3544 cum
830 3487 1101 3545 cauteriis
1147 3489 1529 3547 candentibus
1586 3490 1860 3549 omnibus

146 3575 469 3648 juncturis,
521 3591 585 3633 ac
635 3576 1002 3635 membratim
1039 3585 1333 3649 separatus
1365 3588 1411 3648 ε,
1440 3578 1751 3637 crudeliter
1780 3580 1861 3637 vi-

152 3673 274 3723 tam
304 3667 516 3725 ﬁnivit.
571 3668 705 3726 Fuit
756 3674 950 3728 autem
998 3668 1386 3741 Charegisilus
1431 3670 1532 3728 ille
1573 3676 1687 3728 tam
1717 3672 1863 3733 levis

150 3770 345 3827 opere,
376 3770 550 3828 quam
600 3757 793 3829 gravis
827 3756 1179 3830 cupiditate;
1216 3757 1286 3815 de
1323 3758 1586 3817 minimis
1626 3775 1863 3819 consur-

215 3918 234 3937 ⁸
271 3908 449 3967 Corb.,
513 3910 650 3961 Bell.
710 3914 762 3962 et
821 3910 993 3969 Freh.,
1060 3908 1467 3962 Colosinensem.
1522 3912 1693 3975 Colb.,
1738 3914 1863 3964 Eco-

149 3978 452 4031 tunemem.
494 3981 624 4031 Bec.
656 3986 707 4032 et
731 3982 865 4033 Mor.
896 3984 963 4041 5.,
1006 3980 1392 4032 Ecolinemem.

216 4048 239 4077 δ
273 4052 358 4100 Sic
389 4050 573 4112 Corb.;
608 4052 698 4102 alii
728 4064 851 4104 cum
873 4053 1049 4110 editis,
1076 4052 1341 4115 βαίνων..
1379 4043 1557 4105 visain
1579 4060 1673 4106 est.

206 4128 226 4147 ο
261 4118 589 4173 Tornacensi
614 4122 841 4184 scilicet,
873 4136 944 4174 ex
967 4135 1092 4183 cap.
1127 4124 1475 4186 praecedenti.

213 4190 237 4219 ⁸
278 4191 432 4242 Vicus
489 4196 589 4253 est,
645 4198 702 4244 ut
782 4198 970 4245 monet
1027 4194 1252 4252 Miraeus,
1318 4194 1461 4246 inter
1521 4195 1756 4248 Duacum
1809 4200 1864 4250 et

151 4260 448 4312 Atrebatas
492 4264 559 4314 ad
617 4264 867 4327 Scarpam
930 4264 1170 4321 ﬂuvium,
1235 4264 1401 4327 vulgo
1458 4265 1612 4332 Vitry
1663 4267 1857 4320 hodie-

150 4344 260 4396 que
302 4334 499 4393 dictus,
554 4346 718 4398 quem
770 4335 1049 4386 Hariulfus
1119 4336 1171 4385 in
1223 4334 1489 4387 Chronico
1545 4337 1855 4389 Centulensi

1942 3214 2198 3283 Martini,
2246 3216 2387 3272 anni
2433 3216 2841 3290 quadringenti
2872 3225 2927 3274 et
2953 3219 3280 3277 duodecim.
3322 3222 3372 3278 A
3401 3221 3645 3281 transitu

1942 3296 2119 3361 sancti
2154 3304 2382 3362 Martini
2410 3321 2593 3379 usque
2616 3306 2687 3363 ad
2717 3307 3027 3364 transitum
3060 3308 3445 3366 Cblodovechi
3471 3310 3644 3381 regis,

1944 3392 2084 3451 anni
2116 3399 2351 3451 centum
2381 3393 2704 3452 duodecim.
2756 3394 2805 3451 A
2855 3394 3097 3453 transitu
3133 3394 3520 3453 Chlodovechi
3550 3412 3641 3455 re-

1944 3483 2033 3555 gis
2076 3498 2262 3555 usque
2302 3483 2372 3541 ad
2430 3484 2736 3541 transitum
2781 3484 3184 3555 Theudeberti,
3218 3485 3361 3543 anni
3403 3484 3639 3558 triginta

1943 3584 2159 3650 septem
2190 3592 2249 3634 ιη.
2298 3580 2347 3635 Α
2401 3578 2646 3638 transitu
2694 3579 3077 3639 Theudeberti
3112 3596 3299 3654 usque
3319 3583 3393 3639 ad
3418 3583 3646 3642 exitum

1947 3666 2241 3739 Sigiberti,
2269 3667 2409 3725 anni
2450 3667 2656 3741 viginti
2692 3684 2921 3727 novem.
2976 3669 3087 3740 Qui
3120 3676 3258 3729 sunt
3299 3672 3474 3730 simul
3504 3673 3646 3761 anni

1944 3757 2257 3831 quinquies
2288 3756 2447 3817 mille
2474 3758 3207 3834 septingentiseptuaginta
3237 3767 3485 3835 quatuor
3510 3775 3559 3819 ιι.

2008 3920 2033 3955 κ
2066 3908 2242 3965 Corb.,
2272 3908 2558 3972 separatis.

2008 3980 2029 4010 δ
2071 3980 2239 4031 Vicus
2293 3984 2373 4031 est
2433 3981 2495 4030 ad
2552 3981 2802 4041 Scarpam
2850 3980 3072 4032 ﬂuvium
3107 3982 3249 4033 inter
3292 3980 3641 4032 Camaracum

1945 4055 2001 4102 et
2055 4051 2344 4103 Atrebatas
2395 4051 2546 4101 situs.
2612 4051 2882 4113 Cognatas
2936 4053 2991 4103 in
3040 4052 3281 4104 Historia
3316 4051 3643 4102 Tornacensi

1942 4122 2109 4175 hunc
2142 4135 2310 4186 pmpe
2374 4122 2626 4182 Duacum,
2682 4134 2787 4185 qua
2839 4125 2941 4172 iter
2990 4128 3071 4174 est
3099 4122 3432 4179 Atrebatum,
3478 4122 3641 4173 locat.

1972 4195 2042 4245 De
2059 4194 2160 4245 hac
2198 4192 2486 4256 Cbilperici
2520 4195 2681 4245 sortis
2725 4194 3021 4244 mutatione
3076 4194 3389 4245 Fortunatus
3426 4192 3519 4243 lib.
3552 4204 3631 4247 ix.

1956 4278 2123 4318 carm.
2160 4267 2202 4315 ι.

2009 4338 2020 4367 ί
2055 4336 2211 4387 Corb.
2250 4339 2302 4387 et
2327 4332 2475 4386 Colb.
2503 4346 2623 4386 cum
2650 4333 2801 4391 Bad.,
2838 4333 2919 4385 28.

151 4402 342 4485 villam
393 4404 664 4485 publicam
714 4404 769 4456 in
828 4405 1179 4457 surburbano
1214 4406 1588 4457 Atrebatensis
1610 4411 1761 4459 urbis
1790 4423 1917 4485 Sl-D
1996 4410 2011 4485 ᾗ
2046 4405 2332 4485 ςὶριῠλέιξῖ.
2352 4405 2511 4485 ἕδρη
2546 4404 2652 4485 ιίρἳΣ

144 4478 263 4524 tam
295 4472 548 4537 appellat.
740 4528 743 4529 ν

214 4557 241 4582 ο
272 4544 447 4605 Corb.,
523 4557 918 4597 :crumasaaros.
993 4548 1192 4610 Regm.,
1263 4560 1597 4600 scramamos.
1676 4549 1850 4610 Colb.,

1996 4483 2018 4512 ι
2050 4458 2133 4531 Sic
2177 4477 2306 4531 Cod.
2352 4458 2510 4528 Bell:
2536 4479 2588 4526 et
2632 4476 2814 4538 Corb.,
2868 4486 3031 4540 quem
3073 4482 3359 4523 numerum
3389 4472 3462 4522 ita
3494 4458 3623 4540 scri-

1935 4552 2069 4603 bunt
2127 4561 2351 4601 ccccxa.
2391 4547 2592 4609 Regm.,
2656 4546 2782 4597 Bec.
2831 4539 2894 4597 et
2918 4544 3051 4595 Bad.
3091 4543 3291 4593 habent
3325 4540 3440 4593 340.
3487 4539 3642 4591 Colb.

144 4616 559 4666 chramasazos.
616 4617 723 4667 Vox
764 4623 848 4669 est
894 4616 1125 4669 barbara
1182 4632 1300 4684 qum
1356 4620 1625 4683 significat
1665 4622 1852 4673 cultel-
1934 4628 1989 4673 et
2022 4622 2238 4681 Chesn.,
2267 4619 2374 4669 361.
2412 4618 2518 4667 Alii
2552 4617 2699 4673 editi,
2740 4617 2849 4668 360.

144 4687 239 4736 los
287 4684 601 4745 vnlneﬁcos,
655 4699 753 4738 seu
803 4688 1071 4749 gladiolos
1119 4689 1331 4751 breves,
1384 4704 1413 4741 ε
1450 4692 1712 4743 Saxonico
1754 4704 1853 4743 sua:

145 4756 249 4806 vel
310 4754 475 4827 sachs.
530 4759 622 4807 Adi
684 4759 925 4811 Vossium
968 4761 1035 4812 de
1090 4760 1181 4811 Vit.
1244 4761 1405 4813 Latin.
1446 4774 1682 4814 sermon.
1720 4762 1753 4814 l.
1791 4776 1851 4827 it,

144 4826 429 4954 ΜΡ
487 4897 613 4948 Mor.
668 4911 734 4959 s.,
800 4901 925 4961 etc.,
986 4913 1289 4964 suggerere.
1357 4903 1604 4966 Sigiberti
1660 4915 1856 4956 necem

142 4980 243 5040 an.
291 4967 387 5040 576
439 4970 727 5031 consignat
777 4969 990 5031 Marius,
1050 4984 1210 5035 quam
1280 4976 1458 5025 tamen
1522 4987 1667 5026 anno
1725 4988 1859 5040 pra:-

144 5038 373 5090 cedenti
395 5040 692 5103 contigisse
723 5044 909 5092 volunt
937 5042 1035 5092 viri
1068 5043 1288 5095 eruditi.

2002 4658 2238 4753 #6513?
2267 4658 2965 4751 Etés‘5:"e‘i"i§adij"eis.
3010 4682 3198 4737 Nullus
3226 4658 3329 4737 ’est
3387 4695 3649 4737 numerus

1944 4766 2001 4816 in
2030 4764 2149 4817 cod.
2176 4763 2356 4823 Regm.

2006 4847 2037 4867 ⁸³
2072 4835 2202 4888 Cod.
2236 4832 2410 4891 Colb.,
2442 4830 2519 4881 34.

2006 4919 2027 4938 ο
2062 4908 2146 4958 Sic
2184 4918 2307 4957 mss.
2365 4915 2485 4954 cum
2541 4902 2704 4962 Bad.,
2761 4902 2853 4968 qui
2898 4902 3185 4966 computus
3238 4899 3490 4962 congruit
3529 4897 3646 4948 sin-

1944 4980 2091 5044 gulis
2120 4975 2379 5036 articulis,
2433 4976 2489 5024 ut
2523 4974 2787 5025 habentur
2831 4975 2885 5023 in
2921 4977 3108 5025 nostro
3134 4973 3304 5024 textu.
3339 4968 3534 5021 Crateri
3572 4972 3645 5018 ta-

1954 5062 2025 5101 ω(
2044 5064 2074 5100 n
2107 5049 2231 5099 editi
2261 5046 2458 5097 habent
2495 5044 2868 5109 quadraginta
2894 5048 3147 5108 quatuor.

180 5172 3607 5210 mm

799 5346 1117 5407 197-198
1195 5314 1678 5395 INCIPIUNT
1756 5312 2235 5395 CAPITULA
2317 5313 2566 5392 LIBRI
2642 5311 3010 5413 QUINTI.

145 5440 188 5488 1.
233 5435 307 5509 De
343 5433 926 5509 Chitdebertijunioris
959 5454 1139 5505 regno,
1166 5445 1217 5494 et
1248 5442 1311 5494 de
1337 5446 1515 5495 matre
1534 5446 1671 5509 ejus.

144 5510 215 5559 II.
250 5507 408 5573 Quod
440 5508 775 5561 Merovechus
815 5511 1217 5565 Brunicliildem
1240 5514 1444 5578 accepit
1470 5507 1712 5567 uxorem.

146 5582 241 5630 ιη
288 5579 501 5653 pellam
519 5584 713 5632 contra
737 5579 1118 5653 Chilpericum,
1143 5588 1193 5637 et
1216 5585 1278 5638 de
1304 5586 1521 5641 malitia
1542 5585 1858 5653 Rauchz'ngi.

143 5653 234 5706 ιγ.
267 5651 432 5718 Quod
468 5650 793 5706 Roccolenus
817 5651 1045 5708 Turonis
1073 5656 1233 5712 venit.

1956 5447 2009 5493 ν.
2044 5446 2114 5495 De
2138 5441 2395 5509 episcopis
2421 5440 2741 5506 Lingonicis,
2768 5443 2818 5491 et
2840 5437 3177 5491 Namnetico.

1956 5518 2036 5565 VI.
2072 5515 2143 5567 De
2178 5513 2438 5566 Leonaste
2465 5513 2847 5565 archidiacono
2882 5510 3147 5574 Biturigo.

1954 5588 2057 5637 VII.
2094 5584 2169 5637 De
2200 5584 2408 5638 Senoch
2430 5586 2686 5636 rectauso.

1950 5658 2085 5709 VIII.
2114 5656 2190 5710 De
2222 5660 2416 5711 sancto
2448 5653 2713 5709 Germano
2738 5652 3075 5709 Parisiorum
3097 5654 3351 5721 episcopo.
3438 5680 3443 5686 -
