4006 6182
78 267 162 327 317

1048 255 1409 317 HISTORIA
1448 256 1927 323 FRANCORUM.
1971 262 2197 323 LIBER
2236 262 2582 333 QUINTUS.

87 390 585 460 Rothomagensem
610 384 907 444 civitatem
929 383 993 443 in
1013 382 1290 442 exsilium
1318 384 1505 457 trusit,
1537 385 1834 450 thesau-A
1854 393 2070 461 autem,
2099 388 2201 464 qui
2232 404 2263 446 a
2291 395 2439 447 sorte
2471 380 2743 463 Sigiberti
2772 405 2831 447 se
2858 389 2928 447 ad
2962 388 3350 464 Chilpericum
3382 397 3564 451 trans-

84 492 273 550 rosque
329 474 451 545 ejus
492 488 640 545 quos
677 471 930 531 Parisios
969 471 1272 542 detulerat,
1306 471 1586 530 abstulit:
1624 474 1775 533 ﬁlias

86 588 193 634 vero
222 570 359 642 ejus
390 565 598 625 Meldis
628 578 652 606 α
680 565 824 624 urbe
875 564 1055 622 teneri
1112 564 1396 637 praecepit.
1432 564 1596 622 Tunc
1624 565 1773 629 Roc-

87 662 299 720 colenus
336 655 357 683 "
391 670 524 713 cum
573 652 1017 711 Cenomannicis
1047 651 1297 709 Turonis
1336 652 1516 723 venit,
1546 659 1600 711 et
1633 669 1775 725 pra).

88 753 161 807 das
189 746 326 820 egit,
359 749 411 802 et
438 743 621 801 multa
649 742 862 801 scelera
878 741 1010 799 fecit
1034 760 1048 799 :
1074 741 1229 814 quod
1257 741 1316 798 in
1342 742 1605 815 sequenti
1633 758 1777 815 qua-

87 846 188 902 liter
216 857 251 899 a
294 839 514 897 virtute
570 835 721 894 beati
776 834 1009 893 Martini
1062 851 1165 908 pro
1217 836 1389 894 tantis
1432 835 1603 896 malis
1646 853 1779 913 quae

83 933 251 1007 gessit,
286 942 604 1003 percussus
630 926 871 996 interiit,
905 924 1362 985 memorabimus
1390 941 1412 967 ο
1436 973 1449 987 .

139 1022 210 1080 ΙΙ.
236 1018 603 1091 Chilpericus
630 1032 769 1075 vero
793 1016 985 1075 ﬁlium
1006 1032 1178 1075 suum
1210 1018 1618 1079 Merovechum
1642 1036 1779 1079 cum

82 1112 327 1170 exercitu
358 1109 611 1167 Pictavis
655 1106 871 1181 dirigit.
925 1112 1002 1165 At
1046 1108 1144 1167 ille
1190 1109 1388 1168 relicta
1417 1111 1779 1171 ordinatione

86 1199 260 1274 patris,
293 1198 552 1256 Turonis
586 1195 765 1265 venit,
807 1195 1007 1270 ibique
1033 1203 1089 1255 et
1115 1197 1237 1257 dies
1286 1205 1513 1259 sanctos
1545 1201 1779 1259 Pasclize

87 1290 273 1346 tenuit.
316 1288 573 1346 Multum
621 1289 778 1345 enim
820 1288 1116 1360 regionem
1144 1288 1307 1348 illam
1337 1292 1625 1350 exercitus
1654 1292 1780 1364 ejus

90 1376 331 1436 vastavit.
353 1375 485 1449 Ipse
500 1392 639 1435 vero
660 1376 947 1435 simulans
966 1378 1038 1434 ad
1065 1383 1306 1437 matrem
1322 1396 1488 1439 suam
1507 1381 1591 1438 ire
1610 1382 1778 1455 velle,

90 1469 502 1541 Rothomagum
531 1468 714 1541 petiit,
762 1474 816 1525 et
858 1469 939 1526 ibi
970 1468 1336 1528 Brunichildi
1384 1472 1599 1547 reginre
1644 1491 1784 1533 con-

89 1556 347 1629 jungitur,
385 1571 634 1629 eamque
687 1556 796 1614 sibi
847 1558 909 1613 in
958 1557 1327 1618 matrimonio
1352 1552 1610 1623 so’ciavit.
1644 1564 1786 1623 Haec

96 1653 214 1709 202
258 1646 513 1704 audiens
567 1646 948 1720 Chilpericus,
1003 1650 1157 1720 quod
1212 1651 1429 1710 scilicet
1469 1659 1667 1712 contra
1698 1655 1784 1713 fas

1859 478 2088 551 tulerat,
2119 486 2174 538 et
2203 481 2399 539 multis
2429 482 2499 539 ab
2544 497 2610 540 eo
2656 481 3001 540 muneribus
3034 481 3415 556 locupletatus
3452 491 3556 557 est,

1858 576 2028 644 caput
2053 571 2189 628 belli
2220 571 2386 629 istius
2424 572 2572 642 fuit;
2617 573 2713 630 sed
2760 572 2823 630 in
2861 587 3059 645 campo
3100 574 3308 645 victus,
3343 576 3567 649 primus

1862 662 1996 735 fuga
2024 662 2337 720 dilabitur:
2390 662 2560 720 villas
2600 679 2737 722 vero
2764 678 2911 738 quas
2949 663 3003 722 ei
3042 680 3146 721 rex
3194 682 3227 722 a
3256 667 3392 725 iisco
3423 674 3567 732 203

1860 749 1923 806 in
1953 749 2232 809 territorio
2253 750 2617 810 Suessionico
2648 752 2986 825 indulserat,
3015 754 3270 828 abstulit,
3292 763 3346 815 et
3372 759 3568 818 basili-

1861 858 1943 900 cae
1972 843 2217 902 contulit
2246 844 2397 902 beati
2431 845 2707 903 Medardi.
2739 847 2867 920 Ipse
2894 862 3123 922 quoque
3151 848 3410 907 Godinus
3448 866 3568 909 non

1859 938 1986 1006 post
2033 933 2285 992 multum
2340 940 2570 1007 tempus
2622 936 2922 1011 repentina
2978 943 3161 994 morte
3212 945 3563 1012 praeventus,

1860 1024 2101 1083 interiit.
2154 1024 2335 1099 Cujus
2382 1026 2688 1100 conjugem
2736 1027 3159 1101 Rauchingusi
3197 1030 3432 1102 accepit,
3474 1029 3566 1087 vir

1864 1120 2025 1178 omni
2054 1121 2304 1179 vanitate
2354 1122 2629 1194 repletus,
2684 1122 2956 1196 superbia
3012 1122 3289 1195 tumidus,
3323 1122 3569 1182 elatione

1863 1216 2204 1283 protervus;
2253 1210 2355 1287 qui
2389 1227 2448 1270 se
2497 1212 2576 1270 ita
2622 1229 2756 1270 cum
2805 1213 3078 1286 subjectis
3103 1214 3324 1287 agebat,
3358 1221 3421 1272 ut
3450 1229 3569 1273 non

1865 1304 2229 1370 cognosceret
2284 1298 2345 1356 in
2397 1315 2458 1357 se
2506 1299 2728 1379 aliquid
2769 1301 3150 1360 humanitatis
3202 1302 3432 1373 habere,
3468 1303 3568 1361 sed

1866 1386 2017 1445 ultra
2074 1388 2309 1446 modum
2361 1389 2636 1448 humanm
2667 1389 2905 1447 malitiae
2952 1398 3126 1464 atque
3176 1390 3568 1450 stultitia-iiii

1866 1493 2000 1535 suos
2031 1478 2375 1552 desceviens,
2406 1480 2657 1538 nefanda
2690 1478 2840 1537 mala
2869 1481 3119 1552 gerebat.
3168 1482 3317 1539 Nam
3361 1482 3409 1539 si
3437 1486 3574 1538 ante

1867 1583 2022 1637 eum,
2056 1574 2120 1626 ut
2147 1568 2354 1627 assolet
2380 1570 2438 1641 ι,
2473 1570 2741 1629 convivio
2768 1577 3034 1629 urentem
3064 1588 3205 1645 puer
3232 1587 3464 1631 cereum
3495 1578 3571 1630 te-

1868 1656 2110 1728 nuisset,
2153 1658 2367 1716 nudari
2403 1660 2530 1733 ejus
2560 1659 2728 1717 tibias
2766 1660 3030 1733 faciebat,
3082 1668 3256 1734 atque
3284 1662 3483 1721 tandiu
3510 1662 3574 1720 iu

99 1736 377 1827 legemque
400 1737 742 1827 canonicam
772 1753 1015 1796 uxorem
1050 1741 1239 1812 patrui
1269 1744 1594 1815 accepisset,
1619 1745 1842 1816 valdeB
1867 1748 1958 1805 his
1986 1762 2219 1806 cereum
2246 1748 2568 1820 comprimi,
2602 1750 2783 1808 donec
2821 1750 3046 1809 lumine
3073 1753 3436 1827 privaretur:
3474 1753 3577 1812 ite-

97 1842 317 1898 amarus,
349 1826 510 1884 dicto
561 1826 732 1885 citius
776 1827 849 1885 ad
887 1843 1059 1901 supra
1094 1838 1476 1890 memoratum
1508 1835 1782 1907 oppidum

104 1918 283 1991 dirigit.
313 1919 392 1976 At
436 1917 525 1975 illi
553 1934 690 1976 cum
744 1920 869 1977 haec
898 1922 1321 1994 cognovissent,
1359 1925 1511 1996 quod
1550 1927 1782 1987 eosdem

102 2025 330 2082 separare
381 2010 741 2085 decerneret,
796 2010 863 2067 ad
920 2010 1218 2068 basilicam
1284 2014 1466 2071 sancti
1525 2015 1782 2093 Martini,

98 2116 206 2173 qua:
225 2116 398 2174 super
426 2115 627 2159 muros
650 2100 899 2159 civitatis
921 2100 1129 2173 ligneis
1152 2101 1363 2161 tabulis
1387 2103 1659 2165 fabricata
1679 2115 1782 2182 est,

100 2189 413 2261 confugium
458 2190 699 2247 faciunt.
720 2192 843 2247 Rex
860 2204 997 2247 vero
1028 2190 1366 2263 adveniens,
1399 2209 1531 2252 cum
1554 2194 1617 2252 in
1642 2197 1788 2256 mul-

103 2281 157 2337 tis
182 2281 432 2354 ingeniis
456 2296 554 2340 eos
581 2281 796 2339 exinde
823 2282 1055 2339 auferre
1080 2282 1380 2354 niteretur,
1405 2290 1459 2342 et
1483 2285 1571 2344 illi
1592 2286 1787 2346 dolose

104 2392 212 2434 eum
249 2382 523 2451 putantes
560 2376 762 2447 facere,
796 2391 914 2435 non
952 2376 1268 2447 crederent,
1311 2377 1533 2452 juravit
1581 2382 1665 2440 eis
1699 2384 1792 2442 di-

107 2481 256 2523 cens:
288 2464 370 2537 Si,
402 2466 620 2538 inquit,
652 2465 918 2524 voluntas
950 2465 1052 2523 Dei
1074 2465 1247 2525 fuerit
1268 2468 1326 2540 ά,
1360 2469 1480 2541 ipse
1510 2470 1616 2531 hos
1638 2489 1795 2547 sepa-

111 2571 211 2612 rare
232 2570 351 2612 non
380 2560 709 2613 conaretur.
742 2548 995 2613 Hmc‘llli
1029 2562 1383 2614 sacramenta
1422 2559 1721 2620 audientes
1749 2574 1791 2634 ο,

111 2644 161 2701 de
190 2644 425 2702 basilica
459 2644 674 2718 egressi
706 2650 863 2717 sunt,
899 2646 1364 2721 exosculatisque
1413 2655 1467 2707 et
1494 2651 1796 2725 dignanter

112 2735 344 2809 acceptis,
394 2735 657 2807 epulavit
706 2752 841 2795 cum
893 2736 997 2796 eis.
1054 2737 1186 2795 Post
1226 2739 1350 2798 dies
1400 2757 1535 2801 vero
1560 2759 1792 2818 paucos,

113 2822 389 2895 adsumpto
422 2839 619 2881 secum
660 2840 763 2882 rex
794 2823 1154 2896 Merovecho,
1192 2826 1532 2886 Suessionas
1562 2831 1582 2866 τ
1605 2832 1794 2891 rediit.

164 2912 259 2973 III.
299 2914 452 2973 Cum
501 2920 697 2973 autem
746 2914 963 2972 ibidem
1015 2924 1533 2991 commorarentur,
1574 2920 1799 2981 collecti

116 3005 261 3078 aliqui
291 3006 361 3064 de
396 3006 734 3086 Campania,
761 3005 1101 3065 Suessionas
1130 3008 1333 3065 urbem
1361 3010 1796 3085 aggrediuntur,

1868 1857 1999 1901 rum
2013 1858 2145 1900 cum
2168 1841 2535 1901 illuminatus
2552 1844 2771 1915 fuisset,
2797 1844 3065 1902 similiter
3085 1845 3344 1917 faciebat,
3371 1862 3579 1921 usque-

1868 1933 2027 1992 dum
2061 1938 2195 1991 tota)
2236 1934 2391 1991 tibia)
2429 1934 2636 1994 famuli
2690 1928 2932 1997 tenentis
2972 1942 3379 1995 exurerentur.
3412 1937 3577 2008 Quod

1869 2023 1917 2082 si
1948 2038 2148 2081 vocem
2180 2022 2459 2096 emittere,
2494 2030 2594 2083 aut
2637 2041 2696 2083 se
2750 2027 2819 2083 de
2872 2026 2993 2083 loco
3037 2025 3140 2084 illo
3174 2026 3287 2084 alia
3322 2028 3389 2084 in
3419 2034 3578 2101 parte

1869 2129 2102 2173 movere
2132 2120 2372 2173 conatus
2394 2115 2614 2187 fuisset,
2644 2116 2839 2174 nudus
2866 2116 3021 2174 illico
3047 2116 3277 2190 gladius
3308 2118 3578 2176 immine-

1868 2204 2003 2275 bat;
2036 2204 2327 2279 ﬁebatque
2354 2210 2419 2263 ut
2465 2206 2572 2263 hoc
2622 2206 2814 2276 ﬂente,
2867 2204 2973 2264 iste
3004 2222 3212 2280 magna
3242 2207 3441 2267 laetitia
3468 2224 3579 2267 ex—

1872 2292 2133 2352 sultaret.
2164 2294 2416 2352 Aiebant
2442 2294 2600 2352 enim
2631 2293 2889 2367 quidam,
2924 2290 2991 2353 éo
3041 2302 3294 2368 tempore
3333 2297 3479 2356 duos
3508 2296 3581 2355 de

1872 2384 2109 2443 famulis
2135 2385 2285 2458 ejus,
2318 2391 2383 2443 ut
2414 2400 2563 2458 saepe
2592 2385 2894 2458 contingit,
2926 2392 3134 2445 mutuo
3164 2403 3225 2445 se
3262 2403 3459 2445 amore
3487 2387 3581 2446 di-
3652 2413 3662 2422 τ’

1875 2473 2108 2546 lexisse,
2139 2473 2337 2533 virum
2366 2474 2581 2534 scilicet
2626 2480 2680 2535 et
2726 2475 3001 2548 puellam.
3048 2476 3310 2551 Cumque
3335 2479 3461 2537 haec
3487 2477 3581 2537 di-

1877 2562 2042 2620 lectio
2077 2577 2180 2636 per
2233 2561 2485 2620 duorum
2537 2577 2827 2621 annorum
2880 2569 2983 2622 aut
3020 2580 3086 2622 eo
3124 2565 3374 2639 amplius
3404 2564 3585 2639 spatia

1878 2651 2223 2721 traheretur,
2276 2650 2565 2725 conjuncti
2640 2651 2853 2727 pariter
2906 2655 3235 2714 ecclesiam‘
3272 2655 3582 2728 petierunt.

1880 2742 2041 2814 Quod
2067 2758 2201 2801 cum
2228 2742 2607 2817 Rauchingus
2636 2744 3025 2818 comperisset,
3058 2744 3273 2803 accedit
3302 2745 3374 2803 ad
3395 2760 3584 2803 sacer-

1881 2835 2073 2893 dotem
2108 2834 2253 2902 loci;
2288 2840 2449 2908 rogat
2490 2835 2599 2893 sibi
2629 2835 2895 2909 protinus
2934 2835 3094 2895 reddi
3144 2850 3282 2894 suos
3328 2834 3581 2892 famulos

1880 2931 2203 2984 excusatos.
2258 2923 2420 2982 Tunc
2459 2924 2718 2983 sacerdos
2764 2925 2843 2982 ait
2887 2925 2957 2981 ad
3005 2940 3179 2983 eum:
3231 2924 3393 2982 Nosti
3422 2923 3582 2982 enim

1882 3032 2014 3090 qum
2035 3014 2327 3074 veneratio
2351 3014 2553 3072 debeat
2568 3014 2825 3088 impendi
2846 3013 3101 3072 ecclesiis
3121 3012 3246 3071 Dei.
3271 3012 3399 3071 Non
3421 3009 3578 3070 enim

116 3096 399 3171 fugataque
432 3113 508 3155 ex
542 3113 608 3155 ea
644 3097 1023 3171 Fredegmde
1068 3099 1288 3171 regina.
1336 3105 1507 3173 atque
1550 3100 1858 3178 ChlodO-C
1881 3109 2092 3185 poteris
2115 3124 2212 3167 eos
2241 3107 2517 3181 accipere,
2553 3107 2669 3165 nisi
2715 3113 2777 3165 ut
2808 3107 2979 3165 ﬁdem
3029 3105 3207 3164 facias
3232 3105 3303 3163 de
3350 3118 3585 3178 perma-

3458 263 3601 326 318—
3665 303 3668 306 η

118 3188 401 3247 vechoﬁlio
424 3188 755 3262 Chilperici,
794 3188 1063 3247 volebant
1084 3188 1194 3247 sibi
1218 3190 1460 3249 subdere
1484 3192 1794 3255 civitatem.
1882 3207 2057 3259 nente
2084 3214 2287 3257 eorum
2335 3196 2780 3271 conjunctione;
2828 3195 3097 3254 similiter
3126 3203 3180 3254 et
3212 3201 3277 3254 ut
3312 3194 3383 3251 de
3420 3192 3585 3252 omni

120 3277 257 3347 QUOd
300 3286 361 3337 ut
397 3279 763 3353 Chilpericus
807 3294 910 3336 P6X
949 3280 1222 3354 comperit
1253 3291 1315 3346 ε,
1360 3298 1492 3340 Cum
1538 3285 1797 3344 exercitu
1880 3305 2053 3365 poena
2073 3286 2353 3361 corporali
2380 3286 2546 3345 liberi
2574 3291 2864 3357 maneant,
2895 3283 3328 3358 repromittasl.
3365 3282 3582 3354 Atille,

118 3371 231 3429 illuc
257 3373 493 3443 direxit,
529 3372 762 3429 mittens
794 3371 1028 3429 nuntios
1064 3388 1136 3429 ne
1181 3372 1292 3430 sibi
1332 3372 1611 3447 injuriam
1646 3377 1797 3434 face-
1879 3399 2014 3442 cum
2042 3382 2145 3441 diu
2171 3380 2484 3454 ambiguus
2514 3380 2855 3453 cogitatione
2883 3381 3153 3451 siluisset,
3184 3378 3417 3437 tandem
3441 3391 3584 3434 con-
3642 3446 3650 3453 .

116 3471 239 3535 rent,
266 3474 320 3524 et
349 3464 651 3523 excidium
693 3465 763 3523 de
798 3470 1046 3540 utroque
1089 3466 1349 3524 eveniret
1377 3469 1656 3529 exercitu.
1700 3470 1795 3531 Illi

121 3563 286 3613 autem
342 3557 472 3614 11330
526 3555 901 3628 negligentes,
958 3563 1361 3630 praeparantur
1413 3558 1485 3616 ad
1533 3560 1794 3620 bellum:

123 3648 520 3720 commissoque
568 3646 769 3719 przelio
796 3644 1048 3704 invaluit
1090 3662 1221 3720 pars
1268 3646 1596 3721 Chilperici,
1626 3656 1799 3724 atque

124 3734 319 3809 fugavit
339 3742 565 3812 partem
604 3736 715 3794 sibi
746 3736 1067 3807 adversam,
1105 3735 1318 3795 multos
1347 3753 1422 3795 ex
1448 3754 1513 3797 ea
1536 3746 1803 3801 strenuos

126 3838 271 3905 atque
324 3833 501 3891 utiles
554 3832 709 3890 viros
767 3837 1153 3906 prosternens,
1201 3833 1529 3907 fugatisque
1568 3835 1805 3910 reliquis

125 3920 438 3984 Suessionas
469 3922 813 3997 ingreditur.
847 3923 989 3993 Quze
1017 3928 1320 3996 postquam
1359 3931 1481 3983 acta
1509 3934 1664 4000 sunt,
1698 3944 1805 3988 rex

130 4020 328 4085 propter
369 4011 843 4086 conjugationem
882 4010 1297 4084 Brunichildis,
1338 4022 1668 4087 suspectum
1695 4018 1799 4077 ha-

131 4100 241 4160 bere
268 4104 438 4177 cmpit
487 4102 901 4162 Merovechum
956 4101 1148 4161 filium
1197 4119 1393 4176 suum,
1437 4104 1653 4177 dicens,
1694 4108 1803 4166 hoc

131 4191 363 4260 praelium
405 4192 533 4265 ejus
570 4192 828 4265 nequitia
866 4192 1223 4250 surrexisse:
1266 4192 1690 4269 spoliatumque
1726 4198 1800 4257 ab

134 4284 303 4353 armis,
350 4283 499 4341 datis
545 4282 883 4342 custodibus
928 4282 1156 4340 libere"
1185 4284 1459 4342 custodiri
1502 4288 1793 4362 praecepit,

135 4378 353 4432 tractans
379 4373 525 4447 quid
553 4373 625 4431 de
662 4388 729 4432 eo
776 4372 840 4430 in
880 4376 1174 4445 posterum
1205 4372 1511 4433 ordinaret.
1544 4374 1804 4435 Godinus

177 4590 193 4609 ·
228 4580 308 4631 Sic
362 4582 541 4643 Regm.
620 4582 672 4629 et
733 4578 908 4640 Bad.;
970 4579 1118 4639 Bec.,
1188 4577 1465 4633 Metcdum.
1531 4580 1637 4631 Ali
1693 4584 1805 4635 tres

124 4663 261 4706 mss...
294 4652 532 4703 Hetedus.
574 4650 706 4702 Editi
737 4650 1003 4715 plerique,
1039 4649 1464 4714 Maledis,r,vulgo
1498 4652 1708 4704 Meauai.

177 4722 195 4750 δ
223 4723 345 4781 Alii,
408 4722 755 4775 Rucculenus.
829 4721 1044 4784 Begm.,
1099 4721 1399 4775 Rototenus.
1460 4724 1612 4787 Bec.,
1676 4724 1805 4779 Ruc—

119 4794 335 4852 eatenus,
374 4800 427 4848 et
456 4794 615 4855 infra,
646 4805 763 4856 cap.
798 4792 841 4850 4,
871 4791 1202 4851 Ruccotinus,
1229 4806 1328 4845 seu
1360 4793 1674 4849 Rutulenus.

142 4865 358 4945 Infra
389 4879 515 4945 cap.
561 4867 610 4925 ιι,
646 4864 781 4917 etin
826 4862 918 4914 lib.
954 4876 993 4915 ιι
1039 4865 1109 4917 de
1157 4864 1427 4918 Miraculis
1461 4868 1637 4918 sancti
1666 4867 1799 4920 Mar-

123 4938 467 5072 "Illique?in
493 5007 624 5061 editi
670 5019 793 5060 cum
841 4970 993 5069 Bec.,
1050 5006 1216 5071 foret.
1270 5006 1434 5070 Bad.,
1487 5007 1647 5073 foret,
1692 5011 1803 5076 ipse

124 5090 199 5130 1‘08
222 5092 473 5143 separare
495 5093 603 5131 ηοη
625 5090 867 5132 conarer.
1496 5088 1504 5095 ”

157 5159 190 5227 ᾖ
223 5152 342 5211 Alii,
397 5151 737 5215 accipientes.
797 5150 855 5202 Et
886 5146 1027 5200 infra
1076 5146 1251 5212 Colb.,
1292 5148 1541 5214 epulatus
1568 5156 1640 5206 est
1677 5167 1804 5206 cum

124 5232 337 5410 :1.an
384 5294 662 5357 Sessiones,
727 5295 781 5346 et
829 5293 1078 5347 inferius.
1134 5291 1321 5357 Regm.
1386 5305 1521 5348 vero
1570 5296 1623 5348 et
1651 5294 1803 5357 Bec.,

157 5376 382 5410 εειιοηις.

157 5376 397 5491 efﬁgit]?!
441 5436 685 5490 Valesius
727 5436 816 5489 hic
849 5436 953 5489 sibi
988 5437 1089 5501 ipsi
1127 5436 1458 5489 contrarium
1507 5448 1632 5489 esse
1680 5436 1808 5489 Gre-

126 5509 336 5571 gorium,
379 5510 466 5573 qui
524 5508 889 5572 Cbilpericum
945 5507 1324 5562 Suessiouibus
1377 5511 1805 5559 commorantem

127 5576 302 5702 Elicit;t
326 5584 381 5634 et
411 5585 589 5635 tamen
638 5580 708 5634 de
756 5592 821 5633 eo
852 5580 933 5633 sic
964 5578 1224 5646 idquitur,
1270 5579 1426 5645 quasi
1471 5579 1546 5631 ibi
1573 5590 1686 5631 non
1708 5579 1801 5632 ad-

147 5658 281 5703 uisse
307 5688 321 5703 .

182 5718 203 5750 ³
242 5720 347 5777 Viri
400 5722 638 5781 illustres
687 5722 1037 5781 honestorum
1104 5733 1322 5788 semper
1380 5721 1658 5778 hominum
1707 5732 1802 5777 cu-

1812 4485 1863 4543 D

1883 3488 2088 3532 versus
2118 3472 2189 3531 ad
2220 3472 2588 3543 sacerdotem,
2619 3472 2812 3546 posuit
2832 3487 3041 3530 manus
3068 3486 3201 3529 suas
3224 3483 3398 3542 super
3416 3467 3584 3526 altari

1885 3575 2018 3620 cum
2047 3560 2399 3634 juramento,
2426 3559 2658 3618 dicens:
2707 3557 2855 3628 Quia
2886 3572 3189 3631 nunquam
3228 3563 3401 3614 erunt
3426 3570 3460 3612 a
3488 3568 3585 3611 me

1883 3650 2208 3724 separandi,
2241 3650 2339 3707 sed
2366 3649 2559 3723 potius
2588 3664 2693 3722 ego
2716 3648 2944 3720 faciam,
2981 3653 3048 3706 ut
3083 3647 3147 3705 in
3192 3647 3299 3704 hac
3336 3644 3587 3717 conjun-

1884 3739 2072 3797 ctione
2100 3742 2509 3812 permaneant:
2562 3738 2700 3811 quia
2727 3748 3065 3809 quanquam
3096 3733 3242 3792 mihi
3277 3732 3584 3791 molestum

1888 3833 2082 3905 fuerit,
2116 3832 2270 3908 quod
2299 3831 2516 3906 absque
2560 3828 2675 3888 mei
2704 3829 2935 3889 consilii
2971 3825 3342 3888 conniventia
3368 3837 3408 3863 ιιι
3448 3822 3586 3881 talia

1888 3931 2035 3990 204
2064 3923 2181 3982 sint
2207 3930 2384 3995 gesta,
2415 3921 2562 3981 illud
2593 3928 2784 3979 tamen
2832 3920 3020 3979 libens
3070 3917 3401 3992 amplector,
3432 3912 3586 3988 quod

1885 4032 1990 4073 nec
2035 4015 2129 4072 hic
2181 4011 2453 4070 ancillam
2487 4008 2745 4080 alterius,
2792 4024 2983 4082 neque
3014 4008 3140 4066 haec
3169 4003 3433 4065 extranei
3462 4018 3586 4061 ser-

1884 4121 2027 4164 vum
2078 4102 2373 4175 acceperit.
2442 4098 2698 4157 Credidit
2758 4098 3020 4157 sacerdos
3078 4095 3179 4154 ille
3243 4093 3583 4167 simpliciter

1880 4192 2249 4268 promissioni
2278 4189 2535 4249 hominis
2563 4186 2777 4259 callidi,
2811 4187 3176 4260 reddiditque
3194 4184 3460 4244 homines
3489 4197 3590 4240 ex-

1879 4290 2127 4344 cusatos.
2173 4282 2396 4353 Quibus
2446 4280 2546 4339 ille
2581 4278 2846 4352 acceptis,
2879 4286 2935 4336 et
2969 4277 3180 4351 gratias
3225 4290 3421 4348 agens,
3451 4273 3586 4332 abs-

1884 4376 2053 4436 cessit
2085 4376 2155 4433 ad
2184 4375 2425 4433 domum
2453 4386 2638 4443 suam,
2670 4376 2728 4429 et
2787 4368 2982 4427 statim
3027 4366 3203 4441 jussit
3232 4364 3370 4424 elidi
3414 4364 3582 4423 arbo-

1895 4575 2084 4628 stodize
2129 4569 2614 4627 committebantur,
2653 4572 2712 4621 ut
2761 4570 2910 4620 notat
2938 4566 3302 4628 Hieronymus
3334 4563 3390 4614 in
3426 4562 3521 4613 lib.
3546 4575 3585 4613 ιι

1886 4646 2098 4698 advers.
2162 4643 2524 4706 Vigilantiam.
2600 4640 2727 4691 Vide
2801 4638 2895 4691 lib.
2966 4651 2985 4688 ι
3058 4636 3125 4688 de
3179 4633 3362 4687 Gloria
3414 4635 3584 4706 Mart,

1886 4730 2003 4781 cap.
2052 4717 2131 4768 45.
2174 4705 2472 4765 Delicatum
2523 4711 2827 4763 custodiam
2855 4707 3094 4774 appellat
3132 4707 3345 4759 Pontius
3379 4706 3435 4759 in
3477 4705 3586 4758 Vita

1889 4787 2061 4840 sancti
2096 4784 2369 4848 Cypriani,
2399 4793 2549 4833 num.
2579 4782 2653 4832 15.

1947 4897 1958 4925 ί
1988 4894 2105 4957 Alii,
2140 4888 2528 4944 Rauchinchua.
3178 4962 3181 4963 ν

1941 5008 1955 5054 i
1988 5002 2141 5055 Corb.
2166 5005 2216 5055 et
2240 4998 2387 5062 Bell.,
2411 4999 2563 5051 ultra
2594 4994 2819 5049 modum
2840 4995 3003 5057 atque
3031 4989 3340 5043 stultitiam.

1945 5112 1966 5142 ι
2005 5110 2087 5161 Sic
2127 5109 2181 5159 in
2235 5106 2371 5159 libro
2429 5117 2469 5156 ll
2535 5103 2740 5167 Dialog.
2775 5101 2823 5153 S.
2890 5097 3151 5161 Gregorii,
3191 5108 3309 5160 cap.
3352 5095 3430 5155 20,
3463 5105 3586 5167 mo-

1886 5179 2096 5233 nachus
2149 5178 2367 5242 quidam
2426 5176 2475 5227 8.
2532 5176 2580 5227 P.
2632 5166 2924 5226 Benedicto
2972 5170 3040 5221 ad
3084 5178 3329 5222 mensam
3377 5166 3590 5219 sedenti

1887 5252 2168 5305 lucernam
2192 5248 2427 5302 tenebat.

1953 5362 2178 5414 ‘Exstat
2240 5371 2305 5411 ea
2364 5358 2433 5409 de
2481 5369 2543 5409 re
2596 5352 2829 5407 formula
2860 5347 3004 5415 apud
3055 5347 3395 5411 Bignouium,
3445 5348 3586 5400 inter

1888 5435 2105 5556 veteris
2165 5430 2357 5483 incerti
2416 5428 2656 5483 auctoris
2701 5436 2850 5477 num.
2904 5422 2985 5475 22.
3043 5418 3172 5473 Vide
3228 5423 3281 5473 et
3338 5422 3585 5486 ejusdem

1890 5504 1996 5555 viri
2024 5516 2053 5555 c
2081 5542 2095 5556 .
2128 5506 2302 5554 notas.

1891 5621 1981 5737 h;
2010 5609 2153 5663 Colb.
2204 5620 2328 5663 cum
2375 5606 2579 5673 aliquot
2612 5602 2788 5664 editis,
2838 5601 3237 5658 convenientia.
3281 5602 3425 5667 Bec.,
3460 5614 3588 5657 con-

1927 5683 1947 5736 i
1980 5682 2149 5737 entia.
2896 5732 2909 5735 -

1927 5682 2149 5738 ibentia.
