4006 6182
364 173 468 232 319

1446 171 1504 231 S.
1547 171 1904 232 GREGORII
1944 169 2278 231 EPISCOPI
2315 167 2785 228 TURONENSIS

3743 164 3869 223 3‘20

367 313 516 368 rem,
552 301 986 371 truncatamque
1016 296 1350 356 columnam
1381 298 1510 371 ejus
1554 313 1657 372 per
1679 298 1862 372 capita
1888 300 2132 359 cuneoA
2153 313 2386 372 quoque
2411 296 2606 356 clavos
2635 291 3067 361 Cenomanni‘ci,
3087 290 3199 372 qui;
3211 294 3352 348 tunc
3375 304 3512 347 cum
3535 288 3732 348 eodem
3754 289 3872 347 ad-

367 386 604 444 seissam
633 399 656 423 τι
685 385 953 459 praecepit
978 385 1266 455 excavari,
1299 387 1616 460 effossaque
1655 387 1714 444 in
1768 387 2071 446 altitudine

369 476 548 533 trium
575 482 674 533 aut
702 481 950 548 quatuor
976 475 1190 547 pedum
1220 476 1420 546 humo,
1443 476 1658 549 deponi
1684 493 1785 534 vas
1817 478 1983 550 jubet
2008 478 2069 534 in

2155 367 2452 457 venerant,
2502 384 2755 457 impletis
2795 381 3034 441 follibus
3057 380 3078 409 ⁸³
3105 367 3352 452 portant,
3402 393 3664 436 annonas
3693 393 3872 438 ever-

2157 491 2304 554 tunt,
2347 489 2403 540 et
2455 489 2663 540 cuncta
2698 481 3019 538 devastant.
3052 476 3159 535 Sed
3188 477 3329 534 dum
3351 475 3473 533 haec
3498 474 3876 532 Boocolenus

367 563 614 622 foveam.
646 557 847 637 Ibique
864 564 1117 636 puellam
1142 571 1205 623 ut
1230 573 1515 623 mortuam
1539 582 1910 640 componens,
1937 584 2071 648 pue-
2153 575 2289 647 agit,
2329 589 2362 631 a
2403 573 2519 630 Deo
2548 570 2887 645 percutitur,
2930 567 3246 638 morboque
3301 563 3456 636 regio
3509 578 3742 620 croceus
3769 561 3876 618 ef-

371 668 503 709 rum
537 653 782 724 desuper
804 651 1004 725 jactari
1049 654 1361 726 praecepit:
1413 656 1714 730 positoque
1765 658 2068 730 opertorio,

2157 668 2358 736 fectus,
2393 664 2663 748 mandata
2693 676 2894 735 aspera
2938 658 3197 721 remittit,
3248 655 3481 712 dicens:
3530 652 3654 710 Nisi
3686 652 3879 748 hodie

369 745 584 801 fossam
625 743 803 800 humo
839 743 1096 816 replevit,
1133 745 1513 819 sepelivitque
1558 763 1652 805 eos
1682 747 1962 818 viventes,
1992 749 2074 807 di-
2154 742 2505 831 projeceritis
2536 752 3042 811 Guntchramn-um
3099 746 3301 804 ducem
3353 744 3423 801 de
3475 743 3732 811 haSilica,
3782 742 3878 799 ita

368 847 504 888 cens
534 849 544 888 :
577 831 721 899 Quia
757 847 871 889 non
902 833 1176 890 l‘rustravi
1194 833 1591 906 juramentum
1621 851 1838 907 meum,
1871 844 2073 896 utnon

368 927 772 990 separarentur
810 920 872 977 hi
897 921 956 978 in
991 922 1434 1002 sempiternum.
1468 922 1607 991 Quae
1635 939 1766 982 cum
1799 925 2075 983 sacerdoti

371 1008 635 1066 nuntiata
667 1009 928 1079 fuissent,
963 1010 1105 1068 illuc
1154 1013 1413 1070 cucurrit
1463 1012 1752 1082 velociter,
1793 1021 1846 1070 et
1885 1014 2072 1072 incre-

368 1113 511 1170 pans
534 1099 854 1169 hominem,
885 1101 987 1158 vix
1038 1100 1287 1159 obtinuit
1310 1108 1374 1159 ut
1397 1101 1816 1173 detegerentur.
1837 1101 2074 1161 Verum-

371 1195 562 1246 tamen
593 1205 840 1263 puerum
872 1192 1074 1249 vivum
1105 1193 1375 1260 extraxit,
1418 1192 1672 1265 puellam
1701 1209 1836 1250 vero
1868 1194 2075 1266 reperit

371 1277 728 1335 suifocatam.
763 1279 832 1336 In
867 1279 1080 1338 talibus
1125 1281 1282 1336 enim
1334 1280 1604 1352 operibus
1636 1280 1801 1338 valde
1839 1283 2070 1354 nequis.

373 1363 556 1422 simus
590 1374 728 1432 erat,
764 1366 990 1424 nullam
1020 1367 1192 1424 aliam
1234 1366 1452 1424 habens
1479 1367 1669 1440 potius
1698 1368 1719 1396 δ
1746 1367 2074 1438 utilitatem,

375 1457 486 1514 nisi
523 1459 582 1516 in
618 1461 919 1518 cachinnis
948 1477 1012 1519 ac
1043 1462 1209 1530 dolis,
1242 1462 1630 1537 omnibusque
1669 1465 1954 1536 perversis
1984 1480 2073 1522 re-

368 1545 498 1605 bus.
532 1548 696 1606 Unde
745 1566 860 1606 non
910 1550 1201 1608 immerito
1239 1551 1426 1608 taliter
1453 1553 1700 1609 exceSsit
1726 1569 1758 1609 a
1798 1553 1936 1624 vita,
1971 1551 2076 1626 qui

2158 853 2363 904 cuncta
2391 843 2638 902 virentia
2668 857 2801 915 quae
2828 845 2964 899 sunt
3012 838 3162 896 circa
3201 835 3406 894 urbem
3437 840 3675 890 atteram
3708 831 3760 900 ί,
3797 837 3875 888 ut

2157 935 2369 1006 dignus
2397 933 2493 990 liat
2522 939 2708 988 aratro
2737 930 2896 986 locus
2927 927 3044 983 ille.
3071 923 3311 981 Interim
3338 922 3573 979 advenit
3591 920 3711 978 dies
3733 935 3876 977 sau-

2159 1031 2283 1080 ctus
2313 1021 2670 1094 Epiphaniae,
2699 1025 2752 1075 et
2783 1018 2876 1074 hic
2907 1015 3089 1088 magis
3134 1029 3199 1071 ac
3231 1011 3414 1084 magis
3468 1010 3724 1082 torqueri
3753 1024 3875 1066 cce-

2158 1113 2259 1185 pit.
2293 1110 2459 1167 Tunc
2489 1113 2716 1181 accepto
2740 1124 2773 1164 a
2798 1106 2921 1165 suis
2947 1103 3206 1173 consilio,
3239 1115 3408 1158 amne
3447 1105 3754 1168 transacto,
3795 1097 3876 1154 ad

2159 1199 2450 1257 civitatem
2495 1196 2731 1255 accedit.
2763 1195 3026 1265 Denique
3061 1208 3194 1250 cum
3230 1188 3540 1261 psallentes
3571 1187 3640 1244 de
3673 1186 3875 1243 eccle-

2159 1285 2274 1342 siaj
2309 1285 2521 1358 egressi
2568 1285 2640 1340 ad
2696 1290 2950 1338 sanctam
2998 1277 3292 1334 basilicam
3329 1279 3718 1346 properarent,
3775 1270 3877 1328 hic

2159 1384 2284 1448 post
2313 1391 2545 1434 crucem
2576 1371 3034 1446 praecedentibus
3063 1368 3262 1440 signis,
3289 1379 3437 1438 equo
3461 1361 3876 1434 superpositus

2158 1467 2468 1525 ferebatur.
2526 1463 2748 1522 Verum
2787 1461 2897 1520 ubi
2953 1458 3250 1516 basilicam
3305 1459 3562 1511 sanctam
3616 1449 3876 1521 introiit,

2159 1574 2298 1616 mox
2329 1558 2492 1616 furor
2523 1554 2803 1613 minantis
2847 1550 3095 1624 intepuit
3123 1548 3149 1586 ¹ι
3179 1571 3191 1605 :
3229 1555 3637 1616 regressusque
3665 1540 3742 1597 ab
3775 1555 3880 1596 ec-

373 1637 508 1694 talia
537 1639 709 1711 gessit
738 1655 871 1696 cum
925 1641 1212 1698 frueretur
1243 1641 1350 1697 hac
1393 1640 1530 1706 vita,
1577 1643 1728 1715 quod
1777 1647 1838 1699 in
1887 1648 2352 1722 poste-Bclesia,
2387 1646 2540 1704 nihil
2568 1645 2682 1703 cibi
2713 1659 2776 1700 ea
2805 1641 2898 1698 die
2927 1638 3179 1710 accipere
3229 1634 3433 1722 potuit.
3471 1629 3700 1722 Exinde
3732 1643 3881 1722 eum

373 1741 506 1785 rum
532 1727 812 1801 digesturi
839 1745 1043 1788 sumus
1091 1733 1210 1796 (lib.
1242 1744 1328 1802 Ix,
1369 1750 1488 1803 cap.
1520 1731 1598 1800 9).
1650 1731 1822 1805 Siggo
1851 1749 2082 1808 quoque

373 1819 800 1879 referendarius
829 1832 848 1857 °
865 1867 881 1892 ,
914 1822 1015 1895 qui
1042 1821 1334 1878 annulum
1360 1823 1511 1894 regis
1529 1820 1800 1894 Sigiberti
1824 1830 2082 1881 tenuerat

379 1916 434 1968 et
468 1910 542 1978 ab
571 1909 894 1984 Chilperico
917 1907 1078 1985 'rege
1127 1920 1469 1986 provocatus
1516 1918 1656 1984 erat,
1688 1919 1749 1971 ut
1777 1913 2081 1972 servitium

377 1996 531 2071 quod
579 2005 835 2074 tempore
889 2000 1084 2060 fratris
1145 2000 1240 2058 sui
1284 2001 1583 2072 habuerat,
1655 2003 1960 2069 obtineret,
2011 2001 2085 2058 ad

378 2088 810 2149 Childebertum
855 2107 1044 2164 regem
1091 2091 1362 2164 Sigiberti
1406 2091 1592 2149 tilium
1623 2092 1821 2151 relicto
1853 2091 2082 2166 Chilpe-

379 2177 496 2234 rico
529 2179 810 2249 transivit,
847 2194 1053 2252 resque
1073 2181 1197 2253 ejus
1220 2196 1365 2254 quas
1390 2179 1450 2235 in
1483 2178 1850 2237 Suessionico
1875 2179 2090 2237 habue-

381 2271 488 2335 rat,
515 2265 842 2325 Ansoaldus
869 2269 894 2303 ά
922 2268 1194 2326 obtinuit.
1256 2267 1427 2324 Multi
1459 2273 1653 2324 autem
1683 2273 1736 2323 et
1765 2265 1865 2324 alii
1894 2267 1964 2324 de
1994 2267 2088 2326 his

383 2354 485 2429 qui
515 2371 575 2413 se
603 2357 674 2414 de
704 2373 882 2431 regno
915 2358 1186 2431 Sigiberti
1208 2357 1279 2415 ad
1298 2357 1690 2430 Cbilpericum
1717 2356 2084 2422 tradiderant,

382 2453 762 2505 recesserunt.
798 2449 960 2506 Uxor
989 2464 1218 2524 quoque
1253 2448 1520 2522 Siggonis
1561 2463 1677 2505 non
1727 2455 1853 2520 post
1903 2449 2090 2505 multo

385 2537 657 2608 temporis
687 2538 869 2616 spatio
897 2552 919 2577 °
948 2539 1088 2597 obiit
1119 2564 1130 2597 :
1173 2539 1271 2596 sed
1303 2538 1404 2597 ille
1433 2539 1606 2596 aliam
1628 2554 1832 2596 rursus
1852 2538 2086 2609 accepit.

457 2623 557 2682 IV.
609 2625 714 2684 His
739 2627 945 2686 diebus
993 2627 1366 2698 Roccolenus,
1400 2626 1472 2684 ab
1501 2625 1824 2700 Chilperico
1851 2625 2087 2696 missus,

390 2713 642 2793 Turonis
672 2715 906 2772 advenit
932 2731 1064 2774 cum
1098 2731 1307 2790 magna
1328 2715 1622 2788 jactantia,
1657 2719 1712 2772 et
1736 2713 1886 2773 ultra
1916 2715 2088 2787 Lige-

2165 1716 2607 1795 valdeanhelus
2639 1737 2811 1799 esset,
2847 1727 3093 1786 Pictavis
3140 1721 3530 1782 abiit.-Erant
3555 1716 3718 1776 enim
3749 1716 3883 1774 dies

2165 1839 2374 1892 sanctae
2399 1827 2886 1902 Quadragesiman,
2905 1825 2967 1882 in
2993 1839 3106 1896 qua
3127 1823 3276 1880 fetus
3289 1815 3696 1877 cuniculorum
3720 1825 3887 1902 saepe

2164 1899 2434 1979 comedit.
2462 1899 2765 1990 Dispositis
2795 1910 3307 1976 veroactionibus,
3337 1903 3636 1990 quibusin
3663 1899 3880 1958 kalen-

2165 2009 2254 2065 dis
2282 2005 2501 2064 Martiis
2530 1987 2682 2061 cives
2705 2002 2963 2059 Pictavos
2993 1997 3084 2055 vel
3110 1995 3405 2066 afﬂigeret,
3427 1989 3521 2048 vel
3543 1987 3877 2052 damnaret,

2169 2101 2314 2158 206
2364 2093 2546 2167 pridie
2584 2091 2842 2149 animam
2869 2086 3157 2146 reddidit:
3217 2091 3271 2141 et
3324 2081 3405 2138 sic
3457 2075 3751 2150 superbia,
3791 2080 3884 2132 tu-
3953 2090 3975 2097 ν·

2170 2199 2408 2256 morque
2431 2182 2669 2256 quievit.

2243 2269 2313 2327 V.
2344 2269 2424 2326 Eo
2454 2271 2466 2307 ι
2498 2277 2751 2342 tempore
2783 2259 2950 2324 Felix
2990 2262 3342 2323 Namneticae
3366 2258 3528 2317 urbis
3547 2256 3883 2330 episcopus,

2171 2360 2387 2432 litteras
2445 2358 2595 2416 mihi
2661 2356 2886 2430 scripsit
2961 2354 3162 2428 plenas
3219 2347 3559 2424 opprobriis,
3615 2343 3888 2432 scribens

2172 2431 2345 2508 etiam
2399 2449 2634 2506 fratrem
2683 2462 2879 2505 meum
2937 2446 3010 2503 ob
3044 2445 3151 2502 hoc
3199 2441 3587 2506 interiectum,
3620 2449 3687 2491 eo
3722 2431 3889 2504 quod

2171 2542 2292 2616 ipse
2346 2541 2593 2614 cupidus
2654 2541 3031 2614 episcopatus,
3085 2537 3413 2611 epiSCOpum
3477 2525 3887 2616 interiecisset.

2176 2613 2286 2688 Sed
2321 2637 2386 2686 ut
2428 2613 2561 2686 haec
2606 2613 2898 2697 scriberet,
2952 2625 3153 2684 villam
3211 2621 3464 2681 ecclesiae
3522 2613 3888 2687 concupivit.

2174 2718 2361 2786 Quam
2389 2733 2525 2776 cum
2555 2717 2690 2775 dare
2715 2717 2950 2788 nollem,
2983 2714 3241 2772 evomuit
3265 2714 3325 2770 in
3354 2725 3464 2777 me,
3500 2713 3563 2765 ut
3591 2704 3742 2773 dixi,
3767 2701 3888 2776 ple-

388 2804 500 2861 rim
527 2811 717 2872 castra,
731 2821 974 2878 ponens,
1006 2807 1245 2864 nuntios
1271 2806 1342 2863 ad
1375 2821 1479 2863 nos
1509 2805 1745 2875 direxit,
1789 2810 1851 2864 ut
1876 2804 2093 2862 scilicet
2176 2824 2289 2866 nus
2320 2810 2530 2878 furore,
2568 2804 2872 2880 opprobria
2899 2803 3080 2860 mille.
3131 2801 3239 2859 Cui
3283 2795 3595 2888 aliquando
3618 2805 3738 2888 ego‘
3760 2803 3886 2888 res-

392 2893 925 2965 Guntchramnum,
958 2897 1061 2969 qui
1117 2903 1263 2960 205
1312 2902 1447 2954 tunc
1497 2896 1568 2952 de
1614 2900 1797 2952 morte
1825 2893 2091 2952 Theodo—
2178 2897 2389 2970 pondi:
2456 2917 2478 2946 ι
2527 2896 2814 2954 Memento
2842 2893 2978 2950 dicti
3006 2887 3354 2963 prophetici:
3403 2890 3496 2942 Va:
3523 2884 3607 2937 his
3636 2882 3889 2970 quiijun-

391 2983 537 3042 berti
571 2983 973 3059 impetebatur,
1023 3004 1053 3043 a
1102 2985 1336 3045 basilica
1367 2991 1562 3043 sancta
1595 2985 1938 3044 deberemus
1987 3001 2153 3073 (ιχ-ρ
2177 2969 2312 3058 puni
2343 2989 2558 3043 domum
2591 2987 2664 3041 ad
2691 2986 2926 3045 domum,
2960 2986 3010 3035 et
3040 2996 3232 3048 agrum
3271 2977 3344 3031 ad
3379 2969 3884 3073 agruﬁfﬁcgpfl‘fn‘t:

394 3075 639 3134 trahere.
662 3055 831 3146 Quod
856 3055 1042 3135 sinon
1088 3078 1427 3147 faceremus,
1463 3083 1520 3134 et
1546 3075 1856 3145 civitatem,
1889 3081 1943 3134 et.
1970 3055 2153 3133 om-u
2180 3055 2447 3149 Nunquid
2489 3079 2594 3132 soli
2619 3074 3009 3131 inhabitabant
3050 3078 3248 3125 terram
3280 3068 3428 3134 (Isai.
3467 3077 3520 3131 v,
3554 3060 3603 3127 8)
3624 3059 3652 3111 ἵ
3758 3055 3806 3111 Si
3840 3059 3891 3108 te

395 3163 490 3219 nia
524 3163 856 3224 suburbana
878 3167 1003 3240 ejus
1025 3167 1254 3240 juberet
1279 3166 1547 3224 incendio
1575 3166 1947 3242 concremari.
1973 3164 2099 3234 Quo
2179 3163 2743 3226 habuissetMassilia
2759 3161 3107 3219 sacerdotem
3129 3158 3138 3213 !
3160 3167 3460 3226 nunquam
3476 3160 3649 3242 naves
3665 3141 3886 3208 oleum,

394 3252 594 3311 audito
622 3253 907 3314 mittimus
935 3257 1006 3314 ad
1048 3273 1183 3315 eum
1219 3256 1585 3331 legationem,
1620 3256 1911 3314 dicentes:
1963 3255 2101 3313 Haec

279 3368 288 3375 ι
395 3337 468 3396 ab
501 3341 742 3414 antiquo
769 3342 914 3428 facta
948 3360 1063 3402 non
1097 3345 1296 3412 fuisse,
1331 3358 1467 3416 quae
1522 3342 1617 3399 hic
1669 3341 1793 3399 fieri
1831 3343 2099 3414 deposce-

398 3428 524 3497 bat;
562 3432 660 3489 sed
689 3449 794 3491 nec
819 3435 988 3493 modo
1017 3433 1268 3508 permitti
1307 3447 1494 3507 posse,
1537 3438 1603 3490 ut
1648 3432 1884 3490 basilica
1908 3438 2102 3491 sancta

401 3515 739 3576 violaretur.
771 3520 936 3589 Quod
983 3522 1030 3578 si
1085 3523 1265 3590 ﬁeret,
1299 3537 1403 3579 nec
1432 3521 1542 3579 sibi
1573 3521 1694 3578 fore
1739 3536 2100 3593 prosperum,

400 3621 509 3664 nec
534 3608 655 3680 regi
687 3610 788 3681 qui
819 3611 943 3668 haec
963 3611 1125 3682 jussa
1153 3611 1505 3680 mandasset;
1543 3617 1939 3684 metueretque
1977 3626 2100 3667 ma-

401 3697 490 3768 gis
522 3700 879 3758 sanctitatem
924 3702 1219 3773 antistitis,
1269 3703 1438 3775 cujus
1483 3702 1672 3760 virtus
1711 3703 1977 3760 hesterna
2006 3703 2100 3761 die

401 3788 774 3860 paralyticam
812 3791 832 3830 τ
857 3791 1184 3851 direxisset.
1215 3793 1372 3850 Nihil
1397 3808 1471 3850 ex
1510 3792 1599 3849 his
1631 3791 1727 3849 ille
1759 3793 2099 3865 formidans,

401 3891 535 3934 cum
565 3878 626 3936 in
659 3879 830 3940 domo
857 3883 1115 3942 ecclesiae
1168 3883 1318 3941 ultra
1367 3882 1622 3955 Ligerim
1668 3882 1957 3951 resideret,
1998 3883 2103 3940 do-

407 3981 572 4024 mum
603 3969 805 4043 ipsam,
835 3988 966 4045 quae
992 3973 1171 4030 clavis
1192 3973 1367 4030 aﬁixa
1410 3978 1548 4036 erat,
1595 3971 1818 4030 disiixit
1847 3981 1905 4030 ε.
1944 3972 2104 4046 Ipsos

467 4182 485 4203 ·
517 4170 689 4232 Corb.,
744 4172 877 4238 Ejus
916 4185 1018 4238 per
1057 4172 1242 4238 capita
1285 4185 1492 4225 cuneos.
1566 4171 1778 4232 Chesn.,
1838 4173 1954 4236 ejus
2005 4182 2106 4233 pro

405 4244 591 4304 capita
621 4257 808 4296 cuneo.
845 4245 984 4305 Bec.,
1014 4245 1398 4306 cotumptam...
1422 4243 1786 4308 e/I'ossamque,
1813 4247 1916 4294 etc.

472 4315 493 4344 δ
530 4316 733 4379 Regm.,
782 4316 993 4367 nullam
1031 4328 1250 4378 prorsus
1289 4316 1461 4367 aliam
1506 4315 1716 4366 habens.
1766 4317 1824 4365 At
1857 4313 1912 4363 in
1945 4312 2100 4364 Corb.

406 4387 458 4436 et
504 4385 632 4438 Bell.
680 4387 878 4438 desunt
923 4386 1058 4447 haec,
1116 4384 1272 4438 valde
1329 4384 1711 4450 nequissimus,
1769 4387 1893 4445 etc.,
1931 4395 2104 4448 usque

409 4455 475 4506 ad
505 4459 766 4518 perversis
798 4456 971 4509 rebus.

472 4535 490 4558 ε
531 4529 946 4582 Relerendarius
994 4532 1123 4580 tunc
1174 4527 1470 4588 dicebatur,
1520 4529 1612 4594 qui
1667 4526 1829 4579 hodie
1887 4525 2109 4577 cancel-

414 4597 602 4650 larius.
663 4601 735 4651 De
793 4604 914 4666 ejus
954 4600 1130 4652 cilicio
1186 4605 1239 4652 et
1279 4601 1651 4664 praerogativis
1686 4598 1808 4660 vide
1843 4596 2107 4660 Mabillon,

412 4669 479 4720 de
533 4671 602 4722 Re
661 4671 940 4734 Diplomat.
1003 4672 1096 4723 lib.
1142 4684 1201 4729 ll,
1250 4683 1369 4733 cap.
1438 4674 1510 4733 11,
1578 4676 1631 4723 et
1676 4670 2002 4732 Bignonium
2056 4671 2112 4720 in

412 4737 699 4793 formulam
745 4743 807 4792 25
853 4742 948 4794 lib.
1005 4755 1023 4794 ι
1061 4741 1318 4793 Marcum.
1369 4742 1511 4794 intra
1557 4745 1895 4807 provocatus,
1946 4740 1999 4792 id
2029 4741 2114 4792 est

415 4816 710 4872 promotus.
1948 4865 1958 4871 ,

476 4881 610 4936 ‘Sic
662 4896 834 4943 mss;
901 4886 953 4934 at
1008 4883 1256 4949 plerique
1315 4883 1466 4942 editi,
1531 4882 1881 4934 Ansovatdus.
1959 4881 2110 4940 Bec.,

414 4953 787 5006 Ansotvatdus.
1329 5002 1332 5006 .

478 5034 497 5055 '
532 5025 739 5090 Begm.,
771 5038 882 5077 non
913 5027 1028 5090 post
1054 5025 1292 5077 multum
1319 5024 1574 5087 temporis
1614 5021 1876 5085 spatium.

481 5096 499 5134 ί
536 5097 677 5150 Colb.
715 5110 839 5149 cum
885 5097 1093 5157 Cbesn.,
1142 5095 1452 5160 paralytica
1490 5094 1768 5153 membra,-
1795 5093 1894 5146 scd
1924 5094 2122 5147 mulier

420 5169 718 5230 paralytica
771 5169 968 5220 dicitur
1008 5170 1063 5220 in
1110 5169 1204 5220 lib.
1259 5179 1300 5219 ιι
1355 5167 1422 5218 de
1474 5165 1745 5218 Miraculis
1794 5166 1844 5218 S.
1890 5165 2117 5227 Martini,

421 5250 539 5299 cap.
569 5239 653 5295 27.
689 5239 778 5291 ubi
806 5240 922 5292 haec
950 5239 1136 5292 eadem
1158 5237 1383 5290 historia
1425 5241 1694 5289 narratur.

477 5320 501 5356 κ
531 5309 616 5360 Sic
648 5311 799 5362 Corb.
828 5327 841 5371 ;
867 5311 974 5370 alii,
997 5312 1242 5364 dissecat.
1991 5315 2010 5352 ⁸

483 5379 504 5410 ⁵
537 5382 714 5436 Folles
755 5389 882 5437 sunt
923 5385 1128 5437 saeculi
1184 5381 1406 5445 scortei,
1438 5392 1539 5433 seu
1581 5390 1651 5432 ex
1680 5377 1827 5430 corio
1879 5377 2026 5432 facti.
2063 5377 2118 5432 ν.

418 5455 662 5516 Juvenal,
686 5457 788 5507 sat.
828 5457 899 5508 l3.

485 5528 620 5655 (:Sic
652 5526 835 5588 Corb.,
884 5525 1012 5582 Bell.
1047 5529 1101 5582 et
1132 5525 1252 5581 Bac.
1274 5543 1289 5589 ;
1351 5525 1448 5580 alii
1484 5536 1612 5578 cum
1660 5522 1874 5581 Chesn..
1934 5520 2119 5577 devas-

517 5611 564 5651 ο.

427 5600 564 5654 tabo-

2181 3263 2281 3314 aut
2304 3254 2555 3326 reliquas
2577 3249 3163 3326 speciesdetulissent,
3186 3244 3298 3302 nisi
3313 3249 3532 3326 tantum
3545 3237 3804 3326 chartam
3824 3242 3884 3298 ω,

2182 3356 2296 3415 quo
2348 3319 2627 3411 majorem
2694 3333 3180 3409 opportunitatem
3231 3324 3517 3415 scribendi
3579 3320 3650 3378 ad
3702 3319 3886 3415 honos

2155 3406 2552 3486 'i‘nfaman'dos
2618 3406 2878 3484 haberes.
2911 3420 3022 3481 Sed
3076 3425 3378 3493 paupertas
3435 3413 3649 3470 chartae
3707 3406 3886 3462 ﬁnem

2184 3517 2431 3592 imponit
2460 3513 2812 3573 verbositati.
2843 3535 2864 3564 ι
2891 3512 3201 3568 Immensae
3227 3508 3382 3565 enim
3413 3511 3531 3562 erat
3557 3495 3888 3596 cupiditatis

2186 3587 2356 3682 atq—ue
2400 3605 2711 3681 jactantiae.
2747 3601 2857 3660 Sed
2885 3596 3125 3674 ego-ista
3179 3603 3548 3671 postponens,
3599 3604 3673 3646 ne
3701 3587 3792 3644 illi
3823 3587 3890 3641 si-

2188 3695 2344 3770 milis
2371 3707 2696 3768 appaream,
2746 3688 2894 3747 illud
2947 3687 3245 3762 explicabo
3288 3683 3533 3758 qualiter
3579 3687 3890 3770 germanus

2188 3763 2355 3842 meus
2383 3763 2422 3820 ιῖ
2440 3763 2512 3838 ab
2543 3781 2649 3837 hac
2699 3777 2822 3834 luce
2863 3774 3221 3848 migraverit,
3254 3779 3308 3828 et
3341 3782 3519 3842 quam
3550 3763 3805 3821 velocem
3831 3763 3889 3816 in

2189 3887 2584 3948 percussorem
2614 3867 2740 3940 ejus
2769 3865 3051 3924 Dominus
3075 3855 3717 3935 praestiterit-ultionem.
3743 3848 3889 3907 Con-

2193 3976 2528 4027 sencscente
2567 3965 2730 4023 beato
2757 3961 2980 4022 Tetrico
3030 3956 3286 4016 ecclesiae
3336 3948 3672 4024 Lingonicus
3709 3956 3891 4002 sacer-

2251 4178 2360 4229 iEx
2423 4140 2761 4228 institutione
2816 4169 3059 4232 Perpetui
3129 4165 3274 4218 intra
3335 4162 3426 4234 lib.
3493 4172 3553 4234 x,
3618 4168 3738 4234 cap.

2191 4249 2495 4315 Epiphaniae
2548 4245 2744 4308 vigiliae
2789 4231 3091 4315 agebantur
3122 4238 3177 4288 in
3216 4231 3686 4315 ecclesiazidhest
3721 4231 3890 4315 ipa-cna;-

2189 4296 2702 4371 t—li‘edraliQ—exin’de
2756 4296 2954 4371 autem,
3008 4309 3084 4360 uti
3127 4319 3198 4359 ex
3246 4302 3502 4369 praesenti
3554 4299 3675 4371 loco
3704 4296 3889 4371 dist?-

2117 4371 2172 4453 1),
2187 4361 2336 4451 ita;
2349 4361 3316 4454 “legatisnamaafpasgnsain.
3359 4372 3532 4454 δεξιαί
3567 4361 3885 4454 reue-.1“

2191 4475 2254 4513 ea
2299 4442 2471 4525 primo
2506 4462 2660 4521 signa
2708 4468 2807 4508 seu
2867 4452 3074 4525 vexilla
3113 4443 3524 4525 deferbantur,
3552 4442 3885 4525 itum‘

2190 4504 2731 4596 éﬁaliiiciiﬁé'éiiim‘
2745 4504 2927 4577 sacrae
2955 4520 3232 4596 reliquiae,
3272 4521 3404 4596 etc.,
3429 4510 3578 4596 quod
3605 4504 3883 4596 etnex‘qliis

2193 4577 2829 4666 Cregorii—l'ocisﬁpatet;
2875 4595 2968 4658 qui
3013 4577 3132 4642 mos
3201 4588 3474 4666 hodieque
3535 4583 3591 4632 in
3654 4577 3882 4630 Ecclesia

2193 4661 2455 4726 catholica
2485 4672 2540 4722 in
2566 4661 3006 4735 proicessiouibus
3041 4661 3376 4724 perseverat.

2252 4772 2277 4803 ιι
2308 4770 2472 4832 Colb.,
2505 4766 2792 4830 increpuit.
2827 4762 2964 4816 Bell.
2998 4763 3049 4812 et
3078 4757 3249 4816 Corb,
3281 4753 3565 4816 intrepuit-

2253 4870 2270 4901 ι
2306 4870 2465 4921 Deest
2510 4866 2614 4918 hoc
2673 4864 2836 4928 caput
2887 4862 2941 4912 in
2987 4855 3170 4928 C0rb_-,7
3217 4852 3344 4906 Bell.
3397 4853 3466 4928 et
3499 4847 3680 4928 C019;

2194 4943 2282 4993 tur
2307 4915 2629 4990 ’idiémii'ih
2682 4915 2876 4992 Casia,
2943 4925 3120 4988 Bec.,’
3155 4927 3358 4996 Reg-rm,
3419 4925 3523 4996 etc.
3590 4917 3662 4969 De
3728 4915 3890 4996 felice

2195 4992 2397 5076 passim
2447 5009 2558 5070 agit
2591 5004 2932 5076 Gregorius;
2989 4999 3130 5076 sicut
3173 5000 3231 5076 et
3262 4992 3896 5076 Fortunatus,dqui‘c_ju_s

2203 5060 2392 5134 laudes
2443 5060 2688 5143 pluribus
2710 5060 3054 5144 Vcelebravit,
3099 5067 3440 5144 potissimum
3490 5060 3583 5144 lib.
3621 5071 3710 5144 iis,
3737 5066 3895 5144 uaga.

2205 5125 3218 5215 stt—vet‘Vseqq'isubscripsitconc.
3270 5137 3468 5189 Turon.
3530 5143 3588 5194 ll,
3647 5142 3736 5182 an.
3794 5125 3898 5184 567,

2204 5226 2256 5276 et
2291 5219 2456 5274 Paris.
2494 5231 2576 5281 IV,
2607 5230 2694 5270 an.
2726 5215 2835 5266 573.

2258 5329 2290 5350 -
2326 5319 2400 5441 Eg
2462 5318 2684 5382 Egypto
2747 5312 2957 5365 scilicet
3012 5309 3246 5363 allatam.
3302 5305 3358 5357 ν.
3409 5305 3566 5358 notas
3598 5301 3654 5353 in
3707 5297 3798 5350 lib.
3833 5307 3898 5352 γι,

2258 5403 2323 5441 ιι).
2402 5432 2410 5440 .

2205 5403 2323 5456 cap.
2361 5403 2410 5441 ο.

2267 5497 2291 5519 ι
2325 5486 2508 5538 Petrus
2563 5481 2874 5543 vocabatur,
2946 5480 3206 5532 diaconus
3269 5480 3330 5529 ut
3396 5486 3468 5528 ex
3515 5482 3684 5536 seqq.
3741 5469 3902 5534 patet.

2206 5559 2278 5613 De
2305 5569 2411 5624 quo
2454 5557 2580 5609 vide
2602 5554 2696 5609 lib.
2726 5567 2765 5607 ιι
2807 5553 2874 5608 de
2901 5551 3087 5608 Gloria
3117 5551 3283 5609 Mart,
3313 5559 3430 5612 cap.
3453 5546 3532 5596 24.
