4006 6182
117 393 183 455 δξι
245 457 249 460 .
1037 383 1395 447 HISTORIA
1434 374 1918 444 FRANGOBUM.
1961 374 2187 436 LIBER
2223 383 2573 450 QUINTUS.
2670 370 2678 375 ’
3381 399 3385 404 ’
3448 412 3554 474 332

118 517 226 582 dote,
251 526 378 572 cum
411 505 796 584 Lampadium
821 503 1150 581 diaconum,
1189 525 1367 610 quem
1410 490 1750 610 creditorem
1770 506 1821 564 A
1843 498 2133 610 conipcum
2160 498 2964 610 ΗΙὶοβὶινρεῑπὶᾱσῐιᾶῖαρεῖιυιι,
2996 524 3341 588 machinam
3368 539 3544 610 atque

121 600 292 668 habuit,
319 597 631 670 dejecisset,
685 603 740 654 et
768 599 939 653 frater
979 611 1163 667 meus,
1218 596 1360 653 dum
1396 593 1760 667 pauperibus,
1846 588 2195 682 conﬁrmans
2216 595 2434 682 patrem
2473 605 2648 648 suum
2678 589 2750 682 ab
2781 591 2904 682 ipso
2930 588 3104 656 filium
3133 588 3548 682 maleﬁcii—SE]:

120 687 328 764 quosille
352 685 502 744 male
533 686 892 758 spoliaverat,
913 685 1184 758 opitulari
1228 687 1486 758 cupiens,
1518 699 1765 742 consen-
1848 678 2166 736 terfectum.
2200 679 2276 734 At
2327 677 2424 735 ille
2477 685 2642 736 aetate
2672 679 2927 751 juvenis,
2959 697 3132 740 sensu
3157 682 3318 756 levis,
3338 677 3550 748 "sua;

119 777 238 834 sisset
271 773 328 830 in
357 774 482 846 ejus
509 771 998 844 humiliationem,
1030 772 1228 830 odium
1253 788 1328 830 ex
1358 773 1465 828 hoc
1494 771 1760 829 incurrit.
1847 783 1984 826 eum
2018 774 2162 831 208
2201 777 2612 837 commovetur,
2643 769 2832 844 ipsum
2865 770 3150 844 impetens
3169 773 3399 852 publice
3428 793 3552 850 par-

116 869 290 926 Interea
319 864 517 922 beatus
547 864 812 923 Tetricus
842 880 875 920 a
914 866 1201 938 sanguine
1231 859 1608 923 Sauciatura:
1665 864 1763 922 cui
1851 857 2111 914 riCidam.
2171 857 2343 915 Porro
2384 857 2481 914 ille
2536 859 2656 915 haec
2701 859 2963 930 audiens,
3022 863 3165 918 farto
3218 863 3424 935 placito
3487 865 3550 924 in

115 974 208 1016 cum
237 957 388 1014 nulla
419 956 775 1013 medicorum
826 956 1080 1013 [οωρῃιξι
1111 956 1388 1025 valerem,
1442 954 1765 1014 conturbari
1850 943 2154 1018 prmsentia
2202 945 2381 1002 sancti
2437 945 2642 1003 Nicetii
2699 946 2969 1019 episcopi,
3038 953 3320 1009 avunculi
3349 955 3548 1011 matris

113 1046 280 1109 clerici,
306 1053 409 1100 eta
444 1049 666 1116 pastore
686 1037 749 1101 ut
775 1051 905 1115 pote
926 1044 1202 1112 destituti,
1229 1043 1768 1102 Mondericumbex-
1850 1051 2016 1104 meae,
2061 1034 2417 1108 Lugdunum
2448 1037 2755 1109 dirigitur;
2790 1045 2844 1094 et
2867 1037 2947 1094 ibi
2983 1040 3202 1112 Siagrio
3251 1043 3544 1116 episcopoi

112 1141 308 1206 petunt:
341 1135 445 1205 Qui
490 1148 523 1188 a
575 1148 706 1204 rege
761 1132 1045 1201 indultus,
1113 1148 1180 1190 ac
1234 1138 1583 1198 tonsuratus,
1644 1129 1765 1204 epi-
1852 1141 2044 1182 coram
2101 1133 2341 1194 astante,
2392 1133 2445 1181 et
2493 1126 2623 1182 aliis
2677 1127 3065 1185 sacerdotibus
3132 1131 3351 1200 multis,
3413 1149 3546 1190 cum

113 1237 278 1294 scopas
299 1221 622 1287 ordinatur,
651 1220 763 1277 sub
791 1236 855 1277 ea
877 1219 1112 1292 quidem
1141 1221 1349 1294 specie,
1383 1226 1448 1277 ut
1473 1219 1612 1276 dum
1641 1219 1769 1276 bea-
1852 1215 2229 1273 saecularium
2267 1214 2645 1288 principibus,
2701 1232 2761 1273 se
2795 1226 3152 1276 sacramento
3177 1221 3359 1288 exuit,
3390 1238 3548 1281 nun-

115 1309 708 1377 tusTetricus.viveret,
743 1307 836 1365 hic
887 1308 1321 1366 Ternodorense
1374 1313 1624 1364 castrum
1655 1319 1674 1344 ο
1705 1315 1771 1364 ut
1852 1323 2025 1380 quam
2077 1322 2136 1364 se
2183 1306 2241 1363 in
2297 1313 2536 1364 mortem
2591 1305 2854 1364 Silvestri
2894 1308 3130 1365 mistum
3178 1309 3373 1368 fuisse.
3419 1312 3552 1370 Post

113 1401 530 1474 archipresbyter
575 1396 813 1473 regeret,
873 1407 1044 1474 atque
1081 1403 1143 1459 in
1183 1418 1249 1460 eo
1279 1408 1766 1461 commoraretur:
1852 1398 2000 1455 duos
2037 1412 2173 1455 vero
2198 1411 2380 1470 annos
2411 1396 2715 1480 instigatus
2745 1400 2957 1455 iterum
2985 1413 3019 1454 a
3047 1398 3364 1472 Lampadio
3395 1400 3552 1460 ﬁlius

113 1493 357 1564 migrante
385 1497 530 1554 207
583 1505 718 1548 vero
760 1490 1074 1561 decessore,
1131 1490 1239 1548 iste
1305 1491 1650 1549 succederet.
1702 1489 1767 1547 In
1856 1486 2138 1554 Silvestri,
2168 1492 2460 1543 assecutus
2501 1485 2560 1542 in
2591 1487 2684 1544 via
2724 1487 2964 1545 Petrum
2995 1489 3324 1563 diaconum,
3361 1492 3558 1550 lancea

115 1597 202 1655 quo
221 1590 397 1639 castro
427 1580 567 1637 dum
595 1581 892 1654 habitaret,
943 1582 1089 1646 iram
1121 1581 1272 1654 regis
1297 1581 1562 1640 incurrit.
1593 1582 1770 1639 Asse-
1851 1573 2173 1631 sauciatum
2198 1574 2500 1631 interfecit.
2545 1573 2707 1642 Quod
2737 1591 2871 1632 cum
2899 1576 3113 1634 factum
3145 1578 3368 1650 fuisset,
3393 1580 3464 1638 de
3491 1595 3558 1638 eo
3591 1629 3610 1642 .

118 1670 300 1726 rebatur
331 1669 490 1727 enim
527 1676 725 1728 contra
757 1686 916 1740 eum,
946 1670 1100 1742 quod
1155 1670 1278 1742 ipse
1313 1668 1597 1741 Sigiberto
1624 1669 1765 1741 regi,
1851 1662 1974 1720 loco
2003 1662 2279 1732 elevatus,
2351 1669 2406 1719 et
2433 1662 2502 1720 ad
2534 1662 2886 1722 Divionense
2917 1665 3141 1724 delatus
3169 1676 3440 1740 castrum,
3472 1687 3560 1727 se-

117 1760 348 1818 adversus
412 1760 648 1817 fratrem
700 1775 875 1818 suum
935 1758 1442 1817 Guntchramnum
1493 1757 1767 1827 venienti,
1853 1767 1956 1808 cus
1985 1757 2247 1810 sanctum
2270 1749 2614 1823 Gregorium
2635 1768 2919 1825 proavum
2952 1761 3214 1814 nostrum
3241 1757 3558 1829 sepeliturj.

115 1848 344 1908 alimenta
388 1857 441 1907 ei
487 1866 735 1908 munera
790 1848 1152 1922 prmbuisset,
1186 1847 1372 1921 Igitur
1400 1854 1694 1905 extractus
1736 1862 1831 1921 aB
1854 1838 1965 1896 Iste
2003 1855 2138 1898 vero
2166 1839 2454 1897 homicida
2486 1842 2682 1912 fugam
2716 1842 2923 1908 iniens,
2953 1845 3023 1902 ad
3055 1845 3442 1918 Chilpericum
3476 1862 3558 1903 re-

119 1936 656 2006 castro,inexsilium
677 1950 848 2008 super
872 1934 1058 2008 ripam
1087 1933 1350 1992 Rhodani
1379 1935 1441 1991 in
1474 1935 1614 1993 turri
1639 1949 1775 2007 qua-
1855 1943 1985 1999 gem
2029 1927 2272 1996 transiit,
2329 1928 2699 1986 facultatibus
2757 1932 2878 1988 suis
2938 1932 3075 1989 tisco
3104 1932 3131 1969 ¹ι
3177 1933 3328 2006 regis
3371 1933 3559 1992 Gunt-

117 2023 212 2081 dam
235 2034 386 2082 arcta
417 2032 589 2097 atque
617 2025 836 2082 detecta
871 2023 1222 2082 retruditur:
1257 2023 1317 2081 in
1351 2040 1466 2095 qua
1492 2040 1594 2096 per
1629 2024 1775 2082 duos
1854 2018 2119 2074 chramni
2156 2017 2433 2078 dimissis.
2468 2017 2731 2092 Cumque
2757 2037 2856 2092 per
2883 2021 3108 2079 diversa
3133 2030 3440 2094 vagaretur
3458 2038 3560 2096 pro

114 2110 201 2170 iere
225 2128 404 2170 annos
434 2128 570 2170 cum
619 2112 824 2185 grandi
875 2112 1133 2170 cruciatu
1172 2118 1580 2170 commoratur.
1612 2111 1773 2170 Dbti-
1855 2107 2163 2166 commisso
2196 2107 2428 2178 scelere,
2460 2123 2565 2165 nec
2593 2109 2646 2166 ei
2672 2118 2819 2167 esset
2848 2110 3008 2169 locus
3060 2111 3265 2169 ﬁrmus
3303 2113 3374 2169 ad
3399 2127 3561 2170 com-

113 2209 245 2260 nente
270 2203 438 2260 beato
468 2202 689 2261 Nicetio
718 2203 1002 2276 episcopo,
1041 2201 1401 2274 Lugdunum
1427 2202 1768 2276 regreditur,

112 2291 472 2367 habitavitque
500 2308 634 2352 cum
681 2307 749 2350 eo
773 2308 874 2366 per
896 2292 1044 2351 duos
1085 2307 1334 2350 menses.
1367 2290 1479 2350 Sed
1517 2307 1649 2349 cum
1683 2290 1776 2348 ob-

112 2381 254 2440 linere
281 2397 404 2440 non
428 2388 618 2456 posset
653 2398 686 2440 a
713 2398 865 2455 rege,
902 2387 968 2439 ut
1016 2382 1077 2439 in
1111 2381 1302 2440 locum
1337 2383 1492 2440 unde
1523 2381 1776 2454 dejectus

114 2469 276 2541 fuerat,
308 2471 736 2540 restitueretur,
776 2479 940 2530 nocte
969 2486 1072 2544 per
1099 2471 1299 2543 fugam
1351 2470 1549 2544 lapsus
1576 2470 1648 2527 ad
1682 2467 1776 2527 Si-

111 2559 363 2628 giberturn
404 2577 596 2634 regem
629 2562 655 2600 ἀ
685 2561 933 2632 transiit',
972 2567 1028 2618 et
1055 2561 1206 2633 apud
1239 2561 1619 2618 Arisitensem
1642 2569 1664 2595 °
1690 2560 1778 2616 vi-

115 2662 216 2705 cum
240 2649 540 2722 episcopus
569 2650 914 2719 instituitur,
946 2648 1166 2706 habens
1197 2649 1307 2706 sub
1331 2664 1390 2706 se
1427 2648 1559 2721 plus
1585 2648 1782 2705 minus

121 2735 403 2797 diuecesesr
433 2739 963 2814 quindecim,,quas
1019 2737 1277 2810 primum
1327 2736 1520 2795 Gottlii
1547 2735 1784 2808 quidam

117 2827 406 2896 tenuerant,
448 2843 610 2885 nunc
653 2843 789 2886 vero
819 2827 1140 2884 Dalmatius
1169 2826 1606 2884 SButhenensis
1657 2825 1782 2898 epi-

120 2927 283 2986 smpus
339 2915 687 2974 vindicabat.
748 2914 873 2985 Quo
907 2916 1156 2974 abeunte
1206 2915 1418 2972 iterum
1482 2913 1787 2987 Lingonici

1855 2199 2236 2264 morandum;
2270 2198 2520 2269 tandem,
2552 2204 2617 2255 ut
2644 2200 2832 2270 credo,
2860 2207 3057 2258 contra
3107 2216 3241 2259 eum
3278 2202 3564 2275 sanguine

1855 2286 2083 2343 insonte
2117 2286 2187 2343 ad
2218 2284 2480 2343 divinam
2511 2287 2824 2360 potentiam
2851 2288 3260 2361 proclamante,
3306 2291 3368 2347 in
3425 2306 3565 2365 quo-

1857 2375 1990 2433 dam
2019 2375 2140 2434 loco
2168 2376 2307 2433 dum
2343 2379 2452 2434 iter
2468 2382 2680 2449 ageret,
2714 2378 3088 2437 innocentem
3110 2381 3408 2439 hominem
3439 2397 3567 2440 eva-

1859 2465 2055 2538 ginato
2086 2464 2313 2537 gladiol
2362 2465 2674 2525 interemit.
2734 2465 2926 2539 Cujus'
2949 2476 3212 2540 parentes
3266 2467 3569 2526 condolen-

1865 2556 1946 2607 tes
1997 2548 2307 2623 propinqui
2341 2552 2584 2622 exitum,
2617 2559 2902 2610 commota
2951 2553 3251 2625 seditione,
3295 2556 3567 2612 extractis

1863 2638 2093 2711 gladiis,
2123 2656 2255 2712 eum
2289 2643 2352 2698 in
2374 2643 2554 2700 frusta
2583 2642 2910 2708 concidunt,
2944 2645 3432 2720 membratimque
3475 2645 3564 2701 di-

1866 2736 2162 2801 spergunt.
2195 2730 2394 2788 Talem
2449 2732 2604 2804 justo
2632 2731 2854 2803 judicio
2883 2731 2985 2791 Dei
3011 2746 3051 2771 ω
3097 2733 3326 2793 exitum
3394 2734 3570 2791 miser

1867 2818 2100 2890 accepit,
2133 2825 2194 2876 ut
2222 2820 2322 2893 qui
2355 2821 2747 2894 propinquum
2776 2823 3144 2880 innocentem
3178 2822 3569 2894 interemerat,

1869 2909 1991 2980 ipse
2020 2923 2231 2966 nocens
2274 2910 2494 2967 diutius
2527 2926 2644 2968 non
2701 2920 2985 2968 maneret:
3031 2928 3167 2969 nam
3228 2913 3393 2970 tertio
3446 2914 3571 2969 haec

1868 2996 1917 3053 ei
1949 3004 2268 3054 evenerunt
2295 3013 2468 3056 anno.
2504 2997 2771 3074 Denique
2791 3007 2916 3072 post
2947 3001 3255 3058 transitum
3278 2999 3564 3071 Silvestri,

121 3085 312 3160 Tetrici,
363 3092 737 3164 episcopumh
787 3097 1083 3163 expetunt,
1140 3088 1250 3148 Sed
1283 3096 1472 3148 tamen
1527 3097 1592 3148 ut
1651 3107 1786 3149 eum
1868 3082 2173 3156 Lingonici
2215 3084 2425 3142 iterum
2481 3086 2812 3159 episcopum
2844 3087 3186 3161 flagitantes,
3228 3087 3569 3160 Pappolum,

119 3185 364 3248 peterent,
393 3181 584 3238 fratris
621 3180 735 3237 mei
774 3179 881 3237 hoc
909 3179 1188 3236 instinctu
1219 3180 1501 3238 fecerunt.
1560 3179 1788 3236 Interea

1947 3172 1973 3228 i
1997 3173 2293 3244 quondam
2313 3173 2756 3232 archidiaconus
2780 3176 3328 3248 Augustodunensis
3358 3177 3567 3247 fuerat,

120 3271 417 3325 transeunte
448 3268 609 3325 beato
642 3268 885 3336 Tetrico,
947 3267 1042 3324 hic
1088 3274 1250 3325 tonso
1277 3267 1460 3339 capite
1488 3262 1842 3341 presbyter“
1868 3262 2191 3335 accipiunt:
2223 3263 2326 3336 qui
2354 3262 2559 3334 multa,
2581 3272 2645 3322 ut
2671 3274 2937 3322 asserunt
2977 3265 3166 3338 multi,
3208 3266 3322 3338 egit
3347 3267 3570 3340 iniqua,

118 3353 404 3424 ordinatur,
436 3361 664 3426 accepta
691 3355 852 3413 omni
877 3361 1147 3428 potestate
1177 3354 1247 3412 de
1294 3354 1467 3412 rebus
1498 3355 1778 3413 ecclesizn:
1872 3369 2004 3440 quom
2042 3369 2074 3410 a
2110 3353 2277 3411 nobis
2299 3355 2837 3427 praetermittuntur,
2863 3372 2936 3414 ne
2962 3358 3304 3416 detractores
3327 3359 3571 3414 fratrum

119 3443 198 3512 qui
223 3458 354 3501 vero
389 3452 449 3500 ut
481 3443 936 3501 benedictionem
965 3441 1343 3515 episcopalem
1387 3441 1664 3514 Lugduni
1694 3459 1790 3500 ac-
1873 3459 1997 3501 esse
2024 3443 2326 3502 videamur
2354 3469 2365 3503 :
2417 3452 2610 3504 tamen
2635 3447 2868 3518 qualem
2924 3447 2974 3505 is
3023 3447 3288 3506 habuerit
3321 3448 3568 3515 exitum,

121 3529 282 3600 cipiat,
314 3531 422 3586 iter
455 3537 632 3602 parat.
689 3531 832 3599 Quae
858 3530 999 3586 dum
1030 3534 1300 3601 aguntur,
1339 3527 1460 3600 ipse
1497 3528 1637 3600 quia
1670 3528 1790 3600 jam
1873 3546 1989 3588 non
2039 3533 2319 3588 omittam.
2374 3532 2547 3590 Anno
2602 3541 2801 3591 octavo
2841 3539 2986 3596 209
3044 3534 3404 3606 episcopatus
3457 3533 3592 3603 sui;

119 3615 202 3671 diu
228 3615 558 3688 epilepticus
584 3624 722 3686 erat,
773 3616 846 3674 ab
882 3618 988 3674 hoc
1024 3615 1222 3673 morbo
1280 3621 1594 3686 correptus,
1625 3631 1790 3688 aspe-
1874 3619 2016 3678 dum
2067 3620 2339 3678 dimceses
2384 3636 2450 3678 ac
2481 3621 2648 3679 villas
2695 3622 2964 3681 Ecclesiae
2997 3624 3400 3690 circumiret“,
3436 3639 3576 3697 qua~

121 3705 220 3761 rius
245 3714 402 3763 extra
431 3722 670 3765 sensum
728 3707 932 3778 factus,
988 3712 1042 3763 et
1087 3721 1186 3778 per
1245 3704 1367 3764 dies
1395 3705 1539 3762 duos
1564 3705 1793 3764 assidue
1874 3707 2006 3765 dam
2060 3716 2224 3766 nocte
2278 3709 2586 3767 dormienti
2636 3712 2902 3784 apparuit
2934 3711 3018 3769 illi
3065 3713 3262 3770 beatus
3311 3711 3576 3770 Tetricus

120 3791 242 3850 dans
271 3795 576 3868 mugitum,
609 3795 772 3852 tertia
799 3795 892 3853 die
919 3795 1188 3868 spiritum
1221 3794 1534 3851 exhalavit.
1568 3793 1792 3863 Quibus
1872 3797 2044 3854 vultu
2084 3796 2330 3867 minaci;
2388 3799 2482 3856 cui
2531 3800 2610 3856 ita
2658 3800 2796 3857 dicit
2826 3820 2837 3858 :
2891 3801 3040 3869 Quid
3071 3808 3151 3872 tu,
3199 3801 3414 3874 inquit,
3459 3801 3574 3872 hic,

120 3883 359 3952 peractis,
389 3883 762 3956 Lampadius,
794 3891 854 3941 ut
875 3883 1143 3956 superius
1162 3882 1443 3954 diximus,
1473 3883 1544 3940 ab
1574 3884 1792 3942 honore
1876 3888 2163 3961 Pappole?
2192 3888 2264 3946 Ut
2290 3889 2428 3962 quid
2459 3892 2653 3948 sedem
2709 3907 2898 3948 meam
2930 3890 3188 3963 polluis?
3225 3899 3289 3950 ut
3315 3891 3456 3964 quid
3493 3906 3577 3948 ec-

123 3972 431 4033 ettacultate
457 3974 757 4048 privatus,
786 3976 850 4033 in
877 3973 1079 4033 odium
1129 3974 1253 4047 [Ed.
1287 3972 1436 4046 odio]
1489 3972 1644 4030 Petri
1670 3973 1798 4058 dia-1
1876 3977 2110 4037 clesiam
2136 3979 2448 4050 pervadis‘?
2477 3987 2542 4039 ut
2568 3981 2708 4054 quid
2734 3997 2870 4041 oves
2899 3983 3046 4041 mihi
3093 3982 3335 4042 creditas
3377 3981 3461 4041 sic
3487 3981 3581 4040 di-

122 2999 433 3064 Silvestrum
448 3006 864 3079 propinquum,
897 3005 986 3063 vel
1011 3007 1074 3076 [1.
1105 3007 1178 3076 et]
1203 3013 1486 3073 nostrum,
1516 3005 1606 3062 vel
1633 3005 1785 3062 beati

1944 4154 1962 4190 τ
1991 4153 2047 4204 id
2084 4155 2165 4205 est
2201 4155 2502 4217 parochias,
2568 4156 2665 4219 qui
2712 4157 2966 4222 loquendi
3006 4160 3202 4210 modus
3247 4133 3364 4211 aliis
3417 4155 3590 4212 etiam‘

130 4226 211 4285 tur,
241 4231 516 4288 correptus
546 4232 647 4276 est.
1879 4224 2192 4275 auctoribus
2228 4225 2510 4276 familiaris
2550 4226 2668 4286 fuit,
2718 4233 2777 4279 ut
2817 4226 3074 4281 observat
3105 4229 3308 4281 Savaro
3340 4230 3397 4280 in
3422 4230 3581 4293 epist.

177 4293 193 4322 ⁵
225 4295 351 4356 Fuit,
397 4303 454 4348 ut
492 4299 680 4348 notant
727 4294 1067 4347 Bollandiani
1119 4294 1189 4345 ad
1241 4295 1295 4344 18
1338 4293 1527 4352 Martii,
1574 4293 1793 4344 Munde-
1885 4296 1941 4345 16
1990 4293 2111 4345 libri
2173 4308 2232 4347 ix
2283 4295 2607 4359 Apollinaris
2650 4297 2875 4350 Sidonii.
2938 4300 3030 4350 liae
3090 4303 3267 4351 autem
3315 4301 3586 4364 parochias

134 4366 271 4423 ritus,
314 4379 421 4423 seu.
470 4372 527 4418 ut
567 4367 656 4417 alii
714 4365 974 4423 scribunt,
1028 4365 1348 4425 Modericus,
1419 4364 1666 4415 Ansberti
1713 4365 1796 4414 ta-
1880 4377 2002 4418 cum
2051 4363 2382 4430 Septimania
2435 4367 2652 4420 fuerant
2683 4369 2783 4420 sub
2833 4370 3070 4422 dominio
3119 4363 3580 4435 Wisigotthorum,

133 4439 388 4489 mosissimi
435 4440 704 4489 senatoris
755 4439 915 4495 ﬁlius,
961 4439 1010 4488 S.
1053 4436 1251 4486 Aruulti
1307 4436 1475 4498 episc.
1528 4436 1797 4487 Mettensis
1878 4440 1972 4501 qui
2001 4438 2073 4486 ibi
2100 4439 2436 4489 instituerant
2472 4441 2806 4504 episcopum.
3594 4451 3598 4459 '

133 4509 293 4569 frater,
326 4511 415 4572 qui
435 4509 612 4560 clarus
632 4508 912 4560 miraculis
947 4508 1150 4558 obiisse
1174 4505 1397 4576 dicitur.
1809 4575 1835 4576 ί
1942 4517 1966 4552 s
2005 4508 2208 4570 liegm.,
2255 4516 2460 4558 sanctus
2509 4511 2765 4560 Martinus
2822 4513 3108 4576 episcopus.
3173 4511 3326 4570 Bad.,
3383 4512 3580 4563 Matius

176 4586 191 4607 ε
223 4579 581 4632 'i‘ornodorum
643 4580 920 4643 oppidum,
985 4579 1151 4640 vulgo
1221 4575 1515 4640 Tonnsrre,
1575 4575 2158 4642 comite-Depiscopus.
2219 4577 2485 4630 Caeterum
2546 4593 2643 4642 pro
2686 4575 3016 4644 Nunc’vero,
3091 4583 3379 4645 legendum
3438 4587 3592 4640 esset.

129 4652 200 4699 tus
241 4651 488 4712 dignitate
536 4649 769 4701 illustre.
844 4649 1006 4702 Haud
1049 4646 1268 4699 dubium
1342 4649 1473 4710 quin
1530 4648 1797 4712 ejusmodi
1879 4656 1997 4698 tunc
2041 4662 2178 4707 vero,
2224 4657 2312 4700 aut
2362 4653 2509 4701 certe
2548 4651 2797 4711 vindicat,
2853 4664 2952 4717 pro
2989 4651 3300 4704 vindicabat.
3341 4654 3582 4708 Valesius

125 4723 406 4772 castrorum
454 4722 714 4786 episcopi,
773 4722 863 4784 qui
941 4719 1538 4782 archipresbyterorum
1587 4719 1798 4770 vicibus
1879 4719 1936 4770 in
1970 4720 2156 4771 Notitia
2186 4731 2284 4770 sua
2307 4720 2436 4781 legit
2466 4729 2590 4772 tum.

176 4152 271 4204 'ld
315 4158 396 4206 est
455 4153 730 4218 apoplexi,
773 4165 893 4219 qua:
927 4165 1000 4207 ex
1035 4152 1318 4216 sanguinis
1367 4151 1632 4204 eiiusioue
1686 4153 1793 4204 ori-

123 4789 483 4854 iungebantur,
545 4793 688 4856 apud
737 4793 1025 4857 plerosque
1102 4794 1361 4841 auctores
1417 4790 1798 4855 chorepiscopi

122 4864 311 4914 iuerint
337 4863 606 4926 appellati.

176 4933 196 4962 ⁴
231 4933 309 4985 Sic
340 4934 552 4996 Casia;
596 4932 703 4991 alii,
759 4932 832 4984 ad
885 4931 1144 4996 Sigiberti
1177 4941 1424 4994 regnum.
1462 4931 1700 4985 Nondum
1729 4933 1802 4982 Si-

123 5002 363 5065 gebertus
394 5013 508 5057 erat
542 5008 774 5066 occisus,
800 5017 922 5056 cum
956 5004 1070 5056 haec
1103 5006 1401 5065 contigere.

179 5083 197 5102 ·
233 5075 426 5138 Βεεω..
495 5076 817 5133 Aritensem,
885 5076 984 5128 sed
1055 5075 1336 5127 mendose.
1406 5074 1532 5125 Nam
1597 5073 1803 5138 aliquot

122 5148 251 5197 alios
291 5150 618 5200 Arisitenses
683 5149 971 5211 episcopos
1024 5158 1095 5198 ex
1150 5146 1316 5196 variis
1360 5145 1671 5197 auctoribus
1713 5159 1800 5196 re-

124 5223 302 5270 censet
343 5218 578 5271 Valesius
625 5220 678 5270 in
718 5219 912 5270 Notitia
960 5217 1276 5268 Galliarum.
1311 5216 1461 5267 Haud
1499 5217 1591 5266 diu
1624 5224 1803 5267 tamen

125 5290 259 5338 stetit
297 5287 384 5340 illa
438 5291 618 5342 sedes.
669 5293 937 5340 incertum
979 5301 1144 5352 porro
1196 5289 1278 5339 est
1310 5288 1431 5349 quis
1463 5288 1626 5338 fuerit
1646 5287 1801 5338 locus

125 5358 227 5419 ille,
286 5372 440 5424 quem
513 5373 586 5413 ex
639 5359 743 5412 hoc
796 5360 1052 5422 Gregorii
1122 5359 1247 5411 loeo
1297 5357 1437 5408 intra
1496 5357 1799 5410 Ruthenicae

127 5433 412 5484 dimceseos
472 5432 609 5483 ﬁnes
663 5433 932 5484 contineri
971 5431 1247 5482 discimus.
1316 5430 1401 5481 Est
1445 5441 1682 5492 namque
1728 5430 1802 5480 vi-

127 5512 220 5552 cus
266 5504 416 5556 Aria!
463 5505 656 5562 dictus,
702 5504 792 5567 qui
838 5501 1020 5554 Latine
1059 5501 1329 5553 Arisitum
1375 5500 1482 5552 dici
1523 5502 1802 5564 potuisset.

127 5571 209 5623 Est
254 5576 406 5626 etiam
443 5577 598 5626 vicus
641 5581 930 5626 montanus
983 5575 1202 5626 nomine
1256 5572 1400 5626 Λέγε.
1442 5571 1699 5635 Plerique
1732 5577 1803 5624 ta-

1882 4861 1915 4911 Γ
1923 4789 1964 4911 1:
2011 4792 2215 4853 Hegm.,
2266 4775 2449 4840 Tetﬁ'ci
2503 4793 2751 4857 episcopi.
2805 4795 2878 4847 De
2927 4807 3035 4859 quo
3080 4807 3248 4860 supra
3280 4796 3347 4848 ad
3373 4807 3493 4862 cap.
3519 4775 3597 4854 is

1900 4873 1920 4911 ι
1963 4873 2072 4911 .iv.
2756 4885 2764 4892 -

1900 4860 2164 4982 “fulgeat
2206 4918 2548 5002 episcopus,
2583 4934 3091 4998 Augustodunensls
3150 4937 3294 5002 apud
3349 4936 3404 4988 S.
3464 4937 3584 4988 Gre-

1883 5002 2096 5064 gorium
2137 5000 2389 5064 celebris,
2447 5003 2539 5066 qui
2591 5007 2709 5056 sedi
2750 5017 2864 5057 sua:
2900 5008 3052 5071 pallii
3097 5000 3377 5069 honorem,
3409 5011 3460 5058 et
3495 5019 3580 5058 se-

1883 5072 2047 5193 (Siendi
2084 5074 2269 5194 tpatrno
2340 5072 2462 5124 loco
2513 5078 2932 5140 praarogativam
2991 5079 3219 5132 obtinuit
3271 5078 3337 5128 ab
3389 5077 3582 5130 eodem

1931 5179 1943 5193 .
1974 5156 2078 5196 non
2109 5157 2120 5193 i
2165 5157 2248 5196 ce.

1916 5165 1959 5294 ii
1973 5156 2324 5294 I1:1“lblzligietica
2376 5217 2431 5266 S.
2478 5218 2722 5283 Joannis,
2781 5220 2942 5273 hodie
2993 5220 3261 5284 parochias
3303 5217 3455 5273 titulo
3505 5219 3587 5272 in-

1883 5291 1929 5337 si
1974 5291 2102 5336 uita.
2379 5327 2384 5336 .
3035 5314 3038 5318 ~

1934 5298 1970 5385 ἕ
2000 5357 2206 5419 Regm.,
2226 5358 2352 5417 suis,
2390 5373 2500 5422 quae
2526 5369 2677 5411 erant
2705 5375 2768 5411 ea:
2787 5363 2908 5425 fisco
2931 5362 3070 5424 regio
3106 5361 3356 5414 dimissis.

1948 5427 1960 5458 ¹
1987 5429 2134 5479 Idem
2163 5431 2356 5494 codex,
2391 5431 2645 5482 hominem
2673 5434 2798 5496 forte
2824 5433 2994 5496 gladio
3025 5433 3303 5484 interemit.

1940 5509 1980 5530 ἀ·
2021 5499 2176 5562 Editt,
2201 5501 2361 5564 juwta
2379 5504 2640 5566 judicium
2668 5506 2781 5554 Dei.

1951 5572 2285 5643 {Visitandae
2375 5577 2627 5628 dimcesis
2706 5576 2973 5626 solemnem
3038 5579 3469 5643 consuetudinem,
3525 5587 3585 5633 ut

127 5653 253 5695 men
292 5647 596 5698 existimant
641 5645 939 5714 Arisitensis
1008 5646 1224 5696 nomine
1285 5643 1558 5706 designari
1606 5655 1806 5705 pagum
1889 5641 2138 5714 episcopis
2179 5658 2286 5694 mos
2320 5655 2407 5705 est,
2454 5646 2691 5710 appellat
2738 5646 2975 5698 Severus
3020 5647 3292 5714 Sulpicius
3344 5641 3500 5714 epist.
3561 5654 3582 5701 ι

131 5725 226 5788 seu
268 5719 875 5788 territoriumriougum
945 5715 1160 5768 circiter
1222 5727 1324 5766 sex
1392 5715 1594 5775 teucas,
1663 5713 1806 5777 quod
1887 5712 2194 5788 ad‘Euseb.
2234 5718 2307 5770 De
2349 5716 2450 5777 hac
2498 5717 2698 5781 passim
2744 5717 3050 5783 Gregorius
3101 5712 3156 5776 et
3195 5724 3290 5775 alii
3335 5712 3585 5788 auctores

111 5841 114 5846 ,
139 5785 287 5839 etiam
315 5798 460 5839 nunc
479 5785 782 5860 appellatur
805 5787 1020 5843 t’Arsat.

1887 5785 2112 5843 antiqui.
