4006 6182
356 342 463 405 323

1433 326 1493 386 S.
1534 315 1889 384 GREGOBII
1930 310 2260 375 EPISCOPI
2298 310 2777 372 TURONENSIS

3752 321 3851 383 324

363 459 631 541 spargis?
668 457 815 517 Cede
853 456 1000 527 loco,
1033 441 1532 539 relinquc_sedem,
1560 440 1806 541 abscede
1829 438 2118 541 longiusA
2138 439 2301 541 dabit
2322 458 2337 493 :
2591 456 2696 495 non
2733 438 2910 541 habet,
3177 439 3360 541 (ἔξωά-
3380 441 3541 499 habet
3570 446 3853 541 auferetur

364 530 411 616 θ’
436 530 687 616 regione.
716 548 787 606 Et
839 548 963 603 haec
992 543 1208 601 αιορῐιε,
1252 530 1475 603 Virgam
1504 546 1679 604 (illam
1714 530 1959 588 habebat
2002 530 2062 587 in

366 600 953 703 7mg;?.§“;;it3ri;éjus
1001 631 1136 675 cum
1185 616 1303 676 ictu
1342 600 1538 676 valido
1559 618 1815 690 impulit.
1844 618 1912 675 In
1944 634 2061 692 quo

358 711 457 770 ille
487 709 792 783 evigilans,
830 707 972 766 dum
1022 706 1231 781 cogitat
1262 707 1404 781 quid
1454 707 1562 765 hoc
1594 712 1761 780 esset,
1809 708 1971 765 ﬁxasl
2001 708 2065 766 in

355 799 479 857 loco
508 798 607 856 illo
635 797 927 872 defigitur,
974 812 1039 855 ac
1092 796 1290 855 dolore
1342 796 1601 854 maximo
1628 795 1935 854 cruciatur.
1992 794 2062 853 In

356 891 466 948 hoc
484 889 663 962 igitur
690 904 903 962 angore
927 903 1187 960 manens,
1213 886 1484 945 abhorret
1507 886 1703 945 cibum
1724 892 2062 961 potumque,

357 987 413 1038 et
452 986 696 1039 mortem
744 981 867 1053 jam
927 979 1039 1037 sibi
1103 978 1432 1052 proximam
1485 977 1868 1053 priestolatur.
1917 977 2065 1047 Quid

355 1068 571 1141 plura?
604 1066 797 1125 Tertia
827 1066 920 1125 die
951 1081 1085 1124 cum
1115 1065 1463 1139 sanguinem
1492 1081 1589 1123 ore
1616 1064 1935 1141 projiceret,
1960 1081 2065 1123 ex-

358 1157 628 1231 spiravit;
695 1158 911 1215 exinde
958 1158 1145 1215 elatus
1199 1157 1513 1231 Lingonas,
1549 1163 1634 1215 est
1663 1159 1943 1231 sepultus.
2000 1157 2067 1214 In

354 1248 522 1319 cujus
548 1246 740 1304 locum
772 1244 1130 1304 Mummolus
1179 1244 1357 1302 abbas
1378 1248 1420 1317 ι’,
1473 1260 1649 1318 quem
1692 1244 1922 1304 Bonum
1968 1262 2066 1303 co-

354 1340 667 1407 gnomento
726 1338 952 1403 vocant,
1021 1331 1326 1405 episcopus
1408 1332 1821 1393 substituitur:
1888 1348 2065 1407 quem

354 1420 526 1477 multi
557 1418 785 1492 magnis
817 1419 1088 1479 laudibus
1120 1426 1584 1495 prosequuntur:
1620 1421 1874 1479 dicentes
1928 1436 2065 1479 eum

356 1526 479 1569 esse
506 1514 747 1579 castum,
770 1508 1055 1581 sobrium,
1084 1509 1469 1583 moderatum,
1522 1526 1589 1568 ac
1613 1510 1673 1568 in
1706 1509 1869 1569 Omni
1898 1508 2063 1567 boni-

356 1605 469 1657 tate
492 1598 1013 1673 promptissimum,
1043 1606 1335 1659 amantem
1383 1600 1691 1675 justitiam,
1723 1599 2066 1659 cbaritatem

356 1688 519 1748 omni
549 1689 871 1748 intentione
897 1689 1252 1764 diligentem.
1306 1690 1416 1759 Qui
1453 1696 1682 1764 accepto
1715 1690 2068 1764 cpisc0patu,

2144 532 2213 585 ab
2242 548 2298 586 eo
2355 531 2573 601 (Matth.
2606 542 2733 599 XIII,
2768 529 2871 598 12).
2937 528 3005 586 Et
3059 527 3207 587 illud
3242 549 3254 586 ς
3313 534 3448 587 Ecce
3476 548 3642 588 sanus
3668 537 3853 602 factus

2145 635 2218 683 es,
2253 619 2375 688 jam
2406 621 2521 675 noli
2568 634 2813 690 peccare,
2870 635 2936 673 ne
2994 618 3131 687 quid
3196 619 3301 673 tibi
3355 620 3593 676 deterius
3642 627 3854 679 eveniat

2150 712 2325 778 (Joan.
2362 722 2420 778 v,
2457 711 2555 783 14).
2590 709 2732 767 Nam
2762 706 3098 781 perstitisset
3123 707 3217 765 hic
3251 707 3309 765 in
3370 708 3629 780 sanitate,
3664 712 3716 768 si
3746 711 3855 769 Ju-

2150 800 2341 859 daeum
2374 817 2488 858 non
2520 800 2851 859 induxisset
2884 815 3055 872 super
3075 798 3337 857 divinam
3367 800 3662 859 virtutem.
3690 801 3861 861 Tales

2151 892 2307 949 enim
2337 892 2609 949 admonet
2662 897 2717 947 et
2762 890 2952 961 arguit
3007 890 3338 962 Apostolus,
3388 891 3621 949 dicens:
3676 897 3863 951 Nolite

2151 985 2292 1036 enim
2338 981 2537 1052 jugum
2592 981 2783 1035 ducere
2835 996 2955 1034 cum
2984 980 3317 1049 inﬁdelibus.
3347 981 3475 1045 Quae
3507 984 3647 1035 enim
3668 986 3858 1052 parti-

2151 1075 2354 1142 cipatio
2377 1072 2615 1139 justitiae
2644 1088 2764 1125 cum
2784 1072 3080 1139 iniquitate
3103 1072 3130 1123 ?
3160 1070 3273 1124 Aut
3304 1086 3424 1139 qua:
3458 1074 3687 1126 societas
3718 1074 3859 1126 lucis

2152 1178 2272 1217 cum
2310 1161 2542 1216 tenebris
2568 1174 2589 1199 ε
2611 1164 2639 1215 ?
2671 1162 2798 1227 Quae
2825 1164 3004 1213 autem
3056 1160 3467 1213 communicatio
3495 1161 3699 1215 Christi
3738 1178 3861 1214 cum

2149 1252 2326 1307 Belial
2352 1253 2379 1304 ?
2406 1251 2521 1305 Aut
2552 1266 2671 1319 quae
2702 1266 2838 1320 pars
2885 1248 3036 1318 ﬁdeli
3067 1264 3185 1301 cum
3213 1247 3425 1316 inﬁdeli
3452 1252 3479 1302 ?
3508 1250 3640 1314 Quis
3669 1255 3858 1303 autem

2150 1357 2435 1397 consensus
2465 1342 2661 1410 templo
2679 1342 2779 1395 Dei
2807 1356 2925 1393 cum
2954 1339 3118 1392 idolis
3143 1341 3171 1391 Ρ
3230 1341 3338 1395 Vos
3376 1341 3505 1393 estis
3534 1341 3675 1393 enim
3719 1344 3861 1393 tem-

2143 1433 2302 1501 plum
2330 1432 2429 1485 Dei
2451 1433 2585 1485 vivi.
2616 1433 2907 1501 Propterea
2947 1430 3090 1483 emite
3116 1428 3183 1482 de
3226 1428 3402 1482 medio
3432 1444 3633 1492 eorum,
3690 1433 3743 1482 et
3771 1444 3863 1483 se-

2145 1519 2429 1591 paramini
2479 1520 2548 1573 ab
2607 1521 2711 1583 his,
2770 1522 2852 1573 ait
2880 1521 3141 1573 Dominus
3170 1517 3188 1552 ¹
3238 1520 3315 1585 (II
3349 1519 3466 1575 Cor.
3532 1512 3627 1585 VI,‘
3663 1516 3861 1588 14-17).

2152 1605 2289 1664 Ideo
2337 1607 2533 1665 doceat
2562 1620 3043 1679 unumquemque
3072 1604 3472 1663 Christianum
3502 1606 3627 1663 ιιωο
3658 1620 3862 1677 causa,

2154 1701 2220 1753 ut
2245 1695 2476 1767 quando
2528 1695 2815 1751 caelestem
2862 1694 3117 1766 accipere
3151 1694 3434 1752 meruerit
3481 1694 3865 1765 medicinam,

359 1794 707 1852 cognoscens
744 1779 898 1853 quod
924 1779 1277 1853 Lampadius
1304 1780 1559 1839 multum
1585 1779 1655 1837 de
1686 1779 1862 1841 rebus
1905 1780 2130 1861 frau-B
2153 1791 2379 1843 terrena
2405 1799 2523 1841 non
2554 1789 2808 1857 requirat
2839 1783 3050 1841 studia.

356 1867 550 1926 dasset
593 1869 870 1932 ecclesize.
924 1884 989 1927 ac
1043 1870 1112 1928 de
1142 1869 1342 1944 spoliis
1380 1884 1701 1943 pauperum
1759 1884 1944 1941 agros,
1986 1868 2069 1926 vi-

359 1974 635 2032 neasque,
666 1959 763 2017 vel
792 1959 1085 2033 mancipia
1111 1966 1531 2033 congregasset,
1563 1974 1701 2017 eum
1727 1957 1799 2015 ab
1819 1957 1981 2015 omni
2007 1972 2067 2013 re

356 2047 642 2106 nudatum
670 2063 704 2105 a
731 2048 1036 2122 przesentia
1091 2064 1198 2108 sua
1244 2048 1423 2122 jussit
1459 2047 1636 2123 abigi.
1669 2046 1783 2117 Qui
1811 2062 1973 2106 nunc
2002 2046 2067 2104 in

356 2137 615 2194 maxima
642 2144 978 2211 paupertate
992 2138 1226 2210 degens,
1254 2138 1530 2198 manibus
1556 2136 1809 2212 propriis
1840 2136 2066 2196 victum

359 2223 588 2299 quaerit.
618 2223 759 2282 Hice
787 2226 858 2283 de
886 2225 977 2283 his
1004 2225 1318 2283 sufﬁciant.

432 2312 533 2371 VI.
564 2315 737 2371 Anno
770 2329 907 2371 vero
937 2324 958 2351 °
977 2329 1093 2388 quo
1124 2329 1316 2387 supra,
1362 2313 1420 2371 id
1475 2320 1559 2372 est
1587 2329 1702 2387 quo
1728 2320 1953 2383 mortuo
1975 2313 2070 2374 Si-

359 2404 580 2477 giberto
606 2404 1183 2465 Childebertustilius
1211 2410 1339 2477 ejus
1378 2422 1618 2479 regnare
1646 2407 1838 2480 coepit,
1870 2407 2071 2467 multae

359 2493 603 2552 virtutes
654 2493 725 2550 ad
785 2494 1119 2566 sepulcrum
1162 2493 1315 2551 beati
1370 2494 1600 2551 Martini
1649 2500 2066 2568 apparuerunt,

361 2598 505 2657 quas
528 2584 589 2641 in
627 2582 747 2641 illis
777 2581 991 2640 libellis
1022 2582 1244 2656 scripsi,
1277 2570 1421 2657 quos
1450 2584 1519 2642 de
1562 2584 1746 2658 ipsius
1773 2585 2070 2644 miraculis

360 2683 701 2743 componere
730 2670 963 2728 tentavi.
1001 2670 1072 2727 Et
1119 2670 1249 2727 licet
1279 2686 1545 2729 sermone
1598 2672 1834 2744 rustico,
1877 2679 2070 2729 tamen

359 2758 545 2818 celare
572 2775 777 2833 passus
803 2774 919 2818 non
958 2775 1110 2830 sum,
1141 2776 1272 2833 quae
1297 2767 1395 2819 aut
1415 2761 1537 2835 ipse
1566 2762 1709 2833 vidi,
1744 2768 1843 2820 aut
1866 2778 1899 2820 a
1924 2762 2070 2821 fide-

362 2851 519 2910 libus
547 2852 723 2909 relata
749 2851 1012 2923 cognovi.
1060 2850 1169 2909 Hic
1197 2858 1422 2911 tantum
1452 2853 1593 2926 quid
1638 2853 2068 2927 negligentibus

361 2941 638 3009 evenerit.
669 2941 772 3015 qui
804 2947 929 3014 post
952 2941 1225 3000 virtutem
1281 2942 1578 3001 caelestem
1626 2948 1850 3003 terrena
1880 2942 2066 3001 medi-

360 3036 621 3091 camenta
651 3030 1031 3103 qumsierunt,
1062 3030 1360 3089 exsolvam
1393 3050 1405 3089 :
1454 3031 1595 3105 quia
1632 3031 1783 3091 sicut
1810 3048 1911 3106 per
1937 3048 2067 3106 gra-

2221 1874 2349 1932 VII.
2383 1873 2493 1933 Sed
2525 1884 2551 1920 ε
2580 1881 2635 1932 et
2664 1874 2808 1933 illud
2862 1890 3311 1933 commemorare
3359 1875 3519 1946 libet,
3577 1875 3703 1949 qui,
3758 1874 3863 1933 vel

2149 1969 2348 2043 quales
2386 1967 2498 2025 viri
2545 1967 2653 2026 hoc
2704 1983 2861 2027 anno
2889 1984 2921 2025 a
2974 1967 3220 2025 Domino
3272 1972 3410 2025 sunt
3456 1966 3871 2033 vocati._Unde

2149 2073 2432 2131 magnum
2461 2073 2597 2116 eum
2620 2065 2673 2116 et
2697 2059 2816 2116 Deo
2845 2067 2867 2097 ιι
2897 2057 3309 2131 acceptabilem
3347 2073 3452 2131 ego
3483 2072 3710 2129 censeo,
3756 2055 3874 2130 qui

2151 2145 2283 2206 talis
2331 2146 2401 2204 de
2430 2152 2622 2213 nostra
2656 2152 2804 2204 terra
2858 2162 2963 2205 suo
3007 2146 3271 2219 paradiso
3327 2144 3655 2204 collocatur.
3714 2143 3875 2201 Nam

2150 2238 2492 2297 benedictus
2559 2237 2781 2296 Senoch
2837 2236 3157 2311 presbyter,
3224 2236 3328 2310 qui
3386 2237 3537 2310 apud
3594 2236 3877 2295 Turonos

2155 2334 2293 2393 211
2328 2328 2680 2399 morabatur,
2708 2328 2791 2386 sic
2819 2326 3092 2400 migravit
3149 2341 3182 2383 a
3236 2326 3466 2385 smculo.
3503 2325 3636 2384 Fuit
3661 2331 3873 2383 autem

2151 2434 2363 2492 genere
2400 2417 2721 2490 Theifalus,
2757 2425 2813 2478 et
2862 2420 2926 2475 in
2969 2416 3257 2476 Turonico
3288 2416 3535 2475 clericus
3562 2416 3765 2487 factus,
3804 2416 3873 2473 in

2152 2507 2427 2565 cellulam
2463 2522 2639 2581 quam
2690 2507 2813 2579 ipse
2840 2505 2990 2562 inter
3035 2504 3279 2578 parietes
3306 2503 3574 2578 antiquos
3623 2518 3879 2575 compo-

2154 2606 2367 2670 suerat,
2416 2615 2476 2657 se
2520 2598 2801 2657 removit:
2866 2596 3235 2670 collectisque
3292 2594 3609 2666 monachis,
3666 2599 3876 2653 orato-

2153 2691 2324 2759 rium,
2358 2689 2514 2763 quod
2545 2687 2728 2746 multo
2760 2693 3015 2761 tempore
3067 2684 3330 2743 dirutum
3381 2685 3587 2755 fuerat,
3621 2698 3873 2757 repara-

2154 2779 2257 2839 vit.
2289 2779 2449 2837 Idem
2479 2794 2652 2852 super
2683 2777 2947 2863 inﬁrmos
3003 2774 3220 2833 multas
3250 2774 3496 2834 virtutes
3527 2773 3681 2846 fecit,
3715 2787 3874 2847 quas

2152 2868 2214 2927 in
2240 2869 2388 2927 libro
2425 2866 2576 2927 Vitae
2603 2869 2729 2943 ejus
2759 2867 3095 2940 scripsimus
3126 2866 3159 2925 ί.

2226 2958 2381 3018 VIII.
2421 2958 2504 3017 Eo
2553 2952 2739 3016 annoj
2797 2964 2852 3015 et
2880 2957 3083 3016 beatus
3133 2956 3457 3016 Germanus
3506 2953 3874 3013 Parision

2152 3049 2453 3125 episcopus
2517 3048 2743 3107 transiit
2769 3071 2782 3106 :
2814 3049 2872 3106 in
2905 3049 3072 3120 cuius
3102 3048 3420 3122 exsequiis,
3449 3046 3649 3106 multis
3679 3045 3875 3105 virtu-

362 3122 501 3223 ξίὶὶω
541 3120 1059 3223 21_0‘53nifammi_
1102 3120 1280 3223 minet
1312 3136 1411 3223 De}
1439 3122 2132 3223 (ἒῖιεῐίξζθῖίίἮεῖωὲίυῙῖο
2156 3120 2310 3197 tibus
2345 3120 2489 3212 quas
2518 3138 2579 3195 in
2610 3153 2845 3210 corpore
2876 3144 3150 3211 gesserat,
3191 3120 3300 3196 hoc
3338 3135 3693 3195 miraculum
3716 3150 3871 3192 con-

363 3217 557 3272 torum
591 3211 776 3269 virtus
807 3211 932 3284 ejus
979 3212 1319 3271 ostenditur.
1363 3212 1674 3270 Leonastes
1714 3212 2016 3286 Biturigus

2206 3211 2541 3286 rmationem
2596 3227 2749 3285 fecit.
2804 3227 2951 3285 Nam
3006 3228 3337 3287 carcerariis
3387 3224 3868 3296 acclamantibus,

359 3299 822 3370 archidiaconus,
851 3299 1252 3358 decidentibus
1281 3300 1597 3378 cataractis,
1631 3300 1855 3359 lumine
1883 3302 2070 3359 caruit

361 3388 684 3449 oculorum.
729 3387 841 3457 Qui
892 3402 1029 3445 cum
1063 3404 1164 3462 per
1209 3388 1422 3446 multos
1462 3387 1712 3445 medicos
1740 3388 2067 3459 ambulans,

363 3478 517 3537 nihil
546 3476 786 3536 omnino
816 3476 1060 3535 visionis
1098 3477 1349 3551 recipere
1374 3484 1583 3550 posset,
1615 3478 1851 3536 accessit
1878 3480 1947 3537 ad
1978 3480 2073 3536 ba-

368 3568 593 3628 silicam
626 3567 777 3625 beati
803 3567 1072 3625 Martini:
1104 3568 1205 3627 ubi
1248 3585 1350 3642 per
1376 3569 1522 3629 duos
1565 3576 1663 3628 aut
1693 3576 1804 3628 tres
1845 3586 2073 3630 menses

364 3656 707 3728 consistens,
762 3662 817 3714 et
862 3657 1133 3730 jejunans
1158 3657 1408 3730 assidue,
1464 3658 1665 3717 lumen
1696 3664 1761 3716 ut
1798 3660 2074 3732 reciperet

360 3746 679 3821 ﬂagitabat.
722 3746 1089 3806 Adveniente
1114 3753 1309 3807 autem
1364 3749 1698 3819 festivitate,
1744 3748 2070 3809 clariﬁcatis

361 3835 548 3897 oculis
573 3851 809 3895 cernere
837 3838 1010 3911 coepit
1042 3857 1056 3909 ;
1086 3854 1381 3909 regressus
1408 3855 1642 3913 quoque
1672 3840 1933 3911 domum,
1966 3856 2069 3898 vo-

364 3931 491 3986 cato
520 3926 771 4001 quodam
801 3926 1028 3998 Judzeo,
1059 3934 1328 3988 ventosas
1357 3946 1607 4004 quarum
1633 3929 1914 3989 beneﬁcio
1939 3946 2075 3990 ocu-

362 4014 440 4074 lis
467 4015 671 4075 lumen
717 4023 971 4091 augeret,
1039 4019 1304 4079 humeris
1354 4010 1711 4093 superponit:
1767 4021 2075 4080 Decidente

365 4120 599 4181 quoque
656 4107 961 4181 sanguine,
1010 4123 1217 4168 rursus
1273 4108 1337 4167 in
1392 4110 1705 4168 recidivam
1759 4110 2073 4169 czecitatem

364 4197 668 4272 redigitur.
696 4198 857 4267 Quod
887 4214 1021 4257 cum
1050 4200 1265 4258 factum
1310 4200 1534 4272 fuisset,
1556 4217 1797 4279 rursum
1824 4202 1893 4259 ad
1923 4208 2069 4259 tem-

364 4285 531 4359 plum
557 4292 823 4345 sanctum
879 4303 1176 4361 regressus
1221 4294 1323 4347 est.
1384 4288 1591 4363 Ibique
1633 4291 1847 4349 iterum
1899 4289 2073 4362 longo

362 4381 547 4457 spatio
602 4386 1010 4451 commoratus,
1073 4380 1275 4439 lumen
1346 4381 1599 4454 recipere
1663 4398 1780 4441 non
1837 4382 2071 4440 meruit.

368 4472 535 4545 Quod
561 4474 615 4533 ei
640 4474 714 4533 ob
744 4479 1043 4547 peccatum
1065 4488 1181 4531 non
1206 4471 1527 4545 praestitum
1554 4488 1701 4544 reor,
1726 4473 1897 4547 juxta
1926 4472 2075 4532 illud

369 4562 733 4624 dominicum
760 4563 1064 4624 oraculum
1095 4586 1108 4621 :
1132 4563 1239 4632 Qui
1266 4563 1445 4629 habet,
1474 4563 1701 4619 dabitur
1720 4564 1790 4629 ei,
1820 4567 1870 4619 et
1897 4564 2075 4619 abun-

436 4748 455 4771 ι
489 4738 579 4792 Sic
626 4738 811 4803 Regm.
856 4738 990 4791 Editi
1031 4751 1164 4792 vero
1222 4750 1345 4792 cum
1396 4739 1551 4801 Bec.,
1588 4739 1732 4803 ﬁcta,
1780 4750 1888 4804 qua
1941 4747 2076 4789 voce

370 4810 540 4864 utitur
581 4811 713 4863 item
779 4810 1078 4874 Gregorius
1126 4810 1217 4863 lib.
1267 4823 1331 4863 ιιι
1380 4810 1447 4863 de
1494 4811 1672 4862 Mirac.
1741 4809 1797 4861 S.
1848 4808 2073 4869 Martini,

374 4895 494 4947 cap.
540 4882 619 4935 10.
665 4882 754 4935 Est
812 4887 992 4935 autem
1045 4882 1191 4944 ﬁcta,
1234 4884 1293 4934 ut
1361 4884 1511 4945 putat
1566 4881 1856 4942 Alteserra,
1918 4878 2077 4932 dolor

373 4962 712 5028 subitaneus,
733 4966 884 5029 quasi
911 4962 1096 5017 clavus
1117 4963 1340 5025 inﬁxus,
1366 4965 1509 5015 sicut
1537 4962 1734 5015 medici
1782 4958 2072 5035 πλευρῖτιν,

372 5046 543 5099 telum
574 5044 866 5109 appellant.
901 5044 1093 5096 Nostra
1113 5044 1274 5096 lectio
1300 5054 1416 5093 rem
1439 5043 1615 5104 magis
1644 5042 1917 5105 exprimit.

438 5117 459 5146 ⁵
492 5117 543 5169 Is
589 5115 689 5169 fuit
737 5116 901 5169 abbas
950 5114 1004 5167 S.
1052 5114 1273 5165 Joannis
1325 5112 1673 5164 Reomaensis
1711 5112 1765 5163 in
1794 5124 1926 5175 agro
1958 5112 2069 5164 Tor-

373 5188 689 5251 nodorensi,
729 5188 824 5251 qui
862 5187 1050 5238 sancto
1072 5184 1339 5237 Silvestro
1374 5186 1757 5245 successerat;
1794 5184 1902 5246 ipsi
1947 5194 2078 5234 vero

374 5260 693 5313 substitutus
732 5263 815 5310 est
860 5256 1248 5319 Leopardinus.
1286 5254 1606 5307 Mummolus
1637 5256 1751 5320 jam
1786 5255 2079 5319 episcopus

374 5331 695 5396 subscripsit
722 5328 918 5381 concil.
945 5326 1144 5377 Matisc.
1164 5338 1185 5377 ι
1208 5330 1259 5379 et
1294 5338 1355 5377 ιι.

438 5412 456 5434 ε
486 5395 604 5454 Hoc
636 5403 798 5464 caput
830 5398 985 5450 deest
1022 5397 1078 5449 in
1111 5396 1267 5449 Corb.
1298 5400 1352 5449 et
1374 5395 1586 5450 Bellov.

437 5473 459 5503 ·¹
489 5473 651 5525 Becc.
699 5472 752 5522 et
822 5468 991 5532 Colb.,
1044 5468 1325 5522 Leonastis.
1404 5467 1612 5532 Regm.,
1666 5466 1924 5519 Leonastis
1977 5465 2074 5516 Bi-

376 5541 664 5596 turicensis.
750 5539 918 5601 Freb.,
966 5542 1270 5593 ‘Leuvastis.
1352 5538 1484 5591 Editi
1575 5542 1772 5604 praeter
1854 5537 2073 5601 Chesn.,

375 5618 631 5667 Leonas“:
662 5611 933 5674 Biturigis.

436 5696 457 5719 '
489 5685 692 5749 Regm.,
714 5684 836 5735 Luci
867 5684 933 5733 ad
967 5682 1257 5737 tenebras...
1290 5684 1356 5737 ad
1387 5682 1575 5740 Belial.

442 5757 462 5796 ε
500 5756 674 5822 Idem,
703 5756 829 5807 dicit
848 5755 1118 5808 Dominus.

2085 4533 2135 4593 D

2153 3333 2361 3390 corpus
2388 3317 2449 3374 in
2481 3318 2665 3388 platea
2693 3323 3066 3389 aggravatum
3115 3324 3219 3389 est,
3254 3316 3569 3389 solutisque
3619 3313 3871 3383 eisdem,

2158 3419 2393 3463 rursum
2422 3404 2548 3460 sine
2577 3401 2769 3461 labore
2798 3402 3060 3461 levatur:
3093 3404 3204 3476 ipsi
3244 3419 3474 3478 quoque
3524 3402 3626 3477 qui
3689 3401 3870 3459 soluti

2156 3494 2410 3563 fuerant,
2448 3492 2511 3549 in
2541 3491 2887 3566 obsequium
2916 3492 3140 3550 funeris
3162 3508 3346 3567 usque
3377 3492 3446 3549 ad
3474 3491 3772 3549 basilicam
3802 3490 3870 3547 in

2156 3600 2271 3660 qua
2298 3582 2557 3657 sepultus
2586 3590 2689 3653 est,
2721 3582 2890 3641 liberi
2915 3591 3325 3656 pervenerunt.
3360 3582 3448 3640 Ad
3479 3581 3814 3654 sepulcrum
3840 3581 3868 3619 ι

2156 3681 2353 3733 autem
2385 3674 2511 3747 ejus
2542 3672 2756 3731 multas
2787 3673 3049 3745 virtutes,
3098 3672 3347 3731 Domino
3407 3671 3714 3741 tribuente,
3742 3685 3871 3731 cre-

2155 3766 2355 3823 dentes
2385 3764 2803 3839 experiuntur:
2834 3764 2913 3822 ita
2952 3771 3016 3823 ut
3045 3764 3315 3838 quisque,
3350 3762 3398 3821 si
3418 3762 3578 3835 justa
3611 3759 3864 3834 petierit,

2154 3853 2427 3913 velociter
2455 3860 2719 3927 exoptata
2748 3859 3013 3927 reportet.
3071 3851 3133 3912 Si
3190 3855 3322 3926 quis
3363 3860 3554 3909 tamen
3594 3856 3870 3907 strenuus

2158 3943 2401 4005 virtutes
2434 3945 2616 4016 illius,
2650 3962 2799 4018 quas
2850 3945 2912 4001 in
2967 3959 3203 4019 corpore
3250 3944 3404 4013 fecit,
3455 3941 3695 4000 sollicite
3736 3939 3870 3998 vult

2157 4035 2475 4110 inquirere,
2509 4036 2725 4095 librum
2778 4035 2923 4094 Vitze
2950 4034 3133 4107 illius,
3168 4033 3269 4108 qui
3309 4049 3342 4091 a
3388 4030 3701 4089 Fortunato
3730 4044 3868 4102 pre-

2158 4124 2388 4199 sbytero
2418 4125 2771 4198 compositus
2795 4132 2899 4196 est,
2915 4124 3109 4198 legens
3136 4130 3343 4183 cuncta
3370 4120 3613 4193 reperiet
3633 4119 3667 4177 ι.

2226 4213 2327 4271 ΙΧ.
2361 4214 2578 4271 Eodem
2606 4228 2647 4252 ω
2696 4230 2927 4288 quoque
2982 4229 3137 4271 anno
3182 4219 3236 4271 et
3266 4212 3520 4285 Caluppa
3566 4208 3870 4267 reclausus

2156 4301 2320 4360 obiit.
2375 4302 2487 4360 Hic
2510 4307 2708 4360 autem
2747 4302 2821 4361 ab
2872 4300 3120 4359 infantia
3177 4316 3284 4359 sua
3310 4314 3534 4371 semper
3556 4295 3871 4369 religiosus

2158 4391 2289 4463 fuit,
2339 4398 2395 4449 et
2424 4392 2579 4465 apud
2614 4390 3029 4451 monasterium
3086 4388 3431 4447 Melitensen
3483 4384 3714 4444 termini
3750 4386 3872 4442 Ar—

2160 4483 2326 4542 verni
2368 4498 2701 4555 conversus,
2759 4482 2819 4540 in
2856 4497 3067 4555 magna
3117 4497 3178 4538 se
3215 4479 3551 4539 humilitate
3590 4473 3876 4535 fratribus

2159 4572 2434 4650 praebuit,
2474 4573 2625 4633 sicut
2653 4574 2715 4631 in
2746 4572 2893 4632 libro
2924 4572 3071 4631 Vita}
3091 4584 3115 4613 ο
3158 4570 3283 4645 ejus
3310 4568 3667 4643 scripsimus.

2222 4756 2247 4792 ε
2279 4744 2391 4798 Hoc
2418 4746 2578 4810 caput
2604 4742 2757 4794 deest
2780 4741 2834 4792 in
2856 4739 3036 4797 Corb.,
3060 4736 3270 4810 Bellov.
3305 4740 3361 4790 et
3382 4736 3531 4810 Colh.

2222 4816 2244 4846 ε·
2281 4808 2501 4881 Βεειιιη⁷
2546 4823 2590 4867 et
2643 4814 2777 4865 ideo.
2824 4811 2882 4863 Et
2948 4810 3089 4863 intra
3158 4808 3268 4868 alii,
3311 4810 3403 4872 qui
3447 4808 3639 4861 lates...
3696 4808 3862 4860 cotto-

2158 4889 2312 4941 cavit.

2217 4961 2233 4991 ι
2266 4960 2409 5011 Inter
2458 4957 2602 5009 Vitas
2660 4956 2866 5008 Patrum
2916 4965 3041 5017 cap.
3085 4953 3162 5004 15.
3214 4950 3287 5004 De
3331 4951 3655 5005 Taifalorum
3694 4952 3860 5015 gente

2158 5031 2281 5084 vide
2304 5041 2467 5093 supra
2489 5028 2590 5081 lib.
2632 5041 2710 5089 ιν,
2736 5039 2860 5091 cap.
2892 5027 2966 5077 19.

2219 5104 2233 5150 i
2267 5100 2423 5153 Corb.
2451 5105 2504 5153 et
2524 5099 2755 5161 Bellov.,
2784 5099 2858 5148 Eo
2882 5105 3099 5164 tempore
3119 5097 3312 5149 beatus.

2222 5175 2243 5205 ι
2281 5174 2338 5225 id
2387 5176 2471 5226 est
2514 5171 2794 5224 basilicam
2846 5170 2894 5220 S.
2940 5171 3127 5223 Crucis
3156 5174 3210 5223 et
3243 5172 3290 5221 S.
3324 5166 3611 5229 Vincentil,
3674 5176 3800 5230 quae
3840 5175 3874 5215 a

2161 5244 2529 5309 compluribus
2582 5244 2797 5296 saaculis
2845 5240 3016 5295 sancti
3058 5240 3393 5295 confessoris
3432 5238 3654 5291 nomine
3689 5235 3867 5309 vulgo

2161 5306 2493 5381 designatur.
2530 5316 2665 5369 Obiit
2715 5316 2803 5368 die
2832 5315 2892 5367 ‘28
2930 5314 3044 5367 Maii
3095 5327 3202 5379 quo
3236 5312 3542 5367 celebratur
3592 5312 3714 5374 ejus
3744 5306 3867 5360 tes-

2161 5392 2449 5513 m‘ltlgistat
2504 5458 2647 5525 apud
2680 5458 2891 5510 Surium
2944 5460 2998 5511 et
3038 5455 3363 5510 Bollandum
3400 5454 3462 5507 28
3515 5452 3659 5517 Maii,
3718 5454 3779 5506 et
3816 5451 3874 5503 iu

2159 5533 2400 5587 saaculo‘r
2429 5534 2679 5585 Actorum
2701 5530 2782 5582 SS.
2815 5530 2938 5582 0rd.
2960 5529 3320 5583 Benedictini.

2218 5614 2251 5636 -
2283 5605 2443 5657 Deest
2478 5605 2581 5656 hoc
2606 5605 2765 5666 caput
2798 5603 2851 5653 in
2885 5602 3073 5664 Corb.,
3107 5602 3317 5655 Bellov.
3343 5602 3395 5655 et
3422 5600 3580 5655 Colb.

2219 5688 2243 5710 ³
2275 5678 2457 5741 Regm.
2496 5679 2547 5728 et
2579 5675 2733 5740 Bad.,
2758 5674 3029 5728 Heletmc.

2221 5758 2241 5781 ο
2274 5748 2361 5801 Est
2392 5750 2532 5803 inter
2548 5749 2686 5802 Vitas
2718 5748 2947 5809 Patrum,
2981 5760 3100 5812 cap.
3132 5750 3212 5801 tt.
