4006 6182
421 331 527 393 3ἳ7

1487 314 1547 374 S.
1588 304 1945 372 GREGORII
1982 300 2323 363 EPISCOPI
2363 302 2837 364 TURONENSIS

3773 308 3862 369 328

421 458 623 518 cinum
657 447 903 519 transiit.
932 450 989 504 et
1015 448 1206 502 contre
1248 428 1612 487 Βεδιαετίυω
1658 429 1865 486 ducem
1897 425 2448 519 Οιιίιρξθ-Αεῇοοτιιᾼη]
2482 441 2598 483 non
2630 426 2839 519 fuerat,
2886 422 3352 519 Christianorum
3364 423 3864 519 nuncteinporibus

429 517 533 608 rici
562 543 713 608 regis
752 517 963 592 bullam
1006 519 1200 593 gessit.
1258 519 1325 585 In
1358 534 1472 592 quo
1519 518 1719 592 przelio
1767 518 2019 576 cecidere
2054 517 2125 575 de

424 609 678 673 exercuit
707 612 831 686 ejus
860 611 1119 686 quinque
1145 609 1366 680 millia;
1397 609 1466 666 de
1494 622 1518 649 ι
1548 610 1828 667 Desiderii
1867 625 2003 667 vero
2035 610 2120 666 vi-

422 703 567 777 ginti
595 709 841 777 quatuor
872 700 1074 758 millia.
1107 699 1234 772 Ipse
1266 714 1495 772 quoque
1532 698 1865 757 Desiderius
1895 698 2124 769 fugiens

422 794 527 850 vix
552 791 752 849 evasit.
784 788 1139 847 Mummolus
1170 804 1305 846 vero
1340 788 1617 861 patricius
1661 804 1763 862 per
1794 790 2125 846 Arvernum

421 881 612 953 rediit,
642 896 887 954 eamque
924 880 1035 955 [AL
1066 879 1263 955 eaque]
1298 894 1398 953 per
1422 878 1545 936 loca
1571 878 1859 936 exercitus
1883 878 2008 950 ejus
2034 877 2128 935 de-

424 972 688 1042 vastavit,
723 978 777 1029 et
807 973 887 1030 sic
918 972 977 1028 in
1006 970 1402 1043 Burgundiam
1433 971 1787 1043 peraccessit.

495 1060 650 1119 XIV.
696 1060 955 1119 Posthmc
1006 1059 1383 1118 Merovechus
1410 1076 1541 1119 cum
1594 1060 1654 1117 in
1685 1059 1941 1117 custodia
1973 1074 2005 1115 a
2030 1074 2129 1131 pa-

426 1157 510 1209 tre
536 1149 902 1220 retineretur,
928 1154 1264 1207 tonsuratus
1304 1157 1408 1219 est,
1439 1155 1772 1221 mutataque
1800 1154 1975 1216 veste,
2011 1162 2126 1219 qua

422 1237 646 1296 clericis
675 1237 761 1296 uti
813 1252 938 1295 mos
990 1246 1094 1307 est,
1140 1237 1438 1310 presbyter
1471 1238 1790 1306 ordinatur,
1821 1245 1877 1295 et
1901 1238 1968 1294 ad
2001 1252 2128 1293 mo-

420 1327 740 1386 nasterium
765 1325 1283 1395 Cenomannicum,
1312 1327 1465 1400 quod
1490 1332 1727 1384 vocatur
1750 1326 2041 1385 Aninsula
2067 1324 2086 1351 "
2114 1370 2128 1393 ,

424 1414 715 1489 dirigitur,
748 1420 811 1472 ut
852 1414 934 1471 ibi
972 1413 1307 1471 sacerdotali
1358 1414 1687 1471 erudiretur
1736 1414 1953 1485 regula.
1988 1403 2128 1470 Hzec

423 1504 668 1564 audiens
705 1503 1180 1561 Guntcbramnus
1219 1502 1385 1573 Boso,
1436 1503 1538 1576 qui
1595 1508 1732 1559 tunc
1785 1501 1845 1558 in
1894 1502 2129 1559 basilica

423 1596 607 1655 sancti
632 1594 888 1665 Martini,
918 1600 983 1653 ut
1003 1594 1282 1663 diximus,
1306 1593 1608 1664 residebat,
1638 1593 1794 1651 misit
1826 1593 2125 1652 Riculfum

428 1681 540 1756 [AL
578 1681 900 1754 Rigulfum]
937 1680 1377 1751 subdiaconum,
1403 1686 1467 1739 ut
1490 1681 1541 1737 ei
1570 1680 1885 1738 consilium
1910 1681 2129 1739 occulte

2205 516 2353 587 ﬁeri,
2381 517 2503 590 ipse
2532 516 2849 574 exercitum
2882 521 3221 583 commovet,
3252 522 3306 571 et
3336 512 3473 572 illuc
3509 513 3708 588 dirigit.

2276 607 2450 663 Anno
2480 614 2669 663 autem
2702 603 2954 662 secundo
2987 602 3335 660 Cliildeberti
3367 603 3533 675 regis,
3572 619 3697 660 eum
3726 607 3865 664 vide-

2208 702 2293 751 ret
2342 695 2715 752 Merovechus
2760 700 2982 767 patrem
3011 708 3181 750 suum
3241 692 3302 747 in
3356 692 3462 749 hac
3499 692 3869 754 deliberatione

2210 782 2519 853 intentum,
2574 790 2869 855 assumpto
2915 797 3107 838 secum
3159 780 3594 838 Guntcbramno
3637 782 3768 839 duce
3808 785 3869 841 ad

2210 872 2643 930 Brunichildem
2712 888 2945 945 pergere
3025 870 3250 943 cogitat,
3327 870 3777 930 dicensnAbsit
3818 880 3872 931 ut

2208 967 2438 1035 propter
2465 976 2650 1018 meam
2688 976 2991 1033 personam
3029 958 3263 1016 basilica
3287 957 3741 1015 domui-Martini
3765 961 3872 1017 vio-

2209 1051 2445 1108 lentiam
2477 1051 2743 1123 perferat,
2773 1057 2873 1107 aut
2914 1050 3029 1121 [Αἰ.
3060 1048 3131 1121 et]
3187 1048 3342 1119 regio
3394 1048 3519 1119 ejus
3551 1063 3647 1119 per
3688 1063 3771 1104 me
3796 1064 3873 1105 ca-

2210 1136 2459 1210 ptivitati
2497 1136 2795 1194 subdatur.
2850 1136 2919 1192 Et
2970 1137 3264 1206 ingressus
3321 1133 3634 1203 basilicam,
3665 1134 3787 1191 dum
3814 1136 3875 1191 vi.

2210 1226 2376 1299 gilias
2403 1234 2610 1298 ageret,
2645 1242 2735 1283 res
2760 1241 2903 1298 quas
2933 1240 3129 1303 secum
3179 1225 3442 1292 habebat,
3478 1224 3547 1280 ad
3587 1225 3876 1296 sepulcrum

2211 1316 2360 1373 beati
2400 1315 2632 1372 Martini
2666 1315 2955 1383 exhibuit,
2989 1330 3159 1372 orans
3192 1320 3257 1372 ut
3281 1314 3389 1371 sibi
3421 1321 3649 1370 sanctus
3673 1328 3876 1371 succur-

2214 1414 2382 1477 reret,
2411 1414 2581 1479 atque
2635 1408 2686 1463 ei
2719 1407 3052 1465 concederet
3096 1407 3334 1479 gratiam
3366 1421 3552 1476 suam,
3585 1412 3644 1462 ut
3668 1420 3877 1477 regnum

2215 1504 2471 1576 accipere
2518 1503 3073 1576 posset.Leudastes
3122 1510 3259 1561 tunc
3302 1518 3494 1560 comes
3528 1517 3656 1560 cum
3704 1501 3881 1559 multas

2216 1592 2269 1650 ei
2300 1592 2360 1649 in
2392 1608 2588 1650 amore
2610 1592 3008 1665 Fredegundis
3050 1591 3292 1648 insidias
3321 1591 3596 1659 tenderet,
3625 1590 3691 1647 ad
3718 1596 3881 1647 extre-

2214 1694 2378 1737 mum
2405 1695 2614 1752 pueros
2642 1680 2787 1752 ejus,
2830 1680 2935 1752 qui
2962 1679 3020 1735 in
3054 1694 3198 1752 pago
3228 1680 3440 1751 egressi
3502 1684 3641 1740 216
3666 1678 3877 1745 fuerant,

422 1769 709 1843 praeberet
723 1768 1029 1842 expetendi
1060 1768 1357 1827 basilicam
1388 1769 1570 1826 sancti
1586 1768 1839 1827 Martini.
1866 1767 2127 1837 Quicum
2144 1774 2190 1834 B
2210 1769 2633 1828 circumventos
2653 1767 2797 1825 dolis
2821 1767 3012 1839 gladio
3039 1768 3365 1837 trucidavit,
3392 1768 3695 1841 ipsumque
3716 1765 3883 1823 interi-

423 1859 679 1928 abiisset,
710 1858 783 1915 ab
808 1856 921 1915 alia
958 1863 1117 1931 parte
1160 1858 1437 1916 Gailenus
1469 1868 1489 1894 ο
1519 1873 1661 1930 puer
1704 1856 1831 1930 ejus
1872 1857 2127 1916 advenit.

424 1946 686 2020 Cumque
712 1960 959 2018 parvum
995 1943 1263 2002 solatium
1317 1944 1420 2018 qui
1470 1960 1605 2002 eum
1640 1944 1925 2002 ducebant
1952 1945 2131 2003 habe-

425 2046 575 2109 rent,
607 2038 680 2095 ab
708 2039 833 2111 ipso
873 2035 1115 2095 Gaileno
1148 2038 1209 2095 in
1258 2037 1464 2095 itinere
1494 2053 1777 2096 excussus
1821 2044 1926 2105 est,
1973 2052 2132 2110 oper-

370 2190 385 2197 ,
427 2131 604 2198 toque
633 2125 834 2198 capite,
862 2126 1219 2199 indutusque
1269 2133 1426 2184 veste
1466 2126 1754 2197 saeculari;
1798 2126 1948 2185 beati
1977 2129 2131 2186 Mar-

427 2214 535 2272 tini
567 2213 842 2285 templum
871 2214 1127 2287 expetiit.
1164 2214 1341 2272 Nobis
1372 2222 1565 2272 autem
1600 2215 1806 2273 Missas
1833 2216 2131 2275 celebran-

429 2304 601 2373 tibus,
648 2304 709 2361 in
742 2309 997 2362 sanctam
1045 2304 1361 2375 basilicam,
1413 2314 1607 2379 aperta
1646 2307 1936 2378 reperiens
1963 2308 2127 2378 ostia,

426 2396 722 2466 ingressus
748 2400 850 2449 est.
903 2392 1033 2449 Post
1076 2391 1280 2450 Missas
1330 2399 1523 2451 autem
1568 2393 1749 2466 petiit,
1784 2401 1848 2452 ut
1873 2394 1925 2451 ei
1967 2396 2128 2453 eulo-

380 2502 383 2505 ·
430 2485 555 2557 gias
584 2486 608 2521 ά
635 2484 771 2541 dare
812 2483 1172 2541 deberemus.
1226 2484 1369 2541 Erat
1405 2492 1598 2542 autem
1649 2492 1785 2543 tunc
1829 2486 2133 2544 nobiscum

424 2573 838 2647 Bagnemodus
886 2573 1187 2631 Parisiacze
1240 2574 1391 2632 sedis
1437 2575 1756 2649 episcopus,
1790 2576 1891 2649 qui
1938 2582 2134 2634 sancto

428 2661 714 2722 Germano
746 2669 1111 2721 successerat.
1154 2662 1315 2731 Quod
1358 2678 1493 2721 cum
1548 2664 1951 2733 refutaremus,
1987 2671 2132 2729 215

425 2749 549 2824 ipse
579 2752 825 2809 clamare
852 2752 1023 2822 ccepit
1065 2758 1119 2809 et
1148 2751 1353 2823 dicere,
1392 2753 1544 2825 quod
1576 2769 1691 2810 non
1744 2762 1892 2811 recte
1936 2771 2071 2813 eum
2102 2771 2133 2811 a

425 2843 837 2900 communione
884 2842 1009 2899 sine
1044 2842 1288 2899 fratrum
1337 2843 1708 2900 conniventia
1751 2844 2133 2917 suspendere-

427 2944 581 2987 mus.
612 2927 720 2986 Illo
753 2934 947 2986 autem
990 2929 1117 2986 hmo
1147 2928 1392 2999 dicente,
1442 2944 1576 2987 cum
1605 2945 1889 2987 consensu
1938 2931 2131 2988 fratris

425 3019 530 3092 qui
557 3035 809 3092 przesens
837 3026 974 3090 erat,
1020 3026 1327 3077 contestata
1358 3036 1529 3079 causa
1566 3022 1843 3080 canonica
1873 3035 1894 3061 °
1918 3070 1931 3093 ,
1967 3023 2126 3081 eulo-

2213 1876 2371 1919 mere
2400 1860 2660 1933 cupiens,
2697 1860 2745 1918 si
2798 1850 3045 1934 reperire
3095 1860 3217 1918 loco
3254 1864 3581 1932 opportuno
3620 1855 3879 1929 potuisset.

2215 1946 2328 2006 Sed
2359 1947 2459 2005 ille
2490 1947 2734 2005 consilio
2762 1962 2904 2005 usus
2932 1945 3383 2016 Guntcbramni,
3410 1950 3470 2001 et
3512 1959 3572 2001 se
3598 1940 3781 2000 ulcisci
3807 1942 3881 1997 de-

2214 2035 2495 2105 siderans,
2531 2035 2807 2094 redeunte
2832 2035 3117 2093 Marileifo
3149 2035 3168 2071 ε
3194 2026 3479 2091 archiatro
3522 2031 3589 2089 de
3616 2030 3883 2105 praesentia

2213 2126 2388 2199 regis,
2409 2124 2819 2198 comprehendi
2849 2124 3122 2199 praseepit
3152 2144 3164 2181 :
3197 2137 3537 2195 cassumque
3562 2119 3883 2195 gravissime,

2214 2214 2403 2272 ablato
2430 2230 2572 2271 auro
2605 2220 2961 2288 argentoque
2990 2214 3136 2286 ejus,
3188 2220 3245 2270 et
3298 2212 3547 2287 reliquis
3586 2209 3747 2267 rebus
3767 2222 3884 2281 quas

2216 2320 2410 2362 secum
2445 2304 2775 2377 exhibebat,
2834 2306 3063 2363 nudum
3112 2304 3369 2379 reliquit.
3426 2302 3500 2360 Et
3550 2299 3885 2359 interfecisset

2215 2394 2434 2469 utique,
2465 2396 2512 2451 si
2534 2410 2649 2453 non
2686 2396 2836 2452 inter
2855 2411 3064 2454 manus
3091 2394 3439 2454 caedentium
3470 2393 3715 2465 elapsus,
3742 2386 3885 2446 eccle-

2218 2486 2360 2543 siam
2394 2484 2739 2558 expetisset:
2769 2501 2945 2559 quem
2977 2501 3076 2543 nos
3106 2491 3297 2557 postea
3319 2483 3593 2541 indutum
3619 2480 3884 2538 vestimen-

2217 2577 2309 2647 tis,
2344 2576 2573 2633 obtenta
2625 2576 2743 2634 vita
2786 2576 3084 2635 Pictavum
3129 2576 3485 2634 remisimus.
3551 2569 3885 2631 Merovechus

2214 2681 2353 2724 vero
2382 2666 2452 2723 de
2476 2673 2633 2738 patre
2661 2672 2835 2739 atque
2865 2683 3115 2724 noverca
3142 2665 3328 2724 multa
3371 2665 3617 2723 crimina
3646 2658 3885 2734 loqueba-

2217 2762 2315 2814 tur
2345 2776 2356 2812 :
2393 2770 2524 2828 qua:
2550 2772 2683 2813 cum
2729 2772 2802 2813 ex
2843 2766 3005 2829 parte
3028 2763 3401 2826 veraessent,
3432 2756 3605 2813 credo
3631 2756 3884 2823 acceptum

2173 2879 2181 2889 ι
2216 2860 2335 2902 non
2368 2844 2543 2901 fuisse
2576 2845 2714 2908 Deo.
2744 2852 2808 2902 ut
2836 2846 2961 2902 hmo
2988 2861 3092 2918 per
3123 2844 3313 2903 ﬁlium
3350 2846 3736 2919 vulgarentur,
3764 2840 3884 2897 sicut

2217 2932 2280 2989 in
2305 2931 2684 3005 sequentibus
2709 2933 2973 3004 cognovi.
3007 2932 3266 3001 Quadam
3301 2931 3457 2988 enim
3502 2933 3595 2989 die
3623 2930 3687 2987 ad
3715 2926 3883 2985 convi-

2218 3021 2382 3079 vium
2410 3022 2535 3093 ejus
2559 3020 2772 3078 aseitus
2804 3030 2860 3087 8,
2892 3021 3033 3079 dum
3065 3020 3275 3094 pariter
3320 3021 3672 3088 sederemus,
3699 3014 3886 3090 suppli-
3939 3035 3941 3042 ·

425 3109 549 3182 gias
588 3126 620 3166 a
652 3109 818 3167 nobis
867 3110 1099 3183 accepit.
1134 3109 1366 3168 Veritus
1408 3119 1600 3168 autem
1655 3128 1809 3182 sum,
1864 3127 1935 3169 ne
1989 3111 2355 3188 duchiter
2381 3110 2543 3183 petiit
2572 3106 2767 3183 aliqua
2792 3110 2863 3167 ad
2890 3111 3329 3169 instructionem
3374 3110 3592 3167 anima)
3640 3108 3759 3181 legi.
3786 3105 3885 3174 Ego

430 3212 618 3257 unum
644 3213 678 3254 a
705 3199 1114 3257 communione
1140 3199 1581 3273 suspendebam,
1606 3202 1666 3258 in
1696 3201 1908 3258 multos
1930 3201 2136 3258 existe-

429 3301 553 3343 rem
612 3286 922 3343 homicida.
972 3285 1300 3343 Minabatur
1340 3285 1496 3343 enim
1535 3287 1760 3360 aliquos
1814 3288 1883 3344 de
1922 3288 2136 3362 populo

430 3379 627 3432 nostro
677 3372 1015 3443 interﬁcere,
1068 3372 1116 3429 si
1176 3373 1647 3431 communionem
1701 3382 1957 3431 nostram
2014 3390 2136 3432 non

432 3461 759 3519 meruisset.
790 3460 1001 3520 Multas
1028 3467 1220 3518 tamen
1248 3476 1353 3534 pro
1399 3461 1505 3518 hac
1536 3477 1708 3520 causa
1739 3463 2027 3524 Turouica
2055 3481 2140 3523 re-

433 3552 528 3625 gio
585 3551 862 3609 sustinuit
899 3551 1107 3610 clades.
1153 3551 1262 3608 His
1301 3551 1506 3609 diebus
1542 3552 1800 3614 Nicetius
1831 3554 1919 3614 vir
1950 3555 2138 3630 neptis

430 3657 596 3715 meae,
625 3642 916 3717 propriam
965 3644 1184 3703 habens
1232 3658 1485 3715 causam,
1526 3645 1599 3702 ad
1627 3645 2015 3720 Chilpericum
2045 3665 2135 3706 re-

429 3747 563 3807 gem
592 3731 733 3790 abiit
760 3747 893 3791 cum
922 3732 1163 3792 diacono
1189 3740 1404 3805 nostro,
1433 3736 1536 3808 qui
1578 3736 1699 3809 regi
1722 3737 1921 3809 fugam
1948 3737 2137 3795 Mero-

431 3822 601 3881 vechi
629 3831 905 3882 narraret.
938 3824 1160 3893 Quibus
1185 3824 1347 3895 visis,
1373 3824 1771 3897 Fredegundis
1790 3827 1989 3901 regina
2014 3827 2093 3884 ait
2119 3851 2131 3885 :

429 3909 838 3984 Exploratores
868 3920 1021 3984 sunt,
1062 3920 1116 3970 et
1160 3913 1232 3971 ad
1279 3913 1686 3971 sciscitandum
1717 3914 1857 3987 quid
1878 3922 2008 3986 agat
2034 3930 2138 3972 rex

432 4004 817 4077 advenerunt,
873 4012 937 4063 ut
984 4004 1167 4062 sciant
1221 4004 1362 4077 quid
1411 4004 1751 4062 Merovecho
1782 4006 2135 4065 renuntient.

430 4089 504 4147 Et
537 4091 729 4149 statim
758 4092 1105 4167 exspoliatos
1142 4092 1205 4150 in
1254 4092 1534 4151 exsilium
1584 4093 1802 4150 retrudi
1848 4094 2134 4166 praecepit,

432 4177 506 4237 de
536 4194 652 4253 quo
677 4195 876 4239 mense
910 4181 1154 4255 septimo
1196 4180 1423 4254 expleto
1470 4180 1716 4239 relaxati
1770 4189 1921 4239 sunt.
1956 4181 2141 4253 Igitur

2221 3213 2355 3256 vero
2404 3203 2651 3255 reserato
2708 3196 3030 3261 Salomonis
3069 3199 3234 3270 libro,
3282 3199 3636 3256 versiculum
3678 3196 3767 3268 qui
3792 3193 3888 3266 pri-

2219 3302 2354 3345 mus
2378 3286 2625 3344 occurrit
2677 3285 2916 3358 arripui,
2967 3287 3069 3359 qui
3126 3287 3247 3343 [nec
3301 3285 3662 3344 continebat:
3694 3283 3883 3339 Oculum

2222 3380 2319 3448 qui
2366 3377 2626 3431 adversus
2675 3374 2994 3446 aspexerit“
3016 3381 3250 3446 patrem,
3304 3377 3570 3445 effodiant
3615 3390 3723 3429 eum
3763 3370 3885 3425 corvi

2222 3466 2288 3520 de
2316 3464 2651 3519 convallibus
2685 3466 2867 3531 (Prov.
2897 3474 2981 3532 III,
3022 3462 3126 3526 17).
3177 3461 3285 3519 Illo
3335 3477 3581 3536 quoque
3608 3477 3719 3518 non
3746 3456 3884 3515 intel-

2222 3558 2451 3632 ligente,
2480 3557 2840 3616 consideravi
2870 3558 3033 3616 hunc
3062 3559 3417 3616 versiculum
3448 3550 3482 3616 ἐι
3516 3558 3751 3616 Domino
3773 3570 3889 3628 prte-

2219 3652 2501 3719 paratum.
2555 3644 2723 3702 Tunc
2768 3644 2982 3701 direxit
3018 3644 3784 3718 Guntcliramnusipuerum
3830 3637 3887 3695 ad

2220 3734 2527 3792 mulierem
2578 3733 2911 3806 quamdam,
2952 3732 3063 3789 sibi
3110 3732 3229 3803 jam
3268 3733 3557 3806 cognitam
3599 3750 3629 3790 a
3670 3728 3887 3802 tempore

2220 3820 2542 3879 Chariberti
2594 3822 2764 3892 regis,
2799 3820 3105 3878 habentem
3158 3822 3425 3894 spiritum
3456 3820 3743 3895 pythonis,
3769 3824 3823 3874 ut
3849 3830 3891 3885 ei

2223 3927 2355 3985 quae
2415 3917 2579 3967 erant
2633 3900 2915 3967 eventura
2971 3918 3250 3968 narraret.
3307 3912 3617 3968 Asserebat
3652 3914 3891 3981 praeterea

2223 4001 2409 4073 ipsam
2443 3997 2554 4055 sibi
2587 4004 2720 4055 ante
2752 3998 2858 4054 hoc
2891 4003 3135 4069 tempus,
3180 4013 3299 4055 non
3330 3999 3523 4056 solum
3560 4012 3790 4065 annum,
3814 3990 3893 4048 sed

2222 4096 2275 4147 et
2310 4089 2461 4145 diem
2494 4096 2549 4145 et
2577 4089 2797 4155 horam,
2839 4088 2899 4143 in
2950 4102 3065 4159 qua
3094 4102 3199 4144 rex
3228 4086 3600 4146 Charibertus
3624 4086 3791 4145 obiret
3814 4083 3894 4138 de-

2223 4179 2543 4237 nuntiasse.
2575 4176 2716 4245 Quaz
2756 4176 2880 4233 haec
2907 4178 2960 4233 ei
2990 4191 3090 4249 per
3129 4192 3336 4250 pueros
3362 4181 3633 4236 mandata
3661 4173 3859 4233 remisit
3884 4193 3893 4224 :

432 4266 791 4343 Chilpericus
832 4269 1071 4327 nuntios
1117 4268 1189 4327 ad
1227 4285 1331 4327 nos
1365 4269 1602 4340 direxit,
1645 4268 1878 4326 dicens:
1938 4268 2141 4341 Ejicite
2230 4269 2520 4327 Futurum
2545 4274 2629 4324 est
2658 4266 2818 4323 enim
2841 4273 2906 4323 ut
2931 4282 3037 4323 rex
3060 4264 3421 4338 Chilpericus
3452 4268 3562 4326 hoc
3598 4280 3745 4324 anno
3770 4260 3897 4317 deti—

438 4366 753 4434 apostatam
783 4358 955 4418 illum
982 4359 1051 4439 de
1075 4358 1344 4419 basilica:
1377 4358 1469 4415 sin
1505 4365 1702 4417 autem
1750 4358 1929 4431 aliud,
1971 4365 2145 4416 totam
2230 4360 2361 4431 ciat,
2424 4366 2481 4415 et
2531 4356 2907 4414 Merovechus
2961 4372 3067 4414 rex
3121 4356 3378 4415 exclusis
3428 4354 3900 4415 fratribus‘omnc

436 4450 734 4524 regionem
767 4451 929 4509 illam
953 4451 1077 4525 igni
1108 4450 1471 4510 succendam.
1502 4450 1765 4526 Cumque
1796 4466 1901 4510 nos
1937 4451 2205 4545 rescri-D
2230 4451 2413 4524 capiat
2449 4462 2711 4521 regnum.
2754 4446 2841 4504 Tu
2885 4462 3020 4504 vero
3066 4446 3340 4504 ducatum
3394 4448 3569 4504 totius
3617 4443 3770 4517 regni
3795 4441 3901 4536 ejus

436 4539 781 4611 psissemus,
813 4538 1171 4614 impossibile
1213 4554 1338 4597 esse
1378 4539 1534 4612 quod
1576 4538 1928 4613 temporibus
1958 4528 2202 4598 haste"
2226 4539 2399 4598 annis
2428 4537 2690 4611 quinque
2720 4534 2959 4599 tenebis.
2991 4535 3167 4617 Sexto
3200 4549 3333 4591 vero
3355 4550 3511 4592 anno
3540 4538 3601 4592 in
3638 4548 3749 4591 una
3774 4528 3901 4586 civi—

914 4670 939 4681 ,ιν

500 4726 520 4748 ⁸
548 4718 673 4771 Haec
719 4720 902 4781 verba,
932 4721 1006 4772 de
1037 4720 1299 4774 Desiderii
1332 4734 1463 4776 vero
1500 4723 1705 4787 viginti
1733 4726 1974 4787 quatuor
2008 4722 2140 4774 mil-
2222 4706 2506 4781 Capitulis‘
2540 4719 2668 4769 anni
2720 4718 2833 4778 852,
2889 4727 3037 4767 num.
3092 4714 3151 4787 7:
3194 4712 3255 4787 [ξι
3307 4716 3371 4762 de
3422 4712 3614 4763 oblatis
3644 4720 3751 4787 qua:
3785 4703 3901 4783 οΙῙεῖ

442 4788 540 4848 λίαν
576 4791 772 4842 desum
794 4793 849 4843 in
871 4779 1084 4845 Bellov.
1558 4779 1579 4787 ⁷
1739 4779 1756 4787 ’
2220 4779 2425 4842 runtur
2455 4801 2491 4839 a
2506 4790 2718 4854 populo,
2742 4792 2793 4839 et
2827 4784 3220 4838 consecrationi
3249 4789 3561 4847 supersum,
3583 4784 3666 4833 υει
3686 4779 3745 4830 de
3760 4779 3902 4852 poni-

499 4860 521 4890 ¹³
556 4862 699 4929 Colb.
741 4863 819 4929 _in_
870 4862 1249 4923 Uenoniacum,
1302 4867 1395 4929 qui
1443 4869 1671 4929 vocatur
1702 4866 1985 4919 Annisola.
2033 4868 2141 4919 Ad-
2221 4860 2332 4921 bus,
2369 4863 2491 4920 etc.,
2548 4864 2663 4923 post
2714 4855 3327 4929 Μίδεια-ατηγιεοιβηηιίιιἰ
3379 4856 3472 4929 qui
3519 4856 3901 4929 comitiuntcaff

441 4924 551 4975 huc
605 4924 848 4977 subsistit
891 4940 921 4977 a
960 4918 1252 4980 conditoris
1282 4918 1335 4979 et
1373 4930 1528 4991 primi
1563 4927 1772 4980 abbatis
1808 4918 1983 4981 sancti
2029 4918 2137 4981 Ca-
2222 4918 2333 4985 non
2370 4918 2594 4994 fuerunt
2630 4932 2842 4993 parati,
2884 4928 3035 4980 omni
3069 4927 3155 4976 die
3176 4925 3450 4977 dominico
3481 4928 3529 4977 et
3558 4922 3737 4975 diebus
3768 4918 3898 4982 [οδω

439 4994 581 5047 rilefi
627 4998 866 5057 nomine,
900 5000 1064 5061 vulgo
1097 4997 1473 5052 Sami-Calais
1526 4999 1747 5059 dictum,
1800 5002 1903 5051 sub
1949 5001 2140 5053 ordine
2225 5004 2421 5055 exinde
2449 5002 2749 5065 accipiant,
2774 5005 2876 5052 etc.

444 5070 494 5117 is.
530 5065 812 5120 Benedicti
868 5072 923 5120 et
972 5072 1398 5133 Congregatione
1454 5074 1501 5123 S.
1548 5072 1733 5123 Mauri.
1783 5071 2017 5123 Observa
2051 5072 2140 5123 hic
2285 5083 2303 5103 ·
2339 5073 2543 5135 ltegm.,
2569 5073 2896 5122 contestatus
2930 5081 3154 5119 causam
3174 5068 3512 5120 canonicam.

439 5138 748 5192 Meroveum
792 5142 847 5191 in
888 5145 1223 5193 monasterio
1271 5146 1543 5194 versatum
1593 5142 1768 5194 fuisse
1814 5146 1871 5194 ut
1924 5143 2140 5194 clerica-
2285 5144 2304 5181 ι
2335 5144 2451 5195 Alii.
2484 5142 2783 5205 Marcleifo.
2810 5142 3017 5203 liegm.,
3047 5141 3316 5204 Marileﬂo.

444 5210 587 5261 libus
638 5213 839 5262 muniis
891 5213 1219 5276 erudiretur,
1270 5220 1322 5264 et
1385 5220 1594 5265 vestem
1627 5214 1933 5266 clericalem
1980 5226 2011 5264 a
2047 5226 2143 5265 sae-
2288 5226 2312 5261 s
2347 5212 2755 5275 Colb.,acccssi.

442 5281 614 5332 culari
664 5282 834 5334 luisse
885 5274 1230 5333 dissimilem}
1286 5283 1344 5335 Et
1408 5286 1629 5349 quidem
1685 5285 1986 5348 Gregorius
2036 5285 2137 5336 Ma-
2285 5286 2308 5316 ³³
2342 5282 2519 5342 (λοι-1)..
2556 5286 2857 5346 exasperat.
2888 5282 3179 5347 Colb.,qui
3208 5293 3423 5333 aversus
3456 5274 3768 5349 dispexerit.

443 5364 589 5414 gnua
641 5353 803 5415 jussit
850 5354 1004 5416 epist.
1062 5354 1117 5405 10
1159 5354 1252 5405 lib.
1287 5369 1340 5419 v,
1384 5341 1442 5407 ut
1488 5357 1645 5419 pueri
1677 5341 1830 5421 Διιεῇ
1867 5358 1921 5408 in
1946 5356 2133 5409 Galliae
2282 5359 2295 5387 ³
2331 5355 2413 5406 Sic
2467 5341 2641 5415 Cerb.,
2685 5341 2854 5416 "Bell"
2913 5341 3168 5405 Golb'fet
3233 5352 3394 5404 Becc.
3447 5362 3572 5402 cum
3616 5346 3748 5421 B_ad.
3779 5358 3791 5407 ;
3822 5341 3897 5393 alii

440 5424 789 5475 monasteriis
814 5427 866 5474 in
886 5426 990 5476 tide
1024 5426 1392 5479 erudirentur.
1766 5419 1780 5421 ⁷
2219 5425 2715 5488 Gunlchramnum,
2754 5438 2875 5491 quae
2920 5426 3082 5477 unius
3106 5424 3353 5475 litterulae
3382 5422 3606 5474 mutatio
3633 5419 3787 5469 docet
3817 5422 3899 5463 nos

500 5501 519 5563 ἡ
554 5494 637 5544 Sic
666 5494 846 5557 Coro,
878 5495 1014 5547 Bell.
1038 5503 1091 5548 et
1129 5498 1339 5561 Regm.;
1367 5498 1550 5549 caeteri
1576 5495 1865 5549 Gaulenus.
1972 5504 1979 5513 ‘
2214 5510 2446 5563 puerum
2495 5510 2527 5549 a
2560 5498 2914 5555 Guntramuo,
2970 5509 3079 5547 non
3115 5509 3145 5547 a
3209 5495 3453 5547 Meroveo
3496 5491 3897 5542 Guntramnum,

500 5561 524 5591 ⁴
555 5563 683 5635 Nota
729 5569 813 5616 est
868 5568 1204 5630 eulogiarum
1259 5571 1499 5633 acceptio
1552 5581 1653 5633 pro
1696 5568 1938 5633 quolibet
2004 5580 2131 5620 mn-
2216 5561 2285 5623 ad
2308 5568 2682 5632 pythonissam
2707 5568 3098 5635 consulendam
3128 5566 3355 5618 missum
3389 5565 3578 5616 fuisse.

435 5634 682 5697 nusculo,
729 5638 965 5689 maxime
996 5624 1041 5689 ἱ
1088 5640 1225 5693 viris
1264 5641 1366 5705 piis
1394 5624 1597 5699 'mtssé,
1649 5624 1772 5691 cuin
1815 5639 2031 5691 aliasin
2073 5651 2135 5691 re
2277 5624 2406 5690 t's'tc
2459 5639 2636 5694 Corb.,
2705 5624 2846 5689 Beli.
2910 5643 2963 5689 et
3012 5637 3212 5701 nam;
3277 5637 3459 5689 caeleri
3541 5645 3707 5705 cum,
3738 5628 3900 5705 edjliﬁ:
3940 5646 3941 5649 ‘

429 5716 586 5761 δαοη
633 5717 832 5770 Panem
890 5709 1233 5764 benedictum
1265 5697 1589 5773 -signiﬂcea
1656 5710 1978 5764 Hincmarus
2074 5711 2133 5762 in
2216 5707 2549 5762 Merovechus
2589 5707 2814 5793 inclusis
2840 5698 3127 5772 fratribus.
3165 5697 3275 5759 Vox
3301 5720 3400 5759 rem
3435 5707 3517 5760 est
3540 5707 3599 5764 in
3627 5702 3749 5757 solo
3782 5697 3902 5751 Bell.
