4006 6182
326 299 419 356 329
1253 280 1564 354 lllSTORlA
1599 276 2049 352 “mansuevit.
2093 278 2309 350 LIBER
2335 276 2633 364 QUINTUS

324 423 479 468 latum
511 422 562 477 ⁸.
593 426 709 480 qua:
730 416 891 479 Super
914 409 1116 480 Ligeris
1146 410 1357 466 alveum
1381 412 1480 465 sita
1508 408 1599 466 est
1624 411 1677 464 in
1709 406 1976 466 dextra‘A
2004 416 2058 461 ut
2089 408 2136 462 ei
2182 408 2366 462 beatus
2394 406 2649 462 Martinus
2680 411 3021 480 rescriberet,
3056 412 3232 472 utrum
3264 412 3446 476 liceret
3476 441 3569 479 ex-

321 506 431 574 ejus
479 513 667 573 parte,
718 502 931 557 favente
989 502 1218 571 pepulo,
1280 505 1621 572 episcopatus
1671 501 1894 572 gratiam

319 593 647 661 adipisceris,
678 607 741 647 ac
769 607 933 647 senex
958 601 1012 647 et
1037 592 1222 661 plenus
1245 593 1447 649 dierum
1477 595 1544 649 ab
1570 593 1670 649 hoc
1694 594 1896 649 mundo

317 687 582 754 migrabis.
608 684 850 754 Cumque
883 685 999 739 hare
1028 687 1179 756 pueri
1211 688 1494 742 redeuntes
1521 687 1736 741 domino
1764 703 1899 740 nuo-

319 781 556 845 tiassent,
592 780 769 832 statim
804 780 893 832 ille
921 782 1158 833 vanitate
1208 779 1402 845 elatus,
1455 789 1703 849 tanquam
1735 764 1894 851 217

316 870 358 925 si
382 870 493 939 jam
517 871 568 924 in
608 869 860 924 cathedra
892 870 1176 925 Turonicze
1206 872 1447 925 ecclesia:
1492 871 1777 937 resideret,
1829 872 1894 925 ad

315 978 397 1017 me
430 965 543 1017 haec
571 962 761 1017 detulit
783 963 962 1017 verba.
997 963 1164 1031 Cujus
1186 979 1283 1032 ego
1328 964 1555 1018 irridens
1584 965 1891 1030 stultitiam,

315 1054 461 1107 dixi:
490 1056 530 1106 A
566 1054 677 1106 Dro
709 1056 822 1108 hace
848 1055 1292 1123 poscendasunt:
1326 1069 1446 1107 nam
1478 1054 1624 1109 credi
1672 1070 1775 1108 non
1803 1055 1896 1108 de-

315 1145 439 1199 bent
460 1159 578 1213 quae
608 1146 853 1199 diabolus
890 1146 1233 1214 repromittit.
1289 1147 1390 1199 Ille
1424 1145 1448 1183 δ
1471 1155 1643 1200 autem
1665 1148 1727 1199 ab
1748 1148 1895 1201 initio

316 1238 534 1291 mendax
557 1247 661 1301 est,
690 1249 737 1290 et
766 1239 820 1291 in
866 1240 1076 1292 veritate
1105 1250 1365 1306 nunquam
1393 1240 1526 1291 stetit
1556 1238 1734 1311 (Joan.
1768 1254 1859 1293 vm
1878 1281 1892 1304 ,

314 1327 428 1397 44).
463 1327 562 1381 1110
589 1341 801 1396 quoque
846 1344 966 1381 cum
999 1328 1312 1382 confusione
1360 1328 1688 1394 discedente,
1742 1329 1895 1383 valde

313 1418 601 1473 irridebam
654 1419 922 1472 hominem
948 1460 962 1483 ,
994 1420 1081 1486 qui
1116 1421 1236 1473 talia
1268 1418 1412 1473 credi
1463 1420 1696 1488 putabat.
1731 1419 1894 1474 Deni-

312 1523 411 1570 que
438 1510 670 1578 quadam
704 1517 861 1562 nocte
890 1508 1084 1578 vigiliis
1110 1509 1162 1562 in
1192 1510 1410 1564 basilica
1442 1511 1610 1565 sancti
1639 1511 1896 1566 antistitis

310 1598 627 1663 celebratis,
660 1598 786 1652 dum
815 1599 1008 1653 lectulo
1036 1599 1308 1654 decubans
1343 1600 1756 1667 obdormissem,
1786 1600 1894 1655 vidi

312 1692 565 1760 angelum
609 1707 700 1759 per
732 1706 856 1746 aera
880 1692 1166 1747 volantem.
1197 1692 1438 1761 Cumque
1467 1708 1627 1761 super
1651 1702 1889 1747 sanctam

2003 500 2138 554 trahi
2170 499 2632 555 Guntcltramnutn
2675 501 2742 572 de
2773 502 2988 558 basilica
3032 507 3177 572 ejus,
3207 526 3273 564 an
3304 528 3433 571 non.
3464 516 3569 572 Sed

2003 590 2323 659 Ba‘udegilus
2374 589 2393 628 ί
2442 568 2729 658 diaconus,
2784 592 2873 661 qui
2924 592 3059 648 hanc
3102 596 3380 663 epistolam
3413 606 3567 655 exhi-

2000 680 2134 746 buit,
2163 681 2402 734 chartam
2436 697 2616 749 puram
2646 690 2764 737 cum
2793 684 2978 738 eadem
3001 700 3159 754 quam
3196 688 3478 757 detulerat,
3510 694 3576 748 ad

2001 783 2244 827 sanctum
2272 774 2531 828 tumulum
2564 776 2729 829 misit.
2766 776 3011 847 Cumque
3061 795 3156 847 per
3205 783 3436 837 triduum
3482 802 3575 840 ex-

2000 872 2295 930 spectaSset
2316 908 2329 929 ,
2362 873 2417 919 et
2446 864 2575 918 nihil
2618 867 2860 934 rescripti
2893 870 3156 935 reciperet
3182 880 3240 937 8,
3287 874 3474 928 redivit
3507 878 3572 929 ad

1998 952 2378 1020 Chilpericum.
2401 954 2492 1008 llle
2520 970 2646 1009 vero
2671 957 2809 1011 misit
2831 958 2985 1025 alios,
3010 960 3151 1029 quia
3177 962 3574 1020 Guntchramno

1997 1054 2330 1100 sacramenta
2355 1048 2672 1119 exigerent,
2710 1060 2766 1105 ut
2807 1052 2923 1105 sine
2953 1056 3068 1121 ejus
3114 1054 3337 1108 scientia
3371 1052 3399 1092 ιι
3429 1056 3570 1109 basi-

1999 1132 2154 1187 licam
2187 1152 2292 1191 non
2324 1138 2666 1209 relinqueret.
2702 1144 2797 1210 Qui
2830 1144 3126 1198 ambienter
3153 1145 3343 1213 jurans
3374 1147 3571 1214 pallam

1998 1222 2181 1280 altaris
2213 1226 2579 1296 iidejussorem
2601 1233 2750 1287 dedit
2784 1232 2821 1298 ί,
2850 1246 3117 1303 nunquam
3149 1249 3208 1289 se
3236 1236 3428 1291 exinde
3456 1238 3573 1291 sine

1992 1314 2239 1383 jnssione
2288 1321 2431 1389 regia
2479 1334 2838 1390 egressurum.
2902 1326 3247 1380 Merovechus
3293 1341 3420 1381 vero
3470 1332 3575 1381 non

1996 1406 2222 1460 credens
2256 1410 2603 1479 pythoniSSac,
2649 1422 2758 1468 tres
2810 1416 2975 1469 libr'os
3015 1432 3174 1483 super
3201 1418 3371 1471 sancti
3400 1420 3576 1487 sepul-

1995 1509 2144 1548 crum
2178 1499 2438 1564 posuit,id
2471 1510 2553 1553 est
2580 1501 2845 1568 Psalterii,
2878 1504 3100 1573 Regum,
3131 1506 3570 1575 EVangcliOrum:

1998 1594 2052 1640 et
2082 1587 2303 1655 vigilans
2329 1598 2434 1642 tota
2470 1596 2644 1655 necte,
2676 1593 2828 1659 petiit
2852 1603 2907 1647 ut
2930 1596 3029 1650 sibi
3055 1597 3241 1650 beatus
3296 1598 3568 1653 confessor

1997 1678 2122 1743 quid
2177 1680 2787 1747 ereuiretostenderet,
2838 1695 2889 1739 ct
2937 1686 3113 1740 utrum
3149 1689 3313 1756 possit
3353 1704 3569 1757 regnum

309 1783 582 1837 basilicam
615 1785 950 1851 praiteriret,
987 1798 1115 1838 voce
1173 1800 1362 1855 magna
1411 1785 1524 1838 ait:
1578 1785 1693 1841 llett
1744 1785 1882 1839 heu!

2004 1770 2265 1838 accipere,
2285 1786 2353 1825 an
2382 1788 2505 1837 non,
2530 1786 2586 1827 ut
2614 1775 3122 1832 Dominomdicante
3144 1790 3491 1847 cognosceret
3523 1781 3568 1834 ἑ.

308 1878 575 1946 percussit
625 1878 766 1932 Deus
814 1875 1199 1946 Chilpericum,
1230 1889 1282 1934 et
1318 1894 1506 1934 omnes
1553 1878 1691 1934 lilios
1737 1882 1883 1947 ejus;

308 1984 405 2023 nee
433 1969 710 2036 superabit
738 1968 805 2024 de
836 1970 916 2023 his
941 1970 1030 2039 qui
1053 1978 1437 2040 processerunt
1453 1984 1516 2023 ex
1540 1970 1732 2024 lumbis
1749 1969 1887 2039 ejus,

309 2060 392 2128 qui
420 2069 571 2127 regat
605 2075 825 2129 regnum
850 2060 989 2113 illius
1014 2063 1063 2113 in
1094 2068 1379 2114 :eternum.
1413 2061 1577 2114 Erant
1599 2060 1647 2114 ei
1668 2075 1734 2115 eo
1758 2070 1890 2113 tem-

307 2164 439 2217 pore
471 2151 537 2203 de
570 2150 797 2204 diversis
829 2151 1082 2205 uxoribus
1114 2152 1208 2205 lilii
1240 2160 1498 2221 quatuor,
1556 2150 1796 2219 exceptis
1826 2150 1889 2204 li-

307 2237 500 2294 liabus.
535 2239 664 2294 Cum
684 2253 861 2295 autem
891 2242 1007 2304 haec
1037 2243 1086 2295 in
1114 2248 1385 2310 posterum
1412 2242 1626 2309 impleta
1644 2240 1887 2304 fuissent,

309 2340 439 2385 tunc
467 2333 533 2385 ad
564 2332 819 2401 liquidum
871 2334 1097 2402 cognovi
1148 2333 1279 2386 falsa
1311 2347 1432 2388 esse
1479 2348 1599 2401 quae
1630 2332 1888 2401 promise-

307 2436 426 2479 rant
460 2426 668 2479 harioli.
720 2425 881 2493 igitur
911 2426 1368 2479 commorantibus
1416 2426 1498 2479 bis
1526 2425 1663 2493 apud
1709 2424 1890 2479 basili-

308 2532 423 2571 cam
474 2519 643 2571 sancti
676 2517 917 2581 Martini,
952 2518 1096 2572 misit
1123 2518 1189 2571 ad
1221 2517 1679 2572 Guutchramnum
1728 2517 1891 2570 Bose-

314 2625 441 2679 nem
476 2609 839 2677 Fredeguudis
879 2611 1081 2678 regina,
1116 2624 1341 2679 quazque
1369 2611 1415 2664 ei
1438 2608 1549 2678 jam
1597 2624 1692 2678 pro
1720 2621 1892 2665 morte

310 2674 675 2753 'flieodoberti
707 2674 1389 2767 patrocinabatur.occulte,
1422 2674 1609 2755 dicens
1627 2717 1641 2757 :
1694 2700 1751 2755 Si
1785 2701 1892 2755 Me-

309 2793 601 2845 rovechum
647 2790 841 2859 ejicere
871 2793 1109 2860 potueris
1136 2792 1201 2847 de
1240 2792 1459 2848 basilica
1504 2802 1560 2847 ut
1607 2792 1891 2847 interﬁcia-

309 2892 431 2948 tur,
465 2896 715 2949 magnum
757 2882 823 2937 de
846 2898 930 2937 me
960 2898 1157 2937 munus
1185 2883 1433 2953 accipies.
1466 2884 1534 2937 At
1574 2883 1663 2939 ille
1695 2896 1891 2953 praesto

308 2984 503 3040 putans
550 2987 670 3028 esse
724 2973 1112 3039 interfectores,
1146 2975 1219 3028 ait
1265 2975 1328 3029 ad
1360 2975 1766 3029 Merovec‘hum:
1823 2975 1893 3031 Ut

309 3065 435 3132 quid
467 3064 555 3119 hic
582 3065 732 3133 quasi
759 3080 950 3135 segnes
991 3076 1041 3119 et
1074 3066 1245 3120 timidi
1288 3066 1601 3135 residamus,
1630 3077 1683 3120 et
1712 3075 1768 3120 ut
1800 3071 1891 3121 lie-

1994 1858 2238 1914 Posthtec
2268 1863 2577 1917 continuato
2601 1865 2775 1919 triduo
2798 1866 2847 1919 in
2874 1867 3115 1937 jejuniis,
3144 1870 3361 1940 vigiliis,
3406 1882 3565 1937 atque

1992 1950 2352 2015 orationibus,
2382 1953 2447 2005 ad
2506 1954 2717 2007 beatum
2752 1959 3011 2010 tumulum
3065 1960 3255 2013 iterum
3289 1961 3571 2023 accedens.

1993 2040 2225 2093 revolvit
2277 2042 2469 2096 librum
2498 2089 2511 2111 ,
2565 2045 2657 2113 qui
2711 2056 2827 2101 erat
2880 2048 3120 2119 Regum:
3164 2066 3351 2106 versus
3397 2064 3572 2108 autem

1994 2131 2198 2199 primus
2230 2134 2435 2203 pagina:
2480 2141 2636 2205 quam
2698 2142 2992 2208 reseravit,
3024 2144 3107 2195 hic
3155 2152 3311 2198 erat:
3365 2143 3470 2198 Pro
3515 2163 3573 2199 eo

1992 2225 2128 2290 quod
2154 2226 2496 2296 dereliquistis
2546 2226 2824 2283 Dominum
2861 2231 3024 2285 Deum
3050 2242 3291 2299 vestrum,
3322 2245 3368 2289 et
3395 2236 3572 2291 ambu-

1994 2314 2137 2368 lastis
2168 2327 2280 2383 post
2308 2318 2430 2370 deos
2456 2319 2684 2381 alienos,
2716 2336 2807 2373 nec
2843 2324 3036 2390 fecistis
3060 2334 3249 2377 rectum
3288 2338 3406 2379 ante
3450 2343 3573 2382 con-

1992 2416 2214 2474 spectum
2243 2410 2355 2477 ejus
2378 2424 2398 2462 :
2426 2410 2543 2462 ideo
2586 2412 2799 2465 tradidit
2829 2428 2914 2467 vos
2941 2413 3194 2469 Dominus
3228 2418 3366 2471 Deus
3412 2432 3573 2475 vester

1994 2501 2045 2552 in
2077 2500 2307 2553 manibus
2340 2502 2662 2556 inimicorum
2693 2512 2972 2559 vestrorum
3025 2506 3146 2579 (III
3198 2507 3323 2580 R'cg.
3378 2527 3451 2573 Ix,
3483 2505 3562 2579 9).

1997 2589 2239 2646 Psalterii
2270 2605 2445 2647 autem
2480 2610 2667 2650 versus
2714 2598 2799 2650 hic
2850 2609 2933 2653 est
2977 2599 3256 2655 inventus:
3284 2602 3570 2656 Verumta-

1993 2700 2125 2738 men
2156 2697 2364 2752 prapter
2388 2688 2710 2743 dolositatem
2757 2694 2970 2761 posuisti
3016 2696 3088 2749 eis
3135 2699 3271 2750 mala
3293 2714 3313 2751 :
3342 2699 3571 2769 dcjccisti

1992 2794 2100 2847 eos,
2128 2782 2249 2833 dum
2276 2780 2636 2835 allevarentur.
2681 2784 2951 2851 Quomodo
2982 2788 3105 2854 facti
3134 2800 3252 2842 sunt
3284 2791 3337 2843 in
3376 2792 3572 2845 desota~

1993 2872 2229 2925 tionem?
2255 2872 2421 2927 subito
2450 2876 2779 2943 defecerunt:
2823 2881 3087 2949 perierunt
3133 2894 3339 2953 prepter
3384 2887 3573 2951 iniqui-

1994 2964 2260 3019 ta‘tessuas
2283 2965 2502 3036 (Petillii.
2534 2970 2792 3033 unus.
2835 2969 2944 3041 l9).
2979 2973 3033 3027 In
3063 2972 3363 3045 Evangeliis
3394 2987 3571 3033 autem

1996 3058 2095 3111 hoc
2122 3067 2205 3113 est
2254 3068 2555 3126 repertum:
2590 3059 2747 3113 Scitis
2777 3064 2894 3130 quia
2942 3074 3055 3134 post
3110 3066 3317 3120 biduum
3366 3067 3571 3124 Pascha

308 3155 461 3209 betes
485 3155 626 3208 circa
657 3155 930 3210 basilicam
964 3158 1099 3211 hanc
1127 3157 1459 3211 occulimur?
1488 3158 1716 3212 Veniant
1744 3158 1887 3212 enim

1996 3148 2101 3213 ﬁet,
2127 3159 2171 3201 et
2200 3148 2368 3203 Filius
2399 3151 2616 3203 hominis
2649 3154 2881 3207 tradetur
2922 3164 2971 3208 ut
3004 3160 3334 3230 cruciﬁgatur
3358 3161 3571 3231 (Matt/1.

311 3245 433 3315 equi
468 3245 663 3308 nostri,
695 3257 749 3299 et
799 3248 1033 3314 acceptis
1064 3247 1412 3316 accipitribus
1437 3287 1453 3313 ,
1501 3254 1619 3302 cum’
1671 3248 1892 3302 canibus

313 3350 669 3391 exerceamur
706 3338 1009 3401 venatione,
1041 3354 1087 3402 si
1108 3339 1470 3407 ectaculisque
1495 3337 1893 3408 patulisjocun-

312 3427 528 3480 demur.
564 3427 674 3480 Hoc
690 3429 840 3493 ,enim
886 3428 1073 3495 agebat
1107 3438 1128 3466 ο
1161 3429 1371 3495 callide,
1420 3441 1475 3482 ut
1504 3445 1625 3483 eum
1657 3446 1685 3484 a
1711 3441 1891 3483 sancta

312 3515 541 3572 basilica
580 3527 873 3587 separaret.
933 3519 1365 3574 Guutchramnus
1416 3535 1541 3574 vero
1591 3522 1724 3574 alias
1766 3530 1895 3574 sane

314 3603 506 3659 bonus.
540 3606 668 3659 Nam
700 3608 765 3660 ad
817 3606 1049 3676 petjuria
1097 3607 1321 3662 nimium
1370 3618 1699 3677 praeparatus
1742 3619 1891 3677 erat,

316 3709 683 3753 verumtamen
736 3700 863 3753 nulli
921 3700 1211 3752 amicorum
1269 3714 1665 3756 saeramenlum
1713 3703 1892 3769 dedit,

319 3791 462 3859 quod
490 3805 595 3844 non
642 3791 881 3858 protinus
911 3790 1199 3845 omisisset.
1236 3790 1451 3861 Egressi
1500 3794 1698 3863 itaque,
1732 3804 1784 3848 ut
1816 3795 1893 3848 di-

324 3882 523 3946 ximus,
549 3884 616 3936 de
644 3882 882 3947 basilica,
925 3882 989 3936 ad
1020 3883 1491 3939 Jocundiaccnsem
1524 3887 1739 3941 domum
1767 3869 1896 3941 d"ci-

320 3976 473 4029 vitati
505 3979 802 4043 proximam
838 3975 1101 4046 progressi
1132 3988 1284 4034 sunt:
1320 3980 1410 4032 sed
1440 3981 1603 4050 218
1624 3996 1651 4031 a
1682 3982 1897 4037 nemine

318 4066 668 4122 Merovecuus
697 4068 904 4121 nocitus
935 4077 1018 4121 est
1051 4078 1095 4120 ε.
1128 4068 1191 4122 Et
1221 4069 1344 4138 quia
1390 4069 1745 4135 impetebatur
1772 4081 1897 4127 tunc

317 4157 753 4212 Guutchramnns
784 4159 851 4213 de
875 4159 1115 4223 interitu,
1147 4160 1480 4227 utdiximus,
1511 4160 1894 4227 Theodoberti,

316 4248 461 4301 misit
489 4249 821 4317 Chilpericus
850 4264 942 4303 rex
993 4251 1206 4306 nuntios
1233 4260 1287 4305 et
1315 4251 1609 4320 epistolam
1642 4252 1895 4321 scriptam

315 4340 383 4392 ad
411 4342 711 4407 sepulcrum
742 4340 910 4393 sancti
935 4340 1165 4409 Martini,
1207 4357 1323 4412 qua:
1354 4342 1580 4397 habebat
1612 4344 1891 4412 insertum,

390 4459 440 4523 '_
444 4448 496 4502 Id
522 4451 587 4504 de
610 4451 907 4505 Turonensi
942 4452 1252 4520 episcopatu
1302 4455 1560 4508 intellexit
1607 4456 1847 4512 Valesius
1874 4476 1888 4523 ;

314 4530 371 4592 at
401 4520 729 4592 Turonensis
762 4525 886 4574 urbs
932 4523 996 4573 ad
1045 4524 1228 4575 laevam
1264 4525 1469 4592 Ligeris
1510 4528 1607 4579 sita
1654 4537 1759 4580 est.
1806 4520 1885 4583 Ad

314 4589 587 4666 dexteram
619 4590 820 4666 Ligeris
840 4601 965 4666 sunt
990 4592 1298 4658 Niveruum,
1326 4589 1561 4662 Aurelia,
1584 4594 1885 4666 Namnetes;

313 4662 385 4711 de
436 4673 697 4729 postrema
750 4662 847 4714 hac
889 4662 936 4713 id
981 4666 1159 4729 potius
1206 4666 1607 4730 intelligendum
1649 4662 1890 4724 Cointius

310 4741 522 4800 censet,
556 4745 655 4783 nec
686 4741 949 4800 repugnat
979 4732 1220 4800 Gregorii
1252 4742 1443 4787 textus.

389 4798 582 4922 :SQHUCB
608 4798 898 4869 sequuntur
926 4798 1107 4871 usque
1132 4806 1195 4857 ad
1220 4806 1375 4873 stetit,
1419 4805 1611 4861 desunt
1641 4808 1693 4862 in
1724 4808 1884 4867 Corb.

437 4886 469 4922 e
514 4913 527 4922 .

308 4878 364 4922 et
398 4874 527 4925 Bell.

390 4949 414 5009 '3'
457 4939 593 4993 Editi
624 4955 743 4993 cum
777 4937 925 5009 Bec.,
960 4942 1143 4995 aiebat.

384 5007 412 5089 ξι
451 5008 621 5089 Locus
670 5013 850 5089 cst_ad
892 5007 1079 5065 (Larum
1130 5012 1345 5068 ﬂuvium
1386 5023 1573 5070 contra
1614 5018 1886 5089 Turonos,

305 5078 467 5147 vuigo
497 5080 686 5148 Jouay,
719 5084 909 5136 dictus.

385 5158 410 5183 ο
446 5151 535 5203 Sic
562 5152 721 5203 (λοι-ι).
753 5161 807 5205 et
851 5154 1007 5216 Bec.;
1041 5152 1129 5207 alii
1178 5155 1398 5208 noscitur
1437 5167 1527 5210 est.
1560 5158 1763 5225 Casia,
1802 5177 1887 5213 no-

305 5226 394 5271 tus
422 5230 512 5271 est.

385 5286 405 5325 ί
449 5288 803 5372 §ic_C0r'l‘)..et
831 5290 995 5372 [ie-im
1026 5298 1082 5372 at
1110 5291 1295 5372 Regni.
1328 5305 1381 5372 et
1412 5296 1563 5372 [ξεῒξξη
1594 5296 1886 5372 B_m_tdt'gisi-

306 5355 413 5410 lus.
445 5358 1007 5435 Ctihlb.,_Baidegisilus.
1039 5355 1592 5435 Bec.,'Baudegisilus.
1620 5355 1891 5426 Edtttuali-

301 5437 459 5497 quot,
492 5427 777 5483 Baudinus.

380 5506 409 5574 β
449 5500 609 5574 Corn.
637 5511 689 5553 et
720 5500 875 5563 Bell.,
905 5502 1178 5557 rescribere
1203 5506 1427 5574 caperit.

375 5566 409 5604 δ
449 5568 654 5636 llegm.,
679 5585 943 5631 consensu.

381 5646 403 5676 ι
455 5639 578 5691 Eam
602 5641 803 5692 scilicet
828 5643 1107 5701 tangendo.

376 5706 401 5761 ἡ
450 5708 960 5775 ιιωρμτοιιδιιθιιιάο,
1014 5716 1345 5777 potissimum
1394 5716 1480 5772 ubi
1534 5719 1789 5788 agebatur
1818 5723 1885 5779 de

592 5801 859 5861 Part-tot“
912 5802 1136 5862 LXXI.

1997 3254 2118 3291 xxvi
2141 3283 2155 3305 ,
2207 3238 2286 3317 9.).
2322 3239 2377 3293 lu
2411 3241 2489 3293 his
2520 3243 2957 3310 responsionibus
3008 3247 3095 3301 ille
3124 3250 3409 3318 confusus,
3441 3254 3572 3309 ﬂens

1996 3329 2291 3385 diutissime
2321 3330 2484 3403 219
2520 3333 2585 3386 ad
2616 3336 2919 3404 sepulcrum
2970 3338 3110 3393 beati
3150 3344 3438 3411 antistitis,
3488 3362 3573 3399 as-

1995 3431 2172 3475 sumto
2195 3438 2375 3475 secum
2402 3425 2806 3480 Guntchramno
2830 3430 2985 3495 duce,
3013 3447 3130 3485 cum
3162 3433 3463 3504 quingentis
3485 3450 3574 3493 aut

1996 3515 2320 3581 eoamplius
2345 3513 2473 3569 viris
2501 3516 2769 3570 discessit.
2804 3518 3064 3590 Egressus
3096 3531 3270 3577 autem
3302 3523 3573 3583 basilicam

1944 3684 1948 3688 δ
1998 3616 2259 3670 sanctam,
2292 3622 2411 3662 cum
2438 3609 2537 3662 iter
2566 3620 2746 3678 ageret
2778 3624 2873 3680 per
2902 3613 3371 3673 Antissiodorense
3413 3621 3574 3675 terri-

1996 3698 2212 3764 torium,
2240 3699 2307 3752 ab
2340 3700 2548 3768 Erpaue
2578 3700 2602 3737 ι
2639 3702 2773 3757 duce
2815 3703 3199 3762 Guntchramni
3241 3712 3381 3779 regis
3426 3728 3575 3767 cem-

1999 3789 2294 3857 prehensus
2318 3800 2418 3846 est.
2453 3792 2689 3850 Cumque
2706 3794 2784 3849 ‘ah
2825 3811 2891 3850 eo
2937 3796 3299 3866 detineretur,
3330 3817 3457 3857 casu
3487 3820 3576 3859 ne~

1997 3881 2109 3936 scio
2140 3895 2244 3951 quo
2296 3882 2561 3951 dilapsus,
2612 3886 2885 3942 basilicam
2927 3890 3097 3946 sancti
3142 3892 3392 3950 Germani
3444 3895 3462 3934 ι
3498 3900 3576 3951 in-

1997 3987 2210 4040 gressus
2240 3984 2340 4027 est.
2371 3975 2605 4030 Audiens
2637 3977 2750 4031 lucc
2779 3980 3214 4038 Guntchramnus
3246 4001 3340 4039 rex
3364 4029 3379 4053 ,
3412 3988 3464 4041 in
3499 3990 3575 4043 ira

1997 4074 2292 4119 commotus
2321 4065 2585 4135 Erponem
2617 4068 2969 4140 septingentis
2993 4083 3029 4108 ιη
3055 4077 3231 4130 aureis
3258 4076 3496 4141 damnat,
3522 4092 3576 4134 ct

1998 4157 2063 4209 ab
2096 4157 2301 4212 honore
2326 4167 2595 4223 removet,
2626 4161 2843 4215 dicens:
2881 4163 3189 4233 lietinuisti,
3223 4177 3278 4221 ut
3304 4172 3379 4223 ait
3409 4171 3576 4227 frater

2000 4260 2170 4310 meus,
2204 4246 2474 4302 inimicum
2503 4263 2677 4304 suum.
2709 4252 2859 4317 Quod
2888 4254 2931 4305 si
2952 4255 3052 4309 hoc
3066 4255 3244 4312 facere
3274 4261 3571 4332 cogitabas,

1998 4338 2063 4391 ad
2087 4353 2172 4392 me
2192 4354 2313 4391 eum
2342 4338 2573 4394 debuisti
2601 4340 2746 4408 prius
2762 4341 3061 4409 adducere;
3093 4348 3174 4401 sin
3200 4358 3376 4405 autem
3404 4353 3573 4422 aliud,

2000 4458 2552 4537 rebus_saecularihi_ts,
2584 4459 2737 4537 valde
2884 4461 3176 4528 Augustino
3220 4466 3571 4537 displicebat,

1997 4545 2061 4583 cx
2091 4527 2246 4596 epist.
2293 4526 2561 4599 55,7alias
2611 4530 2729 4583 “9.
2766 4530 2942 4583 Sortes
2973 4526 3323 4599 sanctorum:
3346 4547 3397 4592 et
3441 4526 3574 4597 alias

1994 4599 2256 4667 ejusmoti
2304 4598 2663 4652 divinationes
2715 4599 3036 4656 damnarunt
3087 4598 3319 4661 Gtmcilia
3380 4611 3570 4667 Gallir.

1994 4669 2210 4747 Agam,
2238 4683 2357 4747 ean.
2390 4667 2479 4731 4-2,
2509 4670 2695 4747 Aurel.
2726 4685 2761 4735 ι,
2793 4686 2910 4747 can.
2942 4670 3031 4747 5)),
3052 4684 3155 4747 etc.
3177 4691 3191 4740 ;
3212 4694 3328 4747 qua:
3357 4683 3571 4738 tandem

1996 4741 2203 4820 penitus
2232 4738 2498 4820 abrogata:
2528 4740 2737 4820 suntin
2783 4741 2938 4820 tertio
2963 4738 3254 4820 cunnum}
3295 4765 3383 4803 an.
3428 4753 3565 4820 789,

1996 4808 2081 4883 ubi
2116 4824 2234 4883 cap.
2285 4808 2316 4858 ιι
2364 4811 2600 4883 legitur}?
2626 4809 2692 4864 Ut
2738 4812 2907 4865 nullus
2956 4814 3007 4865 tt
3064 4814 3340 4883 Psu/terio,
3397 4827 3473 4877 vel
3519 4808 3571 4879 ni

1994 4880 2288 4949 Evangelia,
2326 4879 2400 4955 uel
2430 4879 2483 4930 in
2513 4881 2628 4955 aliis
2656 4882 2803 4934 rebus
2832 4886 3012 4938 sortire
3054 4879 3348 4955 primumut,
3375 4910 3463 4945 nec
3494 4898 3572 4945 dt-

1993 4953 2272 5003 vinationes
2294 4950 2492 5017 aliquas
2528 4952 2681 5002 obser:
2700 4967 2807 5004 are.
2851 4956 2965 5019 Quo
2995 4950 3170 5009 autem
3209 4963 3308 5013 ritu
3338 4950 3490 5017 licret
3520 4968 3570 5017 ul

1998 5036 2089 5089 per
2126 5034 2302 5072 sacros
2345 5022 2505 5071 libros
2546 5022 2904 5089 sortilegium,
2946 5026 3093 5081 disce
3122 5043 3186 5082 ex
3221 5029 3277 5081 V.
3324 5033 3400 5083 (ll.
3454 5034 3572 5087 Stc-

1999 5092 2155 5171 phani
2206 5088 2401 5171 Baltuii
2439 5092 2667 5171 notis__in
2703 5088 2961 5171 currulem
3010 5101 3201 5171 locum.
3256 5099 3382 5155 Vide
3411 5118 3569 5171 sopra

1997 5162 2192 5239 not._in
2219 5162 2308 5214 lib.
2337 5176 2392 5239 tt,
2418 5175 2535 5239 cap.
2700 5162 2811 5215 Mus
2856 5165 2943 5239 ille
2978 5169 3137 5221 etiam
3177 5171 3311 5235 apud
3342 5161 3570 5239 gentiles

1996 5233 2308 5285 invalucrat.
2338 5232 2428 5303 Sic
2461 5232 2755 5285 Hadrianus
2778 5236 2913 5300 apud
2939 5232 3272 5303 bpirtianutn
3300 5232 3370 5293 cf
3386 5240 3570 5299 fortui-

1996 5314 2049 5355 to
2082 5316 2260 5375 versu,
2290 5302 2376 5368 qui
2410 5304 2609 5367 primus
2638 5304 2687 5355 in
2723 5304 2940 5374 Virgilio
2963 5306 3299 5375 oecurrissct,
3334 5312 3566 5371 futurum

1991 5373 2368 5439 augurabatur.

2064 5441 2090 5480 κ
2135 5443 2343 5507 llegm.,
2379 5440 2648 5510 ll_erpone;
2680 5443 2827 5506 Bec.,
2858 5443 3163 5503 Herbonam.

2067 5510 2085 5549 ι
2129 5512 2283 5566 Juxta
2309 5514 2491 5565 urbem
2520 5513 2964 5579 Antissiodorum,
2989 5519 3073 5571 ubi
3093 5520 3251 5573 etiam
3278 5538 3418 5578 nunc
3442 5527 3566 5579 sub-

1992 5584 2151 5641 sistit.
2185 5584 2275 5635 sed
2309 5586 2360 5633 in
2390 5584 2539 5642 urbe,
2570 5598 2687 5634 cum
2721 5586 3013 5648 percelebri
3051 5595 3371 5647 menasterio
3401 5595 3558 5652 Oidi-

1992 5655 2072 5707 nis
2104 5654 2449 5730 Benedictini,
2480 5654 2577 5730 sub
2603 5653 2767 5706 sancti
2795 5654 2836 5707 Μ
2859 5659 2956 5708 turi
2976 5657 3421 5730 Congregatione.

2062 5734 2100 5761 ω
2123 5725 2305 5787 Corb.,
2338 5722 2677 5791 septuaginta.

3095 5822 3151 5878 Η
