4008 6184
508 279 583 335 55
592 288 609 335 I

514 414 618 456 nec
663 408 882 470 tangere
927 395 1191 451 debueras
1243 409 1402 466 quem
1459 404 1639 449 tenere
1689 394 2086 450 dissiinulabas.
2118 408 2162 464 Α

518 497 796 553 Exercitus
826 504 1001 547 autem
1043 490 1327 558 Cliilperici
1359 491 1496 561 regis
1530 508 1696 561 usque
1724 493 1955 547 Turonis
1996 508 2085 546 ac-

513 588 733 647 cedetis,
766 581 1040 649 regionem
1074 581 1214 633 illam
1257 582 1309 635 in
1337 582 1544 649 praedas
1580 583 1765 648 mittit,
1796 585 2091 651 succendit,

512 682 674 738 atque
719 670 995 723 devastat;
1032 684 1130 723 nec
1176 669 1337 724 rebus
1366 672 1537 725 sancti
1594 672 1805 728 Martini
1838 672 2089 741 pepercit,

516 762 608 815 sed
652 759 790 829 quod
835 775 993 813 manu
1028 760 1225 828 tetigit,
1275 762 1393 816 sine
1440 761 1548 816 ullo
1596 763 1689 817 Dei
1737 765 1946 828 intuitu,
2005 777 2095 818 aut

518 854 712 907 timore
758 852 996 922 diripuit.
1026 852 1376 907 Merovechus
1408 868 1573 924 prope
1603 854 1737 910 duos
1786 871 1997 911 menses
2028 856 2092 908 ad

515 949 840 1003 antedictam
888 948 1159 1013 basilicam
1215 946 1484 1011 residens,
1536 947 1711 1015 fugam
1768 949 1902 1012 iniit,
1936 957 1991 1003 et
2028 948 2092 1001 ad

514 1038 915 1093 Brunichildem
964 1034 1197 1103 reginam
1231 1050 1398 1103 usque
1448 1039 1723 1103 pervenit:
1757 1041 1849 1092 sed
1879 1039 1946 1091 ab
1980 1039 2089 1091 Au-

514 1131 725 1186 strasiis
750 1145 856 1183 non
884 1138 966 1182 est
994 1128 1271 1181 collectus.
1308 1128 1465 1182 Pater
1495 1144 1622 1183 vero
1652 1131 1769 1198 ejus
1798 1132 2091 1185 exercitum

514 1232 702 1276 contra
730 1218 1127 1286 Catiipanenses
1166 1228 1481 1283 commovit,
1517 1230 1704 1288 putans
1734 1236 1853 1275 eum
1897 1222 2093 1276 ibidem

514 1312 804 1366 occultari:
838 1313 931 1364 sed
981 1309 1109 1362 nihil
1159 1310 1369 1377 nocuit,
1401 1324 1499 1364 nec
1542 1326 1665 1365 eum
1712 1311 1887 1380 potuit
1943 1327 2096 1381 repe-

513 1407 642 1466 rire.
926 1464 936 1469 ,

586 1495 699 1551 XV.
735 1495 799 1550 Et
825 1495 945 1564 quia
979 1502 1215 1563 tempore
1241 1494 1355 1560 illo,
1388 1511 1493 1564 quo
1521 1496 1778 1552 Alhoinus
1808 1498 1858 1551 in
1888 1498 2092 1553 Italiam

513 1588 786 1658 ingressus
806 1597 908 1653 est,
931 1585 1373 1641 Chlothacliarius
1394 1595 1449 1640 et
1470 1588 1766 1656 Sigibertus
1796 1590 2001 1644 Suavos
2041 1601 2093 1644 et

513 1682 646 1735 alias
673 1690 858 1749 gentes
886 1681 936 1734 in
964 1680 1081 1733 loco
1112 1680 1204 1733 illo
1240 1690 1609 1749 posuerunt‘;
1643 1681 1694 1735 hi
1725 1682 1814 1749 qui
1855 1693 2093 1751 tempore

510 1776 766 1844 Sigiberti
816 1775 1046 1843 regressi
1076 1785 1219 1839 sunt,
1252 1776 1302 1827 id
1330 1784 1413 1828 est
1441 1778 1529 1842 qui
1571 1791 1691 1829 cum
1724 1776 1949 1830 Albnino
1976 1777 2092 1831 fue-
2127 1774 2169 1832 Β

513 1874 654 1931 rant,
684 1874 866 1919 contra
908 1866 1005 1917 hos
1031 1875 1381 1933 consurgunt,
1419 1865 1657 1919 volentes
1699 1882 1791 1920 eos
1822 1882 1849 1919 a
1883 1868 2097 1935 regione

512 1957 599 2009 illa
622 1956 905 2008 extrudere
936 1968 999 2007 ac
1024 1955 1227 2009 delere.
1252 1958 1319 2007 At
1342 1953 1416 2006 illi
1446 1955 1845 2011 iibtulerunteis
1888 1959 2094 2011 tertiam

511 2059 716 2114 partem
750 2055 925 2109 terrai,
956 2044 1193 2099 dicentes
1221 2063 1233 2097 :
1267 2045 1439 2101 Simul
1472 2048 1651 2113 vivere
1675 2049 1789 2102 sine
1819 2050 2097 2104 collisione

508 2153 812 2207 possumus.
849 2137 952 2191 Sed
986 2137 1058 2189 illi
1096 2145 1281 2191 contra
1309 2150 1403 2190 eos
1431 2137 1573 2201 irati,
1603 2152 1668 2190 eo
1696 2138 1835 2206 quod
1866 2139 1962 2206 ipsi
1995 2140 2098 2193 hoc

509 2243 666 2283 antea
694 2228 1007 2293 tenuissent,
1040 2227 1338 2280 nullatenus
1364 2225 1644 2292 paeilicare
1666 2229 1971 2282 voluerunt.
1997 2226 2100 2283 De-

510 2323 637 2375 hinc
686 2320 848 2390 220
874 2319 1181 2373 obtulerunt
1224 2318 1302 2371 cis
1350 2318 1541 2372 iterum
1584 2320 1667 2371 isti
1708 2320 2047 2375 medietatem
2081 2339 2095 2375 :

512 2414 749 2482 posthaec
773 2428 901 2463 uu.is
925 2422 1121 2475 partes,
1145 2409 1245 2463 sibi
1271 2411 1481 2465 tertiam
1506 2410 1886 2479 relinquentes.
1910 2412 2100 2467 Nolen-

494 2506 653 2558 .tibus
674 2511 849 2555 autem
873 2501 995 2564 illis,
1021 2499 1333 2553 obtulerunt
1362 2514 1482 2553 cum
1508 2510 1644 2553 terra
1675 2504 1852 2554 omnia
1882 2516 2093 2570 pecora,

492 2604 715 2649 i'tanium
749 2600 806 2647 nt
833 2609 860 2645 a
886 2593 1026 2646 bello
1055 2600 1349 2645 cessarent.
1378 2590 1481 2645 Sed
1525 2606 1623 2645 nec
1652 2591 1753 2646 hoc
1777 2590 1852 2645 illi
1882 2593 2097 2661 acquie-

494 2697 743 2753 scentes,
780 2697 1051 2739 certamen
1084 2692 1359 2750 expetunt.
1402 2683 1463 2736 Et
1492 2682 1633 2736 inter
1672 2697 1729 2736 se
1759 2694 1885 2738 ante
1921 2696 2096 2738 certa-

511 2796 655 2848 men,
702 2777 935 2846 qualiter
984 2789 1177 2827 uxores
1233 2774 1527 2829 Suavorum
1559 2774 1881 2839 dividerent,
1924 2784 1977 2830 et
2004 2774 2095 2844 qui

502 2886 665 2941 quam
693 2878 811 2938 post
839 2881 1023 2919 eorum
1056 2866 1260 2920 exitum
1305 2865 1594 2933 acciperet,
1624 2872 1874 2933 tractant,
1909 2875 2100 2934 putan-

511 2972 588 3015 tes
611 2975 703 3013 cos
727 2959 832 3026 jam
853 2955 1002 3024 quasi
1034 2951 1343 3008 interfectos
1371 2955 1588 3009 habere.
1619 2955 1720 3007 Sed
1756 2954 1965 3010 Domini
1996 2958 2095 3009 mi-

508 3051 727 3108 seratio,
760 3045 1166 3115 quai'juSIitiain
1209 3041 1357 3107 fat-it,
1392 3043 1440 3095 in
1474 3045 1629 3095 aliam
1674 3056 1875 3109 partem
1910 3047 2097 3098 volun-

506 3151 674 3195 tati-tn
697 3154 881 3193 eorum
916 3135 1149 3189 retorsit.
1179 3134 1308 3187 Nam
1333 3134 1738 3202 Coiiﬂigentihus
1764 3135 1866 3188 illis
1897 3152 1909 3188 :
1941 3145 2093 3189 erant
2121 3134 2167 3196 C

510 3240 690 3286 autem
719 3226 903 3296 viginti
933 3239 1024 3278 sex
1060 3224 1222 3278 millia
1263 3224 1556 3288 Saxonum,
1586 3242 1651 3278 ex
1683 3228 1875 3293 quibus
1906 3227 2091 3296 viginti

512 3323 673 3375 millia
704 3318 1042 3381 ceciderunt;
1076 3316 1371 3370 Suavorum
1401 3330 1611 3383 quoque
1633 3330 1730 3369 sex
1766 3317 1933 3371 millia
1958 3333 2089 3385 qua-

507 3415 794 3483 dringenti,
832 3422 885 3465 et
907 3409 1174 3477 octoginta
1195 3405 1223 3444 δ
1254 3418 1453 3459 tantum
1486 3410 1734 3476 prostrati
1765 3419 1885 3463 sunt
1916 3427 1929 3462 :
1965 3411 2089 3463 reli-

508 3507 601 3577 qui
644 3521 770 3558 vero
812 3504 1089 3556 victoriam
1134 3500 1496 3553 obtinuerunt.
1547 3499 1626 3552 Illi
1655 3516 1864 3569 quoque
1900 3503 1987 3570 qui
2026 3519 2089 3556 ex

511 3595 817 3651 Saxonibus
840 3600 1231 3655 remanserant,
1260 3588 1505 3642 detestati
1523 3598 1664 3654 sunt,
1691 3592 1896 3645 nullum
1919 3608 1979 3646 se
2005 3609 2092 3648 eo-

510 3705 627 3744 rum
664 3688 901 3754 barbam,
929 3696 1101 3746 neque
1131 3680 1351 3748 capillos
1380 3679 1693 3745 incisurum,
1727 3683 1827 3736 nisi
1861 3686 2005 3751 prius
2032 3698 2093 3738 se

513 3779 581 3834 de
602 3775 920 3831 adversariis
944 3772 1350 3827 ulciscerentur.
1373 3771 1577 3837 Quibus
1597 3772 1793 3826 iterum
1821 3775 2093 3829 decertan-

511 3872 673 3934 tibus,
708 3870 759 3922 in
811 3869 1011 3936 majore
1040 3864 1251 3921 excidio
1295 3851 1631 3935 corruerunt,
1674 3875 1729 3922 et
1774 3867 1851 3921 sic
1892 3882 1924 3921 a
1954 3868 2093 3922 bello

507 3973 773 4017 ceasatum
795 3967 877 4014 εει
891 3966 935 4011 θ.

581 4127 609 4156 ἰ
648 4116 847 4172 Confer
876 4125 1035 4181 caput
1068 4112 1169 4166 hoc
1198 4127 1317 4167 cum
1348 4110 1438 4177 45,
1465 4112 1581 4167 libri
1616 4128 1689 4167 iv.
1716 4114 2004 4180 Caeterum,
2039 4127 2095 4171 ut

507 4197 730 4244 monent
761 4186 1001 4239 Valesius
1032 4195 1083 4236 et
1112 4184 1375 4249 Cuintins,
1407 4184 1703 4252 Sigibertus
1731 4188 1875 4238 solus
1905 4187 2094 4242 Suevis

510 4265 683 4314 locum
714 4254 1042 4311 inhabitandi
1066 4254 1318 4319 dederat,
1358 4269 1478 4307 nam
1512 4265 1637 4308 tunc
1669 4255 1780 4322 jam
1809 4255 2094 4311 defunctus

512 4338 629 4385 erat
657 4325 984 4395 Chlotarius,
1017 4325 1390 4377 Einendandus
1419 4338 1633 4395 quoque
1680 4325 1870 4377 Paulus
1904 4328 2096 4380 υίςιρο-

509 4417 630 4459 nus,
658 4397 747 4467 qui
780 4394 1095 4462 Gregorium
1127 4396 1335 4447 incaute
1357 4404 1592 4458 Secutus,
1620 4394 1669 4446 iii
1696 4397 1835 4447 hunc
1856 4411 2091 4451 errorem

510 4474 743 4525 imneitit.

508 4486 743 4595 "nimii:
760 4538 922 4592 Corb.
948 4534 1263 4600 etBelIov.;
1295 4533 1449 4587 Colb.
1482 4532 1620 4587 idem
1651 4534 1810 4587 etiam
1837 4534 2083 4602 habebat;
2120 4514 2168 4574 Ῐ)

510 4610 605 4664 sed
632 4620 813 4677 postea
843 4607 1019 4659 addita
1048 4613 1174 4658 sunt
1198 4615 1319 4673 post
1352 4603 1535 4668 millia,
1570 4603 1684 4677 haec
1705 4604 1863 4677 verba
1889 4620 1953 4659 ea:
1973 4609 2083 4674 qui-

511 4676 713 4741 bus,’nt
738 4681 1091 4730 conﬁceretur
1116 4691 1206 4729 sea:
1236 4676 1417 4747 millia,
1442 4690 1504 4727 ex
1533 4676 1715 4742 quibus
1731 4676 2086 4747 quadringenti

510 4759 556 4800 et
588 4748 863 4816 octoginta,
901 4755 1035 4816 cita;
1069 4760 1225 4816 quam
1253 4746 1534 4816 lectionem
1578 4747 1701 4797 Bec.
1741 4756 1795 4816 et
1833 4746 1961 4801 editi
1991 4749 2084 4801 ha—

513 4819 657 4881 bent,
682 4812 872 4885 quibus
903 4812 1043 4885 [ξιγυῐ
1069 4815 1216 4866 l’aul.
1251 4814 1518 4885 Diacnilib.
1553 4830 1629 4878 tit,
1662 4829 1759 4882 cap
1786 4815 1839 4868 7.

588 4899 609 4927 ε
657 4883 1009 4939 Witichindus
1047 4884 1710 4937 monachus.(Zorbeiensis
1742 4887 1791 4937 in
1819 4887 2082 4952 Saxouia,

510 4960 599 5028 qui
631 4958 728 5012 sub
751 4952 983 5028 Otthone
1014 4953 1083 5004 M.
1117 4954 1311 5028 floruit,
1337 4956 1586 5028 observat
1612 4955 1811 5007 Suavos
1832 4956 2083 5011 ’I‘ransal-

511 5023 705 5085 lienscs
733 5026 1001 5089 regionem
1027 5038 1185 5089 quam
1216 5023 1514 5074 incolebant
1536 5029 1888 5089 occupavisse
1918 5040 2084 5081 saxo-

511 5102 666 5154 nibus
691 5103 741 5152 in
764 5097 960 5148 Italiam
985 5092 1359 5159 migrantibus;
1384 5093 1607 5161 ideoque
1623 5109 1719 5147 sua
1739 5095 1910 5148 adhuc
1929 5107 2087 5152 astate

510 5171 727 5225 eosdem
756 5168 871 5219 aliis
904 5179 1058 5231 quam
1082 5163 1327 5235 Saxones
1356 5163 1555 5229 legibus
1582 5179 1706 5216 usos
1729 5179 1868 5229 esse,
1899 5182 2087 5235 quam-

509 5241 590 5293 vis
621 5248 670 5293 iii
705 5235 931 5293 Siixotiia
954 5236 1108 5287 sedes
1142 5234 1414 5284 haheieut.

579 5307 607 5346 ἀ
650 5312 860 5374 Itegm.,
900 5306 1073 5363 duces,
1108 5302 1432 5370 comitesque.
1475 5301 1759 5356 Macliavus
1810 5306 2084 5360 ordinatus

511 5378 678 5431 fuerat
708 5392 989 5442 ej'ISCttpUS
1027 5374 1358 5435 Venetensis,
1390 5386 1547 5438 supra
1574 5374 1664 5424 lib.
1700 5389 1769 5438 tv,
1804 5392 1920 5442 cap.
1952 5374 2008 5438 4,
2030 5390 2084 5431 ei

512 5452 631 5501 licet
658 5456 919 5512 apostata.
950 5460 1215 5513 nunquam
1250 5456 1424 5496 tamen
1467 5456 1558 5510 pas
1592 5459 1652 5496 us
1679 5454 1759 5497 est
1785 5460 1844 5500 se
1876 5462 2083 5501 vivente

510 5522 668 5573 alium
699 5516 953 5568 ominari.

580 5599 604 5626 ο
646 5585 804 5647 Ειίὶιὶ,
836 5587 920 5650 qui
953 5584 1151 5635 tandem
1179 5585 1445 5637 miserante
1472 5580 1595 5638 Deo.

583 5657 605 5696 ί
650 5658 802 5715 Bell.,
836 5653 929 5706 Vm
942 5667 1109 5706 rocus.
1692 5678 1693 5681 η

578 5739 605 5777 tt
642 5726 823 5791 Colb.,
852 5722 1121 5793 Magnurii.
1151 5720 1301 5776 Colb.
1333 5732 1385 5777 ct
1415 5723 1617 5791 aliquot
1644 5723 1790 5791 editi,
1816 5725 2084 5795 illas/inlitt-

1515 278 1570 336 S.
1611 278 1934 336 GREGORII
1984 276 2285 335 EPISCOPI
2320 276 2749 335 TURONENSlS

3637 286 3728 341 332

2264 393 2398 449 XVI.
2442 396 2496 450 In
2525 396 2813 451 Britanniis
2841 394 2955 451 haec
2976 403 3091 449 acta
3119 401 3261 450 sunt.
3292 394 3563 453 Macliavus
3586 418 3731 470 quon-

2195 486 2315 540 dam
2346 494 2400 540 el
2421 487 2648 540 Bodicus
2677 487 3045 540 Britannorum
3069 487 3288 540 comites
3304 483 3353 551 ιι,
3376 500 3735 548 sacramentum

2195 579 2333 630 inter
2362 593 2419 633 se
2446 578 2725 645 dederant,
2772 589 2829 632 ut
2878 579 2969 646 qui
2997 593 3059 632 ex
3090 578 3169 632 eis
3199 581 3575 648 superviveret,
3619 586 3738 640 Illius

2198 667 2359 736 partis
2388 670 2609 724 alterius
2642 680 2889 736 tanquam
2917 677 3157 739 proprios
3182 670 3500 727 defensaret.
3530 675 3743 732 Mortuus

2190 770 2371 812 autem
2408 760 2631 814 Bodicus
2658 764 2872 831 reliquit
2899 763 3088 824 lilium,
3119 763 3496 817 Theodericum
3529 770 3739 821 nomine.

2195 848 2333 912 Qun,
2365 849 2644 903 lllacliavus
2671 852 2867 904 oblitus
2892 852 3242 914 sacramenti,
3275 854 3492 920 eXpiiLo
3516 869 3543 907 a
3574 859 3747 922 patria,

2197 955 2415 1009 regnum
2450 943 2611 1009 patris
2647 943 2764 1012 ejus
2806 946 3033 1012 accepit.
3069 944 3161 997 llic
3186 960 3317 998 vero
3345 945 3502 1000 multo
3529 956 3748 1014 tempore

2199 1038 2452 1102 profugus
2476 1051 2744 1109 vagosque
2784 1035 2882 1090 fuit
2916 1054 2929 1089 :
2963 1038 3046 1091 cui
3076 1037 3287 1090 tandem
3318 1039 3559 1091 misertus
3588 1040 3754 1094 Deus°

2196 1125 2437 1179 collectis
2457 1142 2638 1181 secum
2661 1143 2690 1180 a
2721 1128 2987 1181 Britannia
3013 1130 3159 1193 viris,
3194 1143 3253 1182 se
3277 1144 3439 1196 super
3465 1128 3754 1183 Macliavuiit

2195 1216 2413 1286 objecit,
2435 1232 2664 1287 eumque
2687 1235 2806 1273 cuin
2832 1219 2942 1272 ﬁlio
2965 1222 3079 1287 ejus
3098 1219 3262 1275 Jacol.
3287 1219 3463 1286 gladio
3487 1221 3759 1285 interemit,

2198 1318 2509 1378 partemque
2539 1313 2709 1379 regni,
2738 1325 2893 1377 quam
2917 1312 3182 1378 quondam
3206 1319 3356 1379 pater
3378 1310 3494 1379 ejus
3513 1320 3761 1375 tenuerat,

2198 1399 2247 1450 iii
2275 1413 2389 1475 sua
2412 1410 2672 1468 potestate
2703 1401 2965 1463 restituit;
2994 1410 3202 1469 partem
3231 1417 3362 1455 vero
3401 1402 3561 1457 aliam
3591 1402 3767 1456 \‘Varo-

2193 1488 2330 1543 chus
2353 1488 2371 1525 τ
2412 1491 2650 1544 Maeliavi
2680 1490 2819 1545 filius
2850 1491 3134 1546 vindicavit
3162 1493 3283 1548 sibi.

2270 1624 2430 1679 XVII.
2472 1625 2902 1680 Guntcliramnus
2934 1641 3063 1681 vero
3094 1642 3187 1681 rex
3215 1627 3352 1682 duos
3380 1626 3729 1697 Magnacharil
3749 1638 3772 1676 ε

2197 1716 2465 1784 quondam
2499 1717 2632 1771 lilius
2666 1719 2824 1787 221
2867 1717 3044 1788 gladio
3088 1717 3383 1784 interemit,
3418 1733 3515 1787 pro
3542 1734 3607 1774 eo
3641 1722 3773 1789 quod

2199 1809 2251 1862 in
2283 1807 2705 1861 Austrecbildem
2737 1806 2765 1844 ιι
2788 1810 3055 1876 reginam,
3087 1810 3312 1878 ejusque
3359 1812 3578 1866 soboles
3624 1811 3777 1865 multa

2200 1897 2538 1951 detestabilia
2566 1907 2723 1967 atque
2746 1899 3073 1952 exsecranda
3120 1899 3454 1969 proferrent;
3489 1903 3778 1956 facultates-

2198 2003 2302 2058 que
2329 2005 2513 2043 eorum
2546 1990 2673 2044 fisco
2702 2004 2799 2044 suo
2829 1990 3050 2057 redegit.
3083 1996 3199 2061 Ipse
3244 2008 3463 2063 quoque
3490 1995 3626 2048 duos
3655 1994 3781 2047 filius

2199 2098 2325 2139 suos
2351 2084 2527 2139 subito
2558 2086 2744 2139 inorbo
2782 2100 3069 2155 oppressos
3119 2086 3354 2154 perdidit
3400 2085 3443 2152 ί,
3468 2085 3538 2140 de
3563 2101 3778 2155 quorun.

2205 2174 2397 2230 funere
2428 2176 2582 2230 valde
2610 2177 2956 2231 contristatus
3000 2186 3100 2240 est,
3132 2190 3197 2230 eo
3227 2176 3373 2244 quod
3411 2179 3632 2231 orbatus
3665 2176 3781 2228 abs-

2199 2283 2303 2336 que
2334 2268 2520 2322 Iiberis
2566 2268 2931 2323 remansisset.
2966 2267 3043 2321 Eo
3075 2281 3217 2320 anno
3274 2267 3529 2322 dubietas
3580 2267 3785 2321 Pascha

2200 2357 2318 2413 fuit.
2349 2359 2403 2413 In
2428 2359 2611 2414 Galliis
2658 2374 2787 2414 vero
2810 2375 2907 2413 nos
2934 2374 3052 2414 cum
3071 2360 3254 2414 multis
3271 2361 3589 2415 civitatibus
3608 2370 3789 2429 quarto

2199 2449 2411 2505 decimo
2439 2450 2703 2505 Kalendas
2731 2450 2927 2506 Maias]
2967 2461 3206 2507 sanctum
3236 2453 3451 2507 Pascha
3497 2453 3791 2508 celebravi-

2200 2554 2338 2595 mus.
2373 2541 2475 2594 Alii
2520 2556 2649 2596 vero
2689 2555 2809 2596 cum
2853 2542 3121 2611 Hispanis,
3168 2543 3503 2599 duodecimo
3532 2542 3792 2597 Kalendas

2198 2632 2400 2700 Aprilis
2430 2632 2819 2687 solemnitatem
2862 2634 2996 2687 hanc
3036 2644 3327 2688 tenuerunt
3361 2651 3377 2689 :
3414 2647 3595 2689 tamen
3634 2645 3691 2689 ut
3727 2633 3796 2688 fe;

2199 2732 2344 2787 runt,
2370 2724 2542 2779 fontes
2579 2725 2675 2790 illi,
2708 2726 2797 2794 qui
2832 2726 2884 2779 in
2919 2725 3186 2795 Hispaniis
3218 2735 3357 2781 nutu
3401 2726 3499 2781 Dei
3527 2727 3794 2796 complen-

2199 2825 2285 2873 tur
2304 2814 2351 2883 ⁸,
2387 2817 2438 2871 in
2463 2826 2646 2873 nostro
2678 2817 2877 2872 Pascha
2899 2816 3085 2886 repleti
3113 2828 3256 2871 sunt.

2270 2950 2457 3006 XVIII.
2496 2951 2734 3007 Cainone
2779 2966 2909 3005 vero
2942 2950 2959 2987 ι
2995 2948 3269 3008 Turonieo
3317 2956 3469 3020 vico,
3514 2955 3644 3011 dum
3690 2955 3802 3026 ipso

2198 3043 2431 3111 glorioso
2456 3041 2881 3096 ReSnrrcctionis
2915 3044 3202 3097 lloniiuica:
3231 3044 3324 3101 die
3356 3046 3542 3100 Missa:
3570 3048 3803 3101 celebra-

2199 3147 2403 3203 rentur,
2442 3137 2663 3191 ecclesia
2704 3137 3047 3199 contremuit,
3090 3139 3437 3207 populusque
3477 3140 3804 3195 conteriitus

2193 3244 2223 3282 a
2259 3244 2479 3297 pavore,
2514 3243 2670 3281 unam
2700 3242 2883 3281 vocem
2926 3227 3094 3294 dedit,
3142 3229 3338 3283 dicens
3384 3232 3537 3299 quod
3583 3230 3807 3284 ecclesia

2192 3320 2452 3374 caderet:
2493 3318 2778 3388 cunctique
2817 3318 2884 3372 ab
2928 3333 3013 3387 ea,
3056 3319 3216 3372 etiam
3250 3320 3611 3388 pereat-actis
3660 3321 3810 3375 ostiis

2196 3412 2485 3479 perfugam
2518 3408 2650 3477 lapsi
2679 3419 2824 3461 sunt.
2870 3407 3055 3477 Magna
3102 3410 3351 3476 pOslltth
3386 3412 3514 3465 lues
3560 3411 3812 3480 populum

2193 3500 2509 3553 devastavit.
2562 3497 2806 3552 Posthu-c
2851 3500 3286 3552 Guntehrainniis
3339 3516 3439 3554 rei
3484 3502 3557 3554 ad
3598 3500 3813 3555 Childe-

2194 3590 2403 3645 bertum
2445 3599 2689 3656 nepotem
2717 3604 2871 3642 suum
2904 3589 3107 3656 legatos
3138 3589 3334 3660 mittit,
3371 3607 3575 3659 pacein
3609 3602 3817 3661 petens,

2193 3695 2258 3735 ac
2281 3682 2573 3748 deprecans
2604 3695 2726 3734 eum
2756 3680 2959 3734 videre.
3014 3680 3163 3734 Tunc
3204 3681 3299 3733 ille
3331 3696 3468 3735 cuin
3504 3682 3817 3751 proceribus

2192 3773 2307 3827 suis
2337 3776 2402 3826 ad
2434 3787 2554 3826 eum
2580 3774 2724 3826 venit
2753 3772 2873 3841 :qui
2902 3773 2967 3825 ad
3004 3784 3247 3840 pontem,
3280 3791 3463 3843 quem
3502 3777 3761 3831 l’etrcum
3784 3783 3823 3813 ιι

2196 3863 2452 3930 vocitant,
2485 3863 2756 3933 conjuncti
2788 3874 2930 3929 sunt,
2954 3867 3366 3921 consalutantes
3392 3879 3571 3936 atque
3593 3868 3820 3921 invicem

2191 3955 2496 4010 osculantes
2526 3968 2605 4009 se.
2639 3956 3067 4010 Guntchramnus
3097 3971 3189 4008 rex
3220 3956 3300 4009 ait
3338 3975 3352 4011 :
3391 3959 3604 4013 Evenit
3635 3957 3827 4028 impul-

2196 4113 2283 4166 rii'.
2315 4112 2679 4167 Guntramnus
2712 4110 3095 4180 Marcatrtitlem
3136 4110 3530 4180 Maguacharii
3575 4113 3737 4169 ducis
3771 4113 3827 4166 Ii-

2200 4184 2321 4259 Iiaiu
2350 4187 2608 4245 duxerat,
2633 4196 2733 4250 qua
2764 4181 2835 4234 ob
2858 4178 3241 4259 Gtiiidobaduni
3274 4186 3642 4253 privignum,
3672 4202 3826 4259 quem

2197 4254 2563 4308 Guntraninus
2592 4266 2657 4305 ex
2695 4250 2994 4304 veneranda
3041 4252 3337 4317 habuerat,
3380 4250 3614 4308 veneno
3646 4250 3827 4309 subla-

2200 4332 2309 4376 tum
2331 4323 2581 4393 dimissa,
2608 4320 2981 4393 Austrigildein
3011 4320 3432 4393 ejiisancillam
3460 4325 3652 4380 duxit.
3680 4326 3833 4393 Quod

2198 4393 2395 4447 Guntio
2419 4400 2475 4446 et
2502 4390 2759 4445 Wioliciis
2793 4389 3147 4458 Magiiacharii
3196 4390 3289 4443 filii
3332 4393 3499 4447 ferre
3538 4412 3651 4448 nun
3696 4389 3833 4448 vale-

2201 4464 2346 4528 hani,
2380 4463 2540 4530 idque
2579 4461 3163 4533 tandemAexitiieausa
3181 4462 3271 4533 eis
3320 4464 3458 4516 fuit.
3496 4465 3832 4533 Magnaeha-

2194 4535 2256 4588 rii
2289 4528 2514 4586 mortem
2541 4546 2683 4583 anno
2711 4528 2814 4601 566
2843 4531 3119 4601 consignat
3149 4531 3361 4587 Marius
3394 4528 3833 4592 Aveniieensis.

2264 4602 2289 4640 ⁵
2329 4603 2451 4666 Alii,
2479 4600 2859 4671 Austrigildem.

2270 4671 2285 4748 ξ
2329 4673 2736 4748 Chloitoinereiu
2783 4671 2989 4748 scilicet
3035 4678 3087 4722 et
3128 4671 3539 4748 _C_h_l_otariurp,
3595 4692 3835 4748 (μηδι-,ιω

2190 4742 2459 4819 epitaphia
2486 4739 2925 4819 referttlnesiiius
2952 4752 3095 4792 torno
3176 4742 3395 4819 Hisror.
3439 4739 3686 4813 Frané.,
3717 4765 3834 4819 pag.

2192 4810 2314 4867 512.
2365 4813 2592 4866 Eosdem
2634 4810 2819 4879 Regios
2864 4825 2924 4861 ac
2969 4812 3191 4880 egregios
3234 4811 3635 4871 adolescentes
3672 4810 3841 4873 ’νὸςῖη

2191 4885 2385 4938 Marius
2416 4882 2481 4935 ad
2510 4896 2597 4933 an.
2627 4880 2749 4933 577.

2264 4954 2279 5003 Ι
2327 4953 2503 5015 Colb.,
2534 4949 2773 5013 Martias,
2803 4955 2896 5003 sed
2930 4949 3204 5005 mendose.

2264 5022 2285 5058 ιε
2329 5024 2404 5077 De
2433 5021 2515 5076 his
2559 5023 2792 5074 fontibus
2841 5019 2958 5071 vide
2985 5021 3248 5073 Coiutium
3300 5024 3382 5076 ad
3443 5040 3675 5080 annum
3709 5028 3838 5091 497,

2192 5110 2340 5147 nutri.
2372 5095 2423 5147 '5.
2460 5092 2707 5146 Dubietas
2741 5091 2854 5142 haec
2881 5098 2995 5143 orta
3025 5104 3089 5143 ex
3120 5106 3184 5144 eti
3214 5095 3369 5159 quod
3404 5095 3628 5152 Franci
3659 5099 3848 5153 Victo-

2192 5166 2255 5218 rii
2301 5166 2611 5231 latet-culum
2652 5159 3035 5231 sequebantur,
3066 5164 3210 5231 utgin
3240 5166 3509 5219 conciiio
3543 5171 3843 5223 Aurelian.

2188 5250 2262 5300 tv,
2295 5230 2412 5287 can.
2444 5249 2483 5299 i,
2533 5247 2621 5284 an.
2647 5230 2773 5295 541,
2821 5238 3074 5282 statutum
3120 5229 3327 5296 fuerat;
3397 5234 3657 5302 Hispani
3715 5254 3846 5293 vero

2189 5305 2461 5373 antiquum
2491 5304 2797 5373 Latinorum
2827 5314 3112 5354 canonem.
3149 5301 3250 5354 Adi
3276 5301 3606 5361 Cointiutu
3636 5312 3715 5365 ad
3748 5327 3851 5363 an-

2190 5368 2462 5435 num—559,
2493 5388 2640 5425 tium.
2662 5368 2759 5423 "I5.

2267 5443 2284 5481 ι
2320 5448 2673 5519 Castruniest
2698 5442 2764 5494 ad
2795 5438 3123 5519 Vingeninim
3159 5441 3440 5519 posituri},
3477 5449 3649 5514 quod
3684 5451 3852 5519 vulgo

2193 5515 2386 5570 Chinon
2427 5514 2743 5581 appellatur,
2777 5514 2916 5563 unde
2954 5522 3279 5565 recentiores
3313 5513 3688 5574 Chiuouium
3722 5513 3853 5576 coi—

2192 5596 2344 5652 rupte
2373 5583 2734 5636 ell‘ortuaiuttt.

2263 5664 2301 5730 τη
2342 5652 2654 5730 Complures
2681 5661 2807 5730 sunt
2851 5649 3458 5730 hujusnominisvici
3522 5659 3585 5715 in
3620 5660 3854 5730 Galliis.

2191 5726 2347 5795 vulgo
2376 5722 2721 5777 Pierre-Pont
2758 5723 2904 5788 dicti,
2952 5724 3039 5792 qui
3075 5733 3250 5779 autem
3297 5725 3406 5783 hic
3446 5722 3850 5795 memoratur;
