4006 6182
325 279 409 337 351

1236 278 1557 336 HISTORIA
1600 274 2044 332 FRANCORUM.
2088 266 2288 328 LIBER
2326 270 2645 339 QUINTUS.

3467 273 3568 327 sat

324 408 376 450 sit
398 401 736 463 peccatorum
766 407 1032 457 meorum,
1068 402 1124 449 ut
1148 394 1349 465 absque
1378 378 1563 448 liberis
1593 400 1617 428 ι
1650 406 1892 445 remane-
1919 396 1967 454 Α
1996 402 2141 451 cere,
2172 387 2271 443 nisi
2302 397 2355 441 et
2383 403 2482 457 ego
2509 402 2601 440 vos
2626 385 2785 440 simili
2814 394 2961 441 sorte
2994 394 3414 442 remunerarem.
3466 389 3571 443 Re-

323 500 423 540 rem
454 500 472 539 :
505 493 559 540 et
592 486 711 538 ideo
739 494 880 553 peto,
912 495 966 539 ut
994 486 1081 540 hic
1107 501 1274 553 nepos
1305 500 1455 539 meus
1483 483 1608 537 mihi
1634 481 1703 536 sit
1732 482 1893 535 filius.

326 576 380 630 Et
400 577 687 644 imponens
712 592 833 629 eum
862 591 1022 644 super
1044 577 1351 631 cathedram
1382 591 1555 639 suam,
1573 585 1822 630 cunctum
1843 574 1890 627 ei

324 683 531 736 regnum
566 667 802 727 tradidit,
842 667 1027 722 dicens
1061 685 1074 721 :
1110 666 1222 723 Una
1272 682 1370 721 nos
1408 682 1586 734 parma
1630 672 1893 734 protegat,

324 773 525 826 unaque
573 757 720 811 hasta
767 758 1041 813 defendat.
1089 759 1240 826 Quod
1282 760 1326 812 si
1375 758 1513 811 filios
1545 756 1799 820 habuero,
1849 764 1899 809 te

326 852 662 904 nihilominus
695 862 944 919 tanquam
988 867 1150 905 unum
1190 866 1254 905 ex
1297 849 1379 903 his
1411 849 1689 917 reputabo,
1728 858 1783 901 ut
1815 848 1899 900 illa

323 957 429 995 cum
459 944 562 1005 eis,
592 949 872 1009 tecumque
914 948 1221 1009 permaneat
1258 940 1511 1004 charitas,
1540 941 1701 1008 222
1742 951 1898 1006 quam

327 1033 408 1084 tibi
457 1030 617 1083 hodie
664 1045 764 1099 ego
812 1030 1085 1098 polliceor,
1138 1038 1272 1084 teste
1312 1029 1436 1082 Deo.
1484 1029 1741 1081 Proceres
1776 1042 1901 1081 vero

326 1119 644 1175 Childeberti
691 1120 937 1174 similiter
996 1134 1091 1187 pro
1137 1120 1326 1174 eodem
1372 1118 1589 1187 polliciti
1639 1127 1782 1170 sunt.
1840 1117 1903 1170 Et

326 1214 703 1265 manducantes
755 1211 914 1264 simul
968 1220 1126 1279 atque
1180 1210 1461 1275 bibentes,
1516 1209 1795 1277 dignisque
1843 1221 1905 1259 se

329 1303 635 1355 muneribus
682 1302 1029 1364 honorantes,
1080 1299 1287 1369 pacifici
1328 1301 1709 1354 discesserunt.
1757 1298 1905 1351 Tunc

327 1393 384 1446 ad
411 1390 770 1459 Chdpericnm
802 1406 983 1459 regem
1017 1391 1333 1459 legationem
1379 1392 1666 1450 mittentes,
1702 1398 1760 1443 ut
1786 1389 1903 1443 red-

334 1484 472 1537 deret
501 1481 644 1550 quod
672 1482 738 1535 de
765 1495 949 1535 eorum
996 1497 1159 1549 regno
1190 1482 1454 1534 minuerat
1502 1498 1515 1533 :
1560 1479 1701 1549 quod
1732 1480 1776 1532 si
1805 1478 1908 1532 dif-

331 1573 508 1634 ferret,
539 1585 782 1638 campum
814 1577 1142 1638 praepararet
1169 1569 1235 1621 ad
1270 1568 1488 1621 bellum.
1519 1566 1670 1632 Quod
1699 1566 1790 1620 ille
1814 1566 1908 1620 de-

328 1662 575 1730 spiciens,
622 1658 762 1727 apud
792 1659 1105 1712 Suessiones
1133 1669 1293 1725 atque
1325 1656 1557 1710 Parisios
1579 1656 1753 1710 circos
1779 1652 1908 1709 aedi-

1995 478 2217 532 cedente
2254 492 2379 530 vero
2413 491 2539 544 rege
2578 476 2643 535 ad
2681 485 2931 530 metatum
2964 484 2988 513 ο
3015 482 3191 543 suum,
3225 494 3322 531 nos
3363 479 3572 533 collecti

1997 566 2049 621 in
2082 583 2242 621 unum
2281 568 2596 621 sedebamus
2637 567 2688 619 in
2730 568 3021 622 secretario
3048 567 3278 622 basilicae
3311 572 3448 623 beati
3477 573 3571 625 i‘e-

1998 660 2085 713 tri.
2134 658 2707 729 Confabulantibnsque
2737 660 2915 724 nobis,
2949 661 3124 715 subito
3152 662 3369 716 advenit
3392 665 3575 719 Aetius

1998 749 2407 804 archidiaconus
2429 749 2707 803 Parisiacae
2733 751 3002 815 Ecclesiae,
3026 752 3369 821 salutatisque
3395 757 3573 818 nobis,

1998 840 2072 892 ait
2101 857 2113 891 :
2142 840 2333 893 Audite
2360 856 2463 905 me,
2495 855 2529 894 ο
2565 839 2874 894 sacerdotes
2904 841 3135 905 Domini,
3183 843 3267 910 qui
3314 844 3364 896 in
3409 860 3571 900 unum

1999 931 2209 985 collecti
2274 932 2423 985 estis.
2489 930 2593 985 Aut
2658 932 2798 984 enim
2859 933 2961 986 hoc
2998 945 3239 1000 tempore
3277 937 3582 993 exaltabitis

2002 1035 2195 1074 nomen
2263 1034 2539 1083 vestrum,
2601 1030 2656 1075 et
2703 1022 2859 1076 bona:
2921 1023 3073 1077 fama:
3121 1026 3287 1090 gratia
3353 1028 3582 1098 refulge-

2005 1110 2164 1176 bitis;
2210 1123 2300 1165 aut
2326 1120 2472 1165 certe
2500 1111 2675 1165 nullus
2700 1126 2796 1165 vos
2825 1112 3017 1166 amodo
3047 1129 3142 1181 pro
3165 1114 3256 1169 Dei
3289 1116 3579 1170 sacerdoti-

2004 1203 2103 1255 bus
2167 1212 2253 1257 est
2304 1202 2612 1271 habiturus,
2669 1203 2713 1257 si
2768 1218 3020 1271 personas
3068 1215 3273 1261 vestras
3325 1209 3582 1277 sagaciter

2005 1308 2109 1345 non
2149 1294 2374 1364 erigitis,
2419 1305 2506 1348 aut
2552 1295 2768 1350 fratrem
2804 1297 2979 1364 perire
3011 1298 3333 1364 permittitis.
3371 1301 3493 1354 H330
3518 1316 3583 1355 eo

2005 1380 2238 1447 dicente,
2276 1383 2451 1438 nullus
2480 1384 2818 1439 sacerdotum
2856 1387 2903 1440 ei
2946 1387 3231 1456 quidquam
3278 1390 3582 1458 respondit;

2007 1471 2266 1526 timebant
2296 1473 2437 1527 enim
2472 1476 2669 1545 regina;
2708 1476 2961 1541 furerent,
3006 1479 3160 1545 cujus
3191 1480 3440 1535 instinctu
3472 1483 3586 1535 inec

2005 1561 2319 1631 agebantur.
2349 1564 2550 1630 Quibus
2576 1566 2813 1630 intentis,
2843 1576 2898 1621 et
2923 1584 3013 1620 ora
3041 1568 3206 1638 digito
3235 1574 3585 1638 comprimen-

2010 1651 2171 1719 tibus,
2218 1668 2317 1724 ego
2364 1656 2451 1710 ain
2480 1673 2493 1710 :
2519 1658 2718 1712 Attenti
2769 1669 2959 1724 estote,
3001 1676 3204 1731 qnmso,
3245 1666 3584 1719 sermonibus

335 1751 492 1806 ilcare
541 1750 814 1819 praecepit,
864 1763 1064 1817 eosque
1105 1747 1319 1819 populis
1360 1746 1722 1817 spectaculum
1769 1759 1907 1815 praa-
1933 1768 1982 1828 Β
2011 1744 2213 1809 meis,o
2239 1745 2556 1801 sanctissimi
2584 1750 2886 1804 sacerdotes
2912 1750 3021 1814 Dei,
3053 1763 3104 1805 et
3137 1755 3430 1819 praesertim
3468 1771 3580 1815 vos,

328 1842 451 1897 bens
484 1841 538 1894 δ.

393 1934 538 1989 XIX.
581 1933 675 1987 His
723 1934 795 1987 ita
843 1931 1038 2001 gestis,
1084 1930 1307 1985 audiens
1344 1929 1715 1999 Chilpericus,
1762 1927 1903 1997 quod

328 2025 675 2080 Prtetextatus
699 2024 1147 2094 Rothomagensis
1177 2023 1460 2091 episcopus
1491 2031 1675 2077 contra
1706 2021 1904 2074 utilita-

329 2124 426 2168 tem
452 2129 607 2169 suam
638 2115 846 2183 p0pulis
876 2129 1093 2167 munera
1121 2114 1294 2178 daret,
1326 2128 1448 2167 eum
1475 2113 1541 2167 ad
1573 2127 1631 2167 se
1659 2112 1905 2167 arcessiri

331 2207 599 2275 praecepit.
666 2205 783 2273 Quo
838 2205 1082 2259 discusso
1113 2214 1160 2269 ε,
1192 2205 1389 2272 reperit
1430 2218 1549 2258 cum
1589 2203 1779 2258 eodem
1819 2216 1907 2258 res

333 2288 688 2350 Druuichildis
717 2297 913 2363 reginae
941 2297 1382 2350 commendatus:
1427 2294 1660 2365 ipsisque
1689 2296 1903 2363 ablatis,

336 2400 451 2440 eum
482 2390 534 2441 in
563 2388 754 2443 exsiilio
778 2403 946 2457 usque
972 2393 1035 2441 ad
1055 2386 1439 2442 sacerdotalem
1469 2370 1792 2441 audientiam
1825 2402 1908 2441 re—

230 2518 251 2537 .
335 2479 486 2533 tineri
522 2480 795 2547 praecepit.
825 2477 1123 2547 Conjuncto
1151 2487 1327 2532 autem
1350 2477 1610 2542 Concilio,
1642 2476 1909 2531 exhibitas

328 2580 427 2626 est.
484 2571 653 2625 Erant
702 2580 876 2623 autem
929 2570 1163 2639 episcopi
1204 2565 1230 2605 ἀ
1263 2570 1351 2637 qui
1400 2570 1725 2623 advenerant
1770 2569 1906 2637 apud

328 2660 585 2723 Parisios,
636 2659 689 2712 in
739 2657 954 2712 basilica
994 2659 1164 2712 sancti
1204 2658 1341 2712 Petri
1390 2657 1642 2725 apostoli.
1689 2658 1781 2711 Cui
1814 2672 1909 2711 rex

326 2751 395 2805 ait
427 2769 439 2802 :
472 2750 613 2816 Quid
645 2748 742 2803 tibi
787 2751 956 2804 visum
991 2757 1092 2813 est,
1143 2764 1175 2801 ο
1224 2749 1493 2817 episcope.
1535 2760 1591 2801 ut
1640 2746 1909 2801 inimicum

326 2856 501 2896 meum
537 2841 935 2906 Merovechum,
979 2840 1071 2908 qui
1119 2839 1256 2892 ﬁlius
1301 2854 1420 2892 esse
1469 2839 1746 2904 debuerat,
1790 2852 1910 2892 cum

327 2937 482 2987 amita
520 2949 613 2987 sua
633 2976 649 3001 ,
684 2934 736 2988 id
764 2945 846 2988 est
870 2933 1042 3001 patrui
1066 2933 1145 2986 sui
1180 2948 1375 2996 uxore,
1403 2933 1580 3001 conju-
1606 2933 1799 3002 geres?
1832 2934 1910 2985 Au

328 3028 542 3094 ignarus
587 3041 728 3089 eras,
776 3042 894 3095 quae
938 3040 1034 3094 pro
1074 3023 1173 3078 hac
1216 3040 1376 3079 causa
1408 3024 1677 3078 Canonuni
1716 3032 1912 3079 statuta

2007 1849 2097 1904 qut
2146 1836 2518 1892 familiariores
2564 1854 2686 1895 esse
2732 1842 2842 1910 regi
2893 1842 3196 1897 videmini:
3249 1845 3498 1901 adhibete
3535 1848 3583 1903 ei

2005 1925 2286 1978 Consilium
2309 1934 2551 1981 sanctum
2581 1939 2739 1997 atque
2764 1945 2821 1983 sa
2858 1933 3116 2001 erdotale,
3144 1949 3209 1988 ne
3235 1936 3585 1992 exardescens

2008 2014 2059 2068 in
2109 2018 2407 2072 ministrum
2442 2019 2557 2085 Dei,
2593 2032 2777 2089 pereat
2821 2023 2889 2077 ab
2938 2021 3013 2077 ira
3062 2026 3208 2093 ejus,
3263 2037 3321 2081 et
3363 2044 3583 2097 regnum

2008 2106 2215 2175 perdat,
2246 2117 2299 2161 et
2324 2109 2570 2176 gloriam.
2604 2110 2730 2166 Haec
2755 2126 2843 2166 me
2864 2113 3089 2176 dicente,
3121 2116 3348 2171 silebant
3376 2133 3584 2175 omnes.

2008 2199 2116 2254 illis
2133 2215 2258 2255 vero
2271 2201 2550 2256 silentibus
2566 2204 2733 2271 adjeci
2762 2220 2776 2257 :
2808 2205 3146 2271 Mementote,
3162 2208 3361 2264 domini
3383 2212 3484 2266 mei
3500 2227 3587 2266 sa-

2008 2291 2272 2358 cerdotes,
2305 2294 2451 2347 verbi
2483 2294 2773 2363 prophetici
2804 2297 2942 2366 quod
2974 2298 3048 2352 ait
3080 2316 3093 2351 :
3120 2300 3183 2355 Si
3207 2302 3385 2363 viderit
3412 2320 3586 2373 specu-

2011 2383 2145 2436 lator
2171 2385 2486 2454 iniquitatem
2515 2385 2755 2451 hominis,
2778 2397 2825 2440 et
2857 2404 2956 2442 non
2988 2390 3193 2455 dixerit,
3218 2408 3331 2446 reus
3361 2395 3453 2448 erit
3478 2398 3589 2448 arti-

2010 2488 2105 2525 ma:
2130 2475 2386 2542 pereuntis
2421 2474 2633 2546 (Ezech.
2659 2492 2846 2542 xxxm,
2880 2478 2958 2544 6).
3012 2480 3148 2550 Ergo
3193 2483 3361 2537 nolite
3409 2483 3590 2552 silere,

2011 2563 2104 2616 sed
2153 2563 2459 2633 praedicate,
2505 2574 2559 2619 et
2602 2568 2782 2633 ponite
2825 2577 2948 2623 ante
2971 2564 3170 2625 ’oculos
3213 2574 3351 2643 regis
3381 2586 3591 2643 peccata

2011 2652 2148 2721 ejus,
2183 2669 2251 2709 ne
2282 2654 2418 2708 forte
2447 2654 2496 2709 ei
2520 2656 2721 2724 aliquid
2746 2659 2870 2712 mali
2900 2660 3191 2730 contingat,
3219 2675 3268 2717 et
3300 2676 3392 2718 ros
3421 2664 3497 2718 rei
3524 2666 3586 2719 si-

2020 2747 2088 2799 tis
2120 2762 2215 2813 pro
2245 2747 2418 2800 anima
2447 2747 2586 2815 ejus.
2632 2748 2712 2802 An
2760 2749 3019 2819 ignoratis
3057 2753 3180 2820 quid
3226 2768 3361 2808 noro
3387 2767 3594 2823 gestum

2018 2836 2177 2891 fuerit
2208 2839 2484 2907 tempore?
2512 2839 2782 2907 quomodo
2808 2846 3199 2910 apprehensum
3227 2846 3595 2914 Sigimundum

2014 2926 2387 2983 Chlodomeris
2431 2932 2646 2985 retrusit
2695 2932 2747 2985 in
2777 2934 3089 2987 carcerem?
3116 2934 3353 3005 dixitque
3394 2939 3441 2992 ei
3475 2941 3595 2993 A‘vi-

2018 3029 2104 3072 tus
2139 3016 2157 3055 ί
2190 3019 2280 3073 Dei
2307 3020 2557 3074 sacerdos
2589 3038 2602 3072 :
2637 3020 2713 3075 Nc
2762 3021 2967 3090 injicias
3017 3038 3233 3078 manum
3273 3028 3321 3078 in
3359 3040 3504 3087 eum.
3544 3038 3596 3084 ct

328 3116 666 3170 sanxissent?
695 3116 867 3169 Etiam
894 3130 995 3169 non
1024 3116 1108 3169 hic
1131 3116 1303 3169 solum
1331 3118 1625 3170 excessisse
1647 3115 1909 3184 probaris,
1943 3128 1988 3197 ρ
2018 3128 2139 3167 cum
2164 3110 2522 3181 Burgundiam
2556 3114 2797 3181 petieris,
2824 3113 2985 3185 224Ρ
3012 3118 3288 3170 victoriam
3312 3118 3597 3176 obtinebis.

328 3208 420 3262 sed
469 3210 634 3263 etiam
676 3224 795 3261 cum
841 3207 933 3261 illo
973 3207 1145 3277 egisti,
1177 3208 1317 3261 datis
1360 3208 1689 3273 muneribus,
1728 3218 1785 3263 ut
1813 3223 1912 3279 ego

330 3300 693 3354 interficerer.
740 3298 957 3353 Hostem
1009 3307 1185 3352 autem
1220 3297 1381 3353 filiuni
1413 3300 1548 3367 patri
1600 3299 1791 3365 fecisti,
1824 3313 1914 3355 se-

332 3391 531 3445 duxisti
564 3390 789 3460 pecunia
820 3390 1054 3458 plebem,
1102 3398 1158 3443 ut
1188 3390 1363 3444 nullus
1390 3405 1597 3444 mecum
1630 3392 1786 3446 fidem
1818 3393 1915 3446 ha-

332 3485 494 3540 bitam
526 3486 853 3551 cu~todiret;
888 3486 1207 3553 voluistique
1246 3500 1466 3553 regnum
1504 3499 1681 3539 meum
1718 3485 1769 3537 in
1801 3501 1917 3538 ma-

334 3592 457 3630 nuni
505 3579 730 3631 a'terius
783 3577 1013 3631 tradere.
1072 3576 1198 3630 Haec
1246 3591 1313 3631 eo
1364 3576 1597 3643 dicente,
1646 3575 1921 3631 infremuit

338 3668 620 3721 multitudo
655 3667 1002 3729 Francorum,
1032 3668 1307 3735 voluitque
1337 3668 1471 3720 ostia
1497 3666 1733 3721 basilica:
1776 3683 1919 3721 rum-

335 3775 479 3828 pere,
504 3758 660 3828 quasi
688 3767 743 3810 ut
772 3767 1075 3811 extractum
1106 3757 1438 3811 sacerdotem
1471 3758 1736 3825 lapidibus
1768 3773 1924 3826 urge-

334 3860 414 3903 ret
457 3866 470 3900 :
506 3849 601 3902 sed
648 3862 739 3901 rex
786 3847 1055 3915 prohibuit
1098 3846 1230 3901 fieri.
1286 3845 1521 3915 Cumque
1572 3847 1925 3902 Praxtextatus

335 3939 623 4005 elliSCOleIS
690 3954 750 3991 ea
815 3954 934 4006 quae
1000 3953 1095 3991 rex
1162 3939 1399 4001 dixerat,
1466 3936 1604 3991 facta
1674 3950 1922 4007 negaret,

335 4033 495 4104 223
526 4033 863 4086 advenerunt
903 4030 1022 4085 falsi
1069 4041 1257 4096 testes,
1291 4032 1378 4100 qui
1416 4032 1770 4086 ostendebant
1806 4047 1927 4100 spe-

333 4127 444 4177 cies
489 4125 721 4193 aliquas,
753 4125 993 4178 dicentes
1026 4141 1038 4175 :
1073 4124 1199 4178 llrec
1228 4135 1279 4179 et
1309 4126 1422 4178 haec
1452 4124 1604 4179 nobis
1634 4125 1848 4189 dedisti,
1874 4134 1930 4179 ut

335 4212 658 4270 Llerovecho
690 4214 847 4267 fidem
881 4216 1194 4282 promittere
1222 4215 1559 4268 deberemus.
1593 4216 1671 4269 Ad
1703 4215 1814 4269 haec
1846 4217 1931 4270 ille

336 4306 553 4359 diccbat
594 4322 609 4357 :
655 4305 847 4358 Verum
879 4306 1023 4358 enim
1061 4304 1258 4367 dicitis,
1291 4320 1388 4359 vos
1417 4320 1445 4359 a
1479 4321 1562 4359 me
1590 4308 1788 4373 smpius
1817 4322 1933 4360 mu—

337 4405 578 4455 neratos,
619 4394 713 4448 sed
760 4410 864 4448 non
899 4394 1013 4449 hmc
1052 4409 1213 4449 eausa
1245 4397 1469 4457 exstitit,
1501 4404 1558 4449 ut
1588 4412 1679 4449 rex
1711 4396 1935 4466 ejicere-

2017 3204 2108 3258 llle
2141 3219 2266 3257 vero
2296 3204 2535 3259 abnuens
2565 3219 2683 3273 qua:
2712 3204 2761 3259 ei
2808 3220 2837 3258 a
2878 3208 3156 3261 sacerdote
3196 3208 3333 3261 d'cm
3367 3208 3597 3274 fuerant,

2014 3297 2164 3360 abiit,
2194 3298 2472 3367 ipsumque
2499 3313 2616 3350 cum
2655 3311 2821 3351 uxore
2848 3306 2903 3352 et
2931 3298 3051 3351 filiis
3095 3300 3392 3364 interemit;
3426 3301 3599 3369 petiit-

2017 3405 2118 3459 que
2134 3389 2509 3459 Burgundiam,
2530 3389 2706 3459 ibique
2736 3406 3026 3460 oppressus
3049 3395 3115 3446 ah
3137 3396 3399 3460 exercitu,
3434 3397 3598 3450 inter-

2017 3493 2227 3548 emptus
2280 3491 2383 3536 est.
2414 3481 2548 3547 Quid
2574 3482 2832 3535 Maximus
2877 3484 3200 3552 imperator?
3253 3486 3436 3539 Nonne
3472 3498 3591 3541 cum

2020 3573 2227 3626 beatum
2252 3572 2530 3627 Martinum
2555 3582 2581 3621 ε
2603 3574 2944 3643 compulisset
2969 3578 3364 3631 communicnre
3387 3578 3595 3631 cuidam

2022 3665 2302 3721 homicida:
2348 3667 2632 3736 episcopo,
2681 3679 2734 3721 et
2784 3670 2905 3734 ille,
2954 3684 3060 3739 quo
3110 3670 3317 3726 facilius
3359 3672 3600 3727 addictos

2023 3759 2180 3812 morti
2215 3758 2486 3822 liberaret,
2512 3762 2621 3827 regi
2653 3760 2814 3827 impio
2844 3762 3226 3824 consensisset,
3252 3772 3605 3831 prosequente

2026 3850 2183 3920 Regis
2214 3851 2400 3905 teterni
2430 3851 2650 3920 judicio,
2687 3852 2754 3904 ab
2786 3851 3012 3918 imperio
3040 3852 3294 3920 depulsus
3323 3853 3605 3918 Maximus,

2027 3949 2197 3994 morte
2247 3941 2471 4007 pessima
2522 3942 2909 3996 condemnatus
2942 3942 3056 3995 est?
3106 3942 3227 3996 Haec
3261 3958 3343 3997 me
3376 3942 3609 4006 dicente,

2031 4046 2134 4086 non
2169 4032 2434 4101 respondit
2472 4034 2606 4087 u‘lus
2637 4035 2944 4102 quidquam,
2975 4034 3068 4088 sed
3112 4044 3263 4087 erant
3311 4048 3498 4088 minies
3529 4032 3580 4085 iu

2033 4125 2161 4177 teuti
2205 4134 2257 4176 et
2299 4132 2595 4191 stupentes.
2648 4126 2758 4177 Duo
2803 4135 2980 4178 tamen
3029 4124 3333 4178 adulatores
3355 4139 3422 4176 cx
3459 4123 3611 4189 ipsis,

2032 4216 2171 4284 quod
2214 4216 2279 4269 de
2324 4217 2588 4283 episcopis
2628 4217 2728 4271 dici
2774 4216 3057 4270 dolendum
3101 4224 3202 4280 est,
3238 4216 3615 4269 nuntiaverunt

2037 4309 2145 4377 regi
2176 4309 2435 4374 dicentes,
2462 4312 2583 4378 quia
2611 4310 2812 4363 nullum
2835 4310 3090 4376 majorem
3122 4309 3394 4364 inimicum
3427 4310 3479 4361 in
3502 4307 3612 4361 suis

2039 4402 2215 4453 causis
2243 4416 2401 4469 quam
2432 4415 2517 4455 me
2548 4400 2789 4455 haberet.
2825 4401 2972 4455 Illico
3002 4414 3134 4453 unus
3154 4416 3219 4454 ex
3245 4399 3431 4454 aulicis
3458 4414 3618 4454 cursu

338 4493 426 4539 tur
455 4502 484 4538 a
511 4499 698 4553 regno.
728 4482 860 4537 Nam
889 4491 945 4537 et
973 4499 1093 4536 cum
1126 4500 1222 4537 vos
1251 4484 1380 4537 mihi
1409 4494 1461 4539 et
1490 4499 1657 4553 equos
1682 4486 1931 4553 optimos,
1966 4498 2014 4555 υ
2042 4491 2227 4557 rapido
2277 4492 2341 4543 ad
2389 4506 2474 4544 me
2519 4490 3009 4556 reprtesentandum
3057 4488 3320 4559 dirigitur.
3380 4488 3620 4558 Cumque

340 4589 395 4633 el
433 4592 523 4632 res
554 4578 689 4630 alias
720 4575 1062 4645 prarberetis,
1102 4575 1339 4644 nunquid
1382 4587 1620 4645 poteram
1670 4577 1808 4631 aliud
1859 4577 1935 4630 fa-

342 4733 539 4787 dicitur
574 4727 937 4786 Pont-Pierre.
974 4728 1104 4782 sitm
1146 4727 1196 4779 in
1236 4728 1363 4779 silva
1399 4725 1603 4794 Vos:igo
1633 4727 1698 4779 ad
1733 4728 1929 4781 Mosam

343 4803 587 4864 ﬂuvium,
623 4803 759 4855 inter
784 4801 975 4853 Motam
1008 4811 1061 4852 et
1092 4797 1628 4863 Novum-castellum,
1658 4801 1743 4851 vix
1777 4799 1933 4852 hodie

345 4884 530 4928 ηοιιιε.

424 4953 450 4979 ³
494 4940 733 4997 Habebat
764 4940 896 4992 tilias
927 4938 1060 4992 duas
1092 4939 1477 5001 Guntramnus,
1509 4936 1934 5006 Chlodobergem

348 5028 545 5079 nempe
595 5022 649 5066 et
677 5010 1035 5072 Chlotildem;
1086 5009 1176 5062 sed
1230 5008 1277 5059 id
1335 5022 1429 5074 pro
1474 5007 1637 5059 nihilo
1687 5008 1933 5070 ducunt,

346 5085 495 5152 quod
524 5096 691 5149 regno
721 5080 1049 5152 capessendo
1082 5079 1337 5152 inhabiles
1381 5088 1561 5152 essent
1595 5079 1735 5152 juxta
1768 5080 1934 5152 legem

346 5148 605 5214 Salicem,
633 5167 751 5217 quae
781 5165 991 5216 semper
1035 5150 1085 5202 in
1118 5148 1365 5202 omnibus
1407 5148 1553 5214 regni
1585 5149 1937 5201 divisiOnibus

352 5229 531 5279 locum
563 5224 843 5281 habuerat,
874 5232 925 5272 et
957 5219 1149 5273 eximie
1198 5219 1395 5270 hihuil.
1449 5218 1724 5285 Nunquam
1769 5220 1935 5276 enim,

351 5312 419 5349 ex
452 5310 558 5363 quo
590 5292 919 5363 Francorum
977 5290 1259 5363 imperium
1290 5289 1551 5363 subsistit,
1596 5290 1845 5363 mulieres
1874 5289 1939 5341 ad

350 5358 753 5420 succedendum
789 5360 838 5411 in
872 5375 1012 5427 regia
1043 5362 1296 5425 dignitate
1327 5358 1571 5427 admissa:
1601 5358 1832 5410 fuerunt.

429 5434 456 5474 δ
486 5434 697 5502 Regum,
728 5445 907 5497 eosque
936 5426 1233 5497 spectandos
1264 5426 1464 5502 populis
1518 5428 1752 5502 privbitit.
1776 5427 1943 5502 _Bad.,

347 5508 409 5560 in
457 5506 529 5558 eis
566 5498 762 5573 populo
802 5504 1145 5573 spectant/uin
1168 5498 1499 5573 iprwbiturus.
1546 5498 1707 5573 Porro
1737 5498 1821 5551 hic
1850 5499 1942 5573 dc-

352 5578 480 5629 trita
521 5568 605 5627 eet
638 5568 897 5639 scriptura
939 5570 1056 5621 cod.
1089 5570 1311 5631 Bt?“0V.,
1343 5583 1508 5635 usque
1538 5568 1601 5620 ad
1632 5569 1746 5621 haec
1777 5569 1937 5621 verba

349 5644 632 5715 sequentis
662 5642 872 5715 capitis,
905 5649 950 5691 et
984 5655 1073 5691 ora
1097 5640 1286 5715 digito,
1306 5649 1409 5691 etc.

435 5710 456 5754 ἱ
486 5714 672 5778 Corb.,
708 5712 855 5774 Bcc.,
889 5720 1018 5772 ctc.,
1049 5725 1193 5780 quem
1237 5710 1540 5775 discussum,
1574 5720 1789 5761 casuum
1822 5723 1938 5763 mu-

2041 4579 2324 4643 venissem,
2372 4580 2545 4633 Stabat
2593 4593 2683 4633 rex
2724 4579 2870 4646 juxta
2919 4578 3320 4632 tabernaculum
3360 4592 3424 4632 ex
3455 4579 3619 4632 ramis

2045 4730 2261 4792 tatione,
2294 4744 2449 4798 quam
2482 4729 2582 4783 sihi
2622 4728 2933 4783 familiarem
2976 4727 3138 4783 fuisse
3169 4727 3365 4784 fatetur
3392 4743 3497 4782 non
3525 4742 3598 4783 se-

2040 4800 2142 4854 mel
2172 4798 2484 4867 Gregorius.

2108 4868 2136 4905 ά
2171 4871 2336 4922 Erant
2367 4883 2590 4923 numero
2619 4868 2707 4931 45,
2740 4880 2803 4923 ex
2835 4868 2971 4921 libro
3002 4884 3071 4923 vn
3104 4868 3259 4932 infra,
3289 4882 3408 4935 cap.
3440 4868 3523 4922 16,

2114 4949 2137 4976 ο
2173 4940 2389 4992 Veteres
2419 4950 2672 4993 metatum
2707 4955 2802 5008 pro
2833 4941 2948 4992 solo
2978 4941 3244 5007 hospitum
3280 4940 3360 4991 vel
3392 4938 3617 4991 militum

2043 5009 2272 5076 ll0<pitin
2323 5010 2688 5062 adhibebant:
2722 5010 2985 5078 sequioris
3034 5010 3134 5064 sevi
3183 5008 3477 5076 scriptores
3527 5022 3622 5073 pro
3702 5056 3704 5059 ,

2045 5080 2283 5148 qtinlihel
2305 5080 2597 5132 domicilio.

2119 5150 2134 5186 ί
2178 5150 2390 5217 Regum,
2438 5159 2495 5201 ut
2541 5164 2755 5217 semper
2808 5150 2959 5211 alias,
2991 5145 3417 5215 Adiutus._Vide
3464 5159 3625 5217 supra

2044 5219 2134 5272 lih.
2171 5214 2412 5285 tithap.
2447 5220 2498 5274 6.
2536 5214 2701 5273 Porro
2733 5221 2817 5273 hic
2845 5214 3123 5272 sacerdotis
3156 5218 3370 5285 nomine
3410 5214 3627 5281 episco-

2054 5306 2174 5354 pum
2220 5305 2324 5343 non
2373 5288 2620 5358 intelligit
2661 5290 2968 5358 Gregorius,
3018 5298 3073 5340 ut
3102 5284 3443 5358 smchalias.
3497 5285 3626 5358 Nam

2051 5371 2270 5412 sanctus
2296 5360 2482 5413 Avitus
2522 5355 2633 5413 erat
2667 5355 2932 5412 soltnnnio
2952 5360 3001 5410 lo
3031 5358 3195 5407 abbas
3224 5355 3575 5409 Miciaceusis.

2124 5438 2149 5473 κ
2174 5430 2366 5492 Unrb.,
2397 5431 2527 5483 Bell.
2561 5443 2613 5482 et
2649 5429 2801 5483 Colit.
2849 5427 3044 5479 habent
3073 5425 3402 5479 Germanum.
3440 5425 3630 5495 Vulga-

2054 5509 2159 5552 tam
2207 5509 2383 5553 tamen
2430 5512 2745 5555 cmternrum
2779 5497 3058 5550 Icelinnetn
3095 5497 3441 5555 retinuitnus;
3488 5498 3629 5562 quod

2050 5571 2150 5621 hoc
2180 5570 2348 5637 ipsum
2374 5580 2558 5622 Sancto
2584 5570 2809 5621 Martin
2831 5567 3120 5631 contigisse
3145 5567 3337 5620 ri-feral
3364 5568 3630 5637 Sulpicius

2049 5635 2278 5692 Severus
2329 5639 2378 5691 in
2417 5640 2633 5703 Dialogn
2662 5640 2714 5700 5,
2769 5638 2854 5690 tthi
2902 5649 3116 5693 Sanctus
3152 5639 3402 5691 Martinus
3438 5635 3625 5687 FtrliCIS

2048 5708 2369 5764 ordinationi
2402 5708 2708 5763 interfuisse
2741 5716 3006 5762 narratur.
