4008 6184
439 306 545 368 335

1435 303 1496 356 S.
1535 301 1858 357 GREGORII
1902 298 2201 356 EPISCOPI
2241 298 2668 353 TUilO-NENSIS

3565 275 3675 356 δεδι

440 426 656 486 factum,
679 431 730 478 et
754 420 819 475 ad
840 419 1110 473 dexteram
1133 415 1248 482 ejus
1271 414 1680 467 Bertcbramnus
1701 425 2004 479 cpiscomts,
2035 416 2085 470 Α
2115 417 2252 461 tatus
2282 419 2366 462 me
2397 409 2740 475 impugnante
2778 407 3187 474 opprimeretur.
3239 404 3477 461 Dicebant
3499 412 3652 464 enim:

441 518 507 570 ad
555 517 739 568 lmvam
781 525 909 563 vero
939 506 1310 574 Regnemodus
1338 512 1363 541 ³
1393 505 1566 557 stabat
1595 521 1608 554 :
1641 517 1693 556 et
1736 510 1846 555 erat
1890 511 2013 554 ante

429 622 536 661 eos
558 615 827 658 scamnum
861 598 886 635 ι’
918 611 1050 666 pane
1097 596 1327 662 desuper
1375 595 1584 660 plenum
1629 608 1748 645 cum
1791 592 2016 644 diversis

441 693 674 748 teri-uiis.
708 689 939 755 Visoque
973 703 1057 740 me
1094 700 1182 739 rex
1226 684 1301 737 ait
1329 699 1344 736 :
1382 683 1426 737 Ο
1462 684 1729 750 episcopo,
1758 680 2014 748 justitiam

443 779 653 835 cunctis
685 777 862 844 largiri
890 777 1073 832 debes.
1114 784 1167 827 et
1188 787 1314 826 ecce
1342 788 1440 840 ego
1468 770 1723 838 justitiam
1770 785 1798 822 a
1832 780 1883 823 te
1913 785 2016 822 non

441 872 678 938 accipio;
730 869 846 931 sed,
895 878 952 920 ut
993 867 1171 929 video,
1206 865 1472 917 cnosentis
1520 863 1807 931 iniquitati,
1841 875 1894 914 et
1921 864 2020 913 im-

442 963 618 1033 pletur
662 963 711 1014 in
748 970 799 1014 te
840 957 1182 1026 proverbium
1231 955 1386 1019 illud,
1418 953 1556 1022 quod
1587 969 1779 1007 corvus
1809 953 2017 1005 oculum

443 1053 590 1106 corvi
637 1067 741 1105 non
783 1051 942 1102 eruit.
996 1048 1073 1100 Ad
1127 1050 1242 1100 τιωο
1275 1060 1372 1114 ego
1403 1062 1419 1099 :
1465 1043 1517 1098 Si
1550 1045 1668 1113 quis
1691 1043 1758 1097 de
1787 1043 1959 1107 nobis,
1988 1057 2020 1094 o

447 1161 561 1208 rex,
609 1143 830 1211 justitia:
881 1142 1146 1194 tramitem
1193 1138 1572 1191 transcendere
1615 1137 1862 1200 voluerit,
1911 1147 2023 1190 ate

445 1236 637 1302 corrigi
669 1243 839 1298 potest
870 1248 883 1284 :
914 1231 957 1282 si
991 1245 1116 1283 vero
1147 1241 1200 1283 tu
1245 1229 1562 1291 excesseris,
1594 1228 1716 1295 quis
1760 1236 1813 1282 te
1857 1227 2023 1280 corri-

445 1325 582 1391 piet?
624 1323 914 1390 Loquimur
952 1320 1091 1374 enim
1136 1319 1250 1381 tibi,
1291 1318 1384 1373 sed
1423 1319 1466 1372 si
1502 1317 1737 1371 volueris
1767 1319 1947 1382 audis;
1977 1317 2022 1370 si

446 1424 618 1470 autem
664 1411 921 1472 nolueris,
953 1411 1071 1478 quis
1117 1419 1169 1463 te
1205 1407 1612 1472 condemnabit,
1645 1408 1743 1461 nisi
1776 1407 1820 1460 is
1847 1408 1934 1476 qui
1967 1422 2024 1460 se

449 1503 805 1570 pronuntiavit
832 1516 952 1554 esse
979 1499 1283 1554 Justitiam?
1325 1498 1405 1553 Ad
1439 1501 1552 1552 lta'c
1589 1499 1700 1561 ille,
1733 1509 1789 1551 ut
1814 1506 1929 1552 erat
1958 1499 2023 1551 ab

448 1593 807 1646 adulatoribus
850 1602 1031 1644 contra
1076 1606 1159 1644 me
1206 1605 1492 1654 accensus,
1525 1590 1597 1642 ait
1633 1607 1643 1641 :
1679 1591 1810 1642 Cum
1850 1589 2024 1642 omni-

449 1682 544 1735 bus
587 1681 728 1736 enim
777 1681 948 1734 inveni
996 1679 1280 1748 justitiam,
1319 1688 1375 1734 et
1419 1690 1590 1745 tecum
1633 1681 1872 1735 invenire
1919 1696 2020 1734 non

2116 499 2231 553 Jam
2272 501 2506 552 omnium
2539 503 2909 567 episCOpoi-um
2948 499 3348 564 promissionem
3395 499 3658 555 habemus:

2119 601 2318 643 tantum
2367 599 2420 641 tu
2467 589 2726 642 adversus
2775 605 2877 640 non
2929 587 3163 640 incedas.
3213 586 3410 652 Quibus
3452 603 3544 658 ego
3589 607 3662 644 re-

2117 680 2307 750 Spondi
2335 697 2349 732 :
2381 682 2436 734 Si
2467 681 2594 733 tnilti
2627 681 2769 733 mille
2798 680 2957 733 libras
2982 680 3093 732 auri
3127 679 3430 748 argentique
3452 681 3664 749 dunetis,

2121 772 2357 841 nunquid
2399 773 2542 825 aliud
2594 772 2771 826 facere
2817 787 3064 840 possum,
3113 773 3216 824 nisi
3258 773 3393 841 quod
3433 773 3668 828 Dominus

2119 879 2277 930 agere
2325 863 2595 930 ρι’ωείμίιῖ
2645 862 2815 916 Unum
2867 869 3070 915 tantum
3126 862 3396 928 polliceor,
3445 863 3573 930 quod
3613 879 3671 917 ea

2121 969 2237 1024 qua:
2256 956 2432 1009 caeteri
2462 956 2750 1008 secundmn
2774 955 3044 1008 (Zanonnm
3076 963 3268 1006 statuta
3298 957 3669 1021 consenserint,

2122 1062 2333 1114 sequar.
2365 1047 2430 1099 At
2459 1046 2532 1099 illi
2563 1062 2666 1099 non
2698 1048 2860 1116 226
2884 1045 3244 1114 intelligentes
3284 1062 3399 1111 qum
3428 1046 3673 1112 dicebam,

2123 1135 2318 1203 gratias
2364 1144 2581 1203 agentes
2611 1134 2992 1188 discesserunt.
3027 1135 3174 1187 Mane
3201 1146 3374 1188 autem
3407 1137 3558 1198 facto,
3586 1135 3675 1187 ali-

2125 1230 2211 1297 qui
2242 1229 2309 1282 de
2335 1227 2602 1296 episcopis
2637 1228 2702 1282 ad
2743 1243 2827 1282 me
2856 1237 3142 1293 venerunt,
3189 1228 3360 1282 simile
3389 1227 3678 1281 mandatum

2126 1318 2354 1371 teren'es
2383 1332 2396 1368 :
2429 1317 2622 1386 quibus
2655 1333 2752 1386 ego
2779 1317 2970 1370 similia
3003 1318 3274 1385 resliondi.

2194 1408 2649 1462 Convenientihus
2684 1419 2858 1461 autem
2890 1409 3040 1462 nobis
3069 1410 3117 1460 in
3152 1409 3364 1461 basilica
3395 1409 3554 1462 sancti
3589 1409 3680 1461 Pe.

2127 1501 2211 1561 tri,
2247 1513 2400 1550 mane
2445 1515 2534 1550 rex
2586 1496 2772 1562 adfuit,
2822 1499 3100 1566 dixitque:
3133 1500 3426 1565 Ιζιιίςοοίιιιδ
3464 1501 3596 1552 enim
3639 1501 3685 1551 iu

2128 1589 2283 1640 iurtis
2305 1588 2692 1655 deprehensus,
2731 1587 2798 1640 ab
2833 1588 3118 1656 episcOpali
3157 1589 3334 1642 oiliciu
3363 1597 3417 1641 ut
3445 1588 3556 1640 arei
3578 1599 3686 1640 alur

2125 1677 2400 1731 Canonum
2443 1679 2734 1730 auctoritas
2775 1679 2969 1731 sanxit.
3019 1677 3178 1731 Nobis
3227 1693 3438 1746 quoque
3486 1694 3690 1742 I‘CSputt-

448 1788 680 1840 pnssntn.
715 1771 819 1824 Sed
847 1772 960 1824 Seio
995 1770 1117 1840 quid
1149 1769 1361 1833 faciam,
1393 1778 1450 1824 ut
1486 1773 1688 1826 notet-is
1715 1773 1766 1825 in
1795 1771 2021 1840 populis,
2057 1768 2102 1826 Β
2129 1769 2375 1822 dentibus
2409 1786 2422 1821 :
2450 1769 2580 1834 Quis
2622 1768 2710 1820 ille
2745 1768 2992 1820 sacerdos
3031 1777 3192 1833 esset,
3227 1768 3311 1820 cui
3345 1767 3465 1821 furti
3500 1767 3690 1820 crimen

447 1874 498 1918 et
526 1864 775 1933 injustum
808 1874 857 1916 te
886 1877 1006 1916 esse
1033 1862 1279 1916 omnibus
1311 1872 1660 1929 perpatescat.
1707 1861 2022 1916 Coavocabo

447 1955 586 2008 enim
621 1956 870 2020 populum
901 1951 1246 2015 Turonicum,
1297 1962 1351 2005 et
1397 1952 1566 2005 dicam
1596 1953 1676 2006 eis
1707 1968 1724 2007 :
1758 1951 2024 2007 Vocifera-

448 2047 570 2100 mini
601 2057 782 2100 contra
813 2045 1146 2114 Gregorium,
1194 2045 1332 2113 quod
1379 2045 1448 2099 sit
1499 2045 1748 2114 iniustus,
1793 2054 1848 2098 et
1895 2045 2021 2098 nulli

449 2139 721 2190 hominum
767 2137 1027 2202 justitiam
1079 2143 1312 2198 praestet.
1372 2134 1486 2202 Illis
1519 2150 1729 2203 quoque
1761 2134 1872 2187 bare
1911 2135 2024 2187 cla-

449 2226 715 2280 mantibus
745 2240 782 2276 ri
803 2221 1102 2290 spondebo,
1131 2223 1289 2291 225
1315 2222 1422 2288 Ego
1452 2224 1538 2288 qui
1575 2237 1664 2275 rex
1696 2238 1834 2286 sum,
1866 2221 2024 2290 justi-

449 2322 574 2371 tiam
603 2332 718 2368 cum
765 2314 952 2368 eodem
1001 2312 1241 2364 invenire
1285 2329 1384 2363 non
1433 2327 1668 2381 ptiSsum,
1701 2324 1752 2366 et
1797 2329 1890 2368 vos
1937 2316 2026 2382 qui

449 2411 681 2462 minores
727 2407 856 2460 catis
906 2401 1219 2457 invenietis?
1263 2404 1339 2455 Ad
1388 2405 1500 2456 haec
1544 2419 1688 2469 ego:
1731 2405 1879 2469 Quod
1924 2407 2026 2457 sim

450 2499 697 2570 ἱιιῇιιδιιιε,
721 2505 775 2550 ιιι
806 2495 1001 2548 nescis.
1025 2493 1137 2546 Scit
1155 2493 1292 2548 enim
1317 2493 1403 2546 ille
1428 2494 1804 2548 conscientiam
1830 2510 2025 2563 meam,

450 2589 535 2643 cui
559 2605 644 2639 oet
657 2586 763 2638 ulta
786 2583 960 2636 cordis
981 2591 1102 2634 sunt
1127 2581 1423 2634 manifesta.
1442 2582 1592 2647 Quod
1617 2597 1744 2636 vero
1765 2585 1895 2635 l'also
1915 2584 1993 2637 cla
2009 2614 2026 2625 -

453 2691 601 2736 more
631 2677 853 2742 populus
875 2681 926 2727 te
961 2672 1249 2726 insultante
1266 2671 1606 2735 vociferatur.
1631 2675 1757 2727 nihil
1779 2685 1878 2738 est,
1905 2676 2026 2744 quia

451 2767 627 2824 sciunt
653 2779 836 2820 omnes
864 2779 892 2817 a
921 2773 974 2817 te
1005 2763 1120 2816 haec
1143 2763 1356 2817 emissa.
1392 2763 1616 2832 Ideoque
1643 2781 1746 2818 non
1787 2781 1903 2834 ego,
1934 2769 2026 2821 sed

450 2867 624 2933 petitis
655 2875 710 2919 tu
740 2866 790 2918 in
823 2865 1207 2918 acclamatione
1237 2859 1524 2914 tiotaberis.
1559 2861 1663 2914 Sed
1692 2859 1814 2927 quid
1842 2857 2028 2926 plura?

452 2957 622 3012 Ilabes
664 2956 833 3025 legem
862 2967 918 3008 et
943 2954 1210 3008 Curiones.
1244 2953 1366 3004 llaec
1416 2961 1468 3005 te
1512 2952 1799 3018 diligenter
1845 2950 2025 3002 rimari

445 3057 659 3116 oportet.
691 3063 705 3101 :
740 3057 789 3098 ct
830 3056 953 3099 tunc
981 3062 1096 3115 qua’
1126 3046 1495 3112 prmceperint,
1541 3044 1584 3095 si
1629 3060 1730 3094 non
1773 3043 2026 3094 observa-

2126 1861 2490 1930 irroga-etur?
2536 1859 2813 1928 respondit
2859 1876 2949 1913 rex
2983 1876 2998 1914 :
3033 1861 3246 1913 Vidistis
3295 1861 3436 1912 enim
3477 1859 3692 1928 specii-s,

2126 1967 2257 2018 quas
2280 1951 2431 2004 nobis
2462 1951 2600 2003 furto
2628 1952 2863 2006 abstulit.
2892 1951 3213 2004 USIentlcrat
3236 1950 3378 2006 enim
3409 1951 3557 2003 nobis
3581 1965 3694 2002 ane

2126 2046 2266 2101 diem
2302 2045 2508 2100 tertiam
2541 2060 2629 2097 reti
2655 2044 2760 2097 duo
2792 2043 2996 2098 volucla
3024 2041 3064 2107 τ,
3088 2043 3371 2111 speciebus
3401 2050 3456 2096 et
3485 2042 3695 2093 diversis

2127 2137 2459 2188 ornamentis
2507 2134 2701 2187 referta
2753 2151 2764 2186 :
2832 2149 2948 2203 qua:
3003 2133 3442 2200 appreliabantur
3485 2133 3695 2198 amplius

2127 2243 2283 2296 quam
2317 2227 2412 2281 lria
2463 2229 2622 2281 millia
2670 2227 2981 2281 solidorum.
3036 2227 3143 2280 Sed
3190 2234 3244 2280 el.
3285 2227 3554 2279 sacculum
3583 2240 3696 2275 cum

2141 2319 2476 2374 numismatis
2527 2329 2553 2365 8
2602 2320 2713 2371 auri
2768 2318 2997 2387 pondere
3047 2327 3318 2372 tenentem
3368 2317 3514 2387 quasi
3551 2318 3699 2369 millia

2127 2409 2255 2462 duo.
2299 2411 2424 2463 llzec
2462 2411 2603 2462 enim
2636 2409 2847 2462 diccbat
2881 2425 2994 2473 rex,
3025 2411 3122 2462 sibi
3157 2409 3222 2462 ab
3253 2409 3508 2477 episeopo
3549 2407 3702 2460 fuisse

2127 2500 2324 2554 furata.
2365 2501 2468 2567 Qui
2509 2501 2782 2569 respondit
2815 2519 2828 2552 :
2863 2501 3119 2556 Recoiere
3165 2517 3256 2554 vos
3303 2503 3494 2563 credo,
3543 2500 3702 2552 disi-e-

2128 2594 2286 2649 dentc
2315 2610 2346 2648 a
2379 2594 2789 2662 liotltomagensi
2821 2596 2949 2648 urbe
2981 2595 3316 2650 Brunichilde
3341 2596 3543 2663 regina,
3571 2593 3705 2662 qund

2129 2687 2368 2739 venerim
2401 2688 2466 2738 ad
2496 2700 2609 2749 ros,
2639 2685 2853 2754 dixique
2896 2684 3064 2750 vrbis,
3108 2687 3232 2756 quia
3267 2702 3353 2739 res
3383 2687 3519 2752 ejus,
3555 2685 3604 2736 id
3635 2689 3707 2735 e-t

2131 2774 2368 2844 quinque
2413 2773 2653 2826 sarcinas
2678 2814 2693 2839 ,
2734 2777 3130 2828 commendatas
3178 2775 3435 2827 haberem
3469 2790 3481 2825 :
3522 2781 3574 2825 ct
3614 2771 3707 2822 Ire-

2131 2867 2388 2933 qucntius
2425 2865 2678 2919 advenire
2713 2880 2906 2932 pueros
2944 2866 3059 2933 ejus
3089 2865 3152 2918 ad
3185 2881 3290 2930 me,
3329 2877 3384 2918 ut
3427 2879 3491 2918 ea
3531 2863 3710 2916 redde'

2133 2971 2268 3021 rem,
2301 2969 2355 3011 et
2391 2957 2533 3010 nolui
2576 2957 2692 3011 sine
2719 2958 2943 3010 consilio
2975 2968 3177 3012 vestro.
3209 2959 3287 3010 'l‘n
3327 2968 3506 3011 autem
3534 2955 3711 3010 dixi~ti

2132 3048 2282 3113 mihi,
2311 3064 2343 3101 ο
2370 3064 2460 3102 rex
2493 3067 2506 3100 :
2541 3049 2687 3116 Ejice
2715 3049 2826 3102 haec
2876 3065 2905 3101 a
2955 3060 3028 3114 te,
3059 3059 3112 3103 et
3144 3059 3483 3104 revertantur
3509 3052 3572 3103 ad
3607 3067 3713 3102 inu-

449 3140 593 3194 veris
623 3151 668 3202 ε,
703 3139 913 3191 noveris
944 3137 1032 3190 tibi
1067 3137 1157 3190 Dei
1181 3135 1441 3205 judicium
1494 3131 1788 3186 imminere.
1840 3136 1904 3185 At
1938 3133 2023 3184 ille

2133 3140 2316 3194 lierem
2349 3155 2433 3194 res
2463 3157 2595 3203 sum,
2625 3156 2692 3195 ne
2731 3140 3006 3194 inimicitia
3051 3142 3186 3196 inter
3216 3159 3304 3196 me
3332 3155 3386 3196 et
3410 3144 3714 3198 Cbildeber-

447 3233 599 3302 quasi
643 3245 727 3284 me
773 3230 1100 3294 ili-mulcens,
1146 3227 1287 3294 quod
1335 3226 1521 3278 dolose
1568 3224 1766 3277 faciens
1809 3225 2024 3290 putabat

448 3339 531 3376 me
569 3339 675 3375 non
724 3321 1052 3388 intelligere.
1101 3331 1396 3370 conversus
1441 3314 1505 3366 ad
1547 3313 1831 3382 juscellnm
1879 3313 2023 3382 quod

447 3429 626 3466 coram
675 3422 789 3465 crat
839 3411 1089 3471 positum,
1135 3407 1251 3460 ait:
1289 3406 1510 3471 Propter
1561 3415 1612 3457 te
1644 3404 1757 3458 bare
1801 3405 2023 3472 juscella

453 3504 653 3570 paravi,
689 3504 740 3556 in
769 3501 958 3569 quibus
994 3499 1119 3552 nihil
1163 3498 1303 3551 aliud
1346 3505 1535 3563 printer
1567 3497 1819 3559 volatilia,
1849 3507 1899 3550 et
1929 3511 2022 3566 pa-

450 3611 663 3663 rumper
693 3595 880 3646 ciceris
921 3593 1245 3646 continetur.
1287 3589 1365 3642 Ad
1399 3589 1512 3642 lucc
1549 3603 1667 3657 ego,
1699 3603 2024 3656 cognoscens

448 3688 776 3741 adulationes
804 3682 939 3749 ejus,
980 3681 1088 3734 dixi
1122 3699 1133 3734 :
1183 3680 1374 3734 NOSter
1403 3681 1554 3735 cibus
1583 3696 1704 3733 esse
1744 3679 1902 3732 debet
1942 3681 2023 3732 fa-

448 3795 572 3834 cere
620 3777 945 3830 voluntatem
976 3773 1093 3840 Dei,
1127 3783 1180 3826 et
1226 3789 1329 3826 non
1361 3773 1444 3826 bis
1491 3772 1696 3826 deliciis
1743 3773 2022 3838 delectari,

450 3880 506 3924 nt
530 3885 592 3923 ea
621 3885 737 3936 qua:
765 3867 1034 3934 princepit,
1081 3865 1225 3918 nullo
1271 3879 1395 3918 casu
1426 3865 1912 3932 prtetennittamus.
1945 3864 2024 3918 Tu

451 3978 579 4033 vc‘ro
601 3961 688 4030 qui
719 3961 850 4012 alios
877 3960 940 4011 de
967 3958 1172 4027 justitia
1197 3957 1402 4024 culpas,
1437 3956 1683 4024 pollicere
1713 3957 1855 4024 prius
1884 3957 2024 4025 quod

453 4057 624 4126 legem
667 4061 720 4105 et
749 4051 990 4104 Ctltlttltes
1033 4064 1137 4101 non
1187 4049 1403 4101 omittas
1447 4064 1460 4100 :
1495 4057 1546 4100 et
1593 4057 1730 4102 tunc.
1760 4049 2028 4103 credimus

453 4144 594 4215 quod
621 4143 884 4211 justLtiam
918 4137 1272 4207 prosequaris.
1305 4137 1394 4192 Ille
1421 4153 1549 4191 vero
1579 4148 1816 4204 porrecta
1845 4138 2028 4191 dexte-

449 4251 534 4301 ra,
571 4233 767 4302 juravit
818 4245 910 4298 per
959 4232 1377 4295 omnipotentem
1406 4227 1592 4289 Deum,
1625 4229 1762 4296 quod
1807 4243 1866 4281 ea
1908 4244 2025 4296 qua}

452 4328 540 4382 lex
570 4339 622 4380 et
647 4324 892 4379 Canones
937 4323 1251 4385 educebant,
1286 4321 1430 4376 nullo
1461 4321 1888 4387 praetermitteret
1935 4336 2024 4388 pa-

453 4432 560 4475 cto.
614 4418 858 4470 Postba-e
906 4424 1129 4484 accepto
1160 4429 1316 4482 pane,
1347 4413 1534 4466 haustu
1561 4415 1720 4465 etiam
1754 4413 1876 4464 vino
1917 4415 2024 4467 dis-

2135 3240 2241 3282 tum
2283 3242 2529 3297 nepotem
2574 3246 2746 3284 meum
2787 3247 2880 3298 pro
2910 3231 2990 3285 bis
3018 3233 3176 3285 rebus
3203 3233 3402 3286 debeat
3438 3235 3713 3300 juEIiilare.

2132 3317 2395 3373 Reversus
2422 3334 2548 3388 ergo
2575 3336 2672 3388 ego
2697 3320 2762 3372 ad
2793 3321 3002 3385 urbem,
3037 3337 3194 3375 untmt
3227 3324 3500 3377 volucluni
3534 3323 3715 3377 tradidi

2132 3408 2310 3476 pueris
2350 3427 2361 3461 :
2410 3426 2511 3462 non
2558 3411 2696 3462 enim
2739 3411 2983 3464 valebant
3012 3415 3237 3482 amplius
3278 3414 3443 3468 ferre.
3503 3415 3718 3468 Reverst

2131 3500 2322 3554 iterum
2354 3501 2696 3568 t‘eq..irebattt
2726 3502 2825 3555 alia
2859 3519 2869 3554 :
2915 3506 3104 3555 iterum
3135 3508 3384 3558 consuiui
3419 3504 3445 3542 δ
3479 3511 3721 3576 tuagnili-

2130 3591 2359 3643 centiam
2419 3601 2673 3644 vestram.
2732 3593 2811 3645 Tu
2872 3606 3047 3645 autem
3110 3598 3436 3662 praecepisti,
3497 3599 3720 3650 dicens:

2132 3679 2300 3748 Ejice,
2335 3677 2468 3746 ejice
2497 3682 2608 3733 hzee
2649 3698 2676 3731 a
2712 3692 2782 3744 te,
2815 3699 2847 3733 ο
2876 3688 3142 3748 sacerdos,
3157 3691 3244 3738 'ne
3289 3687 3456 3740 faciat
3503 3692 3724 3739 St'alltiii-

2131 3771 2238 3824 ltttn
2270 3773 2380 3825 haec
2411 3786 2592 3825 causa.
2635 3774 2827 3826 lterum
2870 3775 3056 3827 tradidi
3096 3779 3172 3828 eis
3210 3777 3320 3829 duo
3359 3793 3429 3832 ex
3466 3778 3549 3832 his
3579 3795 3592 3830 ε
3625 3780 3726 3831 duo

2129 3872 2306 3915 autem
2359 3863 2460 3914 alia
2507 3875 2875 3918 remanserunt
2924 3880 3151 3919 mecum.
3199 3866 3275 3920 Tu
3323 3879 3554 3934 autem,
3605 3872 3727 3937 quid

2131 3973 2271 4010 nunc
2297 3957 2659 4021 calumniaris,
2693 3968 2744 4012 et
2775 3975 2857 4012 me
2891 3959 3012 4013 initi
3037 3962 3236 4029 arguis,
3262 3980 3392 4015 eum
3426 3965 3545 4016 hmo
3572 3977 3730 4017 causa

2130 4063 2236 4101 non
2263 4050 2326 4101 ad
2368 4046 2601 4114 furtum,
2642 4051 2734 4102 sed
2777 4050 2840 4102 ad
2873 4053 3164 4104 custodiam
3209 4053 3417 4107 debeat
3449 4053 3732 4122 deputat?

2130 4141 2208 4194 Ad
2241 4143 2354 4195 haec
2383 4159 2473 4195 rex
2503 4161 2514 4194 :
2551 4143 2608 4198 Si
2643 4144 2742 4196 hoc
2786 4144 3087 4210 depositum
3130 4160 3297 4213 penes
3348 4155 3401 4200 te
3432 4147 3731 4201 habebatur

2129 4234 2192 4288 ad
2222 4236 2649 4298 custodiendum,
2691 4251 2785 4288 cur
2825 4237 3024 4290 solvisti
3058 4254 3215 4290 unum
3256 4254 3327 4292 ex
3373 4242 3484 4303 his,
3519 4251 3576 4295 ct
3620 4242 3734 4293 lim-

2131 4324 2253 4376 bum
2282 4325 2458 4378 aureis
2502 4333 2811 4378 contextum
2854 4325 2955 4379 illis
3004 4327 3055 4379 in
3091 4336 3266 4393 partes
3318 4331 3647 4392 tiiSSCCilal‘,
3680 4341 3732 4383 et

2128 4414 2318 4468 dedisti
2353 4428 2444 4482 per
2473 4415 2632 4477 virus,
2667 4415 2755 4483 qui
2803 4431 2886 4468 me
2933 4431 2960 4467 a
3009 4432 3171 4485 regno
3206 4418 3492 4484 dejicwen
3533 4426 3554 4472 Υ
3587 4419 3734 4473 Pue-

451 4512 582 4564 cessi
633 4506 682 4562 ἀ.
729 4506 801 4560 Ea
853 4521 976 4562 vero
1040 4515 1228 4572 nocte,
1276 4504 1568 4558 decantatis
1626 4505 2027 4559 nocturnalibus
2059 4517 2104 4573 Ι)
2132 4518 2364 4562 testatus
2392 4510 2672 4576 episcomts
2701 4510 3008 4574 respondit:
3035 4510 3148 4563 Jam
3179 4511 3283 4564 dixi
3319 4511 3421 4566 tibi
3454 4513 3731 4581 Superius,

454 4600 702 4668 hymnis,
754 4599 944 4650 ostium
998 4597 1291 4650 mansionis
1339 4606 1536 4648 nostra:
1580 4596 1828 4662 gravibus
1868 4596 2024 4648 audio

452 4691 567 4758 cogi
614 4689 966 4739 verberibus:
1016 4688 1282 4752 missoque
1337 4701 1516 4753 puero,
1571 4688 1781 4738 nuntius
1832 4686 2026 4740 Frede-

452 4776 642 4845 gundis
671 4776 867 4844 reg'na:
909 4783 1081 4824 astare
1107 4789 1391 4840 cognosco.
1439 4775 1640 4840 Quibus
1690 4776 2022 4845 introductis,

452 4867 823 4920 salutationem
854 4863 1049 4932 regina:
1071 4864 1322 4932 suscipio.
1366 4865 1560 4918 Deinde
1591 4877 1873 4932 precantur
1903 4886 2028 4936 pue-

454 4959 516 5021 ri,
555 4968 606 5010 ιιι
639 4957 690 5010 in
717 4957 832 5021 ejus
867 4956 1040 5007 causis
1081 4955 1378 5008 centrarins
1413 4970 1516 5007 non
1547 4959 1796 5020 existant,
1846 4960 2029 5011 simul-

454 5066 556 5120 que
581 5050 836 5103 duccntas
867 5047 1072 5116 argenti
1100 5048 1411 5113 promittunt
1455 5047 1612 5100 libras
1643 5057 1687 5111 ο,
1717 5051 1761 5102 si
1795 5050 2031 5102 Praetex-

531 5193 558 5222 ⁸
607 5183 944 5235 Bertramnus
993 5190 1109 5233 erat
1151 5180 1430 5246 cpi-coitus
1466 5181 1892 5249 liurilcgnlenms,
1928 5184 2028 5236 Ra-

460 5253 752 5316 pnrmndns
804 5270 929 5304 rem
976 5251 1330 5313 Pitl'isit’lla‘is;
1383 5263 1602 5320 uterque
1651 5269 1679 5303 ιι
1732 5252 2023 5307 Fortunato

468 5325 662 5388 passim
698 5324 957 5380 laudatus,
987 5321 1054 5373 de
1079 5321 1268 5387 quibus
1294 5325 1488 5385 Sil‘llilih
1519 5324 1672 5377 :yl‘ra.

528 5387 554 5427 δ
588 5391 636 5440 Id
672 5403 742 5441 cst
781 5408 959 5444 tui-usa
986 5393 1214 5443 humilis.
1240 5391 1438 5442 Gallice
1470 5391 1661 5442 dicitur
1691 5408 1756 5442 tm
1785 5395 1930 5453 (τίων,
1963 5409 2024 5446 ex

457 5477 562 5524 quo
602 5459 862 5513 derivavit
905 5478 1000 5513 vox
1045 5461 1282 5530 bauquel,
1315 5464 1379 5511 ad
1411 5461 1793 5528 designandum
1841 5465 2024 5516 convi-

456 5543 618 5584 Vtutn.

533 5611 552 5636 θ
599 5598 805 5665 liegtn.,
847 5599 1105 5649 observare
1144 5601 1381 5651 volucris.

523 5667 551 5704 ά
594 5669 801 5737 Regna,
842 5671 1000 5720 disces
1018 5671 1087 5719 ιι.

2133 4601 2253 4669 quia
2287 4616 2506 4653 inuncta
2550 4617 2734 4654 eorum
2767 4602 2924 4670 227
2955 4615 3294 4668 acceperam,
3336 4606 3584 4672 ideoque
3615 4621 3737 4659 cum

2135 4707 2238 4766 non
2285 4692 2537 4745 haberem
2581 4692 2649 4744 de
2691 4693 2940 4759 pia-senti
2986 4693 3122 4759 quod
3169 4695 3388 4757 darem,
3438 4697 3569 4751 hinc
3605 4713 3740 4763 pra:-

2133 4784 2367 4850 sumpsi,
2400 4794 2452 4836 et
2480 4785 2556 4836 eis
2583 4785 2996 4839 vicissitudinem
3030 4801 3308 4840 munerum
3349 4789 3551 4843 tribui.
3602 4789 3737 4844 Prn-

2137 4875 2306 4940 prium
2337 4875 2463 4926 mihi
2492 4889 2611 4927 esse
2639 4875 2935 4941 videbatur,
2955 4876 3094 4941 quod
3123 4877 3228 4928 lilio
3253 4894 3383 4932 meo
3409 4880 3737 4935 Merovechr

2136 4973 2272 5025 erat,
2307 4981 2464 5032 quem
2496 4966 2563 5019 de
2593 4966 2804 5018 lavacro
2829 4969 3245 5035 regenerationis
3273 4971 3503 5038 excepi.
3540 4971 3742 5027 Videas

2134 5062 2309 5105 autem
2345 5069 2433 5107 rex
2465 5052 2823 5123 Chilperieus,
2859 5055 2999 5124 quod
3041 5071 3160 5110 cum
3192 5057 3272 5111 his
3302 5059 3617 5114 calumniis
3651 5078 3737 5114 su-

2210 5198 2232 5225 θ
2270 5187 2403 5243 Cod.
2437 5190 2643 5256 “egon,
2677 5196 2929 5244 mare/ias.

2211 5259 2226 5295 ί
2256 5259 2572 5336 ¹ἓίίιβιινιι..
2607 5263 2738 5313 Bell.
2765 5275 2816 5315 et
2850 5261 3024 5325 (lolb.,
3057 5279 3212 5336 quam
3245 5279 3444 5320 vocem
3481 5268 3623 5322 alias
3648 5283 3744 5336 pro

2128 5329 2400 5381 ἰιιινοιιισνὶς
2444 5333 2492 5381 ιιι
2527 5334 2606 5384 bis
2638 5349 2766 5384 mss.
2802 5336 3022 5398 positam
3054 5329 3163 5399 jam
3201 5329 3742 5392 animadvertimus.

2127 5403 2216 5451 Sit:
2247 5410 2301 5452 et
2334 5417 2426 5461 pro
2467 5402 2745 5469 speciebus,
2803 5403 2998 5455 habent
3045 5405 3257 5468 species,
3308 5417 3545 5460 mutato
3591 5425 3742 5462 casu.

2202 5479 2225 5544 ξ
2253 5471 2428 5528 (iolla,
2457 5473 2773 5524 nmnismaw.
2809 5471 2913 5525 Sed
2938 5473 3228 5540 Gregorius
3259 5478 3418 5542 potiit
3450 5478 3484 5529 lt
3513 5494 3568 5544 c,
3603 5479 3743 5533 sicut

2135 5552 2174 5594 et
2205 5539 2313 5607 jam
2353 5546 2510 5604 alias,
2546 5545 2882 5603 nuntismatis,
2917 5558 3013 5610 pro
3043 5539 3476 5601 autumnalibus.

2203 5621 2224 5645 ιλ
2257 5611 2357 5663 Atii
2395 5628 2522 5665 mss.
2557 5627 2606 5664 et
2641 5614 2791 5677 editi,
2825 5612 3122 5667 consilietur
3151 5630 3282 5668 sum.
