4006 6182
329 336 423 390 557

1238 331 1555 387 HISTORIA
1601 331 2044 388 FRANCOIIUM.
2087 332 2283 386 LIBER
2324 331 2636 399 QUINTUS.

3474 337 3579 390 333

331 459 514 516 perare
539 443 802 512 nequiret,
834 440 1093 496 attonitus
1116 440 1291 506 valde,
1325 458 1352 495 a
1384 442 1489 513 [Αἰ.
1512 441 1593 514 ac]
1624 444 1901 498 conscien-
1929 445 1974 501 Λ
2000 443 2256 512 judicium
2305 455 2486 497 contra
2536 459 2656 497 eum
2705 443 3049 507 scriberetur,
3084 460 3150 498 ne
3179 445 3232 498 in
3261 455 3576 515 perpetuum

333 537 399 589 tia
429 532 710 598 confusus,
741 531 990 586 discessit
1030 546 1058 584 a
1097 532 1278 595 nobis;
1313 532 1625 597 vocaviique
1651 533 1906 602 quosdam

331 627 396 679 de
423 622 786 678 adulatoribus
810 623 948 688 suis,
975 631 1030 675 et
1065 622 1139 676 ait
1168 638 1181 674 :
1214 621 1423 674 Victum
1466 637 1551 676 me
1588 623 1765 676 verbis
1793 623 1907 689 cpi-

330 715 477 782 scopi
507 715 697 779 fateor,
729 724 783 769 et
812 729 944 769 vera
976 728 1096 768 esse
1123 728 1245 782 quae
1276 714 1406 768 dicit
1433 715 1566 768 scio.
1607 713 1742 780 Quid
1771 730 1909 768 mine

329 806 539 870 faciam,
565 813 625 857 ut
668 805 870 873 regina:
909 804 976 858 de
1017 819 1084 859 eo
1126 805 1371 858 voluntas
1412 805 1801 874 adimpleatur?
1845 805 1909 858 Et

326 897 397 950 ait
430 913 443 948 :
481 897 576 963 ltc,
617 905 672 950 et
699 897 1014 952 accedentes
1044 897 1109 950 ad
1146 911 1266 951 eum
1311 897 1494 964 dicite,
1541 899 1690 968 quasi
1728 897 1908 952 consi-

327 989 453 1040 lium
486 1002 551 1041 ex
597 987 992 1056 vobismetipSis
1039 987 1225 1043 dantes
1271 1005 1284 1041 :
1335 988 1485 1043 Nosti
1523 989 1662 1058 quod
1707 990 1777 1043 sit
1815 1005 1909 1044 rex

325 1077 664 1145 Chilpericus
697 1078 815 1145 pius
845 1087 1004 1148 atque
1033 1089 1414 1148 compunctus,
1449 1091 1503 1136 et
1526 1083 1634 1136 cito
1665 1082 1912 1138 ﬂectatur

327 1169 392 1220 ad
424 1167 854 1222 miscricordiam
881 1185 896 1222 :
925 1169 1206 1224 humiliare
1235 1171 1332 1225 sub
1359 1185 1442 1234 eo,
1476 1180 1530 1226 et
1561 1172 1723 1226 dicito
1749 1171 1817 1226 ab
1846 1187 1911 1227 eo

325 1261 534 1328 objecta
574 1277 604 1315 a
651 1271 702 1314 te
743 1273 1044 1330 perpetrata
1085 1263 1266 1318 fuisse.
1316 1265 1466 1321 Tunc
1509 1280 1606 1320 nos
1661 1266 1910 1335 prostrati

332 1365 524 1404 omnes
565 1365 746 1405 coram
789 1350 1015 1419 pedibus
1052 1353 1188 1422 ejus,
1231 1354 1344 1407 dari
1377 1355 1467 1410 tibi
1491 1356 1698 1411 veniam
1741 1357 1914 1424 impe-

333 1453 558 1495 tramus.
592 1442 686 1496 llis
713 1442 966 1498 seductus
987 1443 1340 1500 Praetextatus
1367 1446 1672 1515 cpiscopus,
1701 1445 1911 1516 pollici-

242 1552 264 1577 ο
334 1540 421 1585 tus
446 1542 526 1586 est
553 1547 612 1586 se
645 1536 717 1585 ita
744 1533 1027 1588 facturum.
1071 1535 1226 1590 Mane
1251 1545 1430 1591 autem
1475 1536 1633 1604 facto,
1665 1537 1913 1592 conveni-

330 1637 454 1676 mus
485 1623 552 1676 ad
593 1633 908 1678 consuetum
936 1625 1110 1681 locum
1145 1640 1160 1678 :
1193 1625 1586 1694 adveniensque
1617 1637 1670 1681 et
1698 1643 1811 1693 rex,
1840 1628 1913 1682 ait

329 1709 396 1761 ad
427 1710 737 1779 episc0pum
769 1729 780 1763 :
811 1711 864 1764 Si
899 1726 1119 1766 munera
1154 1728 1250 1781 pro
1290 1715 1597 1769 muneribus
1631 1714 1713 1767 bis
1743 1715 1912 1768 horni-

2010 533 2450 586 cornmunicarct.
2517 532 2719 598 Quibus
2777 532 3165 586 conditieoibus
3226 548 3326 602 ego
3381 535 3572 599 restiti,

2007 622 2154 691 juxta
2184 622 2499 690 promissum
2538 624 2704 690 regis,
2739 632 2793 675 ut
2821 622 2947 676 nihil
2975 635 3126 677 extra
3156 625 3400 679 Cauones
3422 641 3567 694 gere-

2013 723 2181 766 retur.
2229 712 2377 765 Tunc
2406 713 2756 767 Prmtextatus
2796 728 2823 764 a
2855 714 3051 767 nostris
3084 725 3263 782 raptus
3292 717 3477 782 oculis,
3521 719 3573 770 i‘n

2011 804 2310 858 custodiam
2363 804 2567 872 positus
2617 811 2719 858 est.
2771 803 2844 857 De
2881 819 2980 872 qua
3005 805 3186 872 fugere
3233 813 3438 857 tentans
3469 805 3572 876 [ΑΙ.

2011 909 2131 948 cum
2161 893 2385 963 fugeret]
2435 904 2610 962 nocte,
2663 894 2972 964 gravissime
3020 909 3211 959 casus,
3262 895 3312 948 in
3349 895 3574 949 insulam

2011 987 2194 1053 maris,
2225 987 2365 1056 quod
2410 987 2618 1055 adiacet
2657 988 2855 1043 civitati
2884 987 3246 1042 Constantina:
3271 999 3320 1056 ο,
3347 989 3399 1042 in
3431 990 3579 1043 cxsis

2011 1077 2139 1130 lium
2169 1087 2250 1131 cst
2270 1077 2536 1132 detrusus.

2084 1172 2328 1226 Posthmc
2370 1173 2578 1234 sonuit,
2612 1171 2752 1241 quod
2781 1172 3123 1228 Merovechus
3163 1172 3354 1227 iterum
3396 1172 3576 1226 basili-

2011 1275 2127 1315 cam
2159 1262 2217 1316 S.
2244 1261 2450 1315 Martini
2481 1270 2764 1316 conaretur
2795 1270 3066 1330 expetere.
3094 1262 3424 1331 Chilperieus
3454 1278 3578 1316 vero

2011 1351 2262 1404 custodiri
2306 1350 2574 1404 basilicam
2616 1350 2788 1418 jubet,
2831 1360 2885 1406 et
2927 1365 3113 1406 omnes
3159 1351 3332 1404 claudi
3379 1350 3572 1404 aditus.

2011 1440 2269 1495 Custodes
2297 1447 2472 1493 autem
2504 1455 2662 1493 unum
2689 1440 2909 1508 ostium,
2939 1455 3032 1509 per
3055 1441 3193 1510 quod
3221 1441 3370 1509 pauci
3397 1440 3576 1496 clerici

2011 1530 2076 1584 ad
2105 1529 2334 1584 officium
2367 1529 2784 1600 ingrederentur,
2816 1531 3193 1600 relinquentes,
3221 1531 3422 1600 reliqua
3445 1531 3578 1585 ostia

2013 1620 2190 1674 clausa
2229 1619 2479 1674 tenebant
2509 1635 2524 1673 :
2555 1619 2696 1687 quod
2741 1634 2845 1674 non
2883 1621 2998 1674 sine
3040 1620 3194 1675 tmdio
3223 1623 3430 1690 populis
3459 1621 3577 1675 fuit.

2014 1711 2147 1766 Cum
2177 1721 2352 1765 autem
2384 1710 2522 1779 apud
2547 1711 2779 1764 Parisios
2807 1727 3156 1778 moraremur,
3187 1713 3333 1781 signa
3367 1715 3416 1766 in
3446 1715 3582 1768 casio

328 1800 490 1852 nibus
545 1816 606 1855 es
659 1800 912 1870 largitus,
965 1816 1060 1856 cur
1113 1815 1445 1858 sacramenta
1498 1803 1796 1872 postulasti,
1853 1812 1910 1858 ut
1942 1789 1986 1847 Β
2017 1811 2392 1870 apparuerunt,
2436 1801 2485 1855 id
2530 1809 2611 1854 est
2649 1802 2828 1870 viginti
2873 1802 3004 1856 radii
3042 1817 3072 1854 a
3110 1812 3257 1870 parte
3285 1803 3581 1871 Aquilonis,

330 1889 489 1942 tidem
537 1889 854 1944 Merovecho
895 1891 1210 1946 servarent?
1258 1891 1555 1960 ltc5p0ndit
1597 1894 1906 1961 episcopus:

329 1979 490 2046 Petii,
543 1980 732 2044 fateor,
779 1979 1042 2034 amicitias
1080 1996 1266 2034 eorum
1313 1981 1495 2035 haberi
1546 1997 1666 2036 cum
1710 1996 1780 2036 eo
1812 1998 1825 2033 :
1859 1991 1914 2036 et

329 2084 439 2122 non
469 2069 642 2122 solum
674 2069 967 2134 hominem,
1005 2070 1121 2133 sed,
1153 2071 1197 2124 si
1225 2069 1306 2124 fas
1334 2071 1540 2135 fuisset,
1571 2073 1816 2141 angelum
1845 2071 1913 2125 de

329 2160 470 2213 ctelo
507 2173 840 2225 evocassem,
873 2161 964 2229 qui
1009 2170 1152 2215 esset
1179 2161 1391 2230 adjutor
1423 2161 1560 2231 ejus.
1584 2162 1745 2216 Filius
1769 2163 1910 2217 enim

331 2251 462 2306 Inibi
489 2263 624 2316 erat,
653 2261 713 2306 ut
760 2268 902 2321 smpe
927 2252 1063 2317 dixi,
1095 2253 1350 2322 spiritalis
1378 2269 1443 2308 ex
1472 2255 1702 2309 lavacro.
1753 2253 1913 2308 Cum-

330 2358 436 2410 que
467 2343 580 2397 haec
609 2343 884 2397 altercatio
909 2344 1066 2398 altius
1091 2345 1386 2409 tolleretur,
1420 2345 1772 2400 Praetextatus
1801 2346 1914 2414 cpi-

335 2448 535 2500 scepns
557 2441 851 2500 prostratus
880 2432 1019 2497 solo,
1051 2433 1160 2486 ait:
1194 2434 1416 2488 Peccavi
1445 2433 1498 2486 in
1519 2436 1711 2488 etelum
1741 2442 1796 2488 et
1821 2448 1914 2488 co-

331 2542 471 2577 ιειιιι⁸
494 2535 567 2588 te,
601 2540 634 2577 ο
663 2540 754 2578 rex
800 2521 1320 2584 misericordissime,
1359 2539 1458 2594 ego
1505 2539 1618 2578 sum
1649 2525 1912 2579 homicida

332 2618 594 2672 ne'andus
627 2635 638 2669 :
673 2631 771 2685 ego
798 2627 850 2672 te
880 2617 1182 2670 interficere
1209 2615 1374 2680 volui,
1405 2625 1459 2670 et
1488 2617 1651 2670 tilium
1683 2625 1829 2670 tuum
1859 2616 1916 2671 in

331 2709 472 2762 solio
513 2719 602 2762 tuo
629 2709 858 2777 erigere.
894 2707 1016 2760 Ilaic
1051 2721 1117 2761 eo
1153 2707 1380 2772 dicente,
1428 2708 1782 2774 prosternitur
1821 2723 1915 2762 rex

332 2816 516 2854 coram
546 2799 768 2868 pedibus
791 2798 1152 2860 sacerdotum,
1182 2799 1362 2853 dicens
1388 2817 1400 2850 :
1438 2796 1651 2863 Audite,
1682 2813 1715 2852 ο
1744 2797 1917 2866 piissi-

336 2891 410 2942 mi
437 2891 764 2951 sacerdotes,
789 2904 938 2944 reum
967 2889 1168 2942 crimen
1191 2887 1518 2942 exsecrabile
1551 2886 1915 2942 confitentem.

333 2981 578 3048 Curaque
608 2994 706 3033 nos
730 2979 918 3033 ﬂentes
941 2993 1119 3048 regem
1147 2979 1506 3034 elevassemus
1534 2994 1562 3031 a
1592 2981 1730 3042 solo,
1756 2979 1917 3047 jussit

337 3085 460 3122 eum
515 3067 785 3122 basilicam
833 3068 1037 3138 egredi.
1083 3069 1197 3135 Ipse
1240 3083 1365 3124 vero
1399 3069 1462 3121 ad
1515 3078 1772 3124 metatum
1805 3068 1916 3123 dis-

2016 1892 2103 1960 qui
2123 1892 2190 1945 ab
2210 1893 2425 1946 Oriente
2445 1901 2722 1959 surgentes
2743 1892 2808 1945 ad
2827 1891 3167 1948 Occidentem
3193 1893 3545 1960 properabant
3566 1909 3579 1945 :

2012 1996 2080 2038 ex
2116 1981 2308 2050 quibus
2347 1997 2481 2036 unus
2514 1983 2768 2049 prolixior
2812 1992 2863 2036 et
2907 1982 3024 2035 aliis
3064 1983 3487 2050 supereminens,
3527 1993 3582 2036 ut

2013 2081 2099 2126 est
2133 2073 2182 2124 in
2213 2073 2438 2126 sublime
2462 2072 2653 2137 elatus,
2689 2085 2808 2125 mox
2834 2071 3058 2136 defecit;
3090 2079 3144 2125 et
3181 2070 3257 2125 sic
3283 2071 3469 2139 reliqui
3491 2071 3580 2138 qui

2013 2161 2182 2216 secuti
2226 2159 2456 2226 fuerant,
2496 2169 2848 2217 evanuerunt.
2886 2160 3062 2216 Credo
3104 2160 3374 2215 interitum
3413 2161 3584 2215 Mero-

2015 2253 2172 2309 vecbi
2213 2254 2606 2322 pronuntiasse.
2659 2252 3002 2308 bleroveehus
3045 2266 3171 2306 vero
3196 2252 3321 2306 dum
3369 2252 3419 2305 in
3443 2251 3584 2306 [llic-

2016 2345 2186 2398 mcnsi
2228 2345 2514 2411 Campania
2562 2343 2814 2406 latitaret,
2855 2357 2954 2398 nec
2993 2341 3162 2410 palam
3211 2356 3271 2398 se
3299 2342 3584 2397 Austrasiis

2015 2438 2283 2504 crederet,
2313 2453 2344 2490 a
2372 2435 2869 2492 Tarabanneosibus
2892 2432 2918 2471 ιι
2941 2436 3333 2489 circumventus
3372 2442 3478 2501 est,
3508 2435 3586 2489 di-

2017 2529 2280 2592 centibus,
2323 2527 2464 2598 quod
2509 2527 2694 2582 relicto
2740 2535 2888 2596 patre
2926 2526 3042 2596 ejus
3075 2525 3390 2595 Chilperico,
3431 2529 3479 2580 ei
3527 2541 3586 2581 se

2014 2618 2380 2688 subjttgareut,
2412 2618 2459 2672 si
2500 2619 2567 2670 ad
2601 2631 2694 2672 eos
2720 2617 3018 2671 accederet.
3065 2616 3166 2682 Qui
3207 2617 3456 2676 velociter
3497 2631 3585 2672 as-

2016 2709 2206 2764 sumtis
2234 2723 2417 2764 secum
2447 2707 2574 2763 viris
2614 2706 2941 2772 fortissimis,
2981 2707 3144 2777 229
3181 2705 3247 2760 ad
3285 2720 3382 2760 eos
3423 2707 3586 2758 venit.

2017 2797 2080 2852 lli
2150 2806 2471 2866 praeparatos
2533 2797 2846 2868 detegentes
2905 2794 3078 2859 dolos,
3135 2795 3188 2848 in
3236 2794 3414 2848 villam
3461 2809 3582 2848 eum

2018 2887 2300 2956 quamdam
2322 2883 2668 2951 concludunt,
2703 2892 2756 2938 et
2778 2884 3185 2951 circumseptum
3222 2895 3343 2936 cum
3371 2883 3586 2936 armatis

2017 2978 2235 3032 nuntios
2283 2975 2419 3046 patri
2449 2975 2704 3042 dirigunt.
2755 2973 2903 3040 Quod
2931 2974 3292 3037 ille_audiens,
3319 2973 3441 3026 illuc
3469 2989 3585 3041 pro-

2019 3082 2207 3137 perare
2230 3067 2483 3121 destinat.
2526 3065 2632 3121 Sed
2672 3066 2755 3120 hic
2795 3079 2917 3121 cum
2958 3067 3010 3120 in
3052 3064 3334 3134 hospitiolo
3362 3066 3585 3134 quodam

337 3161 534 3226 cessit,
569 3137 930 3215 transmittens
975 3161 1165 3215 librum
1197 3161 1493 3224 Canooum,
1543 3165 1592 3216 in
1623 3163 1784 3232 228
1810 3137 1988 3231 quoc
2016 3157 2338 3214 retineretur
2362 3198 2378 3223 ,
2430 3155 2624 3211 timens
2673 3170 2743 3212 ne
2790 3155 2856 3209 ad
2915 3156 3200 3210 vindictam
3258 3154 3586 3208 inimicorum

336 3263 452 3306 erat
473 3254 758 3320 quaternio
779 3244 954 3306 novus
981 3268 1242 3318 annexus,
1277 3252 1477 3307 habens
1505 3267 1736 3307 canones
1766 3254 1915 3322 quasi

337 3343 664 3412 apostolicos
696 3353 746 3405 ⁸,
777 3338 1111 3399 continentes
1148 3342 1262 3398 bare
1293 3359 1306 3396 :
1345 3360 1366 3395 r
1404 3343 1700 3411 Episcopus
1739 3346 1791 3396 in
1821 3343 1918 3401 ho-

340 3434 580 3500 micidio,
612 3433 896 3502 adulterio,
949 3440 1004 3487 et
1044 3430 1279 3501 pet-jurio
1316 3431 1707 3501 deprehensus,
1747 3445 1778 3486 a
1826 3446 1918 3487 sa-

339 3523 582 3578 cerdotio
608 3522 914 3578 divellatur.
951 3539 971 3574 ι
1001 3521 1095 3576 llis
1117 3519 1190 3576 ita
1215 3521 1389 3586 lectis,
1416 3535 1536 3574 curn
1567 3521 1918 3574 Przetextatus

338 3625 511 3670 sL-ret
548 3625 790 3684 stupens,
836 3614 1253 3670 Bertchramnus
1293 3615 1574 3683 episeopus
1615 3614 1727 3666 ait:
1756 3612 1916 3680 Audi,

338 3725 372 3760 υ
400 3708 565 3761 frater
592 3717 646 3762 et
671 3707 1012 3775 eoepiscope,
1035 3705 1156 3774 quia
1183 3705 1320 3774 regis
1346 3705 1569 3774 gratiam
1600 3721 1702 3758 non
1732 3705 1916 3774 habes,

342 3799 572 3868 ideoque
604 3813 702 3852 nec
741 3807 920 3851 nostra
965 3797 1224 3852 charitate
1260 3797 1330 3850 uti
1364 3797 1579 3867 poteris”,
1613 3799 1918 3869 priltsqttattt

339 3890 487 3959 regis
540 3888 921 3961 indulgentiam
972 3888 1250 3947 mercaris.
1300 3889 1394 3947 llis
1432 3894 1504 3946 ita
1543 3893 1724 3962 chtis,
1772 3894 1924 3962 petiit

345 3999 460 4044 rex,
493 3992 549 4036 ut
587 3993 680 4037 aut
707 3984 886 4037 tunica
916 3982 1034 4051 ejus
1073 3983 1426 4049 scinderetur,
1471 3992 1562 4037 aut
1599 3984 1922 4040 centesimus

348 4084 569 4127 octavus
620 4073 889 4142 psalmus,
940 4072 1030 4142 qui
1077 4072 1476 4128 maledictioncs
1517 4073 1922 4130 Ischariothicas

345 4167 590 4222 continet
617 4164 668 4232 ιτ,
709 4180 871 4234 super
916 4173 1073 4233 caput
1117 4165 1233 4233 ejus
1269 4165 1620 4231 recitaretur;
1663 4174 1751 4220 aut
1777 4175 1922 4222 certe

422 4349 447 4375 ⁸
477 4339 514 4392 li
543 4349 688 4406 sunt,
718 4337 805 4406 qui
835 4338 995 4392 etiam
1026 4353 1164 4392 nunc
1195 4338 1350 4407 vulgo
1379 4351 1608 4392 canones
1637 4338 1918 4407 apostolici

348 4411 707 4476 appellantur,
732 4423 958 4476 quorum
987 4406 1298 4463 auctoritas
1320 4410 1373 4461 in
1399 4410 1624 4462 ecclesia
1651 4406 1920 4462 Gallicana

353 4481 495 4538 nulla
519 4490 643 4531 tunc
663 4489 795 4531 erat.
823 4479 895 4530 De
919 4478 1000 4531 his
1025 4477 1337 4531 llincmarns
1361 4478 1595 4547 loquitur
1617 4492 1798 4545 opusc.
1825 4477 1915 4532 24.

353 4549 453 4613 Qui
496 4560 671 4602 autem
700 4549 785 4601 hic
829 4548 1091 4610 laudatur,
1141 4562 1287 4600 num.
1318 4547 1384 4599 21
1413 4555 1526 4611 est;
1560 4547 1650 4598 sed
1681 4562 1784 4600 non
1812 4547 1922 4600 sin-

351 4633 475 4674 cere
497 4633 527 4671 a
552 4618 849 4672 Praetextati
872 4617 1193 4670 adversariis
1221 4616 1416 4670 relatus
1437 4624 1538 4670 est.
1563 4615 1702 4668 Nihil
1723 4617 1920 4685 quippe

354 4689 408 4741 io
435 4703 498 4742 eo
526 4687 751 4741 habetur
780 4687 844 4740 de
873 4687 1181 4750 homicidio,
1215 4700 1311 4752 pro
1336 4700 1437 4754 qua
1470 4701 1598 4740 voce
1645 4687 1836 4755 legitur
1866 4689 1919 4740 in

355 4759 472 4824 ipso
517 4772 726 4811 canune
767 4759 922 4824 furto.
979 4756 1050 4808 De
1094 4771 1354 4809 canonum
1381 4755 1732 4819 Collectionc,
1763 4771 1919 4822 quam

354 4829 440 4880 hic
461 4826 747 4896 Gregorius
775 4827 970 4890 laudat,
993 4834 1054 4896 et
1071 4828 1134 4878 de
1158 4826 1449 4896 canonihus
1472 4825 1774 4896 apostolicis
1802 4826 1922 4880 vi-ie

351 4893 617 4951 Cointiuin
667 4897 733 4951 ad
777 4911 970 4948 annum
1009 4893 1108 4948 577
1137 4895 1202 4950 de
1248 4895 1314 4948 iis
1342 4895 1506 4949 fusius
1549 4895 1917 4949 disserentem.

355 4967 433 5021 Ex
461 4967 558 5021 hoc
602 4977 779 5020 autem
826 4965 942 5021 loco
975 4967 1036 5020 V.
1066 4967 1146 5019 Cl.
1177 4965 1490 5018 Paschasius
1511 4965 1844 5030 Qucsnelius,
1868 4968 1920 5020 in

350 5035 733 5090 dissertatione
781 5053 866 5090 xv:
907 5035 970 5087 ad
1001 5050 1160 5103 opera
1210 5035 1266 5088 S.
1296 5035 1489 5104 Leonis
1533 5049 1702 5104 papas,
1737 5036 1923 5103 probat

353 5105 597 5176 Dionysii
630 5106 814 5176 Exigui
837 5105 1213 5176 collectioncm_
1232 5103 1460 5176 nondum
1507 5103 1629 5176 tunc
1669 5105 1922 5176 temporis

353 5174 411 5230 in
443 5171 626 5229 Galliis
664 5171 826 5228 fui's5e
865 5183 1172 5244 receptam._
1195 5172 1470 5244 Dionysius
1498 5171 1923 5244 quippeczeteris

352 5259 588 5298 canones
641 5245 958 5312 apestolicos
989 5241 1286 5312 prmitiittit,
1317 5241 1445 5312 quos
1475 5245 1526 5295 in
1557 5241 1740 5312 codice
1763 5243 1924 5298 Galli-

353 5329 492 5368 cano
525 5324 648 5368 tunc
682 5311 783 5367 non
826 5311 1090 5368 exstitisse
1120 5312 1352 5366 indicant
1380 5316 1536 5366 verba
1569 5311 1805 5381 Gregorii
1836 5327 1924 5368 re-

357 5385 742 5450 prehendentis
774 5385 992 5454 Regem,
1017 5382 1156 5452 quod
1188 5396 1380 5454 novum
1411 5385 1809 5454 quaternionetn
1841 5399 1912 5454 cg-

355 5471 514 5507 nones
558 5451 1044 5523 qu'asiApos'talicos
1085 5453 1443 5507 continentem
1495 5453 1820 5507 inscruisset.
1863 5451 1928 5523 Et

352 5521 579 5590 quidem
624 5525 874 5580 habemus
911 5540 1017 5592 prae
1057 5524 1297 5577 manibus
1332 5523 1744 5576 vetustissimum
1781 5521 1925 5575 codi-

353 5608 476 5646 cem
511 5609 768 5648 canonum
801 5594 1047 5649 Ecclesia:
1077 5593 1382 5656 Gallicanae,
1411 5607 1471 5645 ex
1502 5593 1597 5645 bis.
1626 5592 1930 5647 Coi-beiensi

359 5675 604 5730 tempore
637 5664 806 5731 Vigilii
843 5681 986 5732 papa:
1015 5663 1349 5732 conscripto,
1370 5664 1420 5714 in
1448 5678 1550 5728 quo
1576 5674 1627 5715 et
1655 5662 1736 5716 isti
1767 5677 1930 5715 rano-

311 5729 322 5737 ’
344 5745 461 5787 ‘ttcs
480 5729 872 5795 desiderantur,
910 5729 960 5788 et
989 5729 1303 5788 eteterorum
1328 5731 1597 5788 (latronum
1629 5732 1930 5788 Cra-corum

2020 3248 2214 3302 multas
2243 3247 2413 3302 lueret
2445 3260 2658 3314 pinnas,
2687 3253 2874 3298 vocato
2901 3243 2970 3298 ad
3009 3259 3068 3298 se
3091 3243 3314 3298 Gaileuo
3345 3243 3587 3298 familiari

2018 3357 2137 3408 suo,
2168 3342 2243 3396 ait
2279 3359 2292 3396 :
2324 3339 2435 3396 Una
2465 3341 2616 3396 nobis
2645 3354 2814 3408 usque
2841 3353 2980 3393 nunc
3016 3347 3072 3393 et
3113 3338 3285 3392 anima
3336 3347 3389 3391 et
3418 3337 3588 3390 coosi-

2018 3437 2146 3490 lium
2177 3434 2276 3489 fuit
2306 3451 2322 3489 :
2350 3448 2482 3504 rogo
2513 3448 2578 3488 ne
2612 3433 2829 3502 patiaris
2865 3447 2954 3486 me
2985 3431 3226 3486 manibus
3256 3429 3588 3484 inimicorum

2019 3527 2192 3592 tradi;
2239 3529 2332 3581 sed
2373 3536 2596 3598 accepto
2631 3525 2812 3596 gladio
2860 3526 3031 3579 irruas
3076 3525 3127 3577 in
3176 3538 3298 3578 me:
3335 3523 3472 3591 quod
3506 3523 3590 3576 ille

2022 3633 2120 3674 nec
2141 3618 2410 3684 dubitans,
2435 3634 2553 3674 cum
2585 3615 2758 3673 cultro
2784 3616 3040 3674 confodit.
3066 3614 3395 3668 Adveniente
3415 3624 3588 3667 autem

2021 3727 2166 3780 rege,
2200 3720 2438 3766 mortuus
2483 3721 2565 3765 est
2606 3719 2847 3778 repertus
2884 3718 2929 3761 ο.
2979 3708 3301 3766 Esstitcrunt
3350 3716 3473 3763 tunc
3502 3705 3589 3772 qui

2021 3817 2322 3862 assererent
2350 3804 2508 3861 verba
2534 3802 2854 3868 Metovechi,
2917 3819 3034 3874 quae
3058 3805 3301 3870 superius
3333 3802 3587 3864 diximus,

2021 3895 2254 3965 aregina
2317 3895 2482 3950 fuisse
2539 3896 2797 3960 conficta;
2857 3892 3226 3947 Meroverhum
3291 3906 3417 3945 vero
3478 3890 3592 3958 ejus

2020 3989 2186 4044 fuisse
2222 3990 2373 4058 jussu
2410 3989 2548 4044 clam
2589 3987 2984 4056 interemptum.
3035 3985 3311 4040 Gailennm
3343 3998 3468 4038 vero
3494 3999 3590 4049 ap-

2024 4079 2365 4146 prehensum,
2405 4079 2657 4132 abscissis
2701 4077 2945 4131 trionibus
2983 4085 3035 4130 et
3081 4075 3321 4143 pedibus,
3353 4074 3590 4136 auribus,

2021 4179 2074 4225 et
2105 4171 2308 4224 narium
2355 4169 2779 4234 summitatibus,
2809 4179 2862 4222 et
2893 4167 3012 4221 aliis
3054 4166 3232 4220 multis
3269 4163 3591 4218 cruciatibus

2025 4343 2200 4400 versio
2227 4342 2326 4395 alia
2363 4349 2446 4397 est
2479 4341 2546 4395 ab
2574 4356 2638 4395 ea
2669 4355 2824 4403 quam
2858 4340 3143 4406 Dionysius
3172 4340 3401 4410 Exiguus
3429 4356 3589 4393 exor-

2024 4415 2186 4466 navit.
2219 4413 2355 4479 Lege
2399 4412 2496 4465 viri
2533 4411 2724 4464 eruditi
2754 4412 3181 4464 di~sertationem
3221 4426 3378 4478 supra
3411 4411 3592 4463 lauda-

1950 4503 1997 4561 ι)
2024 4491 2130 4561 tam
2158 4483 2228 4561 de
2256 4484 2472 4561 antiquo
2503 4481 2752 4561 Ecclesia-
2772 4480 3066 4561 Gallicana}.
3087 4482 3289 4560 codice.

2095 4551 2120 4589 δ
2151 4553 2298 4617 Quod
2348 4549 2533 4614 pSaltni
2579 4550 2733 4621 hnjn_s
2774 4550 2957 4621 verba,
2995 4548 3067 4621 Et
3097 4551 3451 4621 episcopatum
3485 4553 3592 4621 ejus

2021 4622 2240 4690 accipiat
2281 4622 2430 4683 alter,
2471 4628 2654 4672 contra
2684 4619 2871 4690 Judam
2915 4619 3255 4690 Ischariotem
3297 4619 3593 4674 laudat/crit

2023 4688 2211 4812 Surge
2234 4693 2455 4744 Actuum
2484 4703 2564 4752 nt,
2589 4697 2647 4742 ut
2669 4688 2974 4742 ostenderet
3004 4689 3176 4757 ipsum
3203 4691 3271 4744 ab
3299 4691 3594 4758 apostolum

2061 4777 2137 4812 CCI
2187 4775 2312 4812 I558.

2025 4761 2312 4816 decidisse.

2099 4841 2120 4869 ο
2151 4829 2283 4898 Urbs
2309 4837 2389 4884 est
2408 4826 2720 4898 episcoiialis
2741 4827 3097 4898 Normannize.
3122 4829 3277 4898 vulgo
3293 4830 3593 4896 Cantantes,

2029 4900 2222 4953 nemini
2255 4897 2509 4968 ignotata
2537 4912 2638 4964 qua
2663 4897 2798 4968 haud
2825 4897 3002 4968 procul
3034 4897 3216 4952 dissita
3247 4913 3329 4954 est
3347 4900 3590 4954 Caesarea

2028 4971 2222 5032 insula,
2253 4966 2408 5037 vulgo
2433 4966 2631 5036 Jersey,
2659 4967 2785 5022 olim
2815 4967 2878 5020 ad
2905 4966 3279 5026 Normanniam
3326 4979 3592 5036 spectans,

2026 5040 2118 5094 sed
2154 5054 2272 5108 quae
2313 5053 2454 5094 nunc
2483 5048 2567 5091 est
2597 5037 3016 5108 Sutltaoiptoniae
3048 5039 3247 5106 Anglic
3279 5040 3612 5106 provincia;

2027 5107 2178 5170 sola,
2206 5123 2326 5162 cum
2353 5108 2605 5163 Garnseia
2653 5108 2752 5162 sibi
2801 5107 2993 5172 vicina,
3038 5109 3222 5176 Anglis
3258 5117 3501 5176 superest
3529 5125 3594 5163 ex

2027 5179 2164 5232 avita
2189 5177 2524 5232 Normannia:
2550 5177 2876 5232 hazt‘editate.

2095 5245 2120 5286 ἀ
2146 5248 2423 5301 'l‘arvenoa
2449 5247 2770 5302 Morinorum
2794 5247 2916 5301 urbs
2938 5247 3132 5316 sarculo
3157 5245 3390 5311 proxime
3411 5255 3595 5316 elapso

2026 5317 2219 5380 diruta,
2265 5333 2416 5383 cujus
2460 5319 2614 5371 sedes
2658 5317 2974 5385 episc0palis
3022 5315 3073 5367 in
3115 5323 3221 5367 tres
3260 5315 3596 5384 episcopatus

2025 5387 2192 5510 :lNisa
2243 5387 2373 5455 fuit,
2419 5387 2846 5451 Bononiensetn,
2899 5386 3495 5453 Audomaropolitanutu
3543 5397 3597 5442 ct

2052 5471 2313 5510 orensem.

2087 5471 2313 5510 rensem.

2052 5475 2313 5527 prensum.

2107 5535 2128 5562 ε
2161 5526 2378 5580 Mortem
2427 5527 2544 5594 ejus
2599 5525 2764 5580 refert
2820 5525 3012 5579 Marius
3057 5523 3122 5578 ad
3171 5538 3257 5579 an.
3302 5527 3425 5580 578.
3477 5528 3597 5590 Ejni

2037 5611 2231 5664 corpus
2264 5597 2490 5650 l’arisios
2521 5607 2698 5665 postea
2729 5596 2960 5651 delatum
2992 5605 3102 5661 est,
3134 5605 3190 5650 ut
3221 5596 3440 5654 habetur
3470 5597 3597 5652 infra

2037 5669 2127 5721 lib.
2155 5682 2263 5731 vztt,
2289 5683 2402 5736 Cap.
2440 5667 2516 5720 l0.
