4006 6182
422 310 525 369 τευ

1404 308 1470 364 S.
1511 306 1839 363 GBEGORII
1880 305 2182 362 EPISCOPI
2224 305 2652 363 TURONENSIS

3583 301 3683 357 ΞΗ)

421 420 691 481 alIectum,
716 417 998 472 infeliciter
1028 425 1369 470 necaverunt.
1395 416 1739 474 Grindtonem
1764 432 1999 489 quoque,
2031 423 2079 477 Α
2110 429 2290 471 amota
2316 460 2333 485 ,
2367 428 2643 485 reperiunt
2675 424 2726 470 et
2758 415 2969 469 tertiam
3010 431 3024 471 :
3052 412 3311 483 iussuque
3351 412 3463 482 ejus
3491 424 3544 468 et
3576 414 3687 469 haec

423 514 681 566 intextum
708 521 856 576 rotas,
883 511 936 564 in
962 510 1186 564 sublime
1216 510 1573 577 sustulerunt;
1602 512 1933 565 Cucilionem
1954 521 2001 578 α,

425 602 515 666 qui
549 600 812 669 quondam
845 616 1025 654 comes
1075 601 1252 668 palatii
1306 602 1557 669 Sigiberti
1615 603 1756 670 regis
1814 604 2002 669 fuerat,

424 691 665 749 abscisso
690 691 865 761 capite
894 691 1294 753 interfecerunt.
1324 692 1429 747 Sed
1451 703 1503 747 et
1533 692 1667 745 alios
1696 692 1889 746 multos
1916 692 2007 758 qui

423 796 543 835 ιὐιιι
574 784 763 837 eodem
791 791 1067 847 venerant,
1097 784 1300 837 crudeli
1332 800 1464 839 nece
1488 785 1715 839 diversis
1746 784 2007 838 mortibus

424 872 736 927 :tll'eceruttt.
780 873 1156 939 Loqucbantur
1185 876 1345 927 etiam
1380 884 1503 928 tunc
1533 874 1795 938 homines,
1824 875 1877 927 in
1909 874 2008 927 hac

424 964 879 1019 circumventione
902 964 1143 1034 Egitlinm
1173 962 1201 1001 ι’
1233 967 1541 1034 episcopum
1572 975 1627 1019 et
1655 966 2008 1019 Guntchram~

430 1069 555 1107 num
581 1054 839 1108 Dnsouem
866 1053 1033 1110 fuisse
1060 1057 1346 1109 maximum
1369 1066 1547 1125 caput,
1578 1071 1644 1110 co
1672 1057 1810 1124 quod
1836 1056 2007 1110 Gunt-

426 1143 713 1199 chramuus
746 1144 1112 1214 Fredegundis
1144 1147 1342 1215 regina:
1388 1148 1609 1200 occultis
1638 1146 1887 1200 amicitiis
1915 1160 2010 1214 po-

428 1235 615 1288 tiretur
649 1249 747 1304 pro
793 1236 1163 1292 interiectione
1185 1238 1577 1303 Theodoberti;
1612 1238 1830 1307 Egidius
1856 1252 2005 1304 vero,

378 1346 383 1365 ι
428 1328 570 1394 quod
601 1328 647 1381 ci
676 1328 781 1396 jam
812 1329 970 1397 longo
998 1340 1235 1396 tempore
1262 1340 1408 1384 esset
1432 1345 1610 1384 carus.

503 1416 621 1471 XX.
664 1417 796 1472 Ctnn
854 1430 1029 1471 autem
1092 1418 1334 1473 Justinus
1391 1421 1682 1489 imperator
1719 1430 1765 1485 ε,
1809 1420 2009 1475 amisso

362 1528 393 1585 χ
432 1521 597 1562 sensu
616 1547 633 1573 ,
665 1523 851 1561 amens
879 1508 1099 1563 el'l‘ectus
1126 1519 1303 1576 esset,
1331 1520 1385 1565 et
1415 1526 1509 1579 per
1539 1510 1713 1565 solam
1752 1510 2006 1578 SOphiam

355 1602 389 1679 ,δ
434 1610 710 1669 augustam
743 1600 858 1667 ejus
886 1600 1163 1668 imperium
1194 1613 1486 1669 regeretur,
1512 1602 1725 1671 populi,
1752 1614 1806 1655 ut
1836 1603 1889 1657 in
1919 1618 2009 1657 su-

435 1691 646 1754 periore
664 1691 797 1744 libro
815 1689 925 1758 jam
944 1690 1178 1744 diximus
1200 1690 1339 1761 (Lib.
1363 1707 1436 1755 tv,
1461 1709 1574 1761 cap.
1600 1691 1715 1761 55),
1739 1692 2008 1746 Tiberium

2110 510 2367 563 aufertur.
2398 512 2509 575 Qua
2538 509 2710 564 ablata
2733 552 2747 572 ,
2784 508 3057 561 inveniunt
3089 522 3335 575 magnum
3368 508 3678 560 thesaurum

2110 600 2392 655 habentem
2426 617 2583 669 supra
2618 600 2761 653 mille
2791 602 2905 652 auri
2938 599 3267 651 centenario.
3303 598 3687 666 Snblatumque

2109 705 2319 755 aurutn,
2356 692 2677 759 pauperibus
2704 690 2876 743 adhuc
2902 689 3282 751 abundantius,
3306 699 3364 741 ut
3392 704 3688 741 consueve-

2110 791 2211 844 rat,
2237 783 2604 835 subministrat
2653 800 2667 833 :
2710 796 2808 834 nec
2854 783 2901 833 ei
2948 781 3201 833 Dominus
3234 778 3429 845 aliquid
3457 778 3690 833 deiicere

2111 871 2234 924 iecit
2258 881 2282 909 ο
2314 888 2407 940 pro
2439 872 2575 925 bona
2604 873 2877 925 voluntate
2904 886 3019 923 sua.
3048 868 3183 933 Quid
3229 869 3276 919 ei
3327 870 3375 919 in
3420 879 3688 935 posterum

2112 962 2369 1015 Dominus
2400 964 2785 1023 transmiserit,
2821 976 2924 1013 non
2952 961 3215 1012 omittam.
3240 958 3437 1012 Narses
3466 959 3555 1011 ille
3583 960 3688 1011 dux

2113 1050 2275 1105 Italiae
2310 1050 2352 1115 τ,
2385 1066 2505 1103 cum
2556 1050 2607 1104 in
2654 1051 2881 1121 quadam
2929 1051 3142 1102 iivitale
3183 1049 3400 1102 domum
3446 1064 3693 1118 magnam

2112 1142 2367 1207 haberet,
2398 1140 2451 1195 in
2483 1140 2683 1195 Italiam
2715 1156 2834 1195 cum
2870 1140 3051 1193 multis
3078 1138 3341 1193 thesauris
3369 1154 3615 1206 egrcsSus
3641 1148 3691 1207 ε,

2110 1232 2176 1286 ad
2198 1247 2359 1302 supra
2389 1242 2736 1286 memoratam
2766 1232 2950 1285 urbem
2974 1230 3189 1285 advenit
3213 1248 3225 1281 :
3252 1230 3429 1298 ibique
3456 1230 3507 1283 in
3533 1232 3695 1284 dumo

2110 1340 2206 1379 sua
2244 1324 2456 1378 occulte
2501 1323 2785 1376 cisternam
2832 1336 3076 1390 magnam
3126 1319 3287 1383 fudit,
3316 1323 3366 1373 in
3397 1335 3498 1389 qua
3530 1320 3694 1373 multa

2112 1414 2275 1469 millia
2299 1414 2727 1468 centenariorum
2753 1414 2869 1465 auri
2894 1413 3050 1483 231
3081 1411 3391 1479 argentique
3419 1412 3657 1480 reposuit
3681 1431 3695 1467 :

2112 1507 2292 1577 ibique
2325 1505 2625 1562 interfectis
2656 1505 2906 1569 consciis,
2936 1505 3024 1558 uni
3058 1504 3419 1556 tantummodo
3450 1506 3564 1556 seni
3600 1519 3699 1571 per

2108 1597 2472 1666 juramentum
2500 1595 2712 1649 condita
2741 1593 3154 1649 commendavit.
3183 1592 3547 1661 Defunctoque
3572 1594 3700 1647 Nar-

2112 1699 2227 1742 sete
2276 1689 2389 1743 haec
2434 1686 2536 1742 sub
2584 1697 2729 1742 terra
2773 1685 3029 1739 latebant.
3076 1685 3315 1753 Cumque
3360 1685 3701 1752 supradictus

436 1780 703 1834 Cmsarem
732 1780 1028 1848 elegerunt,
1054 1782 1257 1843 utilem,
1282 1792 1581 1848 strenuum,
1607 1794 1765 1851 atque
1794 1782 2006 1851 sapien-
2036 1789 2083 1848 Β
2110 1795 2275 1835 senex
2306 1780 2463 1847 hujus
2492 1779 2865 1846 eleemosynas
2891 1776 3105 1830 assidue
3132 1785 3398 1838 cerneret,
3429 1775 3599 1844 pergit
3629 1776 3701 1828 ad

436 1877 565 1936 tem,
587 1870 1094 1940 eleemosynarium,
1120 1873 1445 1940 inopumqne
1469 1873 1728 1939 optimum
1759 1872 2008 1928 defenso-

427 1974 563 2015 rem.
579 1959 679 2023 Qui
708 1974 827 2015 cum
860 1960 1024 2014 multa
1047 1961 1113 2013 de
1142 1959 1409 2019 thesauris
1433 1976 1565 2030 quos
1587 1962 2009 2032 2301ustinus

426 2052 755 2118 aggregavit,
779 2049 1101 2118 pauperibus
1131 2062 1399 2121 erogaret,
1426 2064 1479 2105 et
1505 2051 1739 2121 Augusta
1772 2053 1857 2106 illa
1884 2069 2007 2108 eum

431 2144 762 2213 frequentius
792 2147 1110 2213 increparet,
1136 2146 1277 2214 quod
1310 2146 1687 2214 rempublicam
1718 2147 2011 2218 redegisset

435 2237 488 2290 in
530 2246 931 2306 paupertatem,
963 2238 1271 2307 diceretque
1299 2256 1314 2291 :
1344 2238 1493 2304 Quod
1521 2253 1620 2306 ego
1650 2240 1827 2293 multis
1855 2240 2009 2294 annis

430 2329 809 2398 aggregavi,tu
839 2330 973 2383 infra
1003 2345 1226 2398 paucum
1250 2340 1455 2399 tempus
1481 2330 1698 2401 prodige
1717 2331 2008 2402 dispergis,

433 2419 612 2472 aiebat
639 2420 725 2473 ille
752 2438 766 2473 :
797 2419 909 2473 Non
940 2420 1110 2474 deerit
1140 2420 1267 2475 fisco
1294 2432 1499 2487 nostro,
1521 2431 1721 2476 tantum
1751 2437 2010 2491 pauperes

438 2510 837 2581 eleemosynam
869 2511 1162 2579 accipiant,
1189 2519 1281 2565 aut
1308 2512 1507 2581 captivi
1537 2513 1884 2567 redimantur.
1913 2513 2010 2567 Hic

435 2610 520 2657 est
558 2600 701 2655 enim
748 2616 968 2670 magnus
997 2603 1308 2668 thesaurus,
1333 2604 1545 2658 dicente
1573 2603 1797 2658 Domino
1827 2621 1840 2656 :
1875 2603 2008 2658 Tlte-

432 2693 690 2745 saurizate
725 2692 860 2745 vobis
903 2692 1164 2747 thesauros
1199 2695 1251 2748 in
1290 2695 1413 2749 mlo
1434 2737 1449 2762 ,
1483 2697 1568 2750 ubi
1610 2713 1768 2765 neque
1803 2712 2006 2765 terugo,

440 2796 596 2849 neque
641 2781 775 2834 tinea
821 2784 1143 2854 corrumpit;
1183 2796 1230 2838 et
1269 2786 1353 2839 ubi
1399 2792 1536 2855 [ures
1572 2805 1674 2841 non
1718 2788 2006 2858 e/fodiunt,

412 2884 524 2921 -uec
565 2876 801 2936 {urantur
848 2870 1069 2940 (Matth.
1118 2888 1208 2940 vt,
1246 2872 1372 2944 20).
1417 2876 1554 2945 Ergo
1602 2878 1670 2933 de
1715 2878 1815 2933 hoc
1862 2881 2001 2949 quod

438 2958 578 3014 Deus
615 2960 781 3028 dedit,
807 2975 1190 3031 congregemus
1226 2980 1321 3033 per
1359 2980 1617 3034 pauperes
1663 2966 1715 3020 in
1758 2968 1918 3035 caelo,
1953 2978 2011 3024 ut

443 3049 697 3106 Dominus
730 3052 883 3107 nobis
910 3068 1107 3124 augere
1147 3055 1392 3126 dignetur
1434 3058 1485 3112 in
1528 3060 1744 3115 sarculo.
1773 3058 1835 3113 Et
1861 3064 2006 3131 quia,

2110 1887 2267 1935 eum,
2291 1872 2476 1927 dicens
2511 1889 2525 1924 :
2559 1870 2653 1934 Si,
2686 1870 2886 1938 inquit.
2918 1869 3045 1923 mihi
3075 1868 3269 1937 aliquid
3301 1868 3549 1936 prodest,
3580 1881 3700 1920 ma-

2109 1978 2269 2033 gnam
2314 1978 2423 2016 rem
2470 1962 2587 2028 tibi,
2617 1960 2819 2027 Cazsar,
2847 1961 3075 2018 edicam.
3108 1960 3205 2013 Cui
3255 1959 3348 2012 ille
3392 1976 3404 2011 :
3459 1959 3569 2020 Dic,
3598 1959 3701 2024 ait,

2109 2046 2249 2124 quod
2281 2054 2533 2106 volueris.
2568 2050 2812 2105 Proderit
2841 2054 2984 2106 enim
3019 2051 3149 2115 tibi,
3181 2050 3225 2104 si
3255 2050 3506 2119 quiddam
3542 2050 3702 2104 nobis

2112 2145 2448 2214 profuturum
2477 2158 2597 2196 esse
2624 2141 2943 2195 narraveris.
2968 2142 3321 2207 Thesaurum,
3352 2143 3538 2209 inquit,
3564 2141 3704 2194 Nar-

2113 2237 2246 2290 setis
2268 2235 2598 2289 reconditum
2625 2234 2815 2298 habeo,
2834 2234 2973 2303 quod
3005 2233 3056 2286 in
3081 2240 3322 2286 extremo
3346 2232 3464 2285 vita:
3493 2234 3702 2299 positus

2116 2329 2299 2382 celare
2345 2342 2449 2380 non
2498 2340 2735 2395 possum.
2772 2326 2923 2380 '[uuc
2969 2324 3148 2379 C'xsar
3177 2324 3420 2378 Tiberius
3459 2326 3701 2392 gavisus,

2110 2416 2277 2472 mittit
2299 2431 2467 2485 usque
2497 2415 2561 2469 ad
2592 2417 2767 2470 locum
2798 2430 2992 2485 pueros
3018 2431 3146 2469 suos
3170 2430 3184 2467 :
3212 2414 3543 2485 praecedente
3563 2430 3701 2469 vero

2110 2522 2266 2573 sene,
2299 2508 2353 2561 hi
2392 2518 2689 2577 sequuntur
2718 2507 2947 2560 attoniti.
2981 2507 3467 2571 P‘ervenientes'iue
3508 2506 3573 2559 ad
3616 2507 3703 2560 ci-

2111 2609 2370 2662 sternam,
2396 2599 2821 2668 deopertamque
2851 2598 3242 2667 ingrediuntur,
3275 2598 3325 2651 in
3355 2613 3456 2666 qua
3487 2607 3700 2651 tantum

2110 2704 2298 2744 aurum
2326 2700 2713 2758 argentumque
2740 2682 3031 2757 reperiunt,
3054 2698 3111 2741 ut
3137 2703 3230 2754 per
3252 2688 3447 2741 multos
3469 2687 3582 2740 dies
3604 2688 3700 2741 vix

2110 2790 2464 2835 evacuaretur
2492 2795 2522 2833 a
2553 2779 2976 2846 deportanttbus.
3008 2778 3073 2831 Et
3102 2793 3167 2831 ex
3200 2778 3300 2830 hoc
3331 2776 3420 2831 ille
3459 2776 3699 2845 amplius

2114 2872 2270 2926 hilari
2296 2872 2607 2940 erogatione
2633 2870 2962 2938 dispensavit
2991 2868 3194 2938 egenis.

2182 2966 2322 3020 XXI.
2355 2964 2515 3035 Igitur
2539 2962 2564 3000 ιι
2595 2974 2778 3018 contra
2808 2963 3083 3019 Salonium
3111 2959 3560 3026 Sagittariumque
3579 2958 3698 3027 epi-

2114 3069 2307 3125 scopos
2337 3054 2593 3108 tumultus
2622 3054 2884 3108 exoritur.
2919 3051 2978 3106 Hi
3020 3052 3159 3105 enim
3192 3067 3220 3103 a
3250 3050 3444 3104 Sancto
3484 3048 3699 3103 Nicetio

437 3153 492 3199 ut
519 3144 781 3210 diximus,
807 3160 1029 3214 magnus
1070 3158 1123 3202 et
1161 3163 1317 3203 verus
1356 3148 1687 3204 Christianus
1716 3161 1859 3216 erat,
1882 3154 2008 3208 dum
2033 3142 2080 3204 C
2114 3147 2453 3220 Lugdunensi
2502 3146 2754 3216 episcopo
2800 3145 3049 3211 educati,
3095 3142 3411 3196 diaconatus
3452 3139 3695 3195 ofﬁcium

439 3234 596 3287 hilari
623 3233 997 3290 distributione
1028 3237 1347 3305 pauperibus
1376 3251 1531 3306 opem
1566 3248 1812 3308 praestat,
1839 3226 2007 3312 magis

437 3340 498 3383 ac
524 3325 692 3393 magis
719 3325 767 3380 ei
804 3326 1059 3380 Dominus
1086 3326 1472 3382 subministrat.
1499 3328 1629 3382 Nam
1660 3329 2009 3389 deambulans

437 3429 531 3482 per
578 3416 864 3483 palatium,
908 3414 1035 3468 vidit
1080 3416 1133 3469 in
1185 3416 1486 3485 pavimento
1533 3418 1726 3473 domus
1774 3422 2006 3477 tabulam

438 3521 825 3573 marmoream,
850 3508 902 3561 in
933 3523 1032 3577 qua
1062 3524 1191 3563 crux
1224 3509 1497 3566 Dominica
1538 3523 1654 3566 erat
1693 3515 1896 3583 sculpta
1916 3555 1933 3582 ,
1954 3526 2011 3573 et

434 3599 510 3657 ait
541 3614 555 3649 :
587 3594 758 3650 Cruce
790 3604 909 3663 tua,
939 3597 1189 3666 Domine,
1216 3598 1444 3655 frontem
1474 3611 1710 3660 nostram
1741 3606 2007 3662 munimus

434 3698 488 3746 et
509 3696 745 3757 pectora,
760 3697 812 3741 et
826 3701 951 3742 ecce
970 3702 1183 3743 crucem
1204 3690 1304 3743 sub
1325 3691 1546 3759 pedibus
1564 3693 1937 3749 cunculcamus
1953 3694 2004 3750 ά.

440 3780 505 3832 Et
532 3781 675 3833 dicto
704 3780 861 3835 citius
884 3779 1042 3849 jussit
1070 3796 1192 3836 eam
1222 3781 1454 3850 auferri,
1477 3784 1796 3856 defossaque
1826 3789 2005 3845 tabula

436 3882 594 3938 atque
628 3882 826 3936 erecta,
854 3871 1129 3925 inveniunt
1168 3873 1354 3928 subter
1393 3885 1447 3930 et
1480 3877 1636 3930 aliam
1667 3879 1767 3932 hoc
1795 3879 2005 3949 signum

434 3963 737 4018 habentem.
765 3958 1203 4034 Nuntiautesque,
1224 3964 1381 4035 jussit
1403 3978 1456 4022 et
1484 3966 1625 4021 illam
1647 3971 2007 4038 auterre.Qua

505 4132 531 4169 ι
556 4118 1135 4195 (Σατιλεϐμεῑρβοηᾳιηέ
1179 4121 1334 4187 Bell.,
1367 4120 1703 4195 Ciucilonem,
1729 4126 1818 4188 qui
1846 4142 2008 4195 quon-

432 4196 551 4245 dam
587 4193 777 4263 palatii
806 4193 1070 4258 Sigiberti.
1100 4193 1290 4247 Comes
1324 4194 1502 4261 palatii
1535 4193 1865 4263 praepositus
1891 4208 2007 4250 erat

432 4264 613 4330 regite,
634 4262 740 4330 juri
770 4263 1001 4316 dicundo
1032 4270 1278 4329 pra‘erat,
1300 4279 1363 4316 ac
1391 4279 1476 4318 res
1504 4262 1719 4331 majoris
1748 4266 2006 4320 momenti

432 4335 698 4386 referebat
744 4331 809 4384 ad
860 4334 1189 4400 principem;
1234 4344 1284 4387 et
1330 4341 1387 4386 ut
1433 4335 1890 4402 archieapetlauus
1936 4337 2005 4393 de

428 4402 811 4473 ecclesiasticis
857 4402 1049 4465 rebus,
1076 4417 1195 4470 qua:
1218 4403 1286 4473 ad
1320 4402 1573 4473 palatium
1601 4404 2000 4473 deferebantur,

2109 3252 2234 3296 sunt
2264 3240 2437 3295 sortiti
2465 3255 2479 3292 :
2506 3237 2767 3306 hujusque
2797 3247 3037 3303 tempore
3066 3233 3313 3287 Salonius
3343 3229 3698 3284 Ebredunen-

2110 3331 2184 3386 sis
2210 3328 2227 3368 ί
2256 3330 2424 3394 urbis,
2450 3327 2875 3397 Sagittariuaque
2904 3326 3217 3395 Vapigensis
3239 3323 3489 3377 Ecclesiae
3511 3335 3697 3376 sacer-

2108 3424 2262 3478 dotes
2308 3430 2637 3475 statnuntur.
2682 3418 2788 3473 Sed
2834 3425 3074 3472 assumto
3112 3418 3441 3485 episcopatu,
3470 3415 3521 3467 in
3562 3427 3693 3482 pro-

2112 3516 2283 3585 prium
2327 3512 2484 3568 relati
2525 3512 2838 3575 arbitrium,
2863 3518 3142 3578 cmperunt
3172 3508 3223 3561 in
3256 3504 3694 3576 pervasionibus,

2108 3604 2367 3672 caedibus,
2397 3603 2718 3667 homicidiis,
2743 3600 3043 3666 adulteriis,
3068 3600 3407 3667 diversisque
3436 3597 3487 3650 in
3516 3596 3695 3651 scele-

2109 3699 2275 3761 ribus.
2294 3699 2482 3752 insano
2504 3700 2683 3752 furore
2703 3696 2966 3764 grassari;
3003 3695 3071 3748 ita
3097 3702 3154 3749 ul
3171 3693 3400 3759 quodam
3423 3702 3690 3760 tempore,

2108 3790 2413 3844 celebrante
2432 3788 2647 3842 Victore
2669 3786 3092 3841 Tricastinorum
3119 3783 3133 3834 t'
3171 3786 3423 3853 episcopo
3441 3783 3693 3837 solemni-

2110 3892 2269 3938 tatem
2311 3881 2537 3934 natalitii
2581 3880 2684 3945 sui,
2717 3878 2912 3933 emissa
2951 3877 3196 3939 cohorte,
3227 3892 3346 3931 cum
3397 3873 3585 3945 gladiis
3634 3883 3695 3930 et

2107 3973 2315 4045 sagittis
2345 3974 2615 4028 irruerent
2638 3986 2797 4042 super
2823 3986 2969 4028 eum.
2997 3970 3386 4039 Venientcsque
3415 3968 3691 4024 sciderunt

2180 4134 2213 4197 ιν
2239 4125 2328 4181 Sic
2352 4134 2561 4181 veteres
2589 4142 2719 4182 mss.
2750 4136 2804 4182 et
2827 4126 2956 4183 edit.
2985 4125 3183 4181 Chesn.
3214 4140 3365 4195 vero,
3393 4126 3680 4197 ingressus.

2106 4196 2282 4257 Colb.,
2309 4213 2586 4267 regressus.

2177 4271 2205 4303 ⁵
2241 4264 2549 4333 ιιυᾱωψυι
2576 4266 2725 4321 deest
2757 4265 2807 4319 in
2839 4264 3026 4326 Corb..
3062 4265 3190 4319 Bell.
3222 4278 3274 4318 et
3311 4265 3463 4322 Colb.
3494 4266 3685 4322 Exstat

2107 4337 2160 4390 in
2187 4336 2363 4391 Casio.
2394 4348 2446 4391 et
2474 4337 2611 4390 aliis.
2636 4334 2853 4391 Confer.
2876 4352 2992 4405 cap.
3014 4334 3084 4388 “28
3116 4334 3270 4390 infra.
3297 4335 3476 4390 Refert
3502 4347 3683 4392 autem

2108 4410 2159 4463 in
2193 4410 2295 4463 hoc
2324 4407 2629 4472 Gregorius,
2653 4421 2772 4470 quae
2800 4409 2986 4461 saltem
3022 4421 3049 4457 a
3074 4408 3342 4472 decennio
3370 4408 3448 4461 his
3473 4407 3687 4463 duobus

427 4474 633 4567 sic-'i'ste
660 4472 727 4567 de
753 4473 1098 4567 szeclttlaribus
1116 4471 1555 4567 judiclabatﬂide
1582 4474 1822 4545 Biguonii
1847 4471 2000 4531 notas
2029 4504 2083 4567 Β
2108 4476 2400 4567 episcopis,
2427 4471 3020 4567 Sagitta'rioLscilict-t‘ct
3051 4471 3292 4557 ξθιοιιὶο,
3322 4479 3680 4567 coptigerant.

430 4544 482 4596 in
516 4543 603 4595 lib.
629 4560 641 4595 I
675 4542 933 4605 Marculli,
960 4544 1180 4596 formula
1207 4541 1298 4598 25.

504 4612 529 4649 b
563 4612 778 4679 rigidius
805 4627 898 4665 seu
928 4612 1201 4681 .‘Egidius,
1233 4613 1399 4681 episc.
1435 4612 1779 4680 Rhemensis,
1809 4616 1877 4672 ob
1905 4632 2002 4672 sua

431 4689 540 4734 tam
562 4682 698 4755 bona
723 4695 879 4755 quam
904 4685 1037 4735 mala
1058 4683 1288 4755 facinora
1319 4685 1647 4755 notissimus.
1670 4685 1798 4755 Ejus
1820 4688 2001 4755 laudes

432 4753 770 4818 prosequitur
797 4750 1115 4805 Fortunatus
1138 4753 1229 4806 lib.
1255 4768 1334 4818 tu,
1358 4768 1525 4808 Carm.
1554 4753 1640 4808 18.
1665 4750 1818 4810 Plura
1845 4758 1913 4812 de
1937 4752 2004 4815 eo

425 4820 768 4947 gradoardus
793 4821 888 4875 lib.
919 4835 959 4875 ιι
988 4822 1124 4876 Hist.
1152 4822 1489 4890 lihemcusis,
1513 4833 1567 4878 et
1593 4830 1789 4895 passim
1821 4839 2004 4883 uoster

476 4906 729 4947 resonos.

476 4906 729 4959 regortus.

504 4973 526 5001 ι
544 4962 683 5037 Υἱός
698 4976 815 5037 cap.
829 4959 898 5037 _5_i
928 4963 1161 5037 inferius.
1180 4960 1302 5037 Haec
1321 4966 1698 5037 autemomnia
1720 4969 2001 5037 exscripsit

428 5032 623 5105 Paulus
654 5032 921 5105 Diacslib.
948 5032 1093 5105 inde
1117 5030 1293 5105 Gestis
1319 5033 1577 5102 Langob.,
1597 5050 1712 5105 cap.
1742 5037 1801 5089 Il
1832 5030 1996 5093 ct'tﬁ.

500 5100 527 5139 ἀ
550 5103 880 5176 Theodosius
902 5113 955 5157 et
977 5103 1377 5176 Valentinianus
1399 5100 1679 5176 vetuerant
1700 5123 1766 5160 ne
1788 5108 1996 5176 signum

427 5176 604 5227 crucis
633 5174 1019 5243 insculperetur
1048 5174 1100 5226 in
1127 5173 1263 5235 solo,
1293 5176 1374 5228 vel
1406 5174 1599 5243 lapide,
1620 5177 1702 5229 νει
1731 5173 1998 5232 marinore

429 5244 573 5296 humi
608 5244 799 5319 posito.
832 5245 1088 5319 L._uni_c_.,
1119 5244 1254 5319 Cod.
1288 5243 1559 5299 Neminem
1590 5247 1675 5299 lic.
1707 5248 1839 5319 sign.
1866 5247 1997 5305 Vide

423 5324 479 5365 et
506 5326 623 5365 can.
650 5316 683 5366 6
711 5314 874 5367 Couc.
898 5312 1155 5369 Trullani.

498 5390 525 5455 ξ
548 5384 653 5455 Sic.
679 5384 835 5455 Corb.
861 5396 912 5455 et
942 5386 1101 5448 Beih;
1135 5384 1283 5447 Bec.,
1313 5386 1494 5453 faciet;
1518 5386 1630 5451 alii,
1657 5387 1990 5455 permittebat.

500 5448 523 5489 ί
558 5453 843 5526 Eunuchus
870 5454 1253 5526 famosissimas
1275 5448 1527 5526 Belisario
1549 5448 1883 5522 subétitutus,
1903 5460 1994 5526 qui

425 5520 797 5598 Ostrogotthos
826 5523 878 5598 i_n
905 5524 1049 5598 italia
1081 5527 1290 5598 penitus
1315 5525 1531 5598 delevit.
1556 5526 1648 5579 sed
1671 5526 1738 5580 ab
1758 5520 1993 5598 Augusta

427 5594 568 5653 male
596 5593 806 5646 habitus
840 5593 1213 5661 Langobardos
1240 5594 1293 5648 in
1322 5596 1564 5650 eamdem
1598 5593 1870 5665 regionem
1895 5602 1992 5652 ad-

428 5666 665 5730 Vocavit;
686 5664 825 5733 quod
855 5673 1028 5718 tamen
1056 5665 1220 5736 gratis
1245 5665 1420 5721 [Ictum
1442 5664 1709 5722 existimat
1733 5667 1992 5738 Valesius,

430 5734 517 5789 lib.
548 5750 597 5789 tr.
627 5752 729 5789 rer.
758 5734 996 5789 Francia.
1211 5780 1217 5787 .

460 5748 517 5799 ιι).
548 5750 597 5797 ιχ
627 5752 729 5791 rer.
758 5748 996 5789 rrancrc.

2182 4545 2198 4585 ί
2228 4545 2921 4612 Ebroduttmn,Entbrun,et
2945 4547 3230 4615 Vapingum
3254 4562 3345 4599 seu
3361 4545 3677 4614 Vapincum,

2123 4632 2240 4687 gap,
2271 4619 2515 4671 civitates
2560 4618 2612 4671 in
2661 4617 2977 4685 Delpliinatu
3023 4632 3205 4683 parum
3235 4632 3263 4667 a
3288 4632 3416 4687 sese
3449 4619 3681 4672 invicem

2105 4686 2324 4751 dis-Sita),
2342 4689 2565 4743 divertis:
2599 4699 2770 4741 tamen
2795 4689 3080 4755 pruvmcia:
3104 4686 3500 4741 ecclesiastica.
3528 4687 3682 4741 Prior

2106 4774 2297 4825 nempe
2338 4758 2644 4825 utetrOpolis
2690 4768 2771 4810 est
2818 4758 3025 4825 Alpium
3074 4756 3475 4817 hlaritimarum.
3508 4759 3680 4812 altera

2106 4843 2231 4881 vero
2259 4829 2359 4882 sub
2386 4828 2710 4881 Narbonensi
2745 4826 2785 4878 ll
2814 4828 3210 4894 archiepiscopo
3240 4828 3471 4893 Aquensi
3504 4840 3679 4895 paret.

2180 4897 2194 4947 l
2238 4899 2370 4951 Editi
2399 4898 2635 4966 plerique
2662 4913 2779 4949 cum
2810 4896 2991 4963 Iiegm.
3010 4905 3063 4950 et
3089 4895 3680 4966 Bec.,i'l‘ricassinorum.

2107 4965 2415 5021 Retineuda
2434 4978 2607 5022 tamen
2640 4975 2819 5021 nostra
2851 4968 3025 5019 lectio.
3054 4967 3181 5018 Nam
3215 4965 3515 5019 Tricassiua
3548 4967 3681 5022 urbs

2104 5048 2185 5091 est
2216 5040 2265 5091 in
2291 5036 2599 5105 Campania,
2616 5037 2772 5103 vulgo
2795 5037 3004 5105 'l'royes.
3020 5038 3085 5091 At
3107 5036 3196 5091 hic
3218 5037 3529 5103 designatur
3549 5038 3684 5093 urbs

2103 5108 2519 5161 Tricastinorum
2569 5108 2619 5159 in
2669 5106 3009 5173 Delphinum,
3041 5107 3196 5171 vulgo
3247 5106 3570 5159 Saiut-l’aul
3612 5110 3680 5162 de

2102 5176 2552 5231 'I‘roisoCIuiteaux.
2577 5178 2637 5229 Et
2658 5178 2870 5243 quidem
2899 5178 3153 5245 Eusebius
3183 5177 3479 5245 presbyter,
3504 5177 3684 5232 Victo‘

2102 5248 2174 5315 ris
2205 5249 2288 5300 hic
2320 5247 2597 5300 memorati
2630 5249 2877 5310 nurnine,
2900 5244 3143 5299 Concilio
3173 5244 3411 5311 Lugdun.
3442 5261 3481 5299 ιι
3510 5248 3681 5302 inter-

2101 5316 2231 5381 luit,
2256 5327 2310 5369 et
2346 5316 2567 5385 ipsemet
2600 5317 2838 5369 Concilio
2884 5316 3255 5369 Matiscottensi
3286 5331 3301 5368 ι
3333 5316 3678 5382 subscripsit.

2103 5388 2335 5440 Natalitii
2363 5398 2536 5441 autem
2566 5387 2647 5439 sui
2674 5387 2985 5439 solemnitas
3011 5401 3168 5455 quam
3199 5387 3525 5451 celebrabat,
3555 5397 3681 5443 erat

2105 5458 2466 5509 anniversaria
2503 5457 2923 5511 consecrationis
2962 5471 3075 5509 sua:
3112 5460 3225 5510 die»
3258 5458 3308 5510 in
3338 5457 3677 5524 cpiscouum.

2103 5529 2168 5581 Et
2198 5527 2408 5595 quidem
2439 5526 2699 5595 hodieque
2726 5528 2780 5579 in
2804 5528 3092 5581 Puntiticali
3117 5528 3355 5580 Romano
3380 5528 3519 5580 inter
3539 5527 3681 5583 hsta

2103 5598 2426 5652 solemniora
2476 5608 2815 5667 computatur
2850 5598 3266 5651 consecrationis
3303 5599 3678 5666 episcoporqu

2101 5668 2238 5730 dies,
2261 5666 2351 5745 qui
2384 5682 2498 5723 mos
2537 5666 2618 5724 cst
2658 5668 2925 5738 antiquus,
2958 5678 3013 5723 ut
3059 5676 3203 5738 patet
3239 5684 3303 5724 ex
3349 5678 3455 5724 vet.
3486 5682 3675 5735 sacra-

2101 5748 2391 5795 lDClll'iII‘lIS.
