4006 6182
302 293 397 346 δη,

1218 293 1530 349 HISTORIA
1578 296 2019 351 FRANCOIHJM.
2064 297 2263 352 LIBER
2304 297 2618 365 QUINTUS.

3443 301 3563 354 ΜΞ

300 404 602 457 vestimenta
627 401 766 470 ejus,
787 403 1058 457 ministros
1078 404 1423 469 caeciderunt,
1442 422 1566 460 vasa
1587 416 1638 461 et
1653 422 1864 461 onmem
1895 412 1944 470 Α
1971 424 2093 463 rans
2120 410 2257 480 quod
2292 412 2663 479 przetermissis
2703 423 2836 463 nune
2867 410 3151 480 generibus
3199 408 3555 477 feminarum,

298 505 602 560 apparatum
626 502 650 527 ι
683 493 890 559 prandii
919 492 1249 561 auferentes,
1275 498 1633 562 relinquentes
1662 499 1870 565 episco-

298 600 415 654 pum
446 585 499 637 in
530 584 717 652 grandi
748 586 1094 639 centumelia.
1120 587 1271 652 Quod
1300 602 1419 640 Ctilll
1451 604 1538 641 rex
1572 588 1873 644 Gnntcbra-

296 690 449 729 mnus
483 675 641 744 232
674 677 1025 739 ca-ntpcrisset
1046 718 1066 745 ,
1097 680 1409 746 congregari
1439 681 1699 748 synodum
1733 682 1873 749 apud

298 767 479 818 urbem
528 766 940 834 Lugdunensem
987 767 1165 836 jussit.
1197 770 1587 839 Cnnjnnctique
1635 775 1871 841 episcopi

300 869 418 907 cum
451 858 752 923 patriarcha
776 855 802 894 δ
840 858 1043 912 Nicetio
1076 860 1250 927 beato,
1275 862 1536 917 discussis
1562 865 1757 929 causis,
1788 865 1872 918 in-

298 958 556 1000 venerunt
577 961 673 1001 eos
701 948 770 1002 de
798 949 884 1003 his
912 950 1223 1017 sceleribus,
1245 953 1436 1021 quibus
1462 954 1871 1019 accusabantur,

296 1037 450 1090 valde
478 1038 783 1103 convictos;
819 1050 1297 1109 praeceperuntque
1341 1050 1397 1096 ut
1436 1048 1522 1110 qui
1566 1045 1685 1097 talia
1722 1059 1875 1098 com-

297 1130 577 1195 miserant,
600 1130 942 1199 episcopatus
972 1132 1175 1186 honore
1198 1135 1551 1201 privarentur.
1572 1139 1636 1189 At
1659 1136 1732 1190 illi
1754 1152 1875 1191 cum

295 1218 471 1271 adhuc
514 1219 799 1286 propitium
849 1220 951 1273 sibi
1000 1236 1177 1288 regem
1227 1236 1347 1277 esse
1393 1234 1631 1291 nossent,
1658 1225 1721 1278 ad
1753 1240 1875 1280 cum

298 1310 580 1379 accedunt,
609 1311 960 1379 implorantes
1001 1327 1059 1367 se
1104 1314 1297 1383 injuste
1338 1328 1572 1372 remotos
1612 1334 1629 1375 :
1670 1320 1877 1389 sibique

299 1400 460 1452 tribui
492 1400 785 1465 licentiam,
812 1412 869 1455 ut
897 1403 962 1456 ad
996 1419 1183 1473 papam
1232 1407 1379 1460 urbis
1424 1408 1678 1465 Romanas
1723 1425 1879 1466 acre-

297 1492 427 1545 dere
454 1490 704 1546 debeant.
732 1493 840 1545 ltex
869 1508 996 1548 vero
1025 1509 1266 1549 annuens
1294 1496 1638 1564 petitionibus
1666 1514 1875 1567 eorum,

298 1581 437 1635 datis
466 1583 711 1651 epistolis
739 1597 832 1637 eos
860 1584 1006 1646 abire
1032 1586 1294 1654 permisit.
1318 1587 1417 1654 Qui
1445 1590 1760 1646 accedentes
1787 1607 1879 1646 co-

297 1686 412 1724 ram
443 1687 575 1741 papa
603 1674 808 1728 Joanne
832 1684 881 1738 ο,
905 1686 1180 1744 exponunt
1206 1692 1267 1731 se
1296 1679 1492 1734 nullius
1523 1682 1744 1735 rationis
1767 1683 1879 1736 exi-

1976 504 2115 570 regis
2147 504 2447 556 vocitantur
2476 502 2657 565 liberi,
2691 502 2778 570 qui
2823 501 2889 555 de
2931 501 3148 569 regibus
3188 501 3383 554 fuerint
3424 517 3547 570 pro-

1975 592 2169 645 creati.
2207 593 2295 645 liis
2337 593 2530 646 auditis
2565 607 2654 645 rex
2688 600 2987 645 commotus
3016 592 3198 654 valde,
3233 599 3337 643 tam
3379 605 3548 657 equos

1975 699 2131 751 quam
2164 699 2384 753 pueros,
2415 685 2498 737 vel
2525 698 2851 752 quazcnnque
2880 683 3073 737 habere
3103 692 3404 751 potuerant,
3424 684 3548 736 abs-

1979 775 2127 841 tulit;
2162 778 2410 845 ipsosque
2455 778 2506 829 in
2563 775 2899 829 monasteriis
2928 793 2955 827 ιι
2986 791 3043 829 se
3074 775 3294 845 longiori
3325 790 3545 829 accessu

1976 867 2207 931 dimotis,
2234 868 2283 920 in
2314 868 2503 936 quibus
2534 868 2897 935 penitentiam
2926 879 3161 936 agerent,
3188 868 3382 921 includi
3411 884 3547 936 prae-

1976 959 2144 1024 cepit,
2178 974 2280 1011 non
2315 958 2543 1027 amplius
2570 973 2726 1026 quam
2758 959 2994 1024 singulos
3031 958 3109 1010 eis
3137 959 3361 1012 clericos
3388 961 3550 1012 relin-

1978 1063 2146 1118 quens
2189 1064 2204 1102 :
2247 1048 2458 1116 judices
2489 1049 2721 1104 locorum
2754 1048 3060 1101 terribiliter
3088 1062 3464 1113 comtnonens,
3491 1055 3549 1101 ut

1979 1138 2126 1206 ipsos
2154 1152 2273 1192 cum
2305 1138 2524 1191 armatis
2552 1137 2821 1191 custodire
2847 1136 3073 1190 debeant
3092 1179 3109 1205 ,
3147 1153 3214 1189 ne
3244 1136 3330 1191 cui
3360 1136 3423 1189 ad
3454 1151 3549 1191 eos

1978 1228 2275 1282 visitandos
2304 1229 2441 1283 ullu‘s
2471 1236 2649 1296 pateat
2673 1228 2868 1282 aditus.
2891 1226 3215 1296 Superstites
3236 1230 3376 1282 enim
3398 1238 3552 1283 erant

1981 1320 2066 1375 bis
2093 1320 2281 1376 diebus
2310 1319 2403 1377 lilii
2433 1320 2603 1389 regis,
2627 1335 2693 1374 ex
2724 1319 2916 1389 quibus
2943 1320 3122 1373 senior
3153 1328 3411 1388 :rgrotare
3440 1335 3552 1374 cos-

1984 1407 2082 1477 pit.
2099 1408 2428 1465 Accedentes
2449 1416 2626 1461 autem
2649 1406 2715 1461 ad
2744 1423 2923 1477 regem
2948 1406 3234 1460 familiares
3255 1406 3391 1476 ejus,
3410 1407 3554 1479 dixe

1983 1507 2107 1553 runt
2133 1515 2147 1552 :
2181 1499 2236 1552 Si
2269 1498 2531 1571 propitius
2558 1496 2743 1551 audire
2767 1496 3075 1564 dignaretur
3102 1509 3196 1549 rex
3226 1495 3386 1550 verba
3430 1510 3550 1550 ser-

1982 1602 2170 1641 vorum
2202 1601 2442 1652 suorum,
2469 1588 2813 1655 loquerentur
2843 1586 2894 1639 in
2921 1586 3139 1639 auribus
3165 1586 3291 1642 tuis.
3312 1585 3411 1653 Qui
3432 1586 3551 1642 ait:

1984 1678 2279 1748 Loquimini
2302 1692 2420 1746 qua:
2444 1677 2589 1731 libet.
2618 1677 3012 1745 Dixeruntque:
3042 1675 3119 1729 Ne
3148 1675 3281 1730 forte
3302 1677 3556 1731 innoceo-

300 1762 570 1816 stentibus
599 1765 774 1817 causis
804 1764 1035 1819 dimotos
1054 1766 1103 1820 ά.
1134 1766 1223 1821 ille
1251 1782 1377 1821 vero
1402 1767 1657 1837 epistolas
1687 1771 1753 1823 ad
1784 1786 1872 1824 re-
1907 1778 1952 1837 Β
1984 1780 2063 1824 tes
2095 1770 2146 1824 hi
2173 1770 2408 1837 episcopi
2434 1768 2622 1823 exsilio
2651 1768 2986 1823 condemnati
3019 1768 3259 1831 fuissent.
3284 1775 3340 1824 et
3368 1783 3554 1837 90003-

298 1868 416 1921 gem
442 1854 646 1923 dirigit,
667 1855 718 1907 in
741 1854 934 1924 quibus
956 1856 1086 1912 locis
1106 1859 1219 1912 suis
1240 1859 1455 1914 eosdem
1479 1859 1683 1914 restitui
1700 1860 1877 1929 jubet.

300 1946 455 2010 Quod
486 1961 576 2001 rex
609 1947 727 2001 sine
754 1962 925 2011 mora,
947 1949 1219 2019 castigatis
1251 1952 1397 2019 prius
1426 1951 1529 2027 illis
1550 1953 1725 2007 verbis
1749 1953 1883 2006 mul-

300 2037 391 2098 tis,
416 2037 678 2105 implevit.
704 2038 810 2093 Sed
838 2040 1003 2103 nulla,
1029 2041 1169 2108 quod
1198 2041 1347 2110 pejus
1375 2051 1479 2108 est,
1501 2040 1603 2096 fuit
1629 2042 1883 2097 emenda-

302 2135 381 2187 tio
404 2132 691 2187 subsecuta
724 2150 739 2188 :
772 2143 949 2188 tamen
984 2132 1212 2189 Victoris
1238 2135 1475 2204 episcopi
1509 2150 1691 2206 pacem
1720 2136 1884 2204 petie-

306 2233 453 2286 runt,
488 2223 698 2278 traditis
725 2224 1048 2289 hominibus,
1074 2239 1209 2293 quos
1237 2224 1290 2279 in
1320 2224 1638 2279 seditionem
1668 2226 1887 2281 direxe-

303 2323 448 2369 rant.
495 2316 599 2370 Sed
647 2317 734 2370 ille
782 2317 1092 2371 recordatus
1140 2318 1387 2386 pmcepti
1438 2316 1730 2381 Dominici,
1777 2332 1881 2372 non

303 2408 505 2460 debere
531 2407 679 2462 reddi
710 2408 937 2462 inimicis
968 2408 1105 2461 mala
1138 2422 1234 2477 pro
1263 2408 1417 2462 malis
1446 2408 1622 2477 (Rom.
1647 2422 1742 2469 xu,
1773 2408 1880 2477 i7),

301 2494 435 2549 nihil
486 2496 568 2550 bis
616 2497 737 2549 mali
772 2497 1008 2561 iaciens,
1032 2497 1231 2551 liberos
1260 2496 1410 2551 abire
1436 2495 1700 2565 permisit.
1732 2495 1885 2551 Unde

301 2587 354 2641 in
402 2594 673 2654 posterum
716 2602 745 2640 a
788 2590 1165 2642 communione
1208 2600 1499 2655 suSpensus
1542 2595 1646 2654 est,
1679 2602 1776 2657 pro
1819 2602 1885 2642 eo

301 2676 445 2745 quod
498 2677 707 2745 publice
752 2692 1031 2743 accusans,
1070 2678 1206 2733 clam
1254 2679 1484 2732 inimicis
1530 2680 1881 2748 pepercisset,

302 2768 511 2837 absque
540 2771 764 2823 consilio
794 2769 1015 2825 fratrum
1036 2813 1051 2838 ,
1084 2787 1218 2841 quos
1248 2782 1611 2827 accuSaverat.
1640 2773 1746 2828 Sed
1790 2789 1887 2842 per

303 2858 544 2915 favorem
574 2862 714 2930 regis
737 2863 927 2916 iterum
952 2864 1004 2917 in
1028 2863 1456 2918 communionem
1481 2875 1760 2919 revocatus
1783 2875 1883 2919 est.

304 2954 369 3008 lii
399 2967 528 3007 vero
558 2955 611 3007 in
645 2954 939 3022 majoribus
969 2955 1261 3008 sceleribus
1302 2954 1539 3022 quotidie
1586 2955 1887 3009 misceban-

304 3053 392 3098 tur
418 3061 433 3096 :
470 3054 525 3097 et
557 3045 609 3097 in
639 3045 838 3112 pradiis
869 3044 973 3098 illis
994 3084 1009 3109 ,
1040 3044 1178 3098 sicut
1199 3043 1310 3112 jam
1341 3058 1501 3111 supra
1543 3046 1883 3098 meminimus

1981 1868 2089 1913 tum
2133 1861 2276 1928 regis
2323 1869 2579 1926 augeatur
2622 1858 2673 1911 in
2714 1858 2920 1927 aliquo,
2951 1865 3007 1911 et
3035 1858 3152 1913 ideo
3183 1858 3553 1915 iiiius‘domini

1982 1952 2147 2003 nostri
2177 1959 2376 2018 pereat.
2402 1950 2503 2014 Qui
2530 1950 2605 2000 ait
2632 1966 2647 2000 :
2680 1950 2753 2001 ite
2778 1948 3122 2015 quantocius,
3144 1956 3200 2001 et
3226 1949 3400 2003 laxate
3426 1963 3550 2020 eos,

1981 2042 2331 2107 deprecantes
2357 2049 2413 2092 ut
2440 2048 2594 2093 orent
2622 2053 2716 2106 pro
2747 2038 2977 2106 parvulis
3004 2038 3219 2091 nostris.
3236 2036 3438 2104 Quibus
3460 2038 3557 2095 ab—

1982 2133 2249 2197 euntibus,
2272 2130 2477 2183 dimissi
2503 2141 2645 2182 sunt.
2672 2128 2884 2197 Egressi
2917 2126 3075 2196 igitur
3101 2127 3169 2182 de
3196 2128 3554 2191 monasteriis,

1983 2224 2250 2295 conjuncti
2283 2233 2411 2278 sunt
2439 2223 2657 2291 pariter,
2676 2232 2728 2276 et
2755 2236 2814 2275 se
2841 2222 3164 2287 osculantes,
3180 2237 3245 2277 eo
3266 2223 3407 2291 quod
3429 2222 3560 2279 olim

1983 2334 2013 2372 a
2044 2334 2101 2372 se
2125 2318 2220 2371 visi
2253 2331 2355 2370 non
2389 2316 2616 2379 inerant,
2638 2313 2702 2368 ad
2732 2313 2975 2368 civitates
3002 2328 3124 2367 suas
3147 2316 3373 2383 regressi
3392 2325 3517 2369 sunt
3541 2331 3554 2368 :

1984 2423 2038 2465 et
2065 2410 2115 2463 in
2147 2418 2350 2463 tantum
2379 2406 2683 2472 compuncti
2707 2413 2853 2471 sunt,
2878 2414 2935 2459 ut
2960 2405 3264 2458 viderentur
3291 2420 3557 2472 nunquam

1986 2517 2014 2555 a
2047 2501 2323 2570 psallentio
2352 2511 2585 2563 cessare,
2606 2495 2767 2567 234
2793 2495 3067 2561 celebrare
3089 2494 3308 2564 jejunia,
3327 2495 3558 2550 eieemo-

1987 2605 2148 2661 synas
2177 2602 2452 2654 exercere,
2477 2587 2665 2641 librum
2694 2586 2922 2640 Davidici
2946 2587 3198 2639 carminis
3225 2588 3445 2655 explere
3466 2600 3561 2657 per

1987 2685 2150 2749 diem,
2175 2693 2463 2748 noctesque
2494 2680 2545 2733 in
2579 2679 2789 2750 hymnis
2814 2693 2876 2732 ac
2907 2678 3222 2732 lectionibus
3249 2679 3563 2735 meditando

1988 2775 2273 2830 deducere.
2292 2772 2395 2827 Sed
2426 2788 2531 2826 non
2553 2771 2642 2825 diu
2670 2771 2783 2824 hzec
2810 2770 3066 2823 sanctitas
3087 2770 3291 2824 illibata
3319 2784 3561 2838 perman.

1991 2866 2060 2919 sit
2085 2906 2101 2931 ,
2132 2864 2483 2931 conversique
2512 2870 2636 2915 sunt
2666 2861 2854 2914 iterum
2896 2868 3187 2913 retrorsum
3220 2874 3237 2912 :
3268 2868 3322 2912 et
3352 2860 3418 2912 ita
3451 2861 3561 2929 ple~

1989 2972 2215 3025 rumque
2247 2966 2431 3009 noctes
2462 2952 2729 3022 epulando
2755 2961 2914 3021 atque
2944 2949 3172 3005 bibendo
3199 2949 3559 3015 ducebant,ut

1989 3048 2199 3102 clericis
2227 3046 2509 3100 matutinas
2536 3043 2587 3096 in
2615 3043 2839 3098 ecclesia
2866 3040 3277 3105 celebrantibus,
3295 3039 3348 3093 hi
3371 3042 3562 3108 pocula

307 3134 448 3206 (Lib.
479 3150 553 3200 tv,
583 3150 698 3204 cap.
725 3133 836 3201 57),
867 3148 986 3203 quae
1018 3134 1336 3188 Mummolus
1364 3149 1482 3187 cum
1514 3133 1957 3209 Langobardisvc
1991 3146 2291 3206 poscerent,
2308 3144 2363 3191 et
2383 3135 2501 3189 vina
2537 3131 2949 3186 libarent.Nulla
2981 3145 3201 3196 prorsus
3225 3130 3292 3184 de
3315 3131 3421 3183 Deo
3446 3139 3564 3193 erat

305 3225 494 3297 gessit,
525 3233 774 3294 tanquam
806 3239 943 3278 unus
970 3240 1032 3278 ex
1066 3224 1237 3289 laicis,
1259 3224 1483 3278 accincti
1516 3237 1685 3289 arma,
1719 3225 1885 3292 pluri-

307 3332 430 3373 mos
473 3317 704 3386 propriis
746 3317 987 3370 manibus
1029 3315 1427 3371 interfecerunt.
1461 3315 1515 3369 in
1574 3316 1718 3371 cives
1759 3331 1886 3371 vero

307 3422 436 3463 suos
481 3408 768 3462 nonnullos
807 3406 1059 3461 commoti
1104 3406 1251 3471 felle,
1280 3406 1623 3461 verberantes
1662 3407 1897 3463 fustibus

309 3516 481 3569 usque
508 3500 572 3554 ad
603 3498 918 3554 elfusionem
951 3498 1226 3565 sanguinis
1246 3539 1260 3564 ,
1288 3499 1599 3552 saeviebant.
1631 3497 1782 3553 Unde
1808 3498 1887 3552 ia-

310 3601 453 3643 ctum
499 3598 612 3657 est,
643 3598 700 3644 ut
741 3590 942 3645 clamor
972 3589 1129 3659 233
1171 3589 1350 3657 populi
1390 3589 1455 3643 ad
1493 3604 1674 3660 regem
1711 3590 1889 3646 denuo

316 3681 667 3750 procederet;
702 3681 1028 3750 eosdemque
1058 3696 1147 3733 rex
1177 3680 1425 3734 arcessiri
1456 3683 1725 3751 praecepit.
1755 3683 1889 3749 Qui-

314 3772 413 3825 bus
436 3770 867 3833 advenientibus,
896 3770 1064 3825 noluit
1094 3771 1205 3824 suis
1229 3771 1503 3825 obtutibus
1530 3774 1841 3840 praesentari
1862 3791 1885 3833 ,ε

315 3865 515 3918 scilicet
545 3873 602 3917 ut
634 3864 780 3933 prius
812 3864 986 3915 habita
1015 3863 1311 3929 audientia,
1341 3862 1386 3916 si
1418 3863 1591 3917 idonei
1618 3873 1640 3900 °
1669 3866 1880 3919 inveni-

314 3964 522 4022 rentur,
556 3954 632 4008 sic
663 3939 1167 4023 regis'praasentiam
1198 3963 1551 4009 mererentur.
1586 3955 1687 4010 Sed
1718 3956 1891 4026 Sagit-

316 4046 484 4099 tarius
530 4044 655 4100 felle
701 4056 1032 4110 commotus,
1079 4044 1213 4099 hanc
1253 4046 1510 4099 rationem
1551 4045 1687 4101 dure
1724 4049 1893 4101 susci-

317 4138 491 4207 piens,
521 4147 578 4191 ut
606 4146 723 4191 erat
748 4137 886 4191 levis
912 4150 975 4190 ac
1005 4149 1193 4199 vanus,
1219 4145 1273 4190 et
1302 4136 1353 4190 in
1386 4136 1722 4191 sermonibus
1752 4138 1889 4191 irra-

318 4228 665 4282 tionabilibus
712 4227 979 4295 protinus,
1026 4227 1324 4281 declamare
1366 4225 1591 4295 plurima
1640 4226 1706 4281 de
1764 4242 1891 4296 rege

317 4321 501 4385 ρωνὶι,
531 4335 595 4374 ac
634 4320 836 4383 dicere,
867 4319 1009 4387 quod
1042 4319 1133 4371 ﬁlii
1164 4319 1281 4385 eius
1311 4334 1529 4387 regnum
1560 4332 1754 4387 capere
1785 4334 1889 4374 non

319 4420 570 4480 possent,
600 4425 667 4466 eo
696 4409 837 4480 quod
880 4418 1047 4463 mater
1075 4424 1258 4463 eorum
1291 4423 1355 4462 ex
1386 4406 1581 4462 familia
1613 4407 1631 4447 ί
1668 4409 1889 4478 Magna-

1988 3230 2209 3296 utentio,
2234 3228 2411 3281 nullus
2439 3226 2654 3279 omnino
2681 3237 2868 3278 cursus
2887 3232 2912 3269 κ
2946 3223 3216 3277 memoriae
3247 3222 3558 3276 habebatur.

1989 3320 2265 3375 Redeunte
2290 3317 2316 3356 ιι
2346 3332 2569 3383 aurora,
2600 3324 2877 3385 surgentes
2923 3329 2952 3366 a
3000 3327 3153 3368 creua
3174 3352 3189 3377 ,
3222 3312 3466 3365 mollibus
3495 3324 3556 3365 se

1992 3414 2318 3466 indumentis
2343 3410 2666 3479 cperientes,
2692 3421 2881 3461 somno
2908 3406 3135 3475 vinoque
3162 3405 3374 3472 sepulti,
3394 3418 3563 3473 usque

1991 3507 2055 3560 ad
2088 3508 2271 3559 horam
2301 3505 2403 3559 diei
2436 3502 2644 3557 tertiam
2675 3499 3031 3554 dormiebant.
3058 3496 3163 3552 Sed
3193 3512 3288 3551 nec
3316 3496 3565 3552 mulieres

1991 3599 2214 3653 deerant
2236 3613 2353 3650 cmn
2380 3596 2573 3665 quibus
2604 3594 2983 3662 polluerentur.
3003 3590 3358 3658 Exsurgentes
3380 3588 3562 3654 igitur,

1992 3691 2156 3744 abluti
2202 3688 2401 3744 balneis
2441 3687 2505 3740 ad
2549 3685 2851 3741 convivium
2892 3680 3333 3745 discumbebant;
3366 3679 3431 3734 de
3459 3695 3566 3747 quo

1994 3794 2221 3849 vespere
2266 3786 2567 3847 surgentes,
2602 3789 2768 3851 egena:
2809 3771 3083 3826 inhiabant
3120 3784 3286 3840 usque
3326 3769 3392 3823 ad
3438 3769 3564 3823 illud

1991 3871 2125 3926 lucis
2161 3880 2401 3938 tempus,
2430 3867 2569 3937 quod
2616 3867 2859 3935 superius
2898 3862 3149 3920 diximus.
3181 3862 3269 3917 Sic
3308 3861 3569 3916 faciebant

1991 3963 2216 4031 singulis
2242 3962 2449 4024 diebus,
2482 3959 2654 4013 donec
2681 3958 2756 4011 ira
2789 3956 2881 4010 Dei
2912 3954 3067 4009 irruit
3090 3968 3252 4021 super
3278 3967 3392 4016 eos,
3419 3951 3563 4021 quod

1993 4054 2046 4109 in
2076 4062 2343 4123 posterum
2363 4049 2701 4104 memoraturi
2720 4061 2904 4102 sumus
2923 4045 3061 4116 (Lib.
3086 4060 3177 4109 vn,
3202 4060 3320 4113 cap.
3345 4042 3458 4111 59).

2066 4143 2229 4199 XXII.
2267 4144 2416 4197 Tunc
2446 4140 2786 4196 Vuinnochus
2810 4135 2829 4177 ί
2856 4137 3024 4190 Britto
3058 4135 3112 4189 in
3154 4148 3361 4187 summa
3404 4132 3570 4185 absti-

1993 4235 2169 4291 nentia
2208 4249 2239 4289 a
2286 4232 2570 4287 Britanniis
2617 4230 2765 4284 venit
2814 4225 3083 4290 Turonis,
3144 4223 3568 4294 Hierosolymam

1994 4326 2248 4382 accedere
2282 4324 2519 4392 cupiens,
2559 4322 2765 4377 nullum
2799 4318 2941 4373 aliud
2971 4317 3343 4372 vestimentum
3372 4315 3477 4370 nisi
3503 4315 3572 4369 de

2000 4417 2222 4488 pellibus
2246 4417 2422 4471 ovium
2455 4414 2574 4468 lana
2600 4412 2822 4484 privatis
2861 4409 3062 4465 habens
3097 4425 3111 4463 :
3153 4421 3313 4477 quem
3341 4418 3439 4460 nos
3465 4420 3572 4474 quo

320 4502 487 4559 charii
514 4503 780 4572 quondam
828 4502 1021 4568 ascita,
1056 4501 1197 4571 regis
1225 4510 1398 4555 torum
1426 4500 1647 4556 adiisset
1688 4518 1700 4554 :
1745 4502 1889 4572 igno-
1923 4519 1975 4580 D
1998 4508 2203 4566 facilius
2231 4519 2563 4574 teneremus,
2588 4505 2710 4576 quia
2750 4502 2902 4560 nobis
2932 4500 3215 4572 religiosus
3240 4498 3398 4554 valde
3426 4497 3572 4554 vidc-

394 4673 421 4700 ⁸
452 4664 638 4733 llegm.
664 4675 767 4713 non
799 4658 957 4733 habet
985 4656 1207 4733 prandii.

392 4734 423 4773 δ
468 4724 789 4788 Pairiarcha:
839 4724 1047 4781 titulum
1100 4728 1182 4778 hic
1228 4725 1433 4780 Nicetio
1483 4724 1663 4779 datum
1708 4724 1894 4796 objicit

326 4806 586 4866 Cuintius,
608 4812 664 4856 ut
695 4802 881 4869 probet
904 4814 964 4851 ea
996 4812 1113 4866 qua:
1139 4798 1225 4851 hic
1249 4798 1317 4849 de
1347 4795 1634 4869 Sagittario
1662 4805 1713 4849 et
1728 4795 1895 4869 Salo-

326 4880 417 4931 nio
438 4865 759 4935 referuntur,
775 4870 842 4925 ab
863 4865 1041 4936 aliquo
1063 4869 1440 4936 interpolatnre
1462 4865 1699 4936 Gregorii
1725 4867 1896 4919 Histo-

324 4948 418 5001 riae
455 4944 632 4998 addita
675 4940 859 4994 fuisse.
904 4935 1005 4993 sed
1053 4937 1195 4991 idern
1250 4935 1429 4990 titulus
1473 4935 1654 4990 Prisco
1701 4936 1888 4990 Nicetii

324 5014 620 5071 successori
664 5014 821 5065 datur
861 5010 912 5062 in
959 5007 1198 5061 Concilio
1233 5008 1507 5060 Matiscon.
1537 5022 1598 5060 ll.
1627 5005 1894 5073 Sulpicius

327 5087 493 5154 cpisc.
530 5084 760 5154 Bituric1
773 5082 975 5154 dicitur
1006 5078 1307 5154 patriarcha
1347 5078 1407 5154 in
1433 5077 1600 5154 epist.
1631 5076 1895 5154 D_esiderii

326 5145 703 5211 Cadurceusis.
728 5152 923 5204 Chesn.
955 5145 1083 5201 tofm.
1117 5148 1159 5213 l,
1192 5162 1309 5215 pag.
1341 5148 1466 5212 880,
1500 5162 1598 5200 nec
1627 5145 1777 5199 alteri
1810 5160 1898 5199 us-

326 5242 483 5294 quam
516 5222 928 5294 metropolitano
952 5232 1237 5294 con‘cess‘us
1266 5218 1455 5294 legitur
1476 5218 1527 5270 in
1547 5217 1664 5269 aliis
1688 5216 1896 5294 illorum

329 5285 628 5365 temporum
662 5292 849 5365 Gallia;
874 5289 1112 5365 synodis.
1142 5287 1643 5365 Conciliumuantem
1665 5285 1899 5365 _Lugdu-

327 5357 521 5431 nenie,
543 5366 613 5420 de
648 5378 755 5433 quo
800 5360 884 5415 hic
906 5357 1123 5429 'agitur,
1156 5373 1192 5411 ιι
1226 5358 1380 5426 vulgo
1421 5357 1634 5423 dicitur,
1664 5358 1900 5411 habitum

327 5451 471 5490 atmo
497 5434 620 5489 567.

412 5517 435 5544 ε
466 5507 697 5561 Joannes
741 5501 829 5566 Ili,
870 5509 1229 5569 cognomento
1275 5497 1587 5563 Calciiinus,
1629 5496 1699 5551 ad
1745 5511 1900 5565 quem

333 5576 595 5647 permissu
624 5575 782 5644 regis,
811 5583 864 5625 ιιι
891 5568 1131 5626 observat
1169 5568 1479 5639 Gregorius,
1504 5574 1862 5623 accesserant.

408 5642 435 5683 δ
468 5647 675 5697 licam.
701 5652 917 5697 remotos
944 5659 975 5696 α
1003 5643 1107 5693 suis
1138 5641 1430 5694 honoribus.

534 5661 675 5697 ΞΩΠΙ..
701 5655 917 5697 remotos
944 5659 975 5696 α
1003 5657 1107 5693 81118
1138 5655 1430 5694 ηοηθηυιιε.

416 5661 435 5683 ³
469 5661 675 5713 ncgm.,
701 5661 917 5697 remows
944 5661 975 5696 α
1003 5661 1107 5693 suis
1138 5661 1430 5694 nonanona.

416 5725 437 5755 '~'
479 5717 528 5771 id
561 5726 660 5782 est,
692 5717 889 5781 absque
916 5711 1156 5775 crimine,
1191 5722 1243 5765 ut
1289 5709 1479 5779 passim
1513 5708 1741 5778 loquitur
1774 5705 1902 5763 Gre-

1995 4664 2207 4729 gorius;
2241 4661 2363 4716 inde
2392 4661 2446 4715 in
2475 4657 2868 4729 Capituiaribns
2893 4652 3229 4709 seidonearo.
3260 4651 3396 4708 Vide
3428 4654 3575 4710 Alte-

1996 4745 2473 4870 “iniungimus
2502 4802 2672 4853 iuerat
2696 4795 2893 4870 ancilla
2922 4795 2977 4850 in
3007 4793 3167 4849 domo
3184 4791 3571 4864 Magnacharii.

2002 4872 2131 4928 Vide
2158 4867 2316 4942 supra
2345 4867 2459 4925 n’ot.
2508 4872 2559 4923 in
2588 4884 2705 4936 cap.
2739 4867 2829 4922 17.

2070 4974 2095 5011 ε
2137 4964 2226 5018 Sic
2254 4964 2575 5018 vocabantur
2605 4961 2751 5015 horas
2795 4957 3088 5013 canonice.
3140 4956 3309 5010 Hodie
3361 4956 3571 5010 dicere-

1998 5051 2155 5090 mus:
2187 5035 2338 5088 Nulla
2366 5033 2445 5089 eis
2471 5042 2587 5087 erat
2629 5045 2757 5084 cura
2786 5026 3046 5083 recitandi
3078 5026 3356 5080 Breviarii.
3402 5028 3571 5091 Quam

1999 5120 2125 5159 vero
2153 5105 2382 5173 religiosi
2413 5110 2595 5158 essent
2646 5102 2761 5154 istis
2806 5099 3133 5173 temporibus
3176 5095 3379 5173 clerici,
3410 5098 3571 5173 etiam

2001 5166 2279 5254 episcopi:
2292 5176 2340 5227 in
2372 5175 2473 5254 hoc
2503 5166 3574 5254 persolvendopenso,_”ex.cotttpluri'hns

2001 5235 2118 5300 aliis
2146 5235 2384 5315 Gregorii
2418 5235 2738 5315 locispatct.
2776 5235 2906 5292 Vide
2946 5235 3231 5315 illabillunii
3255 5235 3584 5303 disquisitio-

2006 5331 2127 5370 nem
2156 5316 2222 5370 de
2247 5310 2405 5369 cursu
2452 5312 2747 5375 Gallicano,
2785 5322 2965 5379 parag.
2998 5310 3052 5361 6.

2005 5475 2038 5526 ά
2076 5401 2208 5459 llSic
2237 5402 2369 5458 Cod.
2401 5403 2577 5460 Casio.
2600 5416 2614 5467 ;
2638 5409 2691 5455 at
2717 5398 2929 5467 Regm.,
2954 5396 3228 5450 relucente.
3255 5393 3421 5463 Editi,
3441 5398 3583 5451 reni-

2039 5485 2174 5526 ente.
2331 5492 2333 5494 ·

2039 5485 2193 5533 ante.
2331 5492 2333 5494 ’

2086 5566 2100 5602 ί
2144 5564 2320 5631 Colb.,
2349 5564 2660 5619 Wanoc/tus.
2693 5560 2842 5627 Bad.,
2870 5558 3176 5617 Munocltttt.
3200 5558 3277 5617 De
3299 5560 3422 5630 ejus
3445 5572 3589 5619 morr

2009 5647 2061 5694 te
2090 5638 2179 5693 lib.
2209 5652 2297 5692 vni
2322 5678 2335 5701 ,
2361 5652 2481 5702 cap.
2515 5634 2601 5689 53.
