4006 6182
439 242 543 312 at;

1443 246 1501 313 S.
1538 246 1860 311 GREGQRII
1903 247 2203 307 EPISCOPI
2244 252 2664 313 TURONEXSIS

3586 267 3692 322 314

440 356 615 425 batur,
641 352 954 423 presbyterii
1000 353 1165 421 gratia
1215 354 1590 412 honoravitnus
1622 367 1667 408 ιι.
1721 358 2007 427 lngitrudis
2036 372 2088 432 Α
2114 363 2370 433 Sedpost
2407 381 2626 432 annum,
2660 375 2716 421 et
2738 367 2920 435 patriae
2961 378 3014 424 et
3058 369 3396 429 facultatibus
3446 375 3687 432 redditus

437 456 614 501 autem
668 444 969 523 religiosam
1048 447 1488 502 consuetudinem
1544 450 1791 514 habebat,
1815 468 2006 520 aquam

436 539 503 597 de
541 536 785 603 sepulcro
806 537 973 590 sancti
1018 536 1223 590 Martini
1252 538 1502 606 colligere
1530 555 1544 593 :
1572 555 1673 609 qua
1707 556 1841 612 aqua
1873 544 2007 598 deli.

433 637 627 694 cnente,
660 637 808 695 rogat
836 643 931 683 vas
956 642 1075 685 cum
1111 630 1234 681 vino
1260 631 1323 682 ad
1356 631 1496 689 beati
1520 633 1781 699 tumulum
1811 634 2008 703 depor-

433 724 553 774 tari.
577 720 868 775 Trausacta
906 732 1083 779 autem
1102 736 1294 787 noete,
1321 725 1395 778 id
1422 725 1614 781 exinde
1644 726 1744 781 hoc
1788 732 2008 799 presby-

432 818 547 863 tero
577 821 837 877 praesente
864 814 1062 868 assumi
1110 815 1400 884 mandavit,
1429 826 1485 869 et
1512 818 1575 870 ad
1606 834 1665 872 se
1694 819 1890 884 delato,
1932 822 2006 875 ait

432 902 743 973 presbytero
775 923 786 957 :
817 905 1129 959 Auferhinc
1154 909 1357 969 vinum,
1387 900 1438 961 et
1460 923 1618 962 unam
1651 919 1854 967 tantum
1882 921 2006 981 gut-

430 998 537 1047 tam
583 994 649 1053 de
687 1008 819 1063 aqua
874 995 1173 1062 benedicta,
1229 997 1369 1053 unde
1406 1013 1601 1066 parum
1625 1009 1891 1069 superest,
1925 1000 2006 1055 ef-

427 1082 588 1141 funde
615 1081 662 1136 b.
691 1083 841 1150 Quod
874 1099 997 1149 cum
1026 1084 1259 1145 fecisset.
1308 1088 1501 1142 mirum
1532 1088 1696 1154 dictu,
1716 1090 2000 1145 vasculum

427 1173 568 1242 quod
597 1173 947 1242 semiplenum
988 1184 1136 1239 erat,
1185 1176 1253 1230 ad
1298 1178 1454 1237 nnius
1492 1187 1653 1247 guttae
1683 1162 2000 1239 descensum

424 1266 701 1333 impletum
724 1276 827 1323 est.
874 1266 1017 1325 idem
1067 1268 1147 1323 bis
1193 1279 1286 1335 aut
1314 1279 1411 1331 ter
1459 1272 1529 1324 ita
1561 1281 1862 1337 vacuatum,
1908 1287 2002 1341 per

425 1363 814 1427 uitatutantum
846 1364 1045 1426 guttam
1082 1368 1168 1415 est
1199 1359 1471 1425 impletum
1501 1362 1703 1432 :7235
1729 1364 1868 1432 quod
1893 1378 1998 1422 nun

423 1444 706 1513 ambigitur
730 1448 856 1503 etin
889 1448 989 1501 hoc
1010 1448 1148 1502 beati
1180 1448 1392 1504 Martini
1418 1450 1887 1511 afuissevirtutem.

494 1534 684 1591 χχιιι.
729 1537 823 1592 His
849 1539 922 1594 ita
950 1540 1136 1608 gestis,
1169 1540 1398 1603 Samson
1425 1543 1566 1597 illius
1589 1545 1882 1614 Chilperici
1911 1562 1998 1601 re-

420 1627 503 1698 gis
522 1628 721 1697 iunior,
745 1645 775 1684 a
801 1631 1103 1709 dysenteria
1122 1641 1179 1687 et
1205 1632 1354 1688 febre
1384 1636 1822 1703 comprehensus,
1856 1654 1887 1693 e
1912 1632 1999 1694 re?

2115 468 2198 511 est
2230 458 2363 526 (Lib.
2390 475 2478 513 vni
2500 499 2516 525 ,
2547 476 2666 529 cap.
2708 460 2822 529 26).
2852 462 3281 519 Guntcltramnus
3313 466 3451 521 Boso
3487 470 3691 525 relictis

2114 548 2321 604 filiabus
2343 550 2456 603 suis
2484 551 2536 603 in
2568 550 2789 606 basilica
2814 552 2951 607 beati
2978 552 3162 607 Hilarii
3192 554 3256 608 ad
3278 553 3683 613 Cliildebertum

2112 653 2288 707 regem
2322 641 2550 695 transiit.

2180 731 2367 785 XXVI.
2406 733 2562 787 Anno
2588 748 2798 801 quoque
2826 736 2980 788 tertio
3230 735 3555 791 Cliildeberti
3598 754 3686 794 re-

2107 821 2207 888 gis,
2236 823 2322 887 qni
2350 832 2465 875 erat
2492 822 2772 889 Chilperici
2803 834 2856 877 et
2884 824 3267 878 Gumchramni
3300 826 3554 894 septimus
3585 829 3680 883 de-

2107 913 2275 973 cimus
2309 927 2648 977 annus,.cum
2682 915 2855 969 Dacco
2898 924 2921 954 σ
2957 915 3189 983 Dagarici
3221 917 3489 985 quondam
3518 916 3678 982 (ilius.

2108 1002 2294 1059 relicto
2334 1018 2459 1071 rege
2501 1004 2829 1072 Chilperico,
2879 1006 2980 1060 huc
3025 1006 3256 1075 illucque
3303 1018 3604 1078 vagaretur,
3646 1023 3679 1063 a

2108 1092 2402 1151 Dracoleno
2434 1092 2451 1131 ί
2486 1094 2640 1161 (ιω-θ,
2673 1095 2762 1163 qui
2801 1095 3078 1153 dicebatur
3106 1096 3419 1164 lndustrius,
3451 1098 3676 1152 fraudu-

2103 1183 2276 1241 lenter
2298 1184 2663 1255 apprehensus
2687 1194 2769 1240 est
2802 1205 2813 1238 :
2846 1203 3003 1255 quem
3032 1189 3266 1243 vinctum
3299 1188 3364 1241 ad
3407 1189 3677 1258 Chilperi-

2103 1289 2226 1347 cum
2248 1290 2425 1344 regem
2452 1276 2780 1331 Brannacum
2810 1277 3048 1344 deduxit,
3073 1278 3197 1332 dato
3232 1278 3282 1333 ei
3320 1290 3677 1344 sacramento,

2102 1368 2242 1433 quod
2272 1366 2433 1421 vitam
2467 1366 2617 1423 illius
2666 1382 2939 1436 cumrege
2967 1377 2991 1415 8
3022 1369 3311 1426 obtineret.
3342 1369 3445 1423 Sed
3480 1370 3681 1424 oblitus

2100 1454 2439 1521 sacramenti,
2469 1455 2577 1524 egit
2605 1471 2724 1529 cum
2750 1456 3003 1524 print-ipe,
3036 1455 3265 1511 nefarias
3283 1473 3376 1514 .res
3404 1473 3677 1521 asserens.

2105 1552 2162 1597 ut
2210 1553 2528 1607 moreretur.
2559 1545 2653 1599 llle
2682 1560 2893 1613 quoque
2931 1561 3052 1601 cum
3082 1548 3289 1601 vinctus
3319 1546 3677 1613 detineretur.

2102 1625 2157 1689 et
2181 1645 2423 1693 cerneret
2450 1650 2522 1695 ,se
2560 1636 2766 1702 penitus
2794 1651 2899 1691 non
2926 1652 3241 1703 evasurum,
3268 1652 3301 1689 a
3338 1639 3675 1706 presbytero,

418 1716 518 1785 bus
542 1718 788 1785 humanis
813 1723 1064 1775 excessit.
1095 1723 1189 1776 llic
1217 1738 1364 1787 vero,
1386 1738 1506 1777 cum
1535 1725 1867 1794 Chilpericus
1897 1743 1991 1785 rex
2022 1737 2068 1799 η
2097 1738 2222 1792 rege
2252 1725 2556 1789 nesciente,
2605 1725 2969 1793 pmuitentiam
3000 1726 3152 1793 petiit
3170 1724 3228 1781 .h.
3276 1727 3388 1790 Qua
3432 1738 3674 1797 accepta,

426 1808 654 1867 Tornaci
678 1826 712 1864 a
757 1810 1291 1869 fratreobsideretur
1314 1815 1452 1883 (Lib.
1497 1831 1572 1882 iv,
1605 1833 1722 1886 cap.
1755 1816 1865 1889 5'2),
1900 1834 1995 1873 na—

417 1908 503 1959 tus
533 1909 616 1956 est
649 1918 663 1954 :
686 1918 842 1971 quem
866 1912 1053 1958 mater
1079 1904 1149 1957 ob
1175 1913 1376 1959 metum
1408 1908 1601 1959 mortis
1627 1920 1660 1959 a
1688 1922 1746 1960 se
1774 1908 1999 1975 abjecit,

416 2004 471 2059 et
495 1995 717 2061 perdere
741 1993 929 2050 voluit.
961 1994 1066 2050 Sed
1097 2009 1218 2049 cum
1263 2010 1369 2049 non
1402 2000 1681 2064 potuisset,
1714 1996 1992 2067 objurgata

413 2098 444 2149 a
472 2100 616 2154 rege,
642 2101 763 2140 eum
793 2087 1042 2153 baptizari
1075 2086 1347 2154 prtecepit.
1371 2087 1469 2153 Qui
1496 2087 1812 2157 baptizatus,
1844 2097 1899 2143 et
1923 2089 1993 2143 ab

412 2179 532 2250 ipso
560 2178 810 2247 episcopo
858 2188 881 2216 ο
936 2188 1237 2246 susceptus,
1273 2178 1441 2232 lustro
1479 2193 1584 2232 uno
1614 2194 1713 2233 nec
1758 2180 1993 2246 perfecto

412 2266 694 2329 defunctus
735 2276 835 2324 est.
886 2267 1016 2322 Nam
1064 2277 1119 2322 et
1152 2276 1335 2323 mater
1363 2268 1479 2337 ejus
1522 2268 1885 2339 Fredegundis
1939 2274 1993 2326 in

413 2362 497 2427 bis
520 2362 707 2417 diebus
734 2362 965 2431 graviter
995 2362 1298 2430 aegrotavit,
1325 2362 1418 2416 sed
1447 2364 1740 2417 convaluit.

484 2451 674 2505 XXIV.
725 2453 967 2507 Postbaec
1018 2452 1070 2505 in
1119 2462 1298 2517 nocte,
1348 2467 1469 2521 qua:
1498 2464 1625 2508 erat
1658 2453 1826 2508 .tertio
1860 2453 1992 2509 ldus

411 2543 748 2609 Novembris,
791 2545 1035 2611 apparuit
1065 2544 1218 2598 nobis
1246 2543 1385 2597 beati
1414 2543 1625 2598 Martini
1656 2544 1863 2613 vigilias
1901 2560 1989 2601 ce-

411 2632 738 2705 lebrantibus
763 2648 1009 2703 magnum
1038 2633 1364 2704 prodigium;
1396 2649 1518 2689 nam
1545 2635 1599 2690 in
1639 2636 1816 2691 medio
1853 2636 1991 2691 lunae

411 2725 566 2780 stella
595 2725 803 2794 fulgens
823 2726 931 2779 visa
968 2735 1051 2779 est
1080 2725 1310 2789 elucere,
1340 2735 1393 2780 et
1424 2740 1586 2795 super
1610 2741 1673 2780 ac
1699 2727 1882 2782 subter
1904 2728 1988 2782 lu-

408 2829 530 2869 nam
571 2814 688 2868 alim
711 2814 879 2875 stellae
909 2814 1217 2883 propinquae
1244 2823 1624 2882 apparuerunt.
1660 2814 1769 2873 Sed
1796 2823 1853 2870 et
1878 2818 1989 2871 cir-

407 2904 562 2961 culus
610 2904 720 2969 ille,
767 2902 857 2971 qui
908 2903 1137 2971 pluviam
1171 2903 1481 2972 plerumque
1509 2903 1792 2972 significat,
1841 2906 1986 2963 circa

404 3010 522 3054 cam
552 2994 817 3063 apparuit.
847 2992 952 3048 Sed
974 3008 1091 3063 quae
1115 2994 1226 3047 haec
1255 2991 1623 3062 ﬁguravcrim,
1653 2994 1983 3061 ignoramus.

2098 1814 2409 1887 interfectus
2430 1825 2532 1870 est.
2568 1815 2710 1877 ,Cum
2732 1827 2914 1875 autem
2932 1818 3080 1875 idem
3116 1818 3447 1879 llracolenus
3469 1820 3676 1874 veloci-

2096 1914 2176 1959 ter
2201 1914 2559 1969 reverteretur
2586 1907 2637 1965 in
2682 1908 2928 1975 patriam,
2956 1908 3039 1962 his
3076 1907 3266 1967 diebus
3308 1908 3672 1965 Guutchram-

2095 1981 2363 2057 riusBoso
2407 1995 2543 2063 tilias
2590 2011 2717 2059 suas
2764 2010 2794 2049 a
2836 1996 3057 2061 .l‘ictavo
3094 1996 3306 2059 auferre
3350 1999 3671 2059 conabatur.

2094 2087 2244 2152 Quod
2273 2088 2499 2149 audiens
2546 2088 2899 2163 :Dracolenus,
2940 2101 3009 2150 ,se
3066 2103 3225 2156 super
3272 2103 3393 2149 eum
3430 2088 3669 2156 .objecit;

2093 2179 2186 2241 sed
2217 2178 2312 2244 illi,
2345 2179 2491 2242 sicut
2512 2178 2895 2247 ,eramparati,
2926 2180 3251 2247 resistentes,
3286 2194 3355 2243 se
3383 2179 3668 2239 defensare

2094 2269 2415 2327 nitebantur.
2447 2269 3031 2335 Guntchramnusvero
3061 2271 3203 2323 misit
3246 2285 3407 2337 unum
3436 2270 3501 2323 de
3529 2272 3667 2335 ami-

2091 2359 2172 2413 cis
2201 2362 2311 2423 suis
2336 2358 2403 2412 ad
2430 2374 2572 2425 eum,
2612 2359 2794 2425 dicens
2819 2377 2833 2411 :
2879 2359 3025 2425 .Vade
3063 2368 3117 2415 et
3140 2360 3225 2414 dic
3244 2361 3291 2415 ei
3320 2379 3331 2413 :
3382 2360 3497 2416 Scis
3521 2360 3664 2414 enim

2091 2450 2233 2517 quod
2265 2448 2438 2505 fmdns
2464 2450 2727 2513 internus
2750 2449 2940 2511 initum
2970 2449 3247 2515 habemus,
3276 2464 3403 2519 rogo
3431 2460 3484 2503 ut
3516 2461 3569 2504 te
3598 2450 3667 2503 de

2092 2539 2229 2597 meis
2268 2553 2545 2607 removeas
2588 2540 2810 2605 insidiis.
2856 2541 3119 2606 Quantum
3150 2546 3229 2599 vis
3272 2541 3337 2594 de
3380 2541 3536 2595 rebus
3569 2541 3665 2594 tol-

2091 2629 2333 2701 lerenon
2366 2631 2654 2700 prohibeo;
2692 2639 2907 2695 tantum
2944 2633 3093 2699 mihi,
3143 2634 3240 2695 etsi
3292 2633 3455 2698 nudo,
3504 2633 3665 2687 liceat

2089 2732 2210 2773 cum
2239 2720 2443 2783 filiabus
2472 2720 2604 2779 meis
2631 2724 2886 2785 accedere
2930 2737 3033 2798 quo
3076 2729 3315 2776 voluero.
3349 2723 3416 2785 At
3459 2722 3569 2787 ille,
3599 2708 3663 2798 ut

2090 2818 2207 2875 erat
2237 2824 2404 2869 vanus
2431 2823 2494 2863 ac
2521 2810 2651 2877 levis
2678 2827 2691 2861 :
2727 2811 2882 2877 Ecce,
2914 2794 3103 2880 inquit,
3136 2811 3450 2878 funiculum,
3482 2812 3532 2865 in
3555 2794 3664 2881 quo

2089 2897 2178 2959 alii
2209 2898 2500 2968 culpabiles
2525 2900 2670 2969 ligati
2713 2900 2777 2962 ad
2804 2916 3005 2971 regem,
3042 2916 3137 2961 me
3186 2902 3429 2967 ducente,
3475 2904 3663 2963 directi

2090 2998 2214 3051 sunt
2246 3008 2259 3042 :
2293 2990 2343 3049 in
2368 3005 2477 3060 quo
2505 3001 2558 3047 et
2578 2993 2671 3046 hic
2708 2992 2875 3047 rhodie
2907 2992 3167 3063 ligandus,
3197 2994 3321 3049 illuc
3359 2997 3655 3061 deducetur

404 3082 533 3159 Nam
563 3096 617 3140 et
646 3084 825 3138 lunam
868 3084 969 3138 hoc
999 3098 1137 3138 anno
1165 3098 1308 3152 saepe
1343 3084 1396 3139 in
1424 3083 1752 3153 nigredinem
1774 3100 1981 3143 versam
2010 3092 2055 3155 ε
2090 3078 2318 3141 Vinctus.
2369 3081 2433 3134 Et
2476 3080 2590 3137 hac
2616 3095 2741 3141 cum
2788 3082 3028 3151 dixisset,
3063 3084 3435 3147 calcaneorum
3466 3086 3664 3155 ictibus

405 3176 649 3241 vidimus,
678 3185 732 3231 et
757 3185 881 3231 ante
908 3175 1145 3230 Natalem
1180 3174 1395 3229 Domini
1443 3174 1619 3243 gravia
1672 3177 1816 3241 tuere
1844 3178 1985 3231 toni-

404 3277 539 3320 trua.
575 3266 766 3323 Sedet
810 3267 1124 3335 splendores
1170 3264 1248 3321 illi
1303 3266 1442 3331 circa
1474 3266 1662 3329 solem,
1710 3264 1849 3321 sicut
1871 3265 1982 3335 jam

404 3371 530 3425 ante
550 3361 757 3415 cladem
770 3361 1067 3416 Arvernam
1094 3357 1263 3415 fuisse
1285 3359 1819 3419 commemoravimus
1841 3359 1979 3429 (Lib.

405 3466 479 3520 tv,
504 3468 619 3522 cap.
642 3450 755 3521 3i),
783 3465 917 3521 quos
944 3451 1125 3506 rustici
1147 3450 1290 3506 soles
1311 3458 1520 3516 vocant,
1544 3460 1904 3520 apparuerunt
1919 3450 1978 3519 d;

410 3554 463 3601 et
492 3556 640 3596 mare
669 3542 805 3595 ultra
835 3540 1050 3595 modum
1080 3554 1351 3610 egressum
1402 3549 1668 3606 asserunt,
1716 3551 1772 3597 et
1817 3544 1979 3597 multa

404 3631 508 3686 alia
535 3632 686 3701 signa
718 3622 1101 3701 apparuerunt.

466 3725 643 3780 XXV.
685 3725 1117 3786 Guntchramnus
1154 3709 1299 3782 Bosa
1347 3728 1574 3783 Turonis
1619 3743 1739 3782 cum
1794 3728 1974 3798 paucis

401 3814 625 3875 armatis
655 3816 902 3883 veniens,
932 3815 1071 3871 ﬁlias
1109 3831 1256 3885 suas,
1286 3832 1417 3887 quas
1453 3818 1506 3872 in
1549 3819 1764 3879 basilica
1794 3828 1977 3879 sancta

399 3906 707 3977 reliquerat,
738 3906 787 3960 vi
815 3906 1056 3972 abstulit,
1086 3916 1141 3963 et
1166 3922 1261 3963 eas
1310 3924 1476 3977 usque
1522 3909 1747 3968 Pictavis
1792 3911 1979 3967 civita-

397 4007 524 4063 lcm,
567 4014 687 4069 qua:
714 4008 829 4055 erat
853 3997 1179 4055 Childeberti
1210 4002 1369 4071 regis,
1411 4001 1684 4070 perduxit.
1712 4002 1980 4073 Chilperi-

395 4109 491 4150 cns
520 4110 731 4165 quoque
760 4110 855 4149 rex
881 4094 1153 4149 Pictavum
1193 4096 1445 4163 pervasit,
1474 4104 1633 4166 atque
1658 4098 1869 4165 nepotis
1888 4096 1974 4161 sui

392 4186 635 4243 homines
658 4187 728 4241 ab
755 4187 871 4256 ejus
888 4194 1021 4240 sunt
1058 4186 1365 4241 hominibus
1395 4186 1631 4257 eﬂ‘ugati.
1666 4187 1970 4249 Ennodiuni

390 4295 453 4339 ex
485 4281 737 4335 comitatu
784 4280 851 4335 ad
896 4280 1037 4349 regis
1068 4282 1405 4348 praesentiam
1435 4284 1822 4348 perduxerunt.
1856 4282 1974 4347 Quo

390 4372 578 4439 exsilio
616 4373 891 4442 damnato,
940 4372 1219 4426 facultates
1261 4370 1538 4441 ejusllsco
1588 4371 1967 4429 subdiderunt.

390 4614 548 4668 editis
577 4612 846 4682 plerisque
870 4612 1068 4669 dieitur
1099 4616 1411 4686 lngetrudia.
1454 4612 1672 4684 Regni”
1712 4615 1965 4686 lngiltru-

387 4686 467 4738 dis
498 4695 688 4757 autem
731 4686 1021 4757 religiosam
1065 4688 1500 4757 cogisuetudincm,
1551 4698 1653 4741 etc.
1687 4687 1763 4742 De
1809 4686 1966 4757 Insil-

389 4754 546 4808 trude
576 4756 713 4815 lnfra
737 4754 831 4808 lib.
863 4770 936 4817 is,
963 4769 1083 4822 cap.
1108 4756 1197 4819 53,
1228 4766 1282 4809 et
1312 4757 1402 4809 lib.
1436 4773 1493 4820 ι,
1526 4771 1575 4810 c.
1604 4758 1689 4815 12.

456 4823 484 4862 δ
524 4824 735 4894 Regni”
783 4824 902 4877 inde
945 4842 1125 4894 parum
1169 4825 1549 4891 supereﬂ'unde.
1594 4827 1864 4883 Caeterum
1897 4841 1962 4885 ex

386 4895 488 4949 hoc
529 4893 899 4965 similibusque
941 4895 1208 4965 miraculis
1236 4897 1676 4965 consuetudinem
1712 4912 1957 4957 manasse

382 4972 533 5032 putat
551 4964 792 5018 Cointius
820 4966 986 5031 sancti
1013 4963 1222 5031 Martini
1257 4963 1449 5035 iiomen
1478 4981 1637 5035 super
1659 4968 1835 5029 viuum
1874 4967 1957 5021 in-

380 5036 625 5098 vocandi.
650 5035 883 5103 illudque
914 5043 1095 5102 postea
1118 5050 1144 5085 a
1174 5034 1411 5097 convivis
1441 5034 1652 5103 potandi
1683 5037 1732 5090 in
1760 5040 1957 5090 mutue

379 5106 653 5169 cbaritatis
682 5107 1221 5177 symbolnmgque‘m
1271 5121 1470 5177 morem
1528 5117 1707 5169 postea
1765 5123 1957 5174 pravus

382 5191 508 5253 usus
530 5174 786 5253 corrupit.
819 5179 889 5253 ᾼίι
916 5174 1236 5253 crediderim
1279 5176 1456 5253 potius
1481 5248 1490 5253 _
1511 5177 1713 5253 fideles
1736 5178 1859 5230 olim
1904 5180 1955 5253 in

382 5251 516 5298 testo
546 5247 604 5299 S'.
634 5247 866 5305 Martini.
901 5247 1037 5303 sicut
1083 5257 1137 5301 et
1180 5246 1232 5298 in
1266 5245 1386 5299 aliis
1415 5247 1820 5311 celebrioribus.
1867 5245 1957 5313 pa-

382 5330 501 5385 rare
530 5316 768 5368 convivia
800 5316 1175 5380 consuevissc;
1226 5317 1400 5385 idque,
1432 5321 1529 5371 etsi
1562 5320 1613 5369 in
1647 5318 1760 5370 aliis
1805 5314 1953 5371 festi-

381 5383 628 5455 vitatibus
675 5386 1008 5455 abrogatum,
1059 5387 1111 5445 in
1160 5390 1259 5440 bac
1299 5383 1406 5440 una
1458 5402 1833 5455 perseverasse
1875 5388 1953 5440 'ob

381 5454 549 5508 sancti
582 5455 676 5507 viri
711 5454 1097 5511 celebritatem.
1132 5457 1229 5510 llic
1255 5467 1429 5510 autem
1452 5454 1518 5511 de
1545 5459 1641 5509 ista
1668 5465 1954 5510 consuetu-

378 5527 505 5595 dine
535 5539 645 5595 non
667 5520 772 5593 agit
795 5525 1100 5591 Gregorius,
1140 5527 1233 5580 sed
1262 5527 1330 5581 de
1356 5542 1491 5595 aqua
1520 5528 1635 5586 illa.
1667 5543 1767 5594 qua
1812 5528 1952 5581 beati

380 5593 480 5667 viri
502 5594 803 5667 sepulcrum
844 5596 985 5649 ablui
1022 5599 1246 5662 solebat,
1282 5612 1346 5651 ex
1376 5593 1476 5667 qua
1501 5598 1629 5666 mgri
1658 5599 1821 5665 potati
1851 5611 1952 5652 sm-

382 5664 502 5754 θιυὲ
519 5665 862 5737 curabautur.

1995 4450 2045 4539 Ρ

460 4554 485 4581 ⁸
523 4544 762 4614 Colb._et
807 4544 1017 4613 Regm.,
1050 4547 1388 4599 onerabimus.
1437 4544 1723 4614 Inqilrudis
1755 4562 1880 4600 vero
1912 4550 1964 4601 in
2000 4532 2009 4537 ‘

2087 3184 2283 3243 urgens
2304 3187 2516 3241 equum,
2546 3174 2610 3235 ad
2642 3174 2790 3239 illum
2813 3176 2982 3230 veloci
3009 3191 3167 3231 cursu
3188 3178 3394 3247 dirigit;
3427 3188 3480 3234 ct
3507 3194 3663 3236 casso

2087 3276 2207 3329 eum
2252 3265 2539 3325 verberans
2567 3262 2693 3329 ictu,
2726 3265 2903 3331 hastili
2934 3267 3137 3335 diviso,
3169 3269 3311 3322 ensis
3353 3269 3421 3323 ad
3454 3279 3662 3327 terram

2085 3353 2215 3421 ruit.
2243 3352 2671 3421 Guntcbramnus
2704 3372 2832 3423 vero
2857 3371 2979 3421 cum
2998 3374 3161 3427 super
3188 3374 3245 3412 se
3276 3370 3502 3427 mortem
3532 3378 3658 3417 cer-

2084 3450 2237 3509 neret
2264 3442 2561 3511 imtninere,
2593 3445 2837 3509 invocato
2865 3451 3079 3505 nomine
3110 3450 3338 3513 Domini,
3387 3464 3438 3507 et
3463 3453 3659 3508 virtute

2083 3547 2270 3605 magna
2301 3535 2439 3588 beati
2468 3534 2698 3603 Martini,
2730 3538 3044 3607 elevatoque
3092 3552 3269 3607 conto,
3300 3540 3659 3611 Dracoleuum

2083 3626 2316 3689 arctatin
2348 3625 2604 3691 faucibus,
2632 3643 3055 3699 suspensumque
3087 3631 3152 3685 de
3181 3645 3318 3700 equo
3342 3647 3557 3697 sursum
3606 3633 3652 3699 ί,

2082 3731 2218 3789 unus
2241 3719 2306 3783 tle
2333 3719 2518 3783 amicis
2538 3722 2654 3785 suis
2681 3738 2799 3775 eum
2830 3721 3011 3779 lancea
3043 3723 3207 3795 latere
3236 3725 3570 3783 verberatum
3597 3730 3659 3781 tio

2081 3813 2233 3879 nivit,
2255 3811 2554 3882 fugatisque
2585 3816 2766 3879 sociis,
2789 3816 3280 3885 ipsoquespnliato,
3298 3819 3659 3879 Guntchram-

2080 3917 2179 3959 nus
2190 3918 2308 3959 cum
2331 3904 2538 3967 filiabus
2555 3906 2689 3960 liber
2703 3907 2977 3971 abscessit.
2994 3909 3237 3970 Posthaec
3250 3909 3480 3965 Severus
3496 3925 3657 3967 socer

2080 3993 2197 4061 ejus
2225 4008 2256 4048 a
2285 3994 2410 4050 tiliis
2435 3995 2574 4063 apud
2602 4011 2783 4064 regem
2807 3999 3037 4066 graviter
3062 4011 3364 4061 accusatur.
3394 4002 3521 4059 Haec
3556 4003 3657 4067 ille

2077 4083 2322 4150 audiens,
2344 4098 2465 4138 cum
2488 4090 2691 4154 magnis
2718 4087 3025 4155 muneribus
3046 4089 3113 4151 ad
3136 4105 3314 4159 regem
3342 4093 3470 4159 petit
3491 4093 3652 4163 337

2076 4176 2168 4245 qui
2192 4175 2250 4241 in
2291 4180 2372 4230 via
2402 4177 2770 4244 apprehensus
2801 4187 2857 4241 et
2881 4180 3211 4250 exspoliatus
3231 4222 3247 4247 ,
3286 4193 3445 4252 atque
3472 4185 3524 4238 in
3552 4200 3654 4239 ex-

2078 4272 2255 4326 silium
2282 4272 2766 4339 deductus,.morte
2791 4275 3023 4340 pessima
3057 4274 3224 4329 vitam
3252 4277 3439 4331 ﬁnivit.
3471 4278 3574 4334 Sed
3597 4289 3654 4335 et

2075 4364 2182 4423 duo
2210 4363 2299 4421 lilii
2322 4364 2462 4434 ejus,
2493 4365 2822 4425 Bursolenus
2850 4373 2905 4420 et
2932 4365 3080 4425 Dodo
3097 4409 3112 4434 ,
3137 4367 3208 4427 ob
3230 4368 3433 4435 crimen
3456 4370 3653 4439 majes-

2145 4556 2167 4584 ο
2208 4544 2258 4600 is
2285 4543 2449 4599 fuisse
2482 4546 2688 4599 videtur
2726 4544 3083 4601 Chrasmarus
3111 4546 3528 4601 Tornacensium
3576 4548 3651 4603 si-

2071 4616 2178 4670 mul
2209 4625 2263 4687 et
2282 4616 2778 4687 Noviomageusium
2801 4630 2895 4669 seu
2916 4616 3412 4681 Viromandensium
3441 4619 3652 4687 episco-

2069 4701 2192 4809 pusi
2242 4686 2337 4740 llic
2366 4686 2559 4739 desinit
2598 4686 2766 4741 codex
2813 4687 3225 4753 Bellovacensis,
3278 4686 3489 4743 caetera
3522 4698 3650 4744 sunt

2071 4772 2170 4809 avu
2197 4771 2275 4809 sa.

2071 4771 2275 4809 avntsa.

2137 4825 2165 4863 ἀ
2204 4827 2300 4880 llic
2324 4826 2520 4881 desinit
2541 4835 2699 4895 caput
2726 4826 2778 4879 in
2808 4824 2969 4883 Corb.

2140 4905 2165 4949 φ
2205 4898 2389 4960 Cori»,
2419 4894 2742 4961 Dacolenus;
2765 4897 2939 4960 Colb.,
2969 4894 3135 4959 Taceo
3161 4894 3433 4965 Tagprici;
3480 4896 3620 4965 Bad.

2061 4956 2543 5089 gazgo'Qod'arioi;
2567 4956 2779 5036 Regni,
2808 4956 2957 5038 Dago
2982 4956 3438 5033 GadariciEVBecf,
3468 4956 3650 5027 Dacco

2111 5054 2139 5088 a
2181 5052 2327 5089 arm.

2111 5052 2327 5089 aaartcr.

2125 5105 2156 5161 ,ί
2200 5108 2385 5177 (Iorb.,
2422 5103 2735 5177 Dragoleno,
2762 5106 2854 5176 qui
2888 5105 2947 5163 in
2980 5107 3214 5165 indiculo
3239 5105 3477 5174 capitum
3506 5105 3646 5163 dici-

2063 5186 2146 5229 tur
2172 5176 2500 5246 Dratglenus.

2132 5257 2158 5316 if
2198 5246 2319 5312 Alii,
2363 5246 2499 5315 apud
2531 5263 2717 5316 regem.
2959 5289 2967 5297 .

2136 5312 2163 5365 ιι
2200 5316 2335 5371 Nota
2362 5312 2632 5389 hominem
2665 5318 2715 5370 in
2746 5316 2987 5389 periculo
3014 5313 3239 5386 positum
3272 5316 3424 5389 clam‘
3442 5329 3473 5389 a
3494 5330 3645 5389 pres-9

2064 5386 2250 5456 bvtero
2277 5387 2644 5456 pcenitentiani
2679 5388 2914 5454 petiisse,
2941 5384 3081 5455 quad
3129 5402 3190 5439 ea
3234 5394 3361 5455 ante
3386 5384 3639 5456 (laridum

2064 5457 2129 5511 Vl
2161 5458 2211 5523 in
2255 5455 2477 5512 Francia
2504 5462 2616 5511 reis
2643 5467 2768 5511 ante
2797 5469 3022 5512 mortem
3074 5460 3450 5523 denegaretur.
3505 5455 3641 5509 Vide

2062 5528 2334 5601 Mabillon.
2367 5527 2522 5582 Praef.
2570 5530 2622 5581 in
2642 5527 2783 5582 Saec.
2828 5542 2882 5583 tu
2909 5527 3263 5595 Benedictio"
3297 5541 3350 5596 p.
3380 5541 3429 5592 ι,
3462 5541 3519 5579 n.
3545 5528 3637 5601 Ἃ.

2140 5599 2152 5635 i
2198 5599 2407 5670 Regm.,
2434 5613 2583 5661 equo,
2613 5612 2844 5670 rursum.
