4006 6182
382 297 489 357 315

1300 296 1617 354 HISTORIA
1659 294 2098 353 FRANCORUM.
2142 294 2344 349 LIBER
2382 295 2699 361 QUINTUS.

3516 296 3623 351 546

382 415 502 467 tatis
535 410 677 464 laesa
703 408 903 475 judicio
932 408 1119 461 mortis
1148 418 1427 477 suscepto.
1452 422 1588 463 unus
1607 409 1675 463 ab
1702 410 1939 463 exercitu
1968 414 2015 472 Α
2043 416 2223 462 sentes
2245 409 2509 477 episcopi,
2560 412 2688 463 illud
2720 422 2796 465 est
2823 411 3055 466 additum
3085 412 3104 451 ί
3123 457 3137 479 ,
3174 414 3312 483 quod
3338 427 3514 468 essent
3544 415 3619 468 rei

378 506 429 558 vi
460 513 741 569 oppressus
768 509 883 563 est;
916 499 1055 552 alius
1086 499 1136 551 in
1158 498 1289 567 fuga
1318 500 1705 567 apprehensus,
1734 509 1947 553 trunca-

380 599 446 650 tis
477 595 720 649 manibus
757 603 812 647 et
855 592 1077 662 pedibus
1124 592 1360 655 interiit;
1393 606 1584 660 resque
1628 606 1815 645 omnes
1841 602 1945 645 tam

376 699 557 737 eorum
580 727 595 751 ,
625 697 782 751 quam
817 683 1001 749 patris,
1042 683 1170 737 fisco
1207 682 1414 736 collata:
1436 692 1580 735 sunt.
1616 682 1780 735 Erant
1806 683 1945 739 enim

374 777 457 829 eis
486 775 657 843 magni
690 773 945 827 thesauri.

442 865 661 920 XXV".
694 864 894 917 Dehine
913 864 1186 929 Turonici,
1218 862 1441 928 Pictavi,
1475 864 1817 928 Baiocassini,
1846 861 1946 918 Ce-

378 957 704 1022 nomannici,
737 955 1031 1023 Andegavi,
1055 970 1173 1008 cum
1197 955 1315 1007 aliis
1338 954 1516 1008 multis
1540 954 1589 1007 iii
1621 955 1945 1007 Britanniam

365 1065 439 1101 ,ιιι
467 1049 615 1114 jussu
645 1046 935 1113 Chilperici
978 1045 1116 1113 regis
1147 1044 1393 1097 abierunt
1423 1061 1437 1096 :
1468 1053 1521 1099 et
1551 1052 1734 1097 contra
1762 1043 1947 1097 Waro-

366 1146 532 1193 -c':nm
560 1148 608 1200 ι,
651 1138 814 1191 lilium
866 1136 1130 1204 quondam
1178 1135 1413 1189 Macliavi
1441 1179 1455 1199 ,
1500 1136 1566 1188 ad
1606 1133 1945 1188 'Vicinoniam

370 1230 401 1275 ιν
432 1230 647 1283 fluvium
678 1230 936 1282 resident.
966 1230 1070 1281 Sed
1104 1228 1189 1280 ille
1218 1226 1402 1280 dolose
1428 1242 1521 1293 per
1551 1235 1758 1279 noctem
1788 1240 1948 1293 super

374 1323 616 1375 Saxones
634 1320 1009 1373 'Baiocassiiios
1033 1329 1056 1357 ε
1084 1332 1262 1383 ruens,
1290 1319 1573 1371 maximam
1606 1318 1803 1370 exinde
1828 1331 1947 1385 par-

372 1422 479 1466 tem
512 1410 801 1466 interfecit.
830 1411 956 1465 Post
998 1410 1084 1464 die
1126 1418 1300 1462 autem
1331 1411 1515 1468 tertia,
1566 1424 1685 1462 cum
1726 1409 1947 1462 ducibus

374 1504 517 1570 regis
547 1502 832 1567 Chilperici
863 1516 1044 1569 pacem
1072 1499 1292 1569 faciens,
1324 1512 1378 1553 et
1407 1499 1569 1551 [ilium
1602 1514 1757 1552 suum
1780 1500 1831 1552 in
1854 1500 1949 1552 ob-

370 1594 605 1645 sidatum
656 1592 895 1654 donans,
945 1600 1278 1644 sacramento
1306 1604 1364 1643 se
1403 1590 1756 1657 constrinxit,
1805 1590 1947 1659 quod

368 1680 554 1735 ﬁdelis
597 1681 708 1746 regi
740 1680 1042 1747 Chilperico
1066 1692 1186 1732 esse
1215 1678 1450 1732 deberet.
1478 1679 1709 1732 Venetos
1738 1693 1947 1746 quoque

2048 498 2372 567 majestatis,
2422 510 2479 554 et
2524 504 2706 569 patriae
2736 503 3054 569 proditores.
3093 507 3205 569 Qua
3256 506 3321 557 de
3359 519 3516 557 causa
3555 507 3621 556 ab

2047 592 2355 659 cpiscopatu
2383 591 2625 645 discincti
2652 593 2772 664 [ΑΙ.
2801 595 2994 661 dejecti
3016 593 3054 665 ],
3091 596 3141 649 in
3172 596 3446 648 basilicam
3479 596 3621 647 beati

2042 682 2280 735 Marcelli
2307 683 2405 736 sub
2425 686 2664 737 custodia
2687 685 3063 738 detrudiimur.
3088 687 3164 739 Ex
3188 701 3289 755 qua
3315 700 3407 752 per
3435 685 3611 754 fugam

2050 771 2182 839 lapsi
2208 814 2221 835 ,
2264 773 2626 827 discesserunt
2675 790 2768 842 per
2804 777 3012 829 diversa
3054 788 3335 845 vagantes,
3368 777 3535 831 doiiec
3568 776 3620 830 in

2047 862 2348 917 civitatibus
2379 878 2563 916 eorum
2588 865 2676 916 alii
2705 866 2979 932 subrogati
3006 875 3195 918 suntS.

2122 950 2312 1006 XXlX.
2334 954 2678 1023 Cbilpericus
2699 972 2828 1010 vero
2856 973 2950 1009 rex
2975 958 3357 1023 descriptiones
3378 972 3540 1011 novas
3568 967 3624 1011 et

2040 1057 2238 1111 graves
2280 1044 2331 1096 in
2378 1045 2523 1097 omni
2570 1060 2732 1113 regno
2756 1060 2854 1098 suo
2881 1048 2992 1099 fieri
3015 1048 3191 1114 jussit.
3221 1050 3337 1111 Qua
3372 1049 3620 1100 decausa

2044 1133 2197 1186 multi
2222 1134 2580 1202 relinquentes
2607 1136 2849 1189 civitates
2878 1136 2993 1189 illas
3018 1136 3036 1206 ι
3058 1138 3141 1188 ΑΙ.
3174 1135 3356 1207 suas],
3390 1138 3468 1189 vel
3499 1151 3594 1204 pos
3608 1164 3625 1176 ν·

2043 1224 2319 1277 sessiones
2351 1226 2619 1292 |ll‘0pl'l:l§,
2664 1227 2763 1278 alia
2811 1241 2969 1294 regna
3004 1228 3300 1293 petierunt,
3334 1227 3503 1280 satius
3529 1228 3628 1279 du-

2040 1325 2231 1368 centes
2260 1316 2386 1369 alibi
2422 1318 2780 1383 peregrinari,
2809 1332 2964 1385 quam
3012 1317 3102 1371 tali
3149 1318 3391 1385 periculo
3436 1317 3620 1384 subja-

2049 1420 2191 1460 cere.
2221 1407 2489 1461 Statutum
2514 1409 2654 1461 enim
2685 1405 2880 1472 fuerat,
2913 1418 2969 1461 ut
3000 1423 3285 1476 possessor
3315 1408 3383 1461 de
3415 1407 3624 1475 prOpria

2040 1509 2188 1552 terra
2218 1515 2373 1552 unam
2422 1500 2731 1565 amphoram
2763 1500 2876 1553 .viiii
2913 1515 3006 1567 per
3032 1501 3345 1568 ai’ipenoein
3377 1497 3401 1535 δ
3428 1498 3620 1552 redde-

2044 1601 2155 1641 .ret.
2178 1588 2291 1642 Sed
2322 1597 2375 1640 et
2403 1590 2517 1642 alia»
2536 1589 2843 1643 functiones
2874 1589 3247 1657 inlligebantur
3277 1590 3457 1641 multa.-
3481 1630 3494 1649 ,
3520 1596 3625 1639 tam

2048 1677 2118 1731 de
2157 1678 2377 1745 reliquis
2419 1680 2600 1743 terris,
2626 1695 2782 1746 quant
2814 1680 2879 1731 de
2911 1680 3183 1747 mancipiis
3210 1699 3223 1731 :
3247 1680 3388 1745 quiid
3416 1680 3627 1746 impleri

374 1772 646 1825 civitatem
675 1768 890 1834 refudit,
922 1771 1021 1825 sub
1048 1785 1112 1823 ea
1140 1770 1467 1834 conditione,
1500 1780 1557 1822 ut
1577 1771 1621 1824 si
1651 1779 1945 1824 mereretur
1972 1781 2024 1840 Β
2051 1786 2155 1823 non
2204 1779 2429 1838 poterat.
2462 1770 2836 1825 Lemovicinus
2876 1788 3085 1840 quoque
3124 1775 3356 1840 populus
3399 1788 3517 1825 cuin
3567 1787 3628 1824 se

373 1875 493 1916 eam
527 1877 621 1929 per
646 1861 935 1928 jnssionem
969 1861 1106 1929 regis
1136 1875 1349 1929 regere,
1382 1862 1575 1915 tributa
1608 1862 1688 1915 vel
1730 1863 1905 1914 omnia
1928 1900 1946 1926 ,

374 1970 495 2023 quae
516 1954 717 2007 exinde
746 1953 1104 2020 debebantur,
1149 1956 1303 2008 annis
1333 1955 1555 2026 singulis
1594 1956 1737 2010 nullo
1767 1958 1951 2009 admo-

380 2052 545 2098 nente
591 2045 929 2099 dissolveret.
960 2045 1113 2111 Quod
1144 2059 1263 2098 cum
1294 2043 1489 2099 factum
1520 2045 1743 2111 fuisset,
1792 2063 1949 2102 exer-

376 2135 516 2187 citus
556 2136 625 2188 ab
654 2150 720 2189 eo
750 2135 866 2189 loco
907 2145 1147 2188 remotus
1191 2146 1292 2189 est.
1338 2136 1579 2190 Posthac
1618 2137 1951 2205 Chilpericus

368 2239 470 2278 rex
501 2225 568 2278 de
599 2225 921 2293 pauperibus
945 2237 997 2279 et
1020 2225 1323 2295 junioribus
1350 2225 1377 2263 ά
1406 2228 1648 2281 ecclesiis
1680 2232 1761 2283 vel
1808 2230 1951 2284 basi-

368 2313 494 2368 licm
516 2316 731 2369 bannos
755 2315 914 2384 jussit
934 2317 1096 2385 exigi,
1128 2332 1223 2385 pro
1250 2332 1316 2370 eo
1335 2319 1474 2385 quod
1500 2319 1550 2371 in
1582 2319 1817 2373 exercitu
1846 2337 1952 2374 non

377 2404 764 2458 ambulasseiit.
810 2404 923 2458 Non
955 2406 1099 2459 enim
1126 2416 1239 2461 erat
1268 2408 1634 2473 consuetudo,
1671 2418 1728 2461 ut
1776 2410 1831 2462 hi
1869 2411 1951 2463 ul.-

368 2498 483 2549 lam
514 2496 854 2551 exsolverent
883 2497 1147 2565 publicam
1180 2498 1525 2554 functionem.
1559 2500 1800 2555 Posthmc
1829 2501 1955 2555 Wa-

370 2588 579 2642 .rorbus
609 2589 925 2646 nbliviscens
957 2591 1328 2660 premissiouis
1367 2609 1506 2658 suae,
1540 2594 1721 2647 volens
1755 2596 1947 2647 irruni.

381 2697 511 2751 pere
563 2683 703 2749 quod
764 2682 991 2749 fecerat,
1044 2682 1266 2737 Ennium
1323 2686 1629 2752 episcopum
1688 2685 1954 2740 Venetiae

384 2774 531 2827 urbis
556 2774 621 2826 ad
649 2772 1002 2840 Cliilpericum
1045 2789 1222 2843 regem
1252 2774 1449 2843 dirigit.
1477 2777 1543 2827 At
1583 2775 1671 2828 ille
1704 2777 1777 2829 ira
1809 2790 1957 2829 com-

370 2874 562 2918 motus
585 2905 597 2927 ,
631 2864 791 2934 238
815 2863 1147 2934 objurgatum
1173 2880 1293 2918 eum
1319 2864 1512 2919 exsilio
1543 2866 1782 2918 damnari
1817 2880 1955 2934 prie-

383 2956 543 3022 cepit.

463 3044 695 3099 XXV/Ill.
719 3046 873 3099 Anno
896 3061 1109 3114 quoque
1137 3056 1326 3115 quarto
1351 3046 1676 3101 Childeberti
1698 3087 1713 3111 ,
1743 3047 1832 3113 qui
1862 3046 1960 3101 fuit

2052 1872 2293 1919 cerneret
2325 1864 2412 1916 tali
2440 1860 2585 1915 fasce
2610 1865 2852 1931 gravari,
2903 1878 3258 1932 congregatus
3307 1865 3355 1916 iii
3389 1862 3627 1916 calendis

2041 1952 2282 2017 Martiis,
2316 1953 2549 2005 Marcum
2590 1950 3033 2017 referendarimn,
3067 1955 3153 2020 qui
3194 1954 3307 2013 hmc
3330 1968 3488 2023 agere
3516 1951 3629 2020 jus-

2044 2059 2143 2099 sus
2173 2044 2363 2107 fuerat,
2390 2045 2883 2101 interticerevoluit
2914 2054 3013 2098 :et
3045 2044 3259 2096 fecisset
3286 2045 3491 2111 utique.
3525 2044 3623 2094 nisi

2043 2151 2187 2191 .8"th
2212 2137 2493 2205 episcopus
2518 2135 2808 2188 Ferreolus
2832 2132 2847 2171 ί
2874 2134 2941 2187 ab
2972 2134 3264 2191 imminenti
3320 2132 3628 2186 discrimine

2046 2228 2349 2280 :librrasset.
2412 2228 2651 2294 Arreptis
2702 2243 2913 2295 quoque
2961 2228 3111 2279 libris
3170 2223 3628 2292 descriptionum,

2256 2318 2503 2371 incendio
2546 2317 2839 2371 multitudo
2886 2316 3167 2385 conjuncta
3208 2316 3581 2368 .Ciittcrcutnvit
3615 2331 3627 2365 :

2056 2416 2195 2465 unde
2226 2413 2448 2466 multum
2497 2412 2754 2464 molestus
2774 2427 2874 2464 rex
2898 2450 2913 2475 ,
2954 2411 3193 2477 dirigens
3223 2410 3288 2461 de
3332 2410 3504 2462 latere
3536 2424 3630 2460 suo

2044 2519 2339 2573 personas,
2367 2506 2641 2561 immensis
2667 2503 2878 2557 damnis
2911 2505 3160 2571 populum
3188 2499 3401 2563 afﬂixit,
3431 2502 3628 2570 suppli-

2048 2598 2259 2664 ciisque
2295 2596 2591 2649 conterruit
2620 2596 2667 2659 i,
2694 2603 2870 2648 morte
2898 2594 3192 2648 mulctavit.
3226 2592 3426 2647 Ferunt
3467 2593 3626 2645 etiam

2059 2699 2183 2743 tunc
2212 2689 2431 2744 abbates
2471 2700 2628 2757 atque
2658 2688 3007 2758 presbyteros
3044 2688 3111 2742 ad
3141 2690 3350 2756 stipites
3377 2699 3631 2741 extensos

2059 2783 2284 2836 diversis
2333 2780 2664 2850 subjacnissc
2694 2783 2974 2836 tormentis
2998 2822 3011 2845 ,
3047 2781 3497 2835 calumniantibus
3540 2797 3627 2835 re-

2058 2873 2263 2941 galibus
2294 2873 2503 2937 missis,
2540 2872 2681 2941 quod
2731 2873 2781 2925 in
2822 2873 3096 2927 seditione
3122 2873 3304 2941 populi
3337 2873 3403 2924 ad
3442 2875 3631 2926 incen~

2059 2965 2265 3019 dendos
2310 2965 2476 3019 libros
2517 2964 2893 3036 satellitesj-l.
2939 2962 3248 3033 adjutores]
3302 2962 3630 3028 adfuissent,

2060 3056 2330 3109 acerbiora
2358 3069 2568 3123 quoque
2591 3054 2843 3122 deinceps
2875 3055 3169 3124 indigentes
3198 3054 3414 3106 tributa.

389 3137 629 3191 decimus
673 3144 895 3190 octavus
924 3134 1309 3190 Guntcliramni
1339 3145 1394 3191 et
1438 3136 1704 3205 Cliiperici
1734 3153 1953 3206 regum,
1987 3147 2032 3210 ρ
2135 3146 2301 3200 xxx,
2336 3148 2573 3201 Briiauni
2619 3163 2835 3216 quoque
2882 3148 3118 3215 graviter
3165 3148 3435 3215 regione...
3486 3146 3630 3199 mw.

391 3230 528 3297 apud
551 3227 881 3283 Cavillonuin
909 3229 1174 3283 civitatem
1199 3230 1432 3300 synodus
1456 3230 1588 3284 facta
1608 3241 1709 3296 est,
1734 3247 1798 3285 ex
1806 3231 1960 3301 jussu

393 3319 645 3388 principis
673 3319 1090 3384 Guntchramui;
1119 3320 1482 3389 discussisque
1509 3322 1734 3376 diversis
1759 3323 1956 3389 causis,

394 3424 573 3464 contra
605 3410 877 3468 Salonium
921 3421 974 3465 et
1022 3411 1362 3478 Sagittarium
1410 3412 1692 3479 episcopos
1740 3413 1962 3466 iteratur

378 3505 485 3558 illa
510 3504 726 3571 antiqua
751 3504 1023 3556 calamitas
1045 3514 1091 3555 θ.
1122 3502 1455 3571 Ubjiciuntur
1489 3504 1567 3559 eis
1595 3504 1822 3558 crimina
1854 3522 1865 3556 :
1908 3515 1964 3558 et

396 3614 500 3650 non
544 3597 717 3647 solum
746 3594 812 3646 de
833 3592 1135 3661 adulteriis,
1168 3609 1348 3648 verum
1378 3595 1540 3648 etiam
1572 3596 1638 3650 de
1666 3596 1963 3651 homicidiis

350 3696 353 3697 '
395 3698 731 3743 atcusautur.
763 3688 864 3742 Sed
912 3688 1026 3740 haec
1062 3702 1156 3756 per
1196 3689 1558 3755 pmnitentiam
1589 3690 1801 3759 purgari
1832 3706 1962 3744 ceri-

472 3856 497 3883 λ
519 3846 693 3908 Colb.,
732 3843 1024 3907 Voracium,
1051 3852 1103 3897 et
1134 3841 1266 3897 infra
1290 3884 1304 3907 ,
1343 3843 1644 3899 Varadium.

469 3915 494 3955 δ
518 3916 788 3969 Cervicem
824 3914 1103 3967 Britannia:
1148 3915 1438 3981 peninsula:
1466 3928 1640 3984 secat,
1687 3925 1845 3984 atque
1884 3916 1962 3970 in-

401 3999 480 4040 ter
506 3987 732 4041 Venetos
763 3995 809 4037 et
843 3984 1151 4037 Namneteni
1180 3984 1339 4038 urbes
1371 3986 1420 4038 in
1453 3984 1717 4039 Oceanum
1751 3988 1959 4040 Britan-

399 4060 571 4112 nicum
616 4056 969 4123 immergitur.
1029 4053 1236 4121 Vulgari
1265 4054 1517 4111 idiomate
1561 4055 1754 4109 dicitur
1783 4058 1833 4109 la
1874 4057 1961 4110 Η-

396 4129 547 4181 lainc.

470 4209 491 4235 ο
517 4196 648 4261 God.
672 4197 884 4267 Itegm”
913 4192 1141 4255 Saxones
1162 4205 1314 4267 atque
1340 4194 1718 4267 Bajocnssinor.
1747 4197 1962 4267 Astalia

401 4267 553 4321 lectio
586 4268 775 4335 potior.
811 4266 905 4318 IIIC
926 4268 1118 4333 quippe
1142 4265 1486 4328 designantur
1514 4265 1752 4321 Saxones
1776 4282 1805 4319 e
1831 4265 1964 4319 Ger-

399 4339 567 4390 mania
598 4336 829 4400 oriundi,
855 4336 941 4402 qni
975 4335 1243 4389 inclinatis
1273 4337 1480 4399 imperti
1513 4337 1735 4390 Romani
1764 4337 1963 4389 viribus

398 4409 449 4462 in
480 4408 802 4461 Britanniam
829 4406 1080 4474 majorem
1109 4416 1162 4459 et
1190 4407 1240 4459 in
1270 4406 1466 4460 Gallias
1498 4408 1733 4475 irrupere
1759 4449 1774 4471 ,
1805 4417 1964 4472 atque

398 4493 459 4531 ex
482 4479 545 4545 iis
578 4477 815 4530 nonnulli
851 4475 900 4529 io
930 4484 1097 4529 tractu
1129 4478 1461 4540 Aremorico,
1485 4492 1545 4529 ac
1588 4476 1778 4528 finibus
1802 4478 1956 4539 liajo-

397 4551 620 4602 cassium
643 4561 689 4599 et
714 4544 1144 4600 Namnetensiuin
1170 4547 1528 4607 considentes,
1548 4562 1665 4599 cum
1693 4548 1957 4607 veteribus

399 4620 583 4673 incolis
614 4618 846 4685 permisti
872 4656 886 4679 ,
932 4631 1140 4685 nomen
1176 4618 1336 4668 etiam
1386 4616 1592 4682 utiique
1622 4619 1764 4685 genti
1810 4630 1958 4669 com-

403 4704 555 4741 mune
590 4684 907 4740 habuerunt.
943 4686 1077 4738 Hinc
1106 4684 1424 4739 Fortunatus
1448 4687 1537 4738 lib.
1572 4700 1648 4746 ιιι,
1703 4701 1868 4739 carm.
1901 4686 1955 4751 8,

392 4759 571 4821 laudat
596 4757 824 4809 Felicem
856 4755 1021 4821 episc.
1054 4754 1416 4809 Namneticum
1446 4757 1514 4807 ob
1547 4755 1775 4808 Saxones
1807 4756 1873 4809 ab
1893 4772 1958 4808 eo

398 4828 492 4880 siib
516 4829 643 4895 jngo
663 4826 862 4879 Christi
890 4822 1302 4895 mansuefactos.
1340 4826 1535 4879 Eorum
1566 4826 1961 4895 regioncinlja-

386 4897 537 4969 _rolus
564 4898 765 4969 (Salvus
785 4896 834 4948 in
871 4896 1072 4964 legibus
1103 4896 1241 4962 apud
1272 4894 1542 4957 Silvacum
1572 4896 1803 4963 appellat
1831 4894 1960 4948 Lin-

390 4985 539 5036 guam
570 4967 825 5020 Saxonica
834 4983 898 5018 ιη.

441 5034 485 5075 ’ἀ
512 5036 758 5090 Iuniores
799 5037 883 5089 hic
932 5042 1054 5088 sunt
1097 5036 1338 5089 ecclesia:
1386 5035 1707 5097 servitores,
1753 5043 1809 5086 ut
1848 5035 1960 5091 vult

386 5106 653 5169 ,Coiutius,
681 5107 745 5158 ad
773 5122 971 5158 annum
1015 5104 1155 5167 586;
1189 5108 1320 5170 alias
1353 5104 1430 5157 sic
1472 5105 1806 5170 appellantur
1835 5102 1957 5157 Gle-

390 5179 485 5235 rici
532 5167 872 5231 subdiaconis
915 5174 1215 5229 inferiores.
1260 5167 1387 5229 Vide
1427 5167 1629 5227 Concil.
1684 5172 1957 5229 Masticon.

391 5262 441 5307 ι,
471 5264 590 5303 catt.
618 5251 682 5309 8,
731 5258 784 5299 et
818 5246 1057 5314 Bignonii
1090 5247 1253 5301 Notas
1287 5249 1349 5298 .in
1391 5244 1627 5299 Marcum
1675 5243 1954 5297 formulam

390 5315 535 5371 5Iib.
578 5333 615 5371 ι.
644 5319 878 5379 υίιιιιιιιιιι
911 5326 1084 5368 autent
1138 5317 1221 5369 hic
1276 5324 1493 5383 usurpat
1535 5329 1628 5380 pro
1669 5317 1830 5366 multa
1875 5314 1957 5365 in-

390 5388 522 5442 dicta
558 5389 619 5441 iis
646 5386 732 5454 qui
754 5387 821 5441 ad
854 5390 1103 5451 barritum,
1135 5386 1185 5439 id
1216 5397 1299 5441 est
1323 5386 1385 5438 ad
1413 5386 1682 5452 placitum,
1708 5383 1949 5453 militiam

390 5473 479 5525 seu
511 5459 772 5511 delectum
797 5471 901 5509 non
932 5466 1290 5509 accesserant.

466 5537 487 5563 ε
511 5527 628 5581 Jam
659 5527 851 5592 quippe
883 5525 1115 5578 accusati
1164 5527 1370 5579 fuerant
1406 5532 1460 5578 et
1503 5522 1843 5577 condemnati
1899 5524 1949 5575 in

391 5598 613 5650 Concilio
643 5595 885 5664 Lugdtm.
940 5610 1013 5659 tt,
1064 5605 1118 5646 ut
1160 5595 1357 5649 dictum
1386 5606 1467 5648 est
1494 5609 1651 5664 supra
1689 5593 1951 5664 capa‘all,

390 5668 478 5725 sed
506 5660 901 5733 Joaniiis'pupze
950 5664 1165 5733 decreto
1213 5665 1485 5726 restituti,
1537 5662 1775 5715 Concilio
1807 5660 1950 5733 Paro

392 5738 547 5807 stensi
575 5751 665 5813 tv,
691 5728 837 5791 anno
859 5732 959 5788 575
986 5728 1015 5800 ,
1046 5749 1164 5789 cuin
1212 5736 1330 5790 aliis
1383 5735 1648 5801 episcOpis
1698 5728 1949 5785 interfue-

2062 3238 2302 3292 donicam
2326 3247 2702 3302 vastaverunt,
2737 3238 2980 3291 incendio
3006 3278 3021 3302 ,
3055 3238 3252 3304 prinde,
3283 3236 3588 3303 captivitate
3618 3275 3630 3287 .

2061 3332 2148 3401 qui
2181 3345 2347 3397 usque
2389 3328 2700 3382 Cornutinm
2748 3329 2922 3382 vicum
2955 3326 2977 3363 ιι
3012 3327 3326 3382 debellando
3370 3326 3631 3394 progressi

2060 3432 2206 3479 sunt.
2236 3421 2436 3476 Ennius
2468 3421 2585 3494 [ΑΙ.
2621 3422 2822 3475 Eonius
2846 3420 2862 3492 ]
2887 3436 3014 3474 vero
3036 3422 3316 3487 episcopus
3346 3424 3410 3471 de
3438 3418 3634 3471 exsilio

2063 3517 2329 3579 reductus,
2355 3513 2643 3582 Andegavo
2672 3513 2737 3566 ad
2766 3513 3087 3581 pascendum
3119 3512 3411 3582 delegatur,
3443 3526 3537 3565 nec
3568 3511 3634 3565 ad

2062 3606 2326 3659 civitatem
2358 3620 2507 3658 suam
2542 3604 2846 3658 Veni-ticam
2878 3604 3050 3657 redire
3075 3604 3418 3671 permittitur.
3444 3602 3634 3669 Βίριδος
3670 3634 3671 3647 η

2062 3699 2213 3754 lenus
2245 3696 2263 3737 ι
2293 3713 2416 3753 vero
2446 3698 2548 3751 dux
2579 3707 2763 3751 contra
2795 3698 3075 3750 Biitattttus
3106 3696 3376 3763 dirigitur,
3422 3703 3475 3747 et
3519 3695 3635 3749 loca

2060 3864 2201 3907 rant.
2236 3853 2496 3922 Caeterum
2524 3868 2588 3907 ex
2620 3851 2722 3905 hoc
2743 3850 2950 3918 capite,
2992 3851 3351 3922 quodornnes
3381 3864 3635 3922 nissaex-

2064 3924 2268 3989 bibent,
2312 3920 2515 3977 certum
2550 3934 2630 3976 est
2670 3922 2825 3979 etiam
2861 3920 3018 3991 Caput
3048 3922 3115 3974 9.0
3146 3920 3445 3991 Itujttsiltbri
3471 3921 3635 3991 ,rlicet

2064 3994 2114 4045 in
2145 3995 2346 4059 aliquot
2366 3995 2522 4045 codd.
2555 3994 2907 4055 desideretur,
2930 3990 3111 4044 verum
3137 4006 3255 4052 esse
3285 3990 3523 4056 Gregorii
3558 3990 3633 4043 fe-

2065 4072 2200 4143 tum.
2228 4064 2307 4116 De
2336 4065 2644 4117 earumdem
2687 4064 2986 4130 dejectione
3025 4061 3136 4130 agit
3182 4061 3376 4114 Marius
3401 4061 3467 4112 ad
3497 4060 3636 4113 hunc

2063 4148 2231 4198 ipsum
2263 4148 2480 4189 annum.

2141 4200 2156 4238 ί
2184 4202 2356 4258 Colb..
2387 4202 2718 4255 attitulatum.

2137 4282 2160 4320 ι
2192 4272 2403 4324 Aridius
2434 4273 2640 4323 scilicet
2676 4269 2962 4338 Sagittario
2988 4268 3333 4338 Vapincensi,
3364 4276 3417 4321 et
3441 4267 3637 4321 Emeri-

2068 4351 2153 4395 tus
2205 4341 2423 4405 Salonio
2462 4341 2849 4394 Elireduncnsi.
2887 4342 3116 4406 Uterque
3144 4338 3381 4391 interfuit
3409 4339 3635 4391 concilio

2066 4414 2268 4467 Malisc.
2302 4428 2359 4475 tt,
2392 4428 2531 4467 anno
2566 4410 2705 4472 585,
2759 4420 2815 4464 et
2861 4410 3074 4469 Ariditts
3104 4408 3387 4463 Valentino
3437 4424 3494 4463 ιι.
3546 4423 3635 4467 an,

1992 4511 2040 4568 υ
2219 4482 2398 4568 Eid‘em
2426 4482 2773 4568 scripsithtres
2800 4482 3057 4568 epistolas
3085 4480 3141 4568 S.
3157 4477 3559 4568 :Gre‘goriusLM.
3574 4478 3635 4568 in

2064 4554 2255 4621 quibus
2286 4554 2497 4621 Aregius
2538 4547 2768 4613 dicitur,
2798 4547 2935 4604 sicut
2963 4559 3015 4621 et
3048 4551 3095 4602 in
3124 4549 3238 4617 ejus
3266 4547 3627 4621 Vitahab‘auc-

2066 4619 2179 4678 tore
2199 4619 2467 4677 comtaneo
2488 4620 2704 4688 scripta,
2725 4622 2858 4683 apud
2884 4619 3149 4672 Labbeuui
3176 4630 3317 4672 tonio
3340 4635 3354 4672 ι
3382 4619 3630 4677 Βὶὺιιοιιι.

2066 4694 2436 4814 εἶρνωῂιρξιιιε
2486 4691 2674 4745 festum
2725 4692 2777 4743 in
2809 4690 3016 4759 propria
3059 4690 3283 4745 ecclesia
3328 4689 3625 4747 celebratur

2066 4778 2194 4814 (tet
2275 4777 2363 4814 an.

2064 4762 2151 4815 die
2181 4779 2194 4814 ι
2224 4762 2363 4814 Maii.

2140 4828 2167 4867 λ*
2202 4834 2524 4897 Aripennem
2555 4829 2894 4896 appellabant
2943 4839 3146 4884 vr-tercs
3170 4828 3337 4891 Galli,
3373 4837 3428 4887 nt
3459 4836 3635 4883 monet

2067 4900 2337 4966 Valesius,
2367 4900 2740 4967 semijugerein
2769 4901 3129 4955 continentem
3159 4900 3256 4952 1Ξο
3293 4898 3478 4967 pedes.

2141 4969 2154 5008 ¹
2188 4972 2265 5025 De
2293 4973 2391 5024 hoc
2417 4968 2551 5023 infra
2582 4973 2672 5024 lib.
2708 4986 2797 5037 ιιι,
2828 4987 2944 5037 cap.
2979 4969 3058 5023 It).

2138 5041 2152 5091 Σ
2188 5044 2375 5111 ltegm.
2405 5051 2458 5095 et
2488 5043 2634 5107 lico,
2666 5036 2915 5099 contrivit.
2950 5042 3091 5093 llanc
3116 5054 3234 5091 esse
3258 5038 3479 5111 primum
3511 5036 3632 5111 Μίε-

2062 5127 2242 5165 surum
2270 5106 2535 5171 regiorum
2565 5123 2885 5164 mentionem
2918 5113 3055 5178 apud
3084 5117 3302 5178 nostros
3332 5106 3630 5178 llistoricos

2054 5184 2313 5237 observat
2340 5181 2579 5235 Valesius
2629 5179 2762 5233 libro
2794 5198 2820 5233 ξς
2862 5176 3057 5233 lterum
3118 5176 3360 5230 Francic.
3392 5176 3634 5227 Postmo-

2063 5252 2185 5303 dum
2218 5253 2317 5305 sub
2365 5251 2644 5304 Missiirum
2687 5250 3076 5304 dominicorum
3132 5247 3344 5300 nomine
3388 5245 3634 5302 celebres

2052 5321 2292 5377 fuerunt.

2127 5389 2152 5428 ¹ι
2185 5391 2331 5444 Ilimc
2359 5390 2533 5443 locum
2582 5386 2822 5442 Cointius
2866 5386 3099 5452 appellat
3127 5382 3352 5455 Cornua.
3385 5383 3635 5455 Valesius

2063 5477 2186 5515 vero
2211 5459 2284 5513 ait
2316 5462 2471 5528 vulgo
2496 5459 2686 5528 putari
2733 5474 2853 5512 esse
2899 5454 3245 5513 Saint-Aubiu
3278 5456 3324 5510 le
3374 5454 3628 5510 Cormier.

2056 5526 2188 5584 Cod.
2222 5526 2431 5596 “egon,
2464 5526 2826 5580 Terumttium.

2136 5600 2153 5637 1
2188 5592 2323 5652 ιλυιιῖ
2359 5600 2546 5666 ltegm.
2595 5612 2714 5657 cum
2743 5599 2944 5666 aliquot
2973 5595 3162 5665 editis,
3188 5593 3520 5666 ngplemtt',
3547 5592 3636 5649 alii

2060 5669 2336 5740 Dipcleuus
2360 5710 2373 5734 ,
2400 5666 2736 5737 Beppoleitas.
