4008 6184
368 300 471 355 ὖδτ

1350 304 1405 361 8.
1448 302 1772 360 (ςιιιιϐοῐιιι
1814 306 2117 362 EPISCUI’I
2158 304 2589 362 TUIIONENSIS

3506 306 3611 367 563

364 415 539 485 aliqua
583 416 869 472 Britannia:
900 416 1045 472 ferro
1088 415 1442 487 incendioque
1467 419 1721 488 opprimit
1752 436 1765 472 :
1814 435 1933 490 quae
1963 422 2014 480 Α
2037 433 2150 472 sam
2181 422 2487 476 auferentes
2521 420 2755 489 praedam
2778 462 2792 487 ,
2826 433 2980 487 agros
3015 417 3343 486 pervadunt,
3374 420 3555 475 vineas
3582 439 3611 475 a

365 522 455 563 res
482 510 734 577 majorem
759 509 1016 563 insaniam
1044 510 1317 563 excitavit.

442 599 631 654 XXXI.
675 602 807 653 Dum
848 601 965 654 haec
991 613 1277 669 agerentur
1318 604 1370 656 in
1404 601 1587 656 Galliis
1623 612 1669 665 σι.
1695 603 1938 659 Justinus

365 692 585 761 impleto
608 693 813 759 imperii
842 704 1031 747 octavo
1052 696 1259 747 decimo
1282 711 1443 761 anno,
1470 698 1753 750 amentiam
1777 714 1935 766 quam

365 783 660 839 incurrerat
686 824 701 847 ,
730 800 851 839 cum
883 789 986 840 vita
1040 788 1227 842 Iinivit.
1260 790 1376 855 Quo
1405 791 1643 857 sepulto,
1691 790 1936 844 Tiberius

364 874 542 927 Czrsar
567 875 796 942 arripuit
819 876 926 944 jatn
956 879 1081 931 olim
1110 894 1417 949 aggressum
1447 880 1797 946 imperium".
1829 882 1933 935 Sed

363 980 484 1017 cum
513 980 633 1017 eum
664 967 955 1020 secundum
987 969 1423 1022 consuetudinem
1467 969 1567 1021 Ioei
1616 969 1681 1021 ad
1725 980 1935 1035 speeta-

362 1059 539 1107 eulum
570 1057 697 1109 circi
728 1059 1129 1125 praestolaretur
1159 1060 1386 1127 populus
1407 1075 1819 1128 processurum,
1844 1074 1936 1129 pa-

364 1162 484 1201 rare
512 1148 560 1201 ei
590 1149 831 1217 cogitans
864 1165 957 1216 pro
1014 1160 1162 1217 parte
1215 1151 1499 1205 Iustiniani
1555 1152 1811 1216 insidias,
1842 1155 1930 1221 qui

366 1247 492 1289 tunc
533 1252 697 1305 nepos
743 1238 932 1292 Iustini
979 1241 1293 1306 habebatur,
1328 1241 1419 1295 ille
1454 1256 1560 1309 per
1609 1242 1722 1295 loca
1750 1252 1931 1296 sancta

366 1329 643 1393 processit.
674 1330 1057 1399 Completaque
1087 1332 1362 1396 oratione,
1392 1340 1582 1386 vocato
1604 1333 1669 1385 ad
1699 1348 1757 1386 se
1787 1334 1933 1389 urbis

364 1431 530 1483 papa,
566 1431 685 1470 cum
716 1421 1025 1473 consulibus
1068 1434 1130 1474 ac
1170 1421 1433 1489 praefectis
1465 1423 1715 1488 palatium
1743 1433 1825 1477 est
1852 1424 1933 1476 in-

363 1520 601 1575 gressus.
647 1508 848 1562 Dehinc
892 1509 1108 1564 indutus
1139 1526 1398 1580 purpura,
1432 1512 1736 1567 diademate
1778 1529 1933 1569 curo-

365 1606 556 1661 natus,
586 1598 778 1651 throno
822 1600 1083 1667 imperiali
1123 1601 1403 1669 impositus
1425 1644 1439 1668 ,
1496 1619 1617 1658 cum
1652 1606 1930 1659 immensis

362 1684 606 1741 laudibus
638 1699 660 1727 ο
693 1689 971 1756 imperium
995 1692 1349 1746 conﬁrmavit.
1373 1692 1691 1749 Faclionarii
1718 1713 1930 1765 quoque

2040 507 2301 563 fruetibus
2346 521 2602 575 vacuant,
2655 520 2710 563 et
2758 511 2997 578 captivos
3026 509 3318 563 abducunt.
3365 510 3445 562 Ad
3476 526 3613 576 quos

2038 616 2158 654 cum
2188 600 2338 655 Felix
2369 602 2651 671 episcopus
2679 602 2997 671 legationem
3030 601 3296 666 misisset,
3321 602 3611 656 emendare

2040 694 2429 760 promittentes,
2460 694 2588 747 nihil
2622 696 2684 746 de
2717 693 2991 761 promissis
3019 692 3239 761 implere
3269 693 3550 747 v‘oluerunt

2110 782 2344 838 XXXIII.
2394 784 2547 853 Apud
2578 780 2799 838 hautem
2853 784 3085 837 Parisios
3134 784 3321 838 mulier
3366 787 3608 853 quaidam

2037 874 2139 925 ruit
2170 876 2221 927 in
2251 878 2474 940 crimen,
2492 876 2851 929 asserenlibus
2873 874 3030 945 25,1
3057 875 3256 939 multis,
3288 876 3440 943 quasi
3462 877 3606 945 quod

2038 963 2226 1015 relicto
2256 964 2373 1016 viro
2414 979 2533 1018 cum
2578 965 2683 1018 alio
2712 967 3043 1019 misceretur.
3074 965 3235 1034 Igitur
3264 977 3512 1034 parentes
3544 968 3607 1022 ii-

2036 1052 2140 1106 lius
2171 1065 2516 1110 accesserunt
2555 1057 2622 1110 ad
2668 1067 2900 1125 patrem,
2931 1058 3204 1111 dicentes:
3234 1062 3337 1112 Aut
3360 1059 3603 1113 idoneam

2036 1144 2200 1199 redde
2228 1146 2388 1198 ﬁliam
2439 1155 2580 1199 tuam
2604 1187 2617 1210 ,
2650 1155 2741 1199 aut
2769 1160 2913 1201 certe
2943 1149 3219 1213 moriatur,
3252 1164 3319 1203 ne
3366 1160 3603 1217 stuprum

2035 1234 2138 1290 hoc
2168 1238 2351 1304 generi
2384 1246 2565 1290 nostro
2593 1248 2768 1290 notam
2798 1238 3018 1306 inﬂigat.
3051 1239 3204 1303 Novi,
3227 1239 3396 1308 inquit
3426 1251 3598 1306 pater,

2031 1339 2131 1394 ego
2159 1327 2315 1379 ﬁliam
2356 1342 2525 1380 meam
2556 1328 2689 1381 bene
2719 1328 2995 1392 idoneam,
3029 1342 3126 1382 nec
3150 1337 3233 1382 est
3258 1344 3438 1382 verum
3484 1344 3601 1383 ver-

2034 1415 2158 1468 bum
2182 1419 2283 1470 hoc
2306 1457 2322 1482 ,
2365 1416 2506 1485 quod
2539 1417 2661 1470 mali
2694 1416 2933 1469 homines
2957 1419 3365 1486 proloquuntur.
3399 1418 3599 1471 Tamen

2033 1519 2101 1559 ne
2141 1506 2342 1559 crimen
2372 1514 2658 1575 consurgat
2700 1506 2921 1559 ulterius
2942 1549 2955 1572 ,
3007 1506 3343 1560 innocentem
3371 1519 3490 1560 eam
3518 1504 3603 1558 fa—

2031 1595 2169 1649 ciam
2198 1607 2552 1650 sacramento.
2581 1597 2642 1649 Et
2674 1597 2745 1650 illi
2778 1613 2793 1649 :
2822 1597 2909 1663 Si,
2944 1597 3189 1664 inquiunt
3212 1636 3228 1659 ,
3255 1605 3337 1651 est
3366 1597 3598 1662 innoxia,

2032 1703 2194 1756 super
2241 1690 2499 1743 tumulum
2548 1690 2648 1743 hoc
2677 1691 2813 1744 beati
2845 1690 3082 1759 Dionysii
3136 1692 3384 1760 martyris
3422 1704 3602 1743 saera-

360 1775 699 1841 opperientcs
745 1779 809 1832 ad
837 1781 1036 1835 circum
1056 1822 1074 1847 ,
1102 1796 1223 1836 cum
1266 1796 1644 1853 cognovissent
1671 1802 1788 1855 qua!
1809 1795 1927 1841 aeta
1961 1779 2005 1836 Β
2034 1782 2224 1833 mentis
2249 1778 2476 1834 afﬁrma.
2503 1780 2738 1845 Faciam,
2768 1781 2927 1849 inquit
2958 1790 3125 1848 pater.
3160 1780 3467 1834 Tuncinito
3492 1781 3603 1849 pla-

360 1867 603 1932 fnerant,
652 1872 856 1936 pudore
892 1872 1099 1926 confusi
1154 1876 1271 1929 sine
1294 1873 1487 1929 ‘eﬁectu
1517 1880 1742 1946 regressi
1772 1891 1920 1948 sunt,

360 1956 488 2009 nihil
520 1957 719 2011 homini
740 1961 827 2027 qui
861 1962 913 2013 in
947 1961 1057 2015 Deo
1082 1977 1229 2029 spem
1256 1964 1417 2034 240
1450 1976 1702 2030 posuerat
1741 1969 1932 2022 advero

357 2048 466 2102 sari
498 2050 735 2105 valentes
759 2050 809 2104 ά.
843 2051 1149 2107 Transactis
1176 2056 1335 2122 igitur
1363 2057 1543 2123 paucis
1572 2058 1759 2112 diebus
1780 2098 1797 2125 ,
1834 2059 1931 2112 ad-

357 2140 575 2195 veniens
603 2141 959 2209 Iustinianns,
991 2145 1211 2213 pedibus
1238 2160 1297 2200 se
1321 2146 1548 2214 projecit
1570 2148 1928 2216 imperatoris,

357 2232 653 2298 quindecim
684 2234 733 2288 ei
772 2237 1076 2288 centenaria
1106 2236 1221 2289 auri
1272 2236 1521 2290 deferens
1563 2237 1633 2291 ob
1681 2241 1926 2293 meritum

356 2324 563 2389 gratim.
599 2324 766 2389 Quem
819 2326 908 2379 ille
955 2327 1251 2393 secundum
1300 2328 1574 2395 patientia:
1612 2344 1722 2383 sua:
1768 2331 1926 2383 ritum

356 2415 641 2490 colligens,
683 2416 735 2474 in
762 2418 1019 2489 palatium
1045 2418 1205 2488 jussit
1254 2419 1529 2473 assistere.
1562 2420 1757 2488 Sophia
1800 2436 1929 2474 vero

357 2513 591 2580 Augusta
625 2515 907 2565 immemor
936 2513 1305 2580 promissionis
1325 2552 1341 2577 ,
1375 2527 1534 2581 quam
1564 2513 1830 2581 quondam
1873 2513 1927 2567 in

364 2601 627 2655 Tiberium
679 2602 959 2669 habuerat,
992 2603 1215 2657 insidias
1266 2603 1315 2657 ei
1369 2604 1583 2656 tentavit
1629 2602 1926 2657 intendere.

357 2693 683 2747 Procedente
709 2701 888 2748 autem
914 2709 980 2749 eo
1010 2694 1077 2747 ad
1110 2694 1318 2759 villam,
1364 2701 1421 2747 ut
1446 2694 1596 2762 juxta
1625 2693 1784 2748 ritum
1832 2696 1929 2747 im-

357 2784 611 2852 perialem
662 2785 875 2854 triginta
926 2785 1112 2840 diebus
1151 2785 1217 2839 ad
1249 2784 1571 2839 vindemiam
1609 2786 1930 2854 jucundare-

356 2881 442 2927 tur
467 2883 491 2911 °
514 2884 725 2938 ,vocato
748 2876 884 2928 clam
907 2875 1226 2941 Iustiniano,
1251 2876 1448 2945 Sophia
1479 2875 1649 2930 voluit
1675 2892 1794 2930 eum
1821 2878 1929 2931 eri-

355 2981 480 3036 gere
529 2967 581 3021 in
624 2968 924 3035 imperium.
953 2968 1068 3033 Quo
1116 2980 1421 3037 comperto,
1465 2969 1712 3023 Tiberius
1764 2985 1927 3024 cursu

357 3056 525 3111 veloci
556 3057 620 3110 ad
644 3056 1286 3123 Constantinopolitanam
1309 3060 1578 3113 civitatem
1602 3061 1922 3127 regreditur,

2032 1871 2139 1922 cito
2164 1869 2230 1922 ad
2257 1869 2528 1923 basilicam
2557 1871 2806 1940 martyris
2832 1872 3002 1924 sancti
3033 1870 3394 1937 conveniunt,
3420 1872 3600 1924 eleva-

2030 1962 2205 2028 tisque
2231 1971 2379 2028 pater
2410 1961 2655 2015 manibus
2696 1976 2855 2029 super
2899 1962 3145 2015 altarium
3173 2004 3188 2027 ,
3213 1963 3409 2030 jnravit
3438 1962 3595 2015 ﬁliam

2031 2067 2136 2106 non
2164 2067 2285 2107 esse
2305 2054 2642 2121 culpabilem.
2667 2051 2979 2107 Econtrario
3007 2068 3130 2108 tero
3155 2054 3453 2122 perjurasse
3474 2068 3598 2107 eum

2028 2142 2120 2196 alii
2145 2158 2173 2196 a
2205 2152 2356 2211 parte
2382 2142 2398 2179 ί
2429 2144 2523 2197 viri
2561 2143 2927 2211 pronuntiant.
2977 2146 3068 2198 His
3108 2160 3238 2214 ergo
3287 2147 3601 2200 altercanti-

2030 2232 2151 2299 bus,
2184 2236 2481 2304 evaginatis
2502 2236 2688 2304 gladiis
2711 2237 2763 2289 in
2785 2251 2845 2290 se
2874 2237 3098 2291 invicem
3130 2249 3406 2306 proruunt,
3437 2249 3598 2309 atque

2029 2334 2155 2380 ante
2203 2328 2372 2394 ipsum
2405 2313 2653 2380 altarium
2684 2342 2743 2381 se
2772 2328 3055 2381 trucidant.
3085 2327 3251 2382 Erant
3276 2338 3451 2383 autem
3482 2346 3596 2382 ma-

2024 2415 2173 2485 jores
2221 2426 2348 2470 natu
2391 2426 2446 2473 et
2489 2420 2643 2486 primi
2675 2419 2810 2488 apud
2841 2418 3197 2486 Chilperieum
3230 2435 3430 2489 regem.
3464 2421 3597 2477 Sau-

2029 2508 2238 2561 ciantur
2276 2510 2429 2563 multi
2485 2510 2704 2579 gladiis,
2764 2510 3089 2579 respergitur
3137 2522 3323 2565 sancta
3365 2512 3596 2567 humano

2028 2610 2219 2652 cruore
2246 2598 2500 2664 basilica,
2530 2600 2667 2653 ostia
2711 2601 2898 2668 jaculis
2942 2600 3212 2655 fodiuntur
3250 2613 3303 2656 et
3342 2604 3594 2669 ensibus,

2028 2698 2189 2756 atque
2232 2704 2401 2759 usque
2430 2690 2495 2743 ad
2526 2691 2697 2759 ipsum
2724 2694 3024 2759 sepulcrum
3071 2693 3175 2746 tela
3212 2693 3388 2762 iniqua
3426 2693 3597 2748 deste-

2030 2784 2199 2834 viunt.
2222 2782 2374 2847 Quod
2399 2782 2526 2837 dum
2556 2785 2641 2836 vix
2671 2785 2961 2851 mitigatur,
2993 2786 3136 2840 locus
3159 2782 3390 2839 ofﬁcium
3422 2785 3596 2854 perdi-

2029 2871 2176 2937 ditt,
2200 2872 2369 2927 donec
2396 2876 2492 2927 ista
2520 2874 2697 2928 omnia
2719 2874 2783 2927 ad
2809 2878 2948 2944 regis
2975 2876 3214 2929 notitiam
3238 2877 3594 2944 pervenirent.

2031 2965 2095 3018 Ili
2123 2981 2253 3020 vero
2276 2977 2619 3036 pr0perantes
2670 2968 2735 3021 ad
2778 2970 3115 3036 praesentiam
3146 2971 3392 3037 principis
3417 3011 3431 3034 ,
3490 2986 3595 3023 nun

2030 3055 2361 3122 recipiuntur
2390 3058 2440 3109 in
2471 3059 2727 3127 gratiam;
2756 3059 2848 3111 sed
2877 3058 2943 3111 ad
2975 3059 3281 3125 episcopum
3315 3058 3411 3111 loci
3456 3060 3595 3114 illius

356 3147 851 3217 apprehensamque
898 3151 1189 3217 Augustam
1216 3190 1234 3217 ,
1277 3150 1344 3204 ab
1384 3149 1631 3204 omnibus
1659 3151 1924 3206 thesauris

2031 3144 2228 3198 remitti
2250 3160 2344 3199 eos
2367 3145 2572 3214 jttssum
2606 3159 2681 3201 est
2702 3184 2719 3210 ,
2762 3156 2819 3200 ut
2851 3149 2894 3201 si
2922 3149 2988 3202 de
3020 3151 3118 3202 hoc
3148 3148 3378 3203 facinore
3405 3151 3595 3218 Culpa-

357 3238 631 3305 spoliavit,
682 3237 853 3291 solum
878 3238 926 3291 ei
978 3238 1147 3291 victus
1176 3238 1474 3307 quotidiani
1505 3239 1813 3293 alimentum
1838 3255 1928 3295 re-

356 3330 618 3398 linquens.
651 3330 1057 3400 Segregatisque
1103 3334 1283 3400 pueris
1310 3331 1427 3399 ejus
1463 3330 1531 3383 ab
1556 3345 1641 3397 ea,
1672 3331 1805 3386 alios
1834 3348 1929 3399 po-

357 3422 461 3474 suit
506 3421 573 3475 de
599 3420 845 3475 ﬁdelibus
874 3424 984 3475 suis
1003 3462 1019 3486 ,
1045 3422 1302 3475 mandans
1330 3436 1545 3490 prorsus
1575 3431 1633 3475 ut
1660 3424 1834 3477 nullus
1860 3424 1927 3478 de

356 3511 710 3565 anterioribus
737 3512 802 3565 ad
834 3527 948 3565 eam
982 3512 1197 3567 haberet
1232 3527 1525 3567 accessum.
1566 3512 1925 3569 Iustinianum

357 3612 481 3651 vero
507 3599 838 3666 objurgatum
872 3610 1018 3653 tanto
1063 3601 1118 3653 in
1169 3609 1438 3669 posterum
1472 3616 1659 3657 amore
1702 3602 1923 3671 dilexit,

357 3697 413 3742 ut
446 3688 552 3742 ﬁlio
573 3689 687 3756 ejus
717 3690 880 3742 ﬁliam
909 3705 1058 3744 suam
1091 3692 1442 3760 promitteret,
1476 3709 1791 3765 rursumque
1813 3697 1925 3752 ﬁlio

357 3796 453 3836 Suo
475 3781 633 3835 Iiliam
658 3782 773 3850 ejus
801 3793 1076 3852 expeteret
1110 3803 1123 3839 :
1153 3786 1246 3839 sed
1279 3803 1381 3840 non
1409 3796 1493 3841 est
1523 3804 1607 3843 res
1638 3791 1825 3844 sortita
1848 3792 1925 3846 ef-

357 3872 573 3927 fectum.
606 3875 882 3929 Exercitus
911 3875 1025 3944 ejus
1053 3877 1245 3932 Persas
1293 3879 1616 3949 debellavit,
1648 3882 1924 3951 victorque

357 3978 651 4033 regressus,
684 3974 881 4019 tantam
914 3968 1105 4021 molem
1140 3969 1328 4037 praeda:
1359 3970 1570 4035 detulit,
1596 3983 1651 4025 ut
1675 3974 1921 4028 credere-

359 4062 444 4106 tur
471 4055 743 4124 cupiditati
797 4055 1040 4110 humanze
1085 4072 1250 4125 posse
1293 4059 1561 4115 sufﬁcere.
1591 4060 1784 4130 Viginti
1811 4064 1923 4119 cleo

356 4144 541 4212 phanti
569 4147 706 4214 capti
730 4147 792 4199 ad
819 4148 1189 4215 imperatorem
1214 4148 1421 4203 deducti
1454 4160 1579 4205 sunt
1605 4148 1650 4206 τ.

426 4234 640 4290 XXXII.
665 4236 903 4290 Britanni
926 4252 989 4292 eo
1018 4253 1158 4294 anno
1180 4240 1329 4292 valde
1359 4240 1535 4295 infesti
1564 4244 1705 4297 circa
1735 4244 1920 4301 urbem

354 4326 501 4380 Iuere
530 4326 893 4382 Namneticam
919 4336 943 4373 ε
964 4337 1124 4397 atque
1150 4328 1511 4385 Rhedonicatn
1539 4348 1551 4384 :
1578 4336 1667 4402 qui
1699 4336 1918 4390 innuen-

424 4454 447 4479 σε
478 4443 629 4498 Nulla
682 4443 767 4496 hic
806 4452 887 4497 est
916 4445 1145 4510 capitum
1177 4445 1448 4500 distinctio
1478 4448 1528 4498 in
1552 4447 1735 4515 Colb.,

354 4515 608 4577 excitavit,
640 4518 725 4579 qui
754 4531 866 4567 cum
891 4524 1252 4567 reverterentur
1280 4516 1333 4568 in
1362 4514 1565 4579 Galliis,
1594 4526 1697 4570 etc.

423 4582 464 4655 '1:
484 4585 673 4649 Iteipsa
702 4584 987 4651 Gregorius
1016 4600 1174 4655 supra
1213 4601 1329 4655 cap.
1361 4587 1432 4639 20
1460 4585 1620 4640 refert
1650 4586 1913 4643 Iustinum

351 4652 403 4704 in
428 4653 691 4706 Ctesarem
726 4665 1054 4719 assumptum
1084 4652 1399 4710 'fuisse'an.
1429 4656 1551 4710 577.
1592 4658 1720 4710 Vide
1749 4658 1907 4713 Chro-

354 4721 509 4795 I_i_i_con
533 4722 749 4795 Ioannis
776 4724 840 4775 tle
865 4725 1084 4795 Iticluro.
1110 4725 1422 4795 Gregorium
1453 4728 1734 4795 exscripsit
1759 4730 1913 4783 I’aul.

354 4790 499 4860 Diae.
533 4793 569 4843 I.
603 4807 684 4854 III,
719 4808 835 4860 cap.
875 4794 957 4843 12.
991 4795 1182 4847 Marius
1220 4790 1414 4849 scribit
1442 4812 1528 4849 an.
1562 4790 1666 4852 579
1704 4798 1914 4851 Iustino

351 4859 603 4934 defuncto
643 4859 913 4914 Tiberium
938 4866 1287 4934 successisse.
1339 4866 1442 4919 Alii
1474 4867 1701 4934 denique
1731 4869 1913 4921 volunt

350 4929 661 5006 Tiberium,
708 4945 892 5006 mense
931 4931 1229 5006 Septembri
1277 4934 1581 5006 anno-578,
1615 4929 1909 5006 Augustum

352 5002 715 5053 renuntiatum
766 5001 924 5053 fuisse
952 5017 979 5052 a
1012 5002 1220 5056 Iustino
1246 5044 1259 5062 ,
1290 5004 1377 5069 qui
1404 5045 1417 5067 ,
1444 5014 1501 5057 ut
1529 5001 1911 5068 aittntfmensc

351 5071 592 5144 sequenti
614 5071 905 5124 exstinctus
926 5083 1045 5144 est,
1076 5087 1215 5125 anno
1231 5072 1296 5125 12
1319 5076 1524 5137 imyerii
1551 5078 1658 5129 fere
1674 5079 1905 5144 expleto.

424 5151 444 5211 ς
471 5140 524 5211 Id
553 5152 635 5195 est
663 5142 1150 5211 acclamationibus,
1181 5158 1300 5211 qua:
1330 5145 1539 5211 regibus
1572 5146 1681 5197 Iieri
1716 5140 1907 5201 solent.

418 5207 441 5243 ἀ
469 5210 624 5285 Gorb.
639 5252 653 5276 ,
676 5209 1007 5285 nihilominus
1030 5216 1112 5281 qui
1132 5214 1184 5264 in
1199 5207 1369 5265 'Deum
1394 5207 1537 5282 Spem
1558 5230 1795 5285 posuerat
1817 5219 1912 5269 ad-

344 5295 592 5335 versamus
613 5299 712 5335 non
741 5295 936 5335 metuit.

420 5349 638 5421 {Feriie
686 5349 1045 5405 Vindemiales
1090 5352 1325 5406 celebres
1370 5364 1491 5407 sunt
1519 5354 1655 5421 apud
1702 5367 1910 5412 veteres

347 5418 662 5491 scriptores,
711 5436 905 5491 sacros,
935 5430 990 5473 et
1030 5421 1297 5489 profanos.
1340 5426 1421 5476 Ah
1451 5418 1613 5491 imp'p.
1646 5427 1906 5480 observa-

349 5487 619 5565 tas__fu_isse
642 5491 852 5565 tradunt
879 5487 1204 5558 Capitolinus
1231 5494 1281 5546 in
1314 5487 1603 5557 Antonino,
1634 5495 1902 5565 Lamprid.

343 5557 395 5613 in
428 5558 794 5627 Heiiogahalo,
820 5570 921 5614 etc.

418 5627 437 5666 ί
476 5628 599 5682 Haec
633 5630 1055 5699 viventeadhuc
1082 5630 1289 5686 Iustino
1335 5633 1623 5699 contigisse
1669 5634 1913 5689 scribunt

343 5698 577 5756 «Ioannes
622 5698 815 5753 Biclar.
858 5698 909 5753 in
939 5699 1237 5770 Chronico,
1271 5713 1322 5756 et
1353 5698 1542 5772 Evag’r.
1590 5704 1681 5759 lib.
1711 5720 1742 5756 v
1773 5705 1906 5760 Ilist.

2029 3234 2165 3289 biles
2208 3236 2573 3291 invenirentur
2596 3281 2611 3305 ,
2642 3253 2745 3292 non
2775 3240 3154 3293 convenienter
3204 3241 3535 3293 sociarentur
3566 3238 3595 3277 ι

2028 3329 2407 3382 eonimnnioni.
2442 3330 2590 3384 Tunc
2634 3331 2700 3384 ab
2742 3332 2995 3399 episcopo
3040 3332 3380 3399 Bagnemodo
3417 3330 3458 3396 ι,
3495 3332 3583 3401 qui

2027 3416 2311 3473 Parisiacae
2332 3420 2585 3475 Ecclesia:
2617 3432 2864 3490 praeerat,
2891 3431 3272 3489 componentes
3310 3422 3401 3492 qui
3458 3420 3477 3493 [
3504 3425 3592 3477 At.

2025 3521 2143 3576 qum-
2174 3506 2187 3577 j
2250 3511 2386 3565 male
2408 3522 2703 3580 gesserant,
2733 3512 2787 3566 in
2808 3514 3237 3568 communionem
3267 3513 3592 3567 ecclesiasti-

2024 3611 2142 3652 cam
2172 3609 2294 3653 suut
2323 3602 2542 3669 recepti.
2572 3602 2755 3656 Mulier
2785 3616 2914 3657 vero
2937 3617 3039 3655 non
3065 3613 3183 3671 post
3204 3603 3382 3657 multis
3404 3601 3593 3657 diebus

2024 3702 2144 3742 cum
2176 3691 2241 3743 ad
2266 3690 2522 3758 judicium
2553 3700 2854 3756 vocaretur,
2886 3692 3077 3758 laqueo
3103 3692 3262 3746 vitam
3297 3691 3483 3745 Iinivit.

2098 3778 2334 3834 XXXIV.
2375 3784 2529 3834 Anno
2557 3781 2740 3850 quinto
2768 3781 3094 3836 Childeberti
3142 3783 3280 3851 regis
3309 3783 3585 3838 Arverno-

2022 3886 2139 3926 rum
2172 3872 2439 3941 regionem
2470 3874 2667 3929 diluvia
2715 3890 2903 3945 magna
2947 3887 3270 3945 presserunt,
3305 3877 3375 3929 ita
3409 3887 3463 3931 ut
3495 3892 3594 3946 per

2022 3964 2137 4018 dies
2166 3966 2443 4020 duodecim
2467 3981 2570 4020 non
2598 3976 2835 4021 cessaret
2862 3982 2890 4020 a
2921 3967 3096 4035 pluvia
3120 3983 3133 4021 τ
3159 3976 3405 4035 tantaque
3428 3969 3589 4021 inun-

2021 4054 2233 4109 datione
2261 4055 2479 4111 Limane
2500 4066 2537 4093 ιιι
2568 4068 2650 4112 est
2676 4059 2931 4123 infusum,
2967 4067 3021 4112 ut
3047 4060 3241 4113 multos
3274 4075 3342 4113 ne
3385 4074 3594 4115 semen-

2021 4157 2128 4201 tem
2154 4148 2393 4216 jacerent
2416 4151 2741 4218 prohiberet.
2762 4152 2999 4205 Flumina
3019 4167 3229 4220 quoque
3251 4151 3407 4221 Liger
3427 4151 3591 4223 242

2019 4237 2366 4309 Flavarisque
2387 4281 2402 4306 ,
2434 4255 2591 4309 quem
2637 4241 2880 4296 Elacrem
2910 4249 2936 4276 ιι
2968 4240 3237 4306 vocitant,
3272 4242 3357 4295 vel
3401 4242 3592 4311 reliqui

2020 4337 2286 4386 torrentes
2318 4341 2689 4399 percurrentes
2730 4333 2782 4386 in
2808 4347 2952 4401 eum,
2987 4333 3059 4385 ita
3089 4332 3491 4397 intumuerunt,
3527 4342 3583 4387 ut

2092 4449 2117 4487 ε
2143 4440 2323 4507 Colb.,
2357 4440 2662 4495 Veneticum.
2680 4441 2867 4496 Nostra
2893 4453 3066 4497 tamen
3092 4443 3249 4498 lectio
3264 4444 3452 4498 melior
3469 4459 3593 4498 cen-

1783 4452 1870 4503 ubi
2092 4452 2117 4487 ε
2143 4452 2323 4507 cum,
2360 4452 2662 4495 Veneticum.
2680 4452 2867 4496 Nostra
2893 4453 3066 4497 tamen
3093 4452 3249 4498 lectio
3264 4452 3452 4498 melior
3469 4459 3568 4498 cen

1896 4491 1911 4516 ’
1941 4492 1996 4551 Ῐ)
2018 4513 2125 4585 seri
2152 4512 2343 4578 debet,
2378 4520 2492 4585 tutn_
2506 4514 2583 4585 _ob
2613 4527 2738 4565 mss.
2782 4523 2833 4585 et
2881 4513 3084 4580 editos,
3138 4522 3246 4568 tum
3278 4516 3398 4585 quia
3430 4513 3583 4569 Felix

2017 4582 2298 4650 episcopus
2332 4591 2447 4636 erat
2477 4583 2869 4636 Natnnetensis.

2088 4651 2113 4720 ιβ
2146 4652 2299 4706 Deest
2331 4654 2429 4705 hoc
2456 4663 2615 4720 caput
2647 4653 2698 4705 in
2733 4654 2891 4708 Corb.
2923 4663 2976 4706 et
3001 4652 3153 4708 Colb.

2095 4718 2108 4790 ἦ
2162 4721 2369 4790 Iiegm.,
2398 4718 2586 4790 aperte.

2090 4788 2125 4863 ιλ
2159 4788 2392 4863 Ecclesia
2434 4788 2749 4863 interdicta
2787 4793 2857 4863 ob
2914 4793 3187 4863 sanguinis
3240 4794 3582 4849 eIl‘usionem.

2029 4858 2174 4931 Vide
2194 4862 2505 4915 Audoeuum
2540 4863 2625 4914 lib.
2659 4877 2698 4914 ιι
2721 4862 2787 4915 de
2817 4861 2929 4915 Vita
2956 4858 3039 4917 Sf
3055 4863 3204 4929 Eligii
3225 4904 3240 4930 ,
3275 4880 3391 4931 cap.
3416 4866 3509 4919 2!).

2086 4927 2241 5000 ἰδία
2264 4932 2451 5000 Regni.
2476 4948 2490 4996 ;
2515 4940 2567 4984 at
2589 4932 2698 4994 alii,
2730 4948 2829 4983 non
2858 4927 3234 4998 invenirentur,
3248 4927 3586 4993 sociarentur.

2092 4998 2110 5036 ί
2156 5002 2264 5063 ΑΙ..
2300 4998 2649 5071 chinmodo;
2680 5003 2832 5065 Bad.,
2866 5002 3196 5067 Haimundo;
3225 5006 3445 5073 aliquot,
3478 5007 3587 5063 Re-

2011 5073 2283 5139 gnamoda.

2087 5150 2125 5175 ω
2165 5141 2252 5195 Sic
2276 5144 2382 5209 jam
2414 5157 2570 5210 supra
2603 5141 2695 5197 lib.
2719 5156 2925 5207 tn,cap.
2955 5141 3005 5204 9,
3039 5144 3319 5210 appellavit
3341 5159 3456 5198 eam
3483 5161 3589 5201 nr-

2010 5213 2209 5265 vernia:
2239 5223 2459 5279 partem,
2494 5228 2648 5280 quam
2681 5212 2964 5264 Limaniam
2996 5215 3153 5264 etiam
3187 5230 3324 5267 nunc
3346 5219 3588 5282 appella-

2011 5295 2164 5346 mus;
2196 5298 2225 5334 a
2258 5284 2383 5336 Iitno
2411 5283 2479 5333 ob
2510 5283 2901 5336 foecunditatem
2933 5283 3009 5334 sic
3038 5284 3230 5337 dictam
3262 5294 3407 5351 putat
3437 5289 3587 5339 Alte-

2013 5366 2180 5423 serra.
2215 5354 2286 5423 De
2314 5368 2379 5423 ea
2426 5351 2675 5405 Sidonius
2723 5352 2812 5405 lib.
2847 5367 2900 5404 ιιι
2922 5392 2936 5415 ,
2962 5353 3115 5423 epist.
3149 5368 3195 5413 ι,
3243 5357 3388 5423 cuius
3416 5358 3587 5410 meriti

2011 5422 2102 5502 sit,
2124 5423 2212 5502 ,ιρι
2240 5421 2691 5502 Gott/tiscredite,
2723 5424 2810 5502 qui
2837 5424 2987 5502 etiam
3024 5421 3394 5502 Septimaniam
3434 5442 3585 5502 suam

2013 5491 2301 5557 fastidiunt,
2334 5494 2485 5544 modo
2511 5491 2745 5544 invidiosi
2775 5492 2927 5561 hujus
2957 5494 3134 5561 anguli
3163 5495 3313 5545 etiam
3351 5496 3582 5549 desolata

2015 5567 2325 5629 praprt‘etate
2355 5563 2632 5628 potiuntur.

2087 5644 2114 5670 υ
2156 5634 2245 5687 Sic
2272 5646 2400 5685 mss.
2429 5641 2482 5684 et
2512 5630 2671 5694 editi,
2718 5640 2909 5697 prmter
2944 5631 3093 5685 Colh.
3124 5633 3213 5698 qui
3259 5632 3415 5687 habet
3460 5633 3579 5686 llo-

2017 5711 2234 5767 crcm,et
2255 5701 2474 5765 Chesn,
2503 5698 2760 5752 Etamem.
2782 5700 2947 5755 Codd.
2978 5704 3455 5765 laudatAltcterra.
3482 5706 3577 5759 ubi
