4006 6182
326 315 427 371 549

1278 298 1590 356 HISTORIA
1634 291 2075 351 FRANCORUM.
2109 291 2311 348 LIBER
2349 291 2665 358 QUINTUS.

3463 291 3567 347 3'50

327 439 602 491 ternnnos,
632 435 767 492 quos
815 432 1083 487 nunquam
1130 423 1504 477 excesserant,
1537 417 1897 481 praeterirent.
1928 414 1974 466 Α
2004 405 2337 459 Perdidimus
2367 405 2551 459 dulces
2572 416 2626 458 et
2662 403 2853 458 charos
2884 401 3039 457 nobis
3079 402 3365 457 infantulos
3388 445 3402 467 ,
3436 420 3570 476 quos

325 526 456 587 Quae
485 518 686 584 grande
716 514 785 568 de
827 510 1108 579 pecoribus
1136 506 1422 571 excidium,
1453 504 1519 557 de
1555 501 1778 556 culturis
1807 499 1901 553 de-

324 613 674 670 trimentum,
724 604 793 658 de
838 599 1080 655 :ediﬁciis
1132 599 1306 651 fecere
1354 592 1704 661 naufragium.
1781 589 1899 643 Pari

325 701 485 755 tuodo
517 697 806 751 Rhodanus
832 708 953 745 cum
991 688 1141 742 Arari
1185 685 1501 754 conjunctus
1523 725 1537 747 ,
1572 685 1713 751 ripas
1742 694 1900 733 exce-

324 794 478 853 dens,
510 803 671 857 grave
701 787 951 839 damnum
983 780 1186 849 p0pulis
1220 778 1425 840 intulit,
1471 789 1652 827 muros
1683 772 1899 839 Lugdu-

326 883 509 937 nensis
537 877 766 933 civitatis
813 876 987 942 aliqua
1020 888 1083 924 ex
1119 880 1269 939 parte
1299 868 1576 921 subvertit.
1612 864 1903 929 QuieSren-

327 973 471 1025 tibus
504 983 634 1022 vero
676 966 900 1035 pluviis,
936 963 1155 1015 arbores
1202 960 1378 1011 denuo
1425 957 1903 1009 ﬂorueruntzerat

326 1063 467 1115 enim
503 1059 704 1113 mensis
723 1055 1038 1124 September
1061 1064 1110 1105 ι.
1138 1052 1191 1104 lu
1221 1050 1488 1103 'l‘uronicn
1517 1060 1645 1100 vero
1673 1060 1737 1098 eo
1760 1058 1901 1098 anno

332 1167 490 1206 mane
521 1150 827 1218 priusquam
858 1146 971 1198 dies
1002 1143 1355 1205 illucesceret,
1390 1138 1559 1205 fulgor
1591 1150 1683 1205 per
1708 1135 1901 1187 caelum

329 1240 635 1296 encurrisse
655 1240 803 1291 visus
830 1245 933 1301 est,
958 1243 1011 1288 et
1032 1234 1096 1285 ad
1120 1231 1356 1285 Orientis
1380 1229 1587 1296 plagam
1616 1227 1899 1280 decidisse.

327 1333 431 1387 Sed
462 1345 516 1386 et
543 1329 772 1394 sonitus,
798 1338 1045 1393 tanquam
1074 1322 1333 1376 dirocntis
1353 1321 1581 1379 arboris,
1618 1335 1709 1385 per
1738 1326 1902 1369 totum

327 1432 529 1477 terram
559 1420 705 1473 illam
747 1416 959 1468 auditus
985 1423 1067 1466 est
1094 1429 1109 1463 :
1134 1411 1276 1479 quod
1307 1410 1425 1463 ideo
1456 1423 1562 1462 non
1599 1416 1683 1460 est
1722 1405 1788 1457 de
1816 1418 1903 1456 ar-

333 1516 463 1568 bore
493 1509 866 1565 aestimandum
900 1549 913 1571 ,
935 1506 1052 1574 quia
1077 1506 1129 1557 in
1152 1504 1533 1572 quinquaginta
1562 1507 1653 1551 aut
1676 1494 1904 1563 amplius

329 1604 580 1658 milliaria
611 1609 694 1655 est
719 1599 980 1652 auditum.
1013 1595 1132 1665 Ipso
1155 1611 1296 1647 anno
1326 1592 1563 1662 graviter
1607 1591 1733 1641 urbs
1766 1587 1902 1640 Bur-

329 1693 634 1763 degalensis
661 1706 690 1745 a
722 1698 1031 1743 terraeinotu
1061 1700 1320 1739 concussa
1352 1693 1455 1747 est,
1488 1682 1793 1747 moeniaque
1821 1678 1903 1731 ci-

2001 506 2093 550 aut
2119 497 2335 566 gremiis
2356 495 2604 561 fovimus,
2635 504 2726 549 aut
2752 496 2889 548 ulnis
2923 496 3296 564 bajulavimus,
3327 507 3417 551 aut
3446 513 3568 566 pro-

2001 591 2116 657 pria
2160 605 2318 642 manu
2358 589 2669 643 miuistratis
2703 588 2837 643 cibis
2878 589 3019 655 ipsos
3066 589 3244 642 smdio
3288 591 3567 657 sagariore

2002 681 2350 748 uutrivimus;
2381 681 2473 733 sed
2499 680 2757 734 abstersis
2791 681 3038 748 lacrymis
3064 695 3185 733 cum
3236 682 3390 735 beato
3418 682 3519 736 Joh
3547 726 3561 748 ,

2002 769 2232 822 diximus
2264 787 2274 820 :
2307 770 2551 822 Dominus
2574 770 2730 832 dedit,
2770 767 3019 819 Dominus
3048 770 3253 821 abstulit
3280 784 3299 821 .'
3319 772 3573 835 quomodo

2004 860 2228 914 Domino
2259 862 2469 926 placuit,
2506 863 2575 912 ita
2606 861 2800 929 factum
2828 869 2920 912 est.
2952 858 3032 912 Sit
3065 876 3247 912 nomen
3279 863 3390 930 ejus
3418 862 3572 914 bette-

2004 954 2197 1005 dictum
2243 954 2296 1004 t'u
2336 953 2525 1005 swcula
2559 951 2700 1017 (Job.
2746 966 2784 1014 I,
2811 951 2923 1019 2i).
2961 950 3120 1018 Igitur
3170 952 3219 1003 in
3264 953 3342 1004 his
3387 951 3575 1005 diebus

2003 1041 2337 1110 Chilpericus
2392 1057 2484 1095 rex
2533 1044 2768 1110 graviter
2812 1044 3092 1107 aegrotavit
3133 1057 3276 1110 :quo
3319 1044 3574 1097 convale-

2003 1142 2210 1197 scente,
2242 1132 2382 1185 ﬁlius
2406 1133 2523 1199 ejus
2549 1132 2751 1199 junior,
2786 1131 3012 1184 necdum
3039 1148 3103 1183 ex
3134 1146 3265 1199 aqua
3292 1143 3347 1187 et
3376 1133 3576 1201 Spiritu

2003 1232 2189 1277 Sancto
2227 1232 2477 1285 renatus,
2511 1236 2775 1290 tegrotare
2797 1224 2975 1287 cmpit.
3011 1222 3178 1285 Quem
3223 1225 3275 1276 in
3322 1224 3577 1277 extremis

2005 1315 2271 1380 videntes,
2308 1315 2572 1382 baptismo
2596 1313 2900 1367 abluet-unt.
2931 1314 3046 1379 Quo
3075 1328 3355 1381 parumper
3386 1314 3576 1367 metius

2003 1416 2216 1474 agente,
2250 1405 2416 1458 frater
2442 1404 2558 1473 ejus
2588 1404 2789 1467 senior,
2823 1404 3038 1456 nomine
3061 1402 3476 1468 Chlodobertus,
3507 1403 3577 1457 ab

2006 1494 2108 1549 hoc
2130 1495 2319 1548 morbo
2341 1493 2650 1560 corripitur,
2675 1493 2954 1560 ipsumque
2981 1494 3033 1545 in
3056 1492 3364 1546 discrimine
3390 1491 3575 1545 mortis

2006 1583 2375 1652 Fredeguudis
2422 1591 2594 1635 mater
2620 1596 2881 1646 cernens,
2913 1595 3035 1633 sero
3064 1583 3364 1649 ptenitens,
3399 1582 3474 1635 ait
3512 1582 3579 1635 ad

2005 1688 2185 1739 regem
2214 1689 2226 1724 :
2258 1672 2358 1724 Diu
2403 1685 2499 1724 nos
2528 1672 2665 1723 male
2694 1680 2909 1738 agentes
2938 1669 3107 1737 pietas
3144 1670 3326 1724 divina
3368 1681 3579 1723 susten-

329 1758 513 1836 \itatis
552 1783 604 1835 in
644 1780 956 1834 discrimine
1004 1776 1297 1831 eversionis
1344 1773 1692 1831 exstiterunt;
1738 1780 1899 1835 atque
1931 1772 1974 1829 Β
2005 1771 2107 1827 tat;
2142 1776 2263 1815 nam
2292 1775 2435 1829 saepe
2476 1774 2574 1813 IIOS
2619 1758 2856 1814 febribus
2881 1768 2933 1813 et
2960 1759 3079 1813 aliis
3112 1760 3264 1813 malis
3291 1760 3571 1829 ςοηίριιίι,

330 1873 400 1926 ita
427 1872 609 1925 omnis
642 1871 868 1938 p0pulus
898 1878 1039 1922 metu
1072 1867 1260 1921 mortis
1291 1866 1581 1920 exterritus
1608 1874 1688 1916 est
1715 1905 1729 1928 ,
1764 1874 1818 1912 ut
1859 1861 1904 1913 si

331 1982 435 2020 non
469 1964 701 2034 fugeret,
727 1971 936 2031 putaret
963 1977 1021 2015 se
1041 1977 1159 2016 cum
1192 1965 1322 2013 urbe
1350 1958 1649 2012 dehiscere.
1684 1955 1829 2009 Unde
1853 1964 1907 2006 et

333 2060 486 2110 inulti
521 2058 584 2109 ad
619 2055 865 2109 civitates
897 2054 1029 2107 alias
1060 2055 1403 2106 transierunt.
1434 2049 1531 2114 Qui
1568 2059 1763 2100 tremor
1795 2046 1901 2116 [AL

334 2146 518 2218 timor]
561 2148 627 2200 ad
671 2147 868 2199 vicinas
908 2145 1152 2197 civitates
1199 2153 1476 2210 porreetus
1504 2146 1614 2202 est,
1648 2144 1701 2188 et
1743 2150 1906 2202 usque

335 2240 642 2308 Hispaniam
685 2237 898 2306 attigit,
935 2235 1030 2290 sed
1079 2250 1182 2287 non
1225 2242 1329 2284 tam
1360 2231 1550 2283 valide.
1595 2229 1795 2281 Tamen
1840 2225 1909 2278 de

335 2329 610 2400 Pyrenaeis
654 2328 926 2381 montibus
954 2324 1200 2379 immensi
1233 2322 1434 2391 lapides
1462 2330 1586 2373 sunt
1610 2317 1862 2372 commori
1887 2355 1903 2378 ,

336 2424 421 2492 qui
454 2437 643 2491 pecora
677 2421 1021 2487 hominesque
1052 2425 1471 2486 prostraverunt.
1504 2410 1633 2465 Nam
1674 2420 1728 2463 et
1763 2408 1910 2460 vicos

338 2515 755 2584 llurdegalenses
798 2513 1099 2567 incendium
1144 2511 1395 2563 divinitus
1436 2518 1611 2562 ortum
1662 2505 1907 2571 exussit,

337 2606 408 2662 ita
440 2616 500 2659 ut
540 2607 716 2660 subito
763 2605 1133 2672 comprehensi
1182 2602 1323 2670 igne,
1360 2609 1466 2652 tam
1519 2599 1708 2651 domus
1755 2610 1912 2664 quatn

338 2714 474 2753 area:
500 2713 619 2751 cum
650 2697 871 2749 annonis
902 2694 1144 2748 incendio
1166 2698 1563 2755 cremarentur;
1587 2690 1786 2743 nullum
1819 2702 1912 2755 pc-

341 2792 484 2843 nitus
507 2788 907 2842 incitamentum
937 2786 1139 2839 habens
1172 2786 1307 2853 ignis
1335 2784 1527 2847 alieni,
1562 2781 1660 2835 nisi
1694 2781 1913 2833 forsitan

342 2880 587 2949 jussione
613 2876 812 2930 divina.
853 2876 981 2929 Nam
1010 2884 1064 2928 et
1106 2874 1504 2929 Aurelianensis
1536 2872 1722 2925 civitas
1768 2868 1915 2938 gravi

347 2971 601 3026 incendio
628 2966 994 3038 conflagravit,
1026 2968 1075 3021 in
1121 2974 1324 3019 tantum
1361 2974 1417 3019 ut
1460 2964 1743 3018 ditioribus
1786 2962 1917 3017 nihil

344 3064 555 3131 penitus
588 3067 1005 3115 remaneretzet
1045 3060 1089 3111 si
1135 3059 1325 3127 aliquis
1370 3057 1438 3111 ab
1468 3057 1588 3123 igne
1631 3055 1915 3124 quidquam

2007 1864 2060 1905 et
2119 1851 2428 1904 emendatio
2476 1865 2582 1903 non
2629 1850 2906 1903 successit.
2974 1851 3109 1903 Ecce
3146 1851 3254 1917 jam
3305 1850 3576 1917 perdimus

2007 1943 2179 2007 ﬁlios;
2222 1956 2349 1997 ecce
2382 1944 2494 2009 jam
2543 1956 2636 1996 eos
2684 1942 2935 2009 lacrymte
2974 1956 3301 2009 pauperum,
3354 1944 3582 1995 lamenta

2008 2033 2326 2095 viduarum,
2375 2031 2603 2100 suspiria
2664 2031 3020 2099 orphanorum
3082 2031 3430 2096 interimunt;
3485 2048 3583 2088 nec

2008 2140 2133 2194 spes
2162 2135 2403 2180 remanet
2434 2125 2520 2177 cui
2556 2122 2757 2193 aliquid
2793 2138 3202 2192 congregemus.
3234 2124 3584 2178 Thesauriza-

2010 2232 2150 2282 mus,
2182 2215 2481 2271 nescientes
2510 2216 2594 2270 cui
2624 2227 3009 2283 congregemus
3046 2229 3128 2267 ea.
3163 2216 3298 2268 Ecce
3340 2215 3578 2270 thesauri

2011 2322 2292 2367 remanent
2318 2327 2347 2364 a
2382 2324 2687 2379 possessore
2716 2310 2899 2372 vacui,
2933 2310 3134 2377 rapinis
3160 2324 3222 2363 ac
3248 2310 3583 2364 maledictio-

2020 2403 2176 2458 nibus
2213 2404 2372 2473 pleni.
2407 2402 2653 2469 Nunquid
2705 2417 2809 2455 non
2838 2401 3173 2456 exundabant
3215 2401 3375 2473 245.
3402 2418 3583 2472 promo

2017 2494 2224 2563 ptuaria
2261 2494 2420 2547 vino?
2450 2493 2688 2563 nunquid
2721 2508 2827 2547 non
2860 2493 3048 2546 horrea
3090 2486 3430 2560 replebanttir
3470 2496 3581 2547 fru-

2015 2586 2240 2639 mento?
2290 2585 2529 2653 nunquid
2578 2600 2683 2638 non
2724 2593 2878 2638 erant
2928 2583 3160 2637 thesauri
3206 2583 3387 2638 referti
3433 2600 3587 2648 auro,

2014 2686 2260 2746 argento,
2294 2678 2561 2746 lapidibus
2602 2676 2870 2745 pretiosis,
2902 2675 3211 2736 monilibus.
3244 2676 3327 2729 vel
3376 2677 3589 2744 reliquis

2018 2772 2380 2840 imperialibus
2403 2770 2770 2823 ornamentis?
2799 2770 2938 2823 Ecce
2966 2769 3104 2838 quod
3135 2770 3404 2836 pulchrius
3434 2769 3589 2824 habe-

2018 2868 2229 2931 bamus,
2263 2866 2556 2936 perdimus.
2590 2864 2756 2925 Nunc,
2785 2865 2828 2916 si
2857 2864 3046 2931 placet,
3076 2863 3195 2918 veni
3226 2863 3332 2934 [Αι.
3366 2862 3591 2932 venite},

2017 2969 2073 3013 et
2116 2957 2462 3011 incendamus
2498 2968 2686 3009 omnes
2726 2954 3110 3022 descriptiones
3155 2954 3404 3021 iniquas;
3441 2954 3590 3007 suffi-

2021 3053 2235 3121 ciatque
2282 3052 2410 3104 “300
2460 3058 2647 3102 nostro
2678 3088 2694 3112 ,
2750 3048 2889 3116 quod
2936 3045 3144 3101 suffecit
3192 3048 3324 3113 patri
3373 3045 3591 3116 regique

342 3128 557 3221 eripuit,
588 3155 656 3207 ab
686 3153 1052 3205 insistentibus
1084 3150 1288 3202 furibus
1316 3160 1397 3201 est
1440 3149 1724 3214 direptum.
1763 3144 1917 3211 Apud
1943 3128 1990 3188 Ο
2020 3142 2448 3200 Chlothachario.
2481 3139 2605 3197 Haec
2651 3137 2806 3192 elfata
2849 3141 3052 3205 regina,
3087 3138 3271 3206 pugnis
3301 3136 3589 3191 verberans

348 3247 631 3299 terminum
660 3243 1017 3297 Caruoteuum
1048 3257 1204 3296 verus
1230 3240 1255 3278 δ
1287 3242 1355 3295 de
1380 3241 1599 3294 effracto
1629 3254 1763 3308 pane
1790 3253 1916 3292 sarr-

347 3338 460 3408 guis
485 3338 711 3393 efﬂuxit.
736 3337 982 3392 Graviter
1013 3347 1137 3389 tunc
1160 3345 1215 3389 et
1243 3334 1475 3389 Biturica
1503 3335 1688 3388 civitas
1710 3350 1737 3385 a
1762 3348 1919 3403 grau-

348 3433 473 3486 dme
505 3433 782 3485 verberata
816 3438 919 3485 est.

420 3523 637 3578 XXXV.
678 3522 782 3578 Sed
832 3524 946 3576 haec
993 3520 1228 3590 prodigia
1259 3519 1572 3589 gravissima
1616 3516 1772 3588 253
1805 3516 1919 3571 lues

350 3623 430 3666 est
456 3615 756 3668 subsecuta.
784 3612 912 3666 Nam
942 3613 1364 3666 discurdantihus
1387 3611 1618 3679 regibus,
1644 3621 1695 3663 ct
1726 3611 1918 3663 iterum

350 3707 543 3760 bellum
574 3706 729 3785 civile
759 3706 1063 3774 parantibus
1085 3746 1100 3769 ,
1145 3706 1507 3776 dysentericus
1539 3704 1756 3756 morbus
1782 3717 1921 3770 pene

354 3800 549 3852 Gallias
578 3807 715 3851 totas
747 3798 1153 3867 praeoccupavit.
1190 3796 1316 3849 Erat
1347 3796 1486 3849 enim
1520 3796 1601 3847 his
1629 3794 1717 3863 qui
1751 3792 1919 3861 patie-

363 3890 552 3943 bantur
605 3889 773 3942 valida
803 3903 921 3942 cum
954 3888 1151 3941 vomitu
1184 3888 1365 3951 febris,
1397 3902 1692 3955 renumque
1724 3886 1920 3938 nimius

364 3980 528 4041 dolor,
559 3986 717 4046 caput
744 3994 903 4048 grave
933 3980 1010 4031 vel
1040 3977 1238 4031 cervix.
1265 3977 1338 4030 Ea
1370 3991 1496 4029 vero
1526 3990 1641 4042 quae
1673 3991 1738 4028 ex
1769 3989 1861 4028 ore
1893 3985 1915 4013 ο

369 4071 777 4142 projiciehantur
806 4111 820 4134 ,
869 4070 1047 4123 colore
1112 4082 1348 4131 croceo,
1405 4078 1494 4121 aut
1542 4078 1687 4120 certe
1736 4064 1921 4119 viridia

364 4172 548 4224 erant;
578 4176 607 4214 a
639 4161 818 4213 multis
859 4168 1036 4213 autem
1068 4159 1406 4212 asserchatur
1436 4172 1696 4212 venenum
1744 4157 1924 4211 occul-

365 4262 469 4306 tum
515 4266 654 4306 esse.
705 4251 1028 4305 Rusticiures
1078 4266 1200 4305 vero
1240 4250 1449 4305 corales
1501 4250 1599 4304 hoc
1650 4243 1919 4317 pusulas‘1

359 4344 729 4397 nominabant:
761 4343 897 4411 quod
932 4359 1035 4396 non
1060 4354 1139 4397 est
1160 4342 1488 4407 incredibile,
1519 4340 1640 4409 quia
1664 4339 1838 4392 missa:
1869 4339 1920 4393 in

356 4436 584 4503 scapulis
616 4437 728 4487 sive
753 4435 996 4490 cruribus
1026 4447 1279 4497 ventosae,
1309 4432 1715 4503 procedentibus
1744 4447 1923 4485 erum-

2022 3246 2226 3306 pectus,
2251 3231 2415 3302 jussit
2444 3232 2607 3285 libros
2637 3226 2916 3291 exhiberi,
2945 3229 3031 3297 qui
3058 3230 3125 3282 de
3154 3229 3450 3282 civitatibus
3481 3229 3593 3283 suis

2023 3344 2117 3398 per
2147 3327 2381 3381 Marcum
2426 3333 2726 3386 venerant;
2768 3322 3120 3390 proiectisque
3160 3321 3211 3374 in
3254 3322 3460 3390 ignem,
3492 3322 3591 3375 ite-

2022 3437 2138 3475 rum
2171 3420 2235 3473 ad
2268 3432 2445 3487 regem
2475 3429 2733 3470 conversa
2762 3413 2936 3480 :Quid
2974 3423 3060 3478 tu,
3090 3413 3291 3481 inquit,
3325 3412 3592 3467 moraris?

2024 3511 2129 3565 Fac
2157 3508 2297 3578 quod
2347 3509 2493 3560 vides
2530 3521 2558 3557 a
2608 3520 2694 3559 me
2727 3505 2838 3557 fieri
2865 3543 2881 3567 ,
2930 3511 2988 3557 ut
3030 3512 3085 3557 et
3128 3502 3171 3555 si
3212 3502 3400 3556 dulces
3440 3513 3593 3557 natos

2025 3600 2326 3670 perdimus,
2361 3596 2442 3651 vel
2488 3610 2696 3663 ptenam
2748 3602 3053 3662 perpetuam
3101 3593 3407 3647 evadamus.
3440 3594 3591 3647 Tunc

2024 3707 2119 3745 rex
2145 3696 2499 3757 compunctus
2524 3685 2685 3739 corde
2725 3684 2937 3739 tradidit
2976 3699 3164 3739 omnes
3198 3683 3361 3739 libros
3395 3684 3593 3738 descri-

2026 3780 2261 3849 ptionum
2297 3778 2399 3847 igni
2422 3817 2437 3840 ,
2465 3775 2909 3845 conllagratisque
2930 3775 3066 3840 illis,
3100 3775 3242 3829 misit
3270 3776 3358 3844 qui
3384 3775 3587 3828 futuras

2025 3870 2369 3939 prohiberent
2394 3868 2798 3935 descriptiones.
2826 3858 3066 3919 Pos'threc
3092 3865 3382 3919 infantulus
3399 3865 3583 3935 jttuior

2024 3960 2148 4014 dum
2179 3959 2343 4013 nimio
2373 3958 2551 4011 labore
2583 3957 2827 4019 tabescit,
2858 3954 3249 4024 exstinguitur;
3283 3970 3441 4024 quem
3461 3970 3585 4009 cum

2025 4050 2264 4106 maximo
2296 4063 2527 4104 triterore
2564 4049 2888 4102 deducentes
2922 4063 2951 4100 a
2979 4048 3105 4100 villa
3144 4047 3419 4101 Brennaco
3449 4047 3594 4101 Pari-

2025 4145 2156 4207 sios,
2188 4143 2253 4196 ad
2302 4141 2573 4195 basilicam
2620 4139 2789 4194 sancti
2831 4139 3068 4209 Dionysii
3109 4141 3338 4207 sepelire
3370 4141 3589 4191 manda-

2024 4244 2211 4289 verunt
2237 4242 2282 4285 ο.
2318 4230 2731 4285 Chlodnbertum
2784 4245 2909 4283 vero
2948 4236 3336 4297 componentes
3369 4229 3418 4281 in
3454 4228 3594 4281 fere-

2026 4333 2126 4392 tro,
2160 4325 2476 4380 Suessionas
2514 4322 2579 4375 ad
2622 4320 2894 4376 basilicam
2944 4323 3111 4374 sancti
3143 4318 3379 4373 Medardi
3420 4318 3586 4373 duxe-

2025 4427 2168 4482 runt,
2204 4415 2645 4486 projicientesque
2672 4427 2793 4467 eum
2842 4411 2909 4465 ad
2955 4420 3196 4464 sanctam
3242 4409 3585 4477 sepulcrum,

361 4525 702 4592 pentibusque
731 4524 949 4586 vesicis,
980 4525 1203 4578 decursa
1234 4524 1380 4578 sanie
1424 4522 1575 4576 multi
1617 4522 1910 4576 liberabant

2030 4518 2285 4563 voverunt
2316 4518 2432 4561 vota
2467 4522 2560 4575 pro
2585 4520 2687 4569 eo;
2718 4502 2811 4557 sed
2840 4502 3011 4556 media
3042 4510 3215 4564 nocte,
3240 4499 3464 4553 anhelus
3482 4499 3592 4566 jam

363 4625 476 4680 tur;
523 4615 617 4669 sed
662 4625 715 4668 et
758 4614 967 4681 herbae,
1020 4631 1137 4684 qua:
1176 4615 1394 4667 venenis
1442 4613 1739 4675 medentur,
1773 4611 1919 4680 potui

358 4720 595 4777 sumptae,
632 4708 896 4777 plerisque
929 4708 1169 4775 praesidia
1200 4708 1561 4760 contulerunt.
1594 4706 1658 4759 Et
1701 4706 1917 4773 quidem

361 4803 583 4865 primum
634 4802 745 4851 lucc
782 4798 1062 4851 iulirmilas
1108 4814 1134 4850 a
1184 4811 1369 4850 mense
1400 4798 1640 4864 Augusto
1672 4794 1873 4847 initiata
1901 4833 1916 4859 ,

360 4890 600 4956 parvulus
652 4887 1021 4940 adolescentes
1068 4885 1337 4953 arripuit,
1389 4883 1640 4949 lethoque
1687 4882 1917 4951 subegit.

359 5021 673 5086 Elaverque,
722 5037 867 5089 quem
906 5019 1201 5073 Melacrem.
1254 5018 1299 5071 ls
1329 5022 1409 5089 est
1457 5014 1650 5089 Elaver
1687 5013 1914 5089 fluvius,

361 5098 511 5164 vulgo
540 5084 768 5164 ιἈΙΙίιειί,Δ
783 5091 871 5164 qui
900 5100 1049 5143 ortus
1078 5086 1441 5164 in_Celie_u.nis,
1475 5085 1791 5164 et.lns_tr_a.tis
1818 5084 1919 5135 Ar-

360 5152 552 5223 vernis,
588 5163 721 5214 infra
751 5152 1034 5213 NiVernum
1075 5157 1258 5209 urbem
1294 5159 1342 5208 in
1374 5154 1598 5222 Ligerim
1632 5152 1843 5223 labitur.

435 5221 683 5353 ’ὄξόξιιδθ
711 5231 923 5285 Octobri
956 5224 1383 5295 luee‘contigisee
1409 5221 1595 5277 scribit
1622 5222 1822 5276 Marius
1850 5221 1916 5274 ad

357 5317 439 5356 an.
470 5303 593 5355 580.

425 5374 450 5410 δ
492 5371 681 5434 Colb.,
708 5371 843 5423 urbis
871 5369 953 5422 de.

428 5454 449 5481 ε
494 5445 547 5495 In
580 5440 742 5495 Cori).
772 5441 922 5492 deest
950 5453 1010 5490 ea:
1038 5451 1145 5490 ore.

424 5511 451 5550 ά
493 5512 669 5574 Colb.,
698 5510 919 5563 Ceriales
948 5507 1043 5558 hoc
1082 5504 1334 5571 pustulas.
1363 5501 1516 5574 Bad.,
1548 5498 1750 5554 Carales
1774 5540 1787 5563 ,
1820 5500 1918 5552 hoc

358 5593 446 5645 est,
477 5583 727 5650 pustulas.
762 5578 939 5636 Erant,
973 5578 1022 5629 ni
1058 5576 1225 5650 fallor,
1252 5576 1473 5650 pustula:
1496 5573 1545 5625 in
1568 5573 1729 5625 corde
1760 5579 1914 5631 erue,

359 5665 409 5704 et
436 5644 557 5706 ideo
586 5650 791 5703 corales
819 5649 1008 5709 dicite;
1042 5646 1123 5698 vel
1151 5644 1291 5715 quod
1322 5652 1472 5713 Sputa
1500 5650 1683 5697 essent
1723 5654 1916 5710 purpu-

360 5726 433 5790 rei
462 5716 897 5791 colori,s,icuralio
927 5716 1132 5771 similis.

2027 4612 2080 4657 et
2112 4600 2305 4664 tenuis,
2335 4599 2577 4667 spiritum
2608 4594 2914 4648 exhalavit:
2941 4607 3095 4661 quem
3127 4590 3179 4643 in
3214 4590 3430 4643 basilica
3469 4604 3594 4643 san-

2023 4707 2232 4754 ctorum
2259 4692 2486 4760 CriSpini
2514 4703 2673 4759 atque
2705 4686 3022 4756 Crispiniaui
3059 4683 3078 4724 ί
3112 4693 3403 4753 martyrum
3434 4697 3588 4751 sepe-

2025 4794 2241 4847 lierunt.
2276 4792 2493 4858 Magnus
2518 4802 2727 4857 quoque
2771 4786 2858 4839 hic
2883 4795 2908 4833 8
2946 4785 3184 4853 planctus
3210 4784 3355 4837 omni
3396 4783 3592 4852 populo

2026 4886 2153 4952 fuit;
2182 4898 2304 4938 nam
2335 4881 2435 4937 viri
2463 4882 2722 4950 lugentes,
2754 4877 3112 4945 mulieresque
3158 4875 3466 4944 lugubribus
3498 4889 3592 4928 ve-

2096 5027 2119 5055 θ
2163 5018 2255 5071 llic
2285 5032 2311 5067 a
2346 5015 2631 5070 Fortunato
2680 5012 2973 5080 appellatur
3023 5011 3367 5080 Dagohertus,
3406 5005 3582 5076 cujus,

2020 5098 2073 5143 et
2101 5085 2442 5142 Chlodoberti
2475 5083 2647 5136 fratris
2667 5081 2930 5148 epitaplria
2955 5080 3164 5148 scripsit
3195 5079 3283 5130 lib.
3310 5093 3387 5139 rx,
3412 5092 3581 5129 carm.

2021 5158 2055 5211 4
2080 5169 2134 5211 et
2162 5156 2212 5209 5.
2248 5156 2439 5212 Obiere
2484 5163 2599 5222 post
2637 5155 2897 5222 synodum
2947 5151 3369 5204 Brenuacensem
3390 5187 3404 5212 ,
3436 5153 3495 5198 ut
3523 5161 3588 5200 ex

2021 5244 2138 5292 cap.
2174 5228 2357 5279 ultimo
2387 5224 2543 5293 hujus
2576 5222 2693 5275 libri
2727 5233 2889 5288 patet.

2098 5296 2115 5333 ί
2162 5297 2252 5348 Est
2279 5310 2414 5348 nunc
2445 5282 2821 5346 titanasteri'um
2855 5289 3055 5343 ordinis
3093 5286 3150 5340 S.
3188 5282 3456 5338 Benedicti
3486 5285 3585 5338 Suh

2024 5367 2082 5423 S.
2118 5366 2282 5420 Mauri
2322 5363 2746 5432 congregatione,
2777 5375 2896 5412 cum
2927 5357 3149 5432 Basilica
3184 5355 3397 5424 insigni,
3431 5353 3588 5432 cujus

2022 5436 2196 5491 navim
2227 5424 2752 5488 Calvitnstzevsatcnlo
2780 5426 3038 5490 superiori
3084 5434 3412 5479 everterunt.
3447 5424 3589 5477 Non-

2021 5506 2150 5559 nulli
2173 5505 2474 5559 existimant
2491 5500 2697 5555 ibiolim
2715 5498 2979 5555 exstitisse
3000 5496 3179 5550 sedem
3200 5495 3589 5562 episcopalem.

2094 5583 2118 5621 ε
2156 5574 2242 5627 Sic
2266 5575 2419 5629 Colb.
2446 5582 2501 5628 et
2532 5572 2761 5633 Cbesn.;
2791 5567 3029 5637 plerique
3050 5564 3179 5622 editi
3203 5606 3218 5635 ,
3245 5563 3466 5634 Magnus
3498 5578 3589 5624 ηις

2019 5660 2113 5714 que
2142 5646 2259 5701 huc.
