4008 6184
469 286 559 344 δίῖί
1479 293 1533 348 S.
1576 294 1897 349 GllEGOIllI
1938 295 2241 350 EPISCOPI
2283 294 2703 352 TURONENSIS

3595 309 3705 364 352

462 408 728 461 atimentis
772 406 996 468 induite,
1045 414 1100 458 ut
1148 406 1285 460 solet
1334 406 1387 459 in
1430 408 1713 477 conjugum
1760 410 2027 476 exsequiis
2053 414 2097 471 Α
2134 409 2270 471 illos,
2303 410 2392 477 qui
2421 411 2741 462 avunculum
2772 424 2946 463 meum
2980 410 3382 487 interfecerunt,
3429 415 3592 488 256
3618 430 3697 474 ιε.

456 498 615 560 ωιτὶ,
664 501 729 551 ita
782 498 881 550 hoc
922 497 1079 548 funus
1108 506 1233 548 sunt
1280 510 1591 562 prosecutae.
1640 499 1799 551 Multa
1847 509 2027 566 postea

469 587 805 653 Cbilperietts
839 601 934 639 rex
959 586 1222 651 ecclesiis,
1254 588 1366 641 sive
1411 588 1661 651 basilicis,
1699 590 1783 643 vel
1830 605 2028 657 paupe-

462 676 610 729 ribus
636 687 715 729 est
748 678 983 744 largitus.

531 764 769 819 XXXVI.
814 768 905 820 llis
933 768 1121 821 diebus
1168 770 1594 835 Austrechildis,
1642 771 2027 827 Guntchramni

459 858 710 924 principis
742 859 943 925 regina,
978 861 1045 910 ab
1091 860 1190 911 hac
1216 862 1403 913 inorbo
1443 872 1755 929 consumpta
1783 873 1864 917 est
1894 880 1906 914 :
1931 865 2024 917 sed

458 946 761 1015 priusquam
789 964 1016 1017 nequam
1045 949 1289 1017 spiritum
1312 951 1609 1016 ealtalaret,
1636 968 1864 1008 cernens
1884 955 2025 1022 quod

455 1034 683 1089 evadere
704 1052 813 1089 non
850 1050 1047 1103 posset,
1082 1040 1181 1091 alta
1214 1041 1429 1095 trahens
1454 1044 1702 1112 suspiria,
1740 1044 1910 1099 voluit
1932 1044 2022 1098 leti

457 1129 538 1179 sui
566 1126 764 1181 habere
786 1130 1090 1197 partietpes.
1116 1145 1277 1197 agens
1302 1141 1359 1185 ut
1384 1133 1432 1187 in
1458 1134 1727 1200 exsequiis
1753 1133 1871 1202 ejus
1892 1135 2026 1188 alio-

456 1231 579 1269 rum
608 1218 791 1269 funrra
826 1218 1224 1287 plangerentur.
1258 1220 1448 1274 Fertur
1482 1225 1623 1274 enim
1669 1222 1969 1276 Herodiano
1995 1233 2021 1259 ιι

458 1322 607 1361 more
652 1324 831 1375 regem
874 1311 1111 1377 petiisse,
1160 1311 1593 1365 dicens:AdItuc
1641 1326 1763 1379 spes
1811 1312 2022 1367 vivendi

452 1397 661 1464 fuerat,
710 1399 868 1468 245
916 1400 961 1453 si
1007 1416 1112 1454 non
1157 1401 1296 1455 inter
1340 1403 1637 1469 iniquorum
1683 1402 2013 1457 medicorum

455 1502 642 1540 manus
667 1489 968 1541 interissem
996 1506 1011 1555 ;
1040 1505 1161 1543 nam
1206 1492 1450 1560 potiones
1492 1494 1560 1547 ab
1600 1494 1707 1547 illis
1744 1504 1979 1563 accepta
2002 1536 2018 1560 ,

450 1578 576 1635 mihi
608 1581 654 1631 vi
679 1581 1007 1635 abstulerunt
1028 1583 1211 1647 vitam,
1236 1595 1291 1638 et
1312 1584 1559 1639 fecerunt
1579 1601 1664 1640 me
1688 1586 1822 1641 hanc
1846 1588 2018 1640 lucem

451 1669 705 1723 velociter
741 1673 964 1738 perdere
989 1690 1001 1724 :
1025 1684 1079 1727 et
1105 1674 1247 1738 ideo,
1276 1690 1341 1728 ne
1368 1676 1529 1729 inulta
1558 1692 1702 1730 mors
1731 1692 1849 1732 mea
1877 1692 2014 1747 pra:-

2130 514 2249 552 cum
2300 499 2522 561 retines;
2576 499 2668 551 sed
2716 507 2771 552 et
2824 500 3160 568 presbyteros
3212 501 3340 557 huic
3391 520 3544 559 noxae
3597 510 3695 561 atl-

2131 590 2355 653 mistos,
2423 588 2486 640 ad
2533 588 2834 641 convivium
2882 588 3094 656 recipis.
3148 589 3353 645 Deinde
3418 592 3693 650 iniuucitia

2130 677 2479 742 increscente,
2513 677 2761 745 paulatim
2787 681 2949 747 coepit
2975 680 3126 734 villas
3152 683 3413 745 ecclesim,
3440 700 3569 752 quas
3594 688 3693 741 Ma-

2128 768 2400 821 racbarins
2452 777 2770 823 testamento
2816 774 3017 837 scripto
3068 774 3375 840 reliquerat,
3436 777 3695 831 violenter

2127 856 2395 921 invadere,
2426 872 2672 913 asserens
2699 873 2804 913 non
2848 860 3044 915 debere
3071 864 3350 917 ecclesiam
3380 865 3495 935 ejus
3530 867 3695 921 facul-

2129 955 2287 1003 tatem
2318 950 2562 1017 adipisci,
2598 965 2627 1003 a
2652 952 2804 1018 cujus
2830 951 3039 1007 clericis
3075 962 3297 1007 testator
3327 954 3500 1009 fuerat
3529 956 3692 1011 inter-

2127 1039 2312 1092 fectus.
2348 1041 2470 1094 Post
2502 1042 2598 1094 ista
2632 1055 2778 1106 vero,
2808 1043 2915 1109 jam
2951 1043 3216 1112 aliquibus
3243 1061 3308 1100 ex
3348 1045 3501 1100 laicis
3528 1049 3692 1101 inter-

2126 1130 2281 1183 fectis
2301 1172 2314 1194 ,
2348 1131 2554 1185 a'ldldil
2584 1141 2643 1186 ut
2693 1135 3083 1202 apprehensum
3115 1137 3474 1207 presbyterum
3509 1139 3692 1210 alliga-

2126 1237 2225 1285 ret,
2255 1238 2317 1275 ac
2345 1234 2504 1277 cnuto
2534 1225 2858 1292 perfoderet.
2902 1225 2995 1280 Cui
3027 1228 3201 1282 adhuc
3229 1230 3447 1293 viventi,
3480 1233 3693 1285 retortis

2128 1326 2243 1380 post
2284 1325 2486 1381 tergunt
2529 1316 2792 1378 manibus,
2834 1331 3071 1385 appenso
3100 1320 3163 1372 ad
3194 1320 3456 1386 stipitem,
3496 1322 3689 1376 elicere

2124 1402 2433 1467 quatiebant
2460 1404 2503 1457 si
2550 1406 2600 1457 in
2650 1406 2748 1458 bac
2776 1421 2931 1459 causa
2980 1407 3166 1461 fuisset
3211 1410 3490 1464 admistus.
3537 1412 3687 1478 Quod

2123 1504 2242 1544 cum
2273 1491 2365 1545 ille
2395 1504 2629 1559 negaret,
2664 1494 2960 1561 proﬂuente
2987 1512 3175 1552 cruore
3200 1499 3266 1553 de
3297 1502 3531 1563 vulnere,
3563 1505 3687 1557 red-

2121 1580 2256 1634 didit
2291 1581 2556 1648 spiritum.
2589 1585 2701 1651 Qua
2747 1585 2815 1639 de
2858 1601 3017 1640 causa
3059 1599 3358 1643 commotus
3384 1591 3686 1660 episcopus,

2118 1669 2273 1736 jussit
2307 1686 2427 1724 eum
2453 1674 2518 1725 ab
2540 1674 2786 1728 ecclesia:
2809 1675 3010 1730 foribus
3031 1679 3324 1745 prohiberi.
3353 1680 3687 1736 Convenien-

451 1764 618 1810 tereat
638 1796 656 1823 ,
702 1775 883 1826 quaeso
905 1797 923 1825 ,
965 1772 1019 1815 et
1052 1777 1182 1815 cum
1232 1768 1550 1819 sacramenti
1598 1766 2007 1837 interpositione
2040 1765 2089 1825 B
2119 1762 2258 1813 “Ws
2288 1773 2466 1813 θυιυιιι
2495 1763 2633 1829 δυνά
2664 1766 2933 1819 “malem
2960 1766 3226 1822 Samon”
3249 1770 3683 1838 sacefdmibush.

446 1848 687 1917 conjnro,
723 1860 940 1912 ut,.cum
970 1854 1037 1905 ab
1070 1855 1165 1906 hac
1194 1854 1312 1907 luce
1333 1855 1633 1911 discessero
1656 1897 1671 1925 ,
1699 1862 1879 1914 statim
1909 1862 2009 1933 ipsi

445 1940 623 2006 gladio
651 1941 1000 2007 trucidentur,
1035 1952 1094 1997 ut
1128 1947 1267 1999 sicut
1303 1962 1402 2015 ego
1426 1948 1655 2014 amplius
1682 1949 1863 2005 vivere
1904 1967 2008 2006 non

446 2044 605 2096 queo,
634 2031 705 2083 ita
734 2047 829 2085 nec
871 2032 941 2086 illi
982 2044 1102 2101 post
1131 2051 1304 2089 mcum
1336 2037 1538 2091 obitum
1566 2038 1882 2109 glorientur,
1914 2044 2009 2096 sed

443 2124 510 2175 sit
539 2138 674 2179 unus
703 2125 852 2178 dolor
888 2129 1084 2182 nostris
1114 2131 1314 2196 pari-ter
1337 2144 1399 2183 ac
1422 2146 1605 2185 eorum
1646 2135 1851 2187 amicis.
1885 2134 2009 2191 Hazc

441 2217 593 2270 effata
625 2217 893 2273 infelicem
939 2223 1170 2275 animant
1206 2222 1449 2276 tradidit.
1484 2225 1596 2278 Rex
1639 2240 1763 2278 vero
1792 2238 2009 2293 peracto

444 2320 505 2357 cx
540 2322 689 2361 more
716 2310 979 2377 exsequio
1003 2311 1051 2375 ιι,
1077 2326 1367 2379 oppressus
1409 2314 1600 2381 iniquae
1642 2315 1884 2385 conjugis
1922 2319 2005 2384 ju-

444 2410 706 2466 ramento,
735 2402 972 2467 implevit
999 2416 1319 2472 praeceptum
1348 2406 1637 2473 iniquitatis
1664 2422 1678 2471 ;
1714 2423 1832 2462 nam
1872 2409 2008 2465 duos

444 2493 679 2545 medicos
710 2504 755 2557 ο,
786 2496 872 2556 qtti
901 2495 947 2547 ci
974 2496 1203 2548 studium
1235 2496 1606 2562 adhibuerant,
1650 2500 1825 2566 gladio
1859 2500 2005 2555 feriri

449 2584 701 2651 pra-cepit
724 2600 737 2635 :
762 2585 899 2652 quod
927 2601 1029 2637 non
1057 2588 1173 2640 sine
1198 2598 1415 2655 peccato
1456 2589 1647 2642 factum
1677 2588 1839 2645 fuisse
1866 2593 2006 2645 mul-

451 2688 621 2731 torum
650 2691 832 2733 censet
853 2678 877 2714 ἀ
912 2680 1209 2745 prudentia.

518 2769 773 2825 XXXVII.
835 2772 944 2824 llac
992 2780 1015 2808 °
1062 2774 1236 2840 itaque
1278 2773 1593 2841 aegritudine
1642 2783 1697 2829 et
1748 2776 2006 2831 Nauticus

442 2859 816 2913 Ecolismensis
839 2875 1019 2913 comes
1042 2862 1341 2915 exinanitus
1367 2864 1595 2927 interiit;
1620 2866 1713 2919 sed
1739 2881 1858 2934 qua
1877 2881 2008 2922 con-

437 2957 511 3001 tra
561 2950 867 3004 sacerdotes
897 2951 974 3004 vel
1021 2952 1272 3005 ecclesias
1301 2954 1393 3006 Dei
1440 2953 1625 3022 egerit,
1660 2956 1816 3008 altius
1850 2971 2004 3023 repe-

356 3072 359 3077 ν
437 3040 590 3094 tenda
639 3050 780 3094 sunt.
835 3040 1074 3109 Denique
1122 3042 1483 3097 Maracltarins
1522 3046 1813 3100 avunculus
1855 3046 2001 3117 ejus,

2115 1850 2502 1919 deprecabatur
2531 1853 2791 1908 Nantinus
2818 1864 2875 1909 ut
2904 1870 3089 1924 pacem
3112 1859 3343 1929 episcopi
3367 1871 3683 1927 mereretur,

2116 1940 2434 2007 promittens
2460 1957 2518 1997 se
2545 1958 2733 1999 omnes
2758 1944 3015 2000 Ecclesia
3045 1961 3152 2012 res,
3189 1964 3320 2017 quas
3340 1950 3459 2006 sine
3482 1951 3687 2007 ratione

2112 2034 2421 2100 abstulerat,
2453 2034 2803 2101 redditurum,
2847 2048 3004 2106 atque
3035 2040 3291 2096 humilem
3332 2041 3585 2098 exhibere
3624 2058 3686 2100 se

2110 2125 2400 2179 sacerdoti.
2451 2128 2521 2182 At
2565 2128 2658 2182 ille
2701 2127 2922 2184 fratrum
2953 2130 3177 2198 jnssioni
3208 2132 3462 2187 obaudire
3490 2148 3684 2203 procu-

2109 2228 2256 2279 rans,
2284 2225 2470 2269 cuncta
2500 2232 2619 2284 qua;
2656 2218 2970 2286 petebantur
2992 2220 3239 2282 indulsit;
3269 2236 3482 2277 causam
3503 2234 3682 2280 tamen

2111 2304 2405 2373 presbyteri
2426 2306 2773 2373 omnipotenti
2804 2308 2914 2363 Deo
2929 2310 3329 2376 commendans,
3356 2314 3604 2368 comitem
3627 2316 3681 2369 in

2109 2394 2365 2449 cliaritate
2416 2398 2635 2465 recepit.
2687 2400 2786 2463 Qui
2837 2410 2954 2467 post
2997 2400 3096 2453 ista
3145 2416 3418 2469 regressus
3450 2404 3634 2458 urbem
3663 2446 3677 2468 ,

2111 2486 2299 2537 domos
2326 2486 2443 2538 illas
2471 2501 2603 2555 quas
2642 2492 2779 2542 male
2806 2500 3132 2557 pervaserat,
3163 2493 3377 2559 spoliat,
3408 2494 3575 2558 elidit,
3615 2510 3681 2550 ac

2108 2574 2324 2643 disjicit,
2358 2576 2579 2631 dicens:
2612 2577 2749 2631 Etsi
2780 2578 2882 2632 boc
2916 2580 2985 2633 ab
3013 2582 3235 2636 ecclesia
3278 2584 3561 2651 recipitur,
3597 2590 3679 2639 vel

2107 2664 2374 2722 desertum
2433 2670 2748 2736 inveniatur,
2794 2686 2895 2738 qua
2949 2672 3016 2727 de
3050 2687 3207 2729 causa
3262 2675 3451 2730 iterum
3503 2685 3683 2733 motus

2107 2756 2406 2826 episcopus,
2438 2772 2559 2812 eum
2589 2774 2617 2810 a
2645 2762 3019 2816 communione
3048 2764 3342 2833 suspendit.
3385 2766 3513 2832 Qua:
3549 2766 3680 2821 dum

2106 2857 2359 2916 aguntur,
2376 2848 2591 2917 intpleto
2612 2850 2799 2905 beatus
2826 2852 3062 2918 pontifex
3091 2856 3212 2908 vita:
3228 2870 3411 2921 cursu,
3435 2857 3680 2925 migravit

2106 2940 2172 2993 ad
2204 2941 2504 2995 Dominum.
2537 2942 2794 2997 Nantinus
2826 2960 3037 3013 quoque
3071 2946 3137 3001 ab
3168 2948 3432 3017 aliquibus
3470 2952 3679 3018 episco-

2106 3032 2209 3100 pis,
2267 3033 2716 3089 intercedentibus
2771 3037 3001 3102 praemiis
3052 3046 3210 3104 atque
3262 3039 3674 3108 adulationibus,

436 3135 521 3185 tliu
553 3137 603 3186 iit
636 3135 747 3201 ipsa
780 3136 910 3189 urbe
942 3150 1066 3189 usus
1112 3145 1194 3189 est
1223 3139 1500 3191 comitatu.
1532 3136 1649 3204 Quo
1690 3136 1866 3191 officio
1909 3153 2004 3193 ex-

2109 3126 2549 3180 communicatur.
2569 3127 2694 3181 Post
2717 3143 2909 3196 paucos
2932 3144 3057 3184 vero
3076 3146 3288 3186 menses
3305 3149 3332 3184 a
3366 3135 3675 3203 supradicto

438 3230 598 3294 pleto,
634 3227 888 3283 Ecclesia:
917 3227 1168 3291 sociatur,
1199 3228 1531 3296 clericusque
1561 3228 1749 3291 factus,
1793 3229 2006 3283 ordina-

438 3330 523 3371 tur
554 3319 853 3386 episcopus.
887 3319 985 3383 Qui
1038 3318 1257 3371 multum
1286 3318 1567 3387 vigilanter
1604 3318 1685 3371 vel
1714 3319 2001 3385 ecclesias,

435 3409 516 3463 vel
543 3410 783 3463 ecclesiae
807 3410 997 3463 domos
1024 3418 1076 3461 et
1106 3409 1337 3477 erigens,
1381 3419 1435 3461 et
1462 3422 1809 3477 componens,
1839 3413 2004 3476 septi-

433 3512 519 3551 mo
546 3498 828 3553 sacerdotii
856 3511 1016 3561 anno,
1049 3496 1242 3564 injecto
1272 3499 1338 3552 ab
1373 3498 1601 3551 inimicis
1630 3500 1680 3552 in
1711 3508 1871 3567 caput
1898 3502 2005 3568 pis-

431 3589 508 3641 cis
538 3602 764 3651 veneno,
793 3587 1109 3655 simpliciter
1126 3586 1394 3652 accipiens
1410 3588 1701 3643 crudeliter
1726 3600 1998 3643 enecatur.

434 3680 540 3733 Sed
584 3694 687 3731 non
718 3678 808 3730 diu
858 3679 1076 3731 inultam
1128 3676 1243 3746 ejus
1293 3687 1515 3731 mortem
1569 3679 1784 3745 pertulit
1822 3680 1999 3736 divina

434 3769 745 3831 clementia;
792 3783 913 3821 nam
967 3768 1284 3823 Frontonius
1315 3765 1370 3834 ί,
1421 3770 1571 3837 cujus
1624 3771 1849 3825 consilio
1898 3774 2001 3826 hoc

430 3860 602 3914 scelus
648 3868 729 3915 est
778 3867 1156 3929 perpetratum,
1226 3868 1497 3925 assumpto
1547 3859 1827 3913 confestim
1886 3862 2001 3928 epi-

430 3960 667 4018 scopatu,
701 3965 805 4002 uno
836 3951 887 4003 in
913 3964 977 4003 eo
1005 3949 1203 4017 degens
1225 3964 1386 4014 anno,
1417 3958 1775 4017 praecurreute
1796 3949 1996 4019 judicio

432 4041 547 4105 Dei,
582 4040 801 4095 interiit.
833 4040 991 4108 Cujus
1023 4048 1141 4107 post
1168 4039 1368 4092 obitum
1417 4038 1688 4092 lleraclius
1716 4046 1742 4085 8
1796 4037 1999 4095 Burde-

428 4133 658 4196 galensis
688 4133 982 4201 presbyter,
1012 4130 1101 4199 qui
1132 4131 1401 4199 quondam
1430 4131 1631 4199 legatus
1667 4128 1996 4185 Cbildeberti

427 4221 653 4277 senioris
682 4222 875 4288 fuerat,
908 4222 1196 4291 cpiscopus
1222 4221 1519 4275 ordinatur.
1566 4220 1827 4275 Nantinus
1866 4236 1996 4277 vero

426 4314 495 4366 ob
525 4315 894 4381 requirendam
922 4313 1167 4367 avunculi
1208 4312 1290 4366 sui
1320 4321 1569 4374 mortem,
1603 4312 1911 4367 comitatum
1941 4312 1994 4369 in

430 4407 542 4471 ipsa
574 4408 702 4459 urbe
725 4405 967 4472 expetiit.
998 4406 1112 4468 Quo
1142 4413 1380 4471 accepto,
1410 4402 1604 4456 multas
1632 4403 1883 4470 episcopo
1911 4402 1995 4455 in-

2109 3217 2295 3271 morbo
2320 3218 2624 3285 corripitur,
2658 3219 2746 3287 qui
2777 3218 2937 3273 nimia
2968 3229 3183 3275 exustus
3205 3220 3374 3287 febre,
3398 3226 3675 3291 clamavit,

2105 3309 2325 3363 dicens:
2358 3309 2490 3376 Heu,
2524 3309 2666 3363 ben!
2699 3309 2765 3363 ab
2794 3310 3039 3365 Heraclio
3070 3312 3310 3367 antistite
3336 3328 3565 3381 exuror,
3605 3317 3674 3372 ab

2105 3399 2197 3452 illo
2226 3399 2457 3462 crucior,
2505 3400 2573 3451 ab
2624 3400 2716 3453 illo
2758 3401 2823 3452 ad
2866 3400 3125 3470 judicium
3174 3418 3351 3457 vocor.
3400 3404 3676 3475 Cognosce

2103 3487 2326 3557 facinus,
2355 3490 2668 3543 reminiscor
2691 3505 2775 3544 me
2800 3491 2999 3561 injuste
3028 3493 3249 3561 injurias
3270 3495 3516 3551 intulisse
3540 3512 3674 3566 pon-

2106 3580 2268 3644 tifici;
2300 3591 2521 3635 mortem
2548 3581 2829 3651 deprecor,
2862 3598 2929 3637 ne
2956 3583 3155 3638 diutius
3176 3586 3382 3641 crucicr
3415 3589 3513 3642 boc
3556 3600 3671 3644 tor-

2104 3678 2302 3723 mento.
2336 3670 2463 3725 llaec
2500 3686 2620 3726 cunt
2672 3673 2898 3726 maxima
2926 3673 2979 3727 in
3012 3674 3162 3729 febre
3204 3675 3363 3745 2A7
3393 3677 3670 3741 clamaret,

2102 3762 2383 3817 deficiente
2412 3763 2605 3817 robore
2642 3764 2906 3832 corporis,
2938 3764 3201 3831 infelicem
3244 3767 3475 3821 animam
3517 3769 3669 3836 fudit,

2101 3854 2313 3909 indubia
2345 3854 2652 3923 relinquens
2673 3854 2918 3924 vestigia,
2943 3855 3043 3909 ltoc
3068 3858 3117 3911 ei
3150 3854 3214 3911 ad
3241 3857 3496 3912 ultionem
3528 3859 3671 3913 beati

2100 3944 2349 3999 antistitis
2378 3946 2639 3999 evenisse.
2670 3944 2800 3998 Nam
2831 3947 3135 4001 exanimum
3167 3963 3357 4016 corpus
3388 3951 3457 4002 ita
3496 3950 3671 4019 nigre-

2099 4037 2275 4092 dinem
2325 4037 2501 4103 duxit,
2531 4044 2589 4091 ut
2636 4046 2849 4109 putares
2879 4051 3003 4091 eum
3049 4039 3229 4107 prunis
3278 4044 3671 4109 superpositum

2099 4130 2260 4184 fuisse
2289 4130 2643 4183 combustum.
2669 4129 2807 4197 Ergo
2838 4130 2855 4165 ι
2886 4144 3073 4184 omnes
3112 4131 3225 4185 lucc
3256 4134 3668 4201 obstupescant,

2098 4221 2449 4287 admirentur,
2479 4228 2533 4273 et
2561 4228 2798 4273 metuant
2826 4234 2891 4273 ne
2920 4219 3152 4275 inferant
3178 4221 3399 4290 injurias
3422 4223 3669 4278 sacerdo-

2100 4312 2237 4367 tibus
2278 4328 2293 4365 :
2341 4312 2461 4380 quia
2514 4312 2650 4365 ultor
2695 4321 2780 4377 est
2831 4311 3088 4367 Dominus
3132 4326 3407 4373 servorum
3450 4330 3668 4369 suorum

2096 4402 2423 4472 sperantium
2455 4402 2508 4456 in
2532 4417 2609 4457 se.

377 4527 387 4535 -
426 4498 590 4565 jnrias
621 4500 892 4565 irrogavit.
942 4496 1127 4551 Aiebat
1157 4497 1297 4549 enim
1344 4496 1638 4563 episc0po:
1684 4493 1991 4551 Homicidas
2022 4489 2074 4548 D
2171 4492 2453 4546 XXXVIII.
2487 4493 2597 4546 Hoc
2632 4492 2646 4543 i
2691 4503 2930 4562 tempore
2960 4501 3012 4548 et
3046 4493 3232 4547 beatus
3272 4492 3527 4549 Martinus
3548 4496 3667 4551 ϐλι-

500 4639 525 4665 ·
570 4632 802 4685 llcrodes
851 4628 1151 4684 Ascalonita
1174 4668 1187 4689 ,
1222 4628 1374 4679 morti
1420 4626 1691 4689 proximus
1714 4664 1728 4685 .
1762 4624 1986 4691 petierat

428 4709 485 4752 ut
514 4703 687 4751 statim
721 4710 842 4765 post
874 4701 1039 4764 ipsius
1083 4706 1303 4750 mortem
1337 4696 1649 4748 nobilissimi
1680 4693 1983 4765 Jutlatorunt

425 4764 815 4823 occidi-rentur.
854 4769 980 4823 Vide
1020 4767 1239 4835 Josepbi
1277 4767 1372 4821 lib.
1406 4781 1422 4819 ι
1455 4767 1520 4819 de
1561 4766 1690 4820 Bell.
1733 4764 1981 4831 Judaico,

424 4855 542 4891 can.
572 4838 661 4891 QI.

494 4855 849 4970 g.Szicztlorbq
883 4907 969 4959 alii
990 4907 1211 4974 justitio,
1243 4915 1434 4974 prmter
1463 4901 1640 4956 Casin.
1672 4904 1760 4972 qui
1794 4902 1983 4974 habet,

424 4980 615 5049 funeris
642 4979 831 5048 ofﬁcio.
865 4970 1562 5049 Aust'rigildisepitapltium
1592 4970 1793 5042 profert
1819 4970 1986 5049 cites-

427 5040 543 5103 nius
586 5040 728 5101 tumo
778 5040 1139 5115 tscriptorum
1185 5040 1397 5100 llistorf
1433 5040 1647 5109 Franc.,
1698 5058 1815 5111 pag.
1854 5040 1988 5106 Sl'l;

424 5122 747 5191 vixitiannus
772 5118 858 5170 52.
1116 5186 1146 5191 _
1563 5181 1594 5191 η
1639 5188 1647 5191 Α
1703 5180 1747 5191 ,,
1816 5180 1827 5191 ,

499 5200 519 5227 ε
548 5190 652 5242 llos
699 5189 968 5242 Nicolaum
1017 5195 1069 5240 et
1116 5186 1383 5260 Donatum
1411 5181 1655 5260 appellat
1703 5179 1992 5260 Mariusnin

428 5258 713 5327 Chronico,
766 5260 850 5312 ubi
902 5257 1290 5325 Austrcgildem
1336 5249 1534 5307 abiisse
1576 5251 1649 5303 ait
1677 5265 1817 5303 anno
1862 5249 1989 5317 58!,

425 5342 607 5402 mense
638 5329 955 5402 Septembri.
1157 5395 1168 5402 _
1470 5400 1477 5402 ξ
1716 5391 1725 5402 ⁸

491 5394 517 5432 ά
553 5389 764 5466 ιὶοειιῐη
795 5398 928 5467 quod
981 5412 1081 5448 non
1125 5395 1233 5447 sine
1260 5400 1579 5462 pra’cepto...
1609 5391 1747 5442 novit
1769 5389 1996 5460 pruden-

421 5465 510 5520 lia.

498 5545 519 5571 ο
550 5534 661 5588 IIoc
704 5546 860 5591 caput
890 5535 1039 5588 deest
1087 5533 1138 5586 in
1179 5532 1337 5586 Corb.
1383 5542 1434 5585 et
1479 5529 1663 5594 Colb.;
1710 5530 1789 5582 sic
1834 5529 1995 5581 habet

424 5605 651 5679 Brgtn.,
672 5607 785 5656 Hac
828 5604 1489 5679 itaque"paciﬁcationem.
1528 5601 1609 5679 In.
1631 5601 1777 5661 Bec.,
1809 5599 1995 5679 Nauli-

423 5668 532 5730 ιιυέ
554 5676 746 5729 dicitur
771 5668 949 5728 comes
986 5668 1316 5725 Erolinatsis.
1345 5671 1497 5723 Varie
1523 5670 1719 5738 quippe
1740 5668 1990 5722 scribitur

2096 4625 2252 4697 hujus
2278 4625 2643 4697 urbisgnomen
2676 4626 2968 4691 Ecolesina,
3003 4626 3283 4697 Egolisma,
3317 4629 3475 4683 hodie
3505 4631 3669 4684 Incu-

2095 4695 2281 4749 lisma:
2312 4694 2448 4764 quod
2477 4698 2637 4748 semel
2669 4707 2723 4749 et
2750 4698 2938 4749 iterum
2962 4694 3178 4751 notasse
3202 4698 3328 4751 satis
3358 4702 3446 4752 sit.
3492 4703 3673 4754 Mara-

2095 4766 2307 4839 gltarius
2340 4765 2576 4839 interfuit
2605 4764 3191 4839 dedicationtecclesm
3222 4769 3545 4823 Namnctica:
3566 4786 3663 4839 per

2096 4834 2325 4913 Felicem
2379 4836 2709 4902 episcopum,
2762 4843 2818 4887 ut
2866 4836 3026 4889 refert
3077 4835 3396 4891 Fortunatus
3439 4839 3531 4893 lib.
3551 4834 3663 4913 ξιιι,

2093 4919 2259 4956 carm.
2294 4904 2347 4955 4.

2170 4971 2189 5012 ί
2220 4975 2363 5036 Βεοζ,
2396 4972 2732 5027 Frontimius.

2170 5052 2196 5089 ι
2226 5044 2280 5097 1η
2313 5043 2520 5111 liegm.,
2554 5043 2639 5095 hic
2684 5044 2876 5097 dicitur
2926 5041 3167 5103 Eradiua.
3217 5044 3349 5097 infra
3403 5044 3669 5105 Eraclius.

2039 5107 2061 5147 ἰ
2096 5109 2186 5164 Sic
2208 5107 2489 5183 relucentes
2537 5112 2731 5166 dicitur
2778 5115 3061 5183 aliquando
3098 5113 3377 5179 Nautium,
3429 5116 3559 5169 alias
3609 5127 3673 5170 ut

2094 5182 2243 5245 editi,
2276 5179 2553 5236 Nantintts.

2164 5248 2361 5324 lllianc
2409 5251 2681 5324 Synodum
2731 5266 2819 5306 an.
2869 5251 2970 5308 579
3017 5255 3292 5324 consignat
3341 5253 3665 5309 Sirmondus

2104 5329 2231 5374 tom.
2261 5321 2278 5372 ι
2304 5319 2507 5376 Concil.
2540 5321 2741 5377 Galliae.

2178 5392 2193 5427 ι
2222 5390 2342 5461 Ilzec
2369 5389 2435 5442 ad
2466 5392 2623 5445 linem
2652 5392 2839 5461 capitis
2866 5393 3056 5446 desunt
3084 5393 3133 5445 in
3162 5394 3279 5447 cod.
3308 5395 3490 5461 Regni.

2174 5463 2186 5508 t
2220 5460 2331 5514 Hoc
2358 5469 2515 5527 caput
2543 5462 2693 5513 deest
2721 5460 2771 5515 in
2806 5462 2962 5515 Corb.
2996 5472 3049 5516 et
3077 5464 3208 5516 Colb
3264 5460 3428 5517 Porro
3472 5464 3666 5587 Regni.

2174 5530 2255 5582 bet
2282 5528 2629 5584 Calleciensia.
2655 5530 2722 5587 Et
2751 5532 2964 5587 auidetn
2986 5541 3115 5587 velet
3132 5548 3191 5587 es
3212 5534 3515 5587 scribebant
3582 5534 3666 5587 al-

2097 5527 2255 5582 ltabet
2282 5528 2629 5602 Calleciensis.
2655 5530 2722 5587 Et
2751 5532 2964 5602 quidem
2986 5541 3115 5587 vetet
3132 5548 3191 5587 es
3212 5534 3515 5589 scribebant
3538 5527 3667 5599 Cal,-

2095 5601 2238 5653 la-cia
2270 5615 2364 5668 pro
2393 5598 2632 5658 Gallicia.
