3974 6174
363 244 470 305 35$

1358 238 1414 294 S.
1456 232 1785 289 GREGORII
1826 225 2135 284 EPISCOPI
2176 224 2603 282 TURONENSIS

3526 214 3633 274 356

437 359 550 415 XL.
598 357 761 430 Igitur
791 365 815 395 ο
848 365 965 426 post
994 362 1216 410 mortem
1250 352 1474 409 filiorum
1503 351 1813 420 Cltilperici,
1849 365 1941 403 rex
1972 349 2017 405 Λ
2046 342 2330 396 εαοΐθῑίυε·
2351 340 2469 407 QUO
2491 336 2912 430 εαῗθηῖθηῑθνθι
2935 333 3087 430 illis?
3110 330 3249 402 τρεῖς
3267 331 3637 430 ἒβητθίλεηδυε

366 467 550 510 mense
566 451 777 511 Octobri
803 452 852 501 in
878 449 1025 502 Cotia
1053 449 1182 502 silva
1208 446 1394 515 plenus
1417 446 1557 499 luctu
1580 458 1699 497 cum
1723 442 1950 511 conjuge

365 542 661 598 residebat.
679 539 826 591 Tunc
854 536 1290 592 Cblodovecbttm
1324 535 1486 588 filium
1531 548 1683 587 suum
1715 534 1952 586 Brenna-

365 646 508 695 cum,
540 628 766 682 faciente
813 628 1022 697 regina,
1054 627 1377 688 transmisit,
1410 635 1466 678 ut
1512 625 1716 679 scilicet
1743 632 1796 678 et
1837 624 1950 691 ipse

364 722 432 774 ab
475 722 574 773 boc
622 720 834 773 interitu
880 718 1164 785 deperiret.
1222 718 1468 773 Graviter
1508 718 1576 770 ibi
1625 714 1708 769 liis
1757 717 1948 771 diebus

364 812 581 864 morbus
613 809 723 875 ille,
757 810 846 875 qui
900 807 1095 861 fratres
1148 808 1509 869 interfecerat,
1538 808 1826 871 saeviebat;
1857 806 1949 861 sed

365 902 494 955 nihil
528 901 721 954 ibidem
756 900 1077 954 incommodi
1101 900 1263 970 250
1285 901 1519 968 pertulit.
1551 899 1668 967 Ipse
1690 900 1830 954 enim
1855 914 1948 953 rex

363 992 542 1044 Galam
571 989 599 1029 δ
632 990 912 1044 Parisiacae
940 990 1169 1044 civitatis
1197 991 1373 1043 villam
1402 990 1641 1044 advenit.
1675 990 1800 1043 Post
1826 1004 1952 1057 pau-

363 1096 455 1135 eos
488 1095 616 1134 vero
643 1080 757 1134 dies
788 1079 1218 1134 Chlodoveclium
1265 1080 1330 1132 ad
1362 1094 1421 1134 se
1452 1081 1635 1134 venire
1665 1080 1909 1147 prmcepit
1935 1097 1951 1133 :

365 1172 449 1226 cui
475 1172 649 1239 qualis
695 1171 943 1225 interitus
993 1172 1167 1235 fuerit,
1192 1171 1374 1225 dicere
1404 1187 1505 1225 non
1539 1171 1755 1238 pigebit.
1788 1172 1955 1242 Igitur

365 1276 487 1315 cum
519 1262 571 1315 in
601 1263 899 1329 supradicta
932 1261 1050 1315 villa
1079 1262 1216 1330 apud
1251 1272 1453 1330 patrem
1483 1263 1764 1325 habitaret,
1790 1262 1952 1331 erepit

370 1353 658 1407 immature
682 1353 903 1420 jactare,
926 1354 1009 1408 vel
1035 1354 1213 1409 dicere
1238 1372 1251 1407 :
1280 1354 1416 1409 Ecce
1442 1355 1665 1410 mortuis
1702 1354 1954 1409 fratribus

371 1448 507 1502 meis
547 1447 613 1500 ad
663 1461 749 1501 me
778 1448 973 1501 restitit
1015 1462 1174 1502 omne
1215 1462 1477 1517 regnum:
1510 1447 1639 1501 mihi
1691 1449 1953 1502 universa:

370 1539 559 1594 Galliae
613 1531 1003 1607 subjicientur,
1036 1540 1424 1609 imperiumque
1476 1542 1777 1595 universum
1824 1541 1951 1593 mibi

368 1633 472 1688 fata
502 1635 684 1704 largita
711 1643 853 1688 sunt.
912 1634 1048 1688 Ecce
1074 1636 1305 1689 inimicis
1334 1636 1384 1688 in
1418 1651 1577 1689 manu
1608 1636 1791 1704 positis
1820 1633 1956 1688 infe-

2051 432 2104 487 in
2138 431 2360 485 manicis
2386 446 2413 483 a
2444 428 2719 484 Desiderio
2751 435 2775 463 ο
2803 435 2962 493 atque
2994 425 3210 477 Bobone
3254 424 3501 487 ducibus,
3534 439 3638 476 nu-

2050 521 2207 574 datur
2249 520 2414 574 armis
2439 527 2496 574 et
2518 518 2778 582 vestibus,
2804 530 2867 569 ac
2894 515 2986 569 vili
3016 514 3331 569 indumento
3357 523 3640 567 contectus

2054 613 2215 682 251
2248 611 2449 680 regina:
2477 610 2687 663 vinctus
2718 606 2736 645 ι
2766 606 3067 661 adducitur.
3098 606 3167 658 At
3195 605 3281 657 illa
3314 605 3367 657 in
3396 604 3637 658 custodia

2052 715 2173 755 eum
2205 700 2419 754 retineri
2450 697 2731 766 prmeepit,
2759 700 2955 752 elicere
2984 699 3051 749 ab
3079 711 3145 750 eo
3172 695 3416 764 cupiens,
3447 694 3492 748 si
3527 697 3642 749 lia-c

2054 792 2125 843 ita
2154 800 2213 845 ut
2241 790 2488 845 audierat
2534 804 2594 844 se
2648 790 2928 854 baberent,
2963 790 3044 842 vel
3072 790 3225 855 cujus
3256 789 3480 843 consilio
3509 804 3641 842 u~us

2062 878 2242 947 fuerit,
2272 892 2364 935 aut
2394 881 2544 950 cujus
2575 882 2688 935 haec
2718 880 2968 934 instinctu
2996 880 3233 944 fecisset,
3265 882 3344 935 vel
3374 896 3492 934 cum
3524 881 3645 951 qui-

2054 972 2153 1025 bus
2183 974 2415 1026 maxime
2440 973 2705 1027 amicitias
2730 973 3063 1041 colligasset.
3094 976 3161 1027 At
3191 973 3279 1026 ille
3310 974 3515 1043 reliqua
3546 974 3643 1028 de-

2055 1080 2296 1134 negans,
2326 1064 2586 1119 amicitias
2637 1065 2920 1118 neultorum
2971 1067 3191 1118 detexit.
3243 1065 3479 1129 Denique
3521 1077 3644 1132 post

2057 1157 2289 1212 triduum
2308 1199 2322 1223 ,
2353 1158 2537 1227 regina
2564 1156 2802 1211 vinctum
2832 1157 2989 1226 jussit
3018 1173 3139 1211 eum
3176 1159 3404 1212 transire
3448 1158 3646 1214 Matra-

2055 1263 2179 1301 nam
2221 1248 2471 1311 ﬂuvium,
2502 1256 2559 1301 et
2606 1248 2659 1301 in
2700 1248 2825 1301 villa
2848 1286 2862 1313 ,
2891 1249 2976 1301 cui
3009 1248 3211 1301 Nuceto
3242 1258 3269 1295 σ
3300 1265 3492 1304 nomen
3531 1260 3639 1315 est,

2056 1340 2335 1393 custodiri.
2370 1338 2424 1391 In
2454 1354 2553 1408 qua
2582 1339 2824 1394 custodia
2850 1340 3024 1393 cultro
3070 1355 3378 1409 percussus,
3414 1343 3640 1407 interiit,

2056 1427 2277 1496 ipsoque
2323 1429 2375 1482 in
2426 1429 2544 1482 loco
2590 1427 2830 1496 sepultus
2875 1438 2958 1482 est
2983 1425 3033 1481 ⁸³.
3069 1429 3275 1483 Interea
3305 1432 3646 1486 advenerunt

2057 1519 2224 1572 nuntii
2278 1519 2343 1572 ad
2400 1534 2600 1587 regem,
2634 1522 2723 1589 qui
2764 1520 3043 1584 dicerent,
3074 1522 3212 1589 quod
3259 1523 3372 1589 ipse
3419 1537 3479 1576 se
3533 1525 3642 1579 ictu

2059 1612 2273 1679 pr0prio
2307 1611 2661 1679 perfodissct;
2691 1622 2746 1667 et
2772 1612 2947 1668 adhuc
2976 1613 3147 1680 ipsum
3176 1613 3405 1669 ciiItrum
3435 1616 3504 1670 de
3530 1631 3640 1683 quo

370 1738 484 1778 ram
532 1701 863 1793 qdmcunque
904 1725 1181 1794 piacuem.
1233 1724 1338 1779 Sed
1380 1734 1436 1777 ει
1481 1726 1549 1778 de
1593 1701 1819 1779 πίθηται
1863 1740 1955 1779 sua
1989 1722 2034 1781 Β
2061 1714 2120 1755 se
2150 1701 2396 1794 perculit,
2423 1702 2474 1755 in
2508 1703 2781 1756 locostare
2802 1704 3035 1759 vulneris
3059 1703 3416 1761 afﬁrmabant.
3440 1705 3646 1774 Quibus

370 1815 720 1884 Frcdegunde
774 1816 954 1883 regina
1028 1829 1134 1867 non
1197 1813 1543 1869 condecibilia
1602 1814 1954 1868 detrectabat.

368 1906 497 1973 Quae
523 1907 612 1962 illa
639 1907 881 1970 audiens,
916 1922 1107 1974 pavore
1138 1908 1303 1959 nimio
1333 1908 1648 1961 terrebatur.
1684 1906 1811 1961 Post
1840 1907 1959 1961 dies

368 2013 501 2053 vero
527 1999 748 2067 aliquot,
773 1997 1063 2053 adveniens
1085 1998 1298 2064 quidam
1323 1998 1393 2051 ait
1422 1998 1618 2065 regina
1645 2016 1657 2050 :
1686 1996 1750 2053 Ut
1770 1998 1958 2052 orbata

369 2089 491 2143 ﬁliis
515 2089 726 2152 sedeas,
748 2089 902 2143 dolus
933 2089 984 2143 id
1016 2088 1384 2143 Clilodoveclii
1411 2099 1492 2143 est
1520 2099 1789 2155 Operatus.
1828 2088 1956 2142 Nam

369 2181 485 2249 ipse
513 2182 899 2249 concupiscens
946 2181 1103 2233 unius
1154 2180 1471 2233 ancillarum
1515 2190 1721 2233 tuarum
1775 2179 1955 2245 filiam,

371 2271 646 2327 maleficiis
694 2281 812 2325 tuos
862 2287 957 2340 per
1008 2279 1234 2324 matrem
1289 2271 1405 2339 ejus
1464 2272 1598 2325 filios
1653 2271 1955 2325 interfecit:

371 2361 599 2430 ideoque
629 2376 822 2415 moneo
845 2376 911 2415 ne
936 2375 1123 2427 Speres
1151 2361 1219 2415 de
1248 2369 1300 2416 te
1329 2361 1540 2426 melius,
1564 2378 1683 2416 cum
1710 2363 1801 2417 tibi
1836 2376 1959 2431 spes

375 2468 471 2519 per
498 2467 654 2520 quam
689 2468 914 2514 regnare
941 2451 1205 2505 debueras
1234 2453 1305 2505 sit
1326 2448 1545 2506 ablata.
1598 2452 1748 2506 Tunc
1778 2454 1957 2520 regina

374 2541 565 2594 timore
596 2541 896 2608 perterrita,
930 2549 985 2593 et
1016 2539 1195 2596 furore
1239 2556 1514 2604 succensa,
1548 2558 1680 2595 nova
1732 2544 1960 2596 orbitate

372 2643 717 2701 compuncta,
762 2632 1099 2700 apprehensa
1130 2633 1300 2701 puella
1342 2634 1392 2686 in
1424 2649 1580 2701 quam
1613 2634 1796 2687 oculos
1827 2633 1961 2701 inje-

374 2731 521 2776 rerat
559 2722 967 2777 CIilodovechus
993 2762 1009 2789 ,
1054 2730 1110 2777 et
1150 2724 1383 2790 graviter
1433 2724 1706 2777 verberata
1732 2764 1746 2786 ,
1796 2722 1957 2777 incidi

374 2826 581 2866 comam
610 2813 799 2881 capitis
824 2824 846 2851 ι·
874 2814 991 2881 ejus
1014 2813 1192 2881 jussit,
1224 2829 1286 2865 ac
1314 2814 1495 2867 scissae
1513 2814 1629 2868 sudi
1657 2814 1957 2882 impositam
1997 2834 1999 2837 ·

373 2903 531 2971 deligi
578 2912 701 2956 ante
756 2910 1012 2957 metatum
1056 2902 1419 2957 Clilodovecbi
1471 2906 1739 2973 praecepit.
1793 2905 1959 2960 Matre

372 3008 586 3063 quoque
630 2994 822 3063 puellm
852 2997 1069 3065 religata
1095 3038 1109 3062 ,
1140 3006 1195 3050 et
1239 2996 1519 3050 tormentis
1564 2997 1653 3050 diu
1698 3000 1952 3064 cruciata,

2062 1793 2245 1845 verbis
2274 1809 2365 1847 rex
2389 1793 2724 1863 CIiilpericus
2757 1794 2964 1863 illusus,
2994 1811 3091 1849 nec
3122 1796 3284 1865 ﬂevit,
3315 1813 3474 1867 quem
3504 1799 3644 1869 ipse,

2061 1890 2119 1934 ut
2165 1881 2235 1935 ita
2284 1881 2480 1950 dicim,
2529 1885 2688 1937 morti
2736 1884 3046 1961 tradiderat,
3100 1887 3381 1953 instigante
3432 1891 3646 1959 regina.

2062 1972 2372 2027 Servientes
2400 1988 2613 2043 quoque
2660 1975 2801 2029 illius
2849 1990 2943 2043 per
2987 1976 3198 2031 diversa
3229 1977 3453 2047 dispersi
3494 1993 3641 2037 sont.

2064 2065 2231 2118 Mater
2254 2073 2430 2119 autem
2455 2065 2572 2133 ejus
2593 2066 2793 2120 crudeli
2826 2078 2997 2123 morte
3023 2080 3208 2123 necata
3247 2068 3263 2107 ί
3287 2087 3303 2137 ;
3330 2086 3482 2127 soror
3504 2074 3648 2128 illius

2061 2154 2114 2209 in
2148 2158 2556 2219 monasterium,
2590 2158 2772 2210 delusa
2809 2158 2823 2209 i
2860 2176 2887 2212 a
2913 2162 3092 2228 pueris
3122 2163 3338 2232 regium,
3368 2166 3648 2219 transmit-

2063 2246 2212 2311 titur,
2251 2249 2301 2301 in
2344 2263 2451 2317 quo
2481 2264 2621 2302 nunc
2651 2260 2801 2305 veste
2856 2262 3055 2305 mutata
3101 2255 3382 2318 consistit;
3409 2269 3651 2325 Opesque

2062 2353 2245 2394 eorum
2277 2341 2692 2410 omnesreginze
2717 2342 2909 2397 delatae
2938 2354 3081 2397 sunt.
3112 2345 3299 2399 Mulier
3325 2362 3443 2415 qua:
3483 2362 3651 2416 super

2068 2430 2506 2486 Cltlodoveclium
2554 2432 2728 2486 locuta
2788 2434 2990 2501 fuerat,
3037 2435 3356 2504 dijudicatur
3400 2439 3652 2495 incendio

2062 2522 2417 2577 concremari.
2462 2522 2592 2588 Qua:
2639 2536 2760 2576 cum
2810 2523 3122 2591 duceretur,
3154 2527 3445 2581 reclamare
3482 2533 3650 2597 erepit

2062 2617 2278 2682 misera,
2311 2630 2370 2668 se
2397 2615 2671 2669 mendacia
2724 2616 3013 2685 protulisse
3040 2634 3052 2670 :
3078 2618 3170 2672 sed
3204 2617 3333 2671 mliil
3367 2619 3654 2687 proficien-

2062 2708 2203 2762 tibus
2252 2706 2455 2773 verbis,
2509 2708 2667 2778 ligata
2722 2708 2787 2761 ad
2841 2708 3121 2774 stipitem,
3167 2710 3350 2765 vivens
3404 2713 3653 2767 exuritur

2062 2797 2314 2852 flammis.
2337 2797 2728 2852 Tliesaurarius
2750 2798 3111 2855 Clilodoveclti
3142 2815 3169 2852 a
3194 2801 3449 2870 Cuppaue
3477 2801 3502 2840 ιι
3531 2813 3651 2857 sta-

2063 2889 2168 2944 buli
2225 2890 2423 2944 comite
2473 2889 2540 2944 de
2591 2890 2824 2945 Biturico
2872 2901 3162 2959 retractus,
3196 2893 3404 2948 vinctus
3450 2896 3651 2965 rigiuaz

2063 2983 2407 3037 transmiSsus
2426 2994 2533 3050 est,
2551 2985 2779 3038 diversis
2804 2982 3127 3039 cruciatibus
3153 2987 3497 3054 exponendas
3517 3004 3532 3053 ;
3552 2988 3649 3043 sed

373 3085 554 3139 elicuit
585 3086 654 3139 ab
679 3100 741 3138 ea
776 3086 1185 3153 professionem,
1213 3100 1333 3152 qua:
1365 3086 1461 3139 bos
1500 3100 1777 3141 sermones
1806 3101 1956 3141 veros

2068 3092 2184 3130 eum
2215 3078 2396 3146 regina
2425 3086 2479 3130 et
2507 3093 2533 3129 a
2565 3077 2866 3145 suppliciis,
2897 3088 2952 3131 et
2976 3079 3201 3132 vinculis
3223 3081 3383 3145 jussit
3408 3080 3649 3147 absolvi;

376 3190 496 3231 esse
528 3176 782 3231 firmaret.
816 3177 942 3245 Itegi
971 3176 994 3211 ά
1020 3176 1212 3231 exinde
1239 3177 1351 3231 bare
1378 3188 1425 3231 et
1454 3178 1555 3230 alia
1591 3177 1951 3244 hujuscemodi

376 3268 677 3333 insinuans,
710 3268 995 3323 vindictam
1025 3271 1092 3323 de
1120 3268 1496 3323 Cblodoveclio
1521 3270 1778 3338 poposcit.
1809 3269 1959 3324 Tune

376 3374 471 3416 rex
504 3361 555 3413 in
585 3362 921 3413 venationem
952 3359 1216 3425 directus,
1246 3374 1371 3413 eum
1418 3358 1669 3427 praecepit
1710 3358 1955 3413 arcessiri

378 3510 681 3575 Sisbertum,
709 3512 921 3566 biennio
944 3522 1125 3579 postea
1156 3520 1329 3566 morte
1361 3510 1497 3581 turpi
1531 3511 1770 3579 punitum
1798 3510 1958 3567 fuisse

378 3582 582 3635 scribit.
637 3585 1022 3648 Ilertnenegildi
1055 3583 1154 3636 sub
1184 3583 1435 3652 martyris
1470 3584 1627 3652 titulo
1652 3581 1840 3634 festum
1871 3582 1959 3636 die

379 3652 446 3705 15
498 3652 691 3717 Aprilis
733 3656 1057 3709 celebratur.
1110 3651 1361 3721 Ingundis
1412 3666 1543 3704 uxor
1583 3651 1721 3718 ejus,
1756 3652 1960 3719 fugiens

378 3722 695 3790 intercepta,
724 3725 774 3775 in
820 3721 1058 3777 Siciliam
1102 3725 1353 3790 perducta
1383 3732 1486 3787 est,
1518 3722 1605 3774 ubi
1655 3724 1960 3789 exspirasse

378 3791 591 3844 dicitur.
646 3790 783 3845 Infra
835 3806 1007 3845 tatnen
1054 3792 1343 3860 Gregorius
1390 3792 1482 3846 lib.
1535 3806 1648 3855 vui,
1701 3807 1819 3859 cap.
1853 3791 1957 3856 28,

382 3861 549 3929 ipsam
580 3864 629 3913 iii
656 3863 830 3916 Africa
861 3863 1058 3916 obiisre
1080 3863 1285 3927 scribit,
1306 3862 1956 3929 cumConstantinopolim

379 3931 649 4002 aAGi-a-cis
704 3936 1103 4002 perduceretur.
1162 3935 1353 3985 Iiorum
1409 3932 1545 3985 filius
1578 3933 1960 4002 Atlianagildus

379 4000 484 4054 ΕΡ.
519 4001 651 4055 vixit
678 4007 730 4055 in
759 4003 875 4055 aula
906 4001 1142 4056 Mauricii
1174 4004 1301 4069 imp.
1353 4002 1571 4070 Aliquot
1613 4000 1866 4067 epistolas
1892 4003 1958 4055 ad

382 4072 577 4144 ipsum,
607 4085 695 4124 aut
722 4072 838 4137 ejus
860 4074 1141 4126 occasione
1163 4074 1226 4125 ad
1246 4073 1381 4144 alios
1398 4088 1425 4124 a
1443 4073 1785 4127 (.‘Iiildeberto
1808 4088 1957 4144 rege,

378 4150 433 4194 et
459 4156 487 4195 a
521 4142 859 4197 Brunicbilde
891 4144 1071 4211 regina
1099 4145 1343 4212 scriptas,
1374 4143 1428 4197 in
1475 4145 1780 4213 Appendicc
1807 4142 1963 4198 dabi-

381 4226 520 4265 inus.

394 4290 481 4352 η·
512 4282 624 4336 Iloc
650 4292 809 4352 caput
830 4284 881 4336 in
907 4284 1091 4350 lli-gm.
1121 4283 1240 4337 loco
1261 4297 1359 4337 suo
1380 4293 1603 4345 motum,
1621 4292 1794 4338 exstat
1814 4298 1960 4337 num.

377 4349 471 4404 42.
509 4354 581 4407 De
602 4349 750 4407 (loti—2i
780 4355 934 4417 silva,
967 4349 1125 4420 supra
1157 4354 1248 4407 lib.
1282 4369 1366 4415 tv,
1400 4370 1518 4421 cap.
1548 4353 1639 4406 22.

449 4421 477 4460 δ
507 4424 577 4477 Ibi
608 4426 663 4478 S.
698 4423 955 4477 Iiatliildis
1002 4423 1292 4477 Cblodovei
1322 4424 1362 4476 II
1398 4440 1535 4477 uxor
1576 4426 1956 4488 partlienonem

378 4493 787 4549 celeberrimum
819 4497 1085 4547 exstruxit
1105 4534 1120 4558 ,
1149 4493 1235 4549 ubi
1267 4508 1386 4547 eum
1428 4470 1733 4561 aliquandiu
1763 4498 1962 4548 sancti-
1991 4470 2044 4529 Ῑ)

379 4567 626 4619 monialis
673 4567 929 4627 vixisset,
961 4565 1047 4633 pie
1093 4567 1242 4619 obiit.
1275 4564 1449 4618 Locus
1502 4569 1733 4633 priscum
1767 4580 1958 4618 nomen

379 4634 594 4704 retinet.
616 4637 779 4703 vulgo
808 4634 1027 4699 Chelles,
1052 4645 1281 4704 quatuor
1304 4638 1467 4689 leueis
1490 4639 1556 4689 ab
1579 4637 1709 4689 urbe
1736 4636 1957 4703 distans,

378 4700 444 4752 ad
487 4700 779 4756 Matrona'ut
828 4700 1081 4757 fluvium.-
1122 4707 1193 4760 De
1245 4708 1347 4760 hoc
1392 4705 1531 4760 Beda
1562 4708 1654 4761 lib.
1684 4720 1748 4759 ιιι
1799 4700 1958 4772 IItst.,

379 4774 593 4895 (Ἰηέξῇ
647 4841 801 4906 Bad.;
851 4849 906 4894 at
948 4843 1108 4897 Cori».
1140 4853 1194 4897 et
1239 4844 1459 4909 Cbesn.,
1509 4847 1783 4900 abscissam
1823 4845 1961 4900 audi.

378 4908 554 4973 Colb.,
580 4912 803 4964 abscisso
828 4913 973 4966 sude.
1010 4915 1155 4979 Bec.,
1184 4915 1342 4967 scissa
1370 4908 1511 4967 audi.

446 4980 473 5017 ά
507 4982 716 5051 Regm.,
761 4982 991 5050 ﬁrmaret
1021 4984 1165 5054 Regi.
1202 4983 1346 5036 Tunc
1392 4984 1519 5053 Rex,
1546 4987 1759 5041 cmteris
1796 4986 1964 5039 omis-

383 5064 478 5105 SIS.

451 5131 475 5157 ε
509 5125 555 5177 Is
598 5123 823 5192 estqui,
854 5122 1124 5178 referente
1171 5123 1428 5192 Gregorio
1467 5124 1559 5178 lib.
1607 5141 1682 5189 ix,
1723 5140 1840 5192 cap.
1868 5123 1960 5191 55,

377 5188 679 5247 Tetradiam
705 5188 740 5253 ,⁷
764 5196 956 5247 marito
996 5196 1114 5261 ejus
1162 5188 1371 5248 Eulalia
1414 5196 1588 5249 adhuc
1637 5188 1956 5263 superstite,

380 5274 595 5334 uxorem
626 5264 798 5317 duxit.
835 5265 907 5317 De
954 5281 1059 5330 quo
1088 5281 1191 5318 non
1223 5266 1389 5318 semel
1436 5266 1586 5325 alibi,
1620 5268 1956 5334 potissimum

378 5327 469 5406 lib.
509 5348 558 5406 ιε,
591 5347 712 5401 cap.
737 5338 789 5388 8.
822 5327 1171 5406 Bobo'autetn
1202 5335 1339 5389 filius
1364 5344 1481 5390 erat
1506 5327 1833 5390 Mutumolini
1856 5335 1956 5390 du-

376 5402 475 5474 cis,
506 5402 576 5474 de
604 5418 709 5474 quo
742 5405 831 5459 lib.
855 5420 926 5467 vr,
959 5421 1076 5474 cap.
1112 5404 1202 5460 45.

454 5469 470 5506 ί
503 5473 559 5525 In
580 5469 741 5524 cori».
771 5474 921 5527 deest
949 5469 1161 5529 vinctus.

445 5546 475 5590 ε
501 5543 588 5595 Sic
615 5543 954 5596 scribendum
981 5554 1165 5598 censet
1190 5546 1431 5600 Valesius
1458 5546 1508 5610 in
1536 5544 1731 5601 Notitia
1758 5546 1955 5601 Gallia-

377 5627 525 5670 rum:
550 5612 810 5667 consentit
832 5614 992 5666 (λοι-ι).
1020 5618 1088 5668 At
1108 5617 1256 5671 Colb.
1291 5617 1445 5673 liabet
1469 5616 1688 5682 Nocito;
1714 5617 1801 5672 alii
1829 5633 1956 5673 vero

2062 3171 2399 3240 liberumque
2419 3171 2575 3224 nobis
2597 3170 2960 3225 obtinentibus
2992 3171 3139 3224 abire
3170 3171 3431 3240 permisit.

2134 3261 2267 3315 XLI.
2303 3262 2427 3315 Post
2468 3262 2581 3316 bare
2614 3259 2628 3297 ¹
2671 3263 2868 3316 Elafius
2896 3264 3302 3318 Catalauuensis
3343 3266 3646 3335 episcopus,

2062 3364 2278 3422 praptcr
2309 3370 2496 3409 causas
2525 3357 2686 3427 252
2717 3357 3073 3412 Brunicbildis
3118 3364 3337 3427 reginae,
3367 3360 3420 3414 in
3450 3362 3641 3432 llispa-

2062 3508 2463 3583 Nocetoavulgo
2498 3511 2673 3575 Noisi,
2711 3511 2849 3567 haud
2900 3513 3085 3583 procul
3113 3528 3141 3567 a
3169 3514 3322 3582 CaIa,
3353 3514 3446 3572 sed
3473 3516 3540 3571 ad
3570 3520 3649 3572 al-

2063 3592 2228 3634 teram
2262 3582 2513 3635 Matrona:
2545 3583 2736 3647 ripam.

2138 3648 2328 3724 h_lude
2348 3667 2543 3720 emptis
2573 3652 2689 3722 ejus
2716 3669 2835 3708 cum
2865 3653 3089 3708 solemni
3115 3669 3302 3724 pompa
3332 3658 3646 3712 translatum

2062 3731 2144 3775 e-t
2173 3722 2401 3775 Parisios
2447 3724 2497 3776 in
2548 3724 2820 3779 basilicam
2849 3728 3018 3779 sancti
3058 3722 3335 3787 Vinceiitii,
3368 3729 3507 3781 infra
3550 3730 3647 3783 lib.

2062 3807 2175 3861 vui.
2207 3806 2326 3861 cap.
2355 3792 2439 3845 IO.

2140 3860 2156 3898 ί
2194 3866 2474 3935 Audovera
2498 3865 2739 3935 scilicet,
2773 3881 2931 3933 quam
2975 3865 3305 3933 Cliilpericus
3346 3867 3646 3935 dimisnrat,

2063 3934 2201 4001 quod
2233 3933 2576 4005 suatnipsius
2606 3937 2763 3989 tiliam
2795 3950 2826 3988 e
2856 3937 3000 3989 fonte
3038 3951 3190 3989 sacro
3232 3941 3577 4005 suscepis-et,
3603 3933 3648 3996 si

2062 4005 2353 4076 credamus
2371 4004 2650 4073 Anonymi)
2676 4008 2764 4073 qui
2790 4004 2945 4060 Gesta
2973 4008 3298 4061 Francorum
3324 4004 3562 4076 sctipsit.
3591 4014 3643 4065 Id

2064 4072 2586 4148 quippe_l‘.ibnlosum
2610 4072 2728 4129 esse
2751 4078 3028 4131 existimat
3054 4079 3290 4131 Cointius
3315 4078 3379 4131 ad
3404 4072 3491 4132 ait.
3516 4080 3644 4148 565,

2066 4159 2120 4197 u.
2149 4142 2204 4196 4.
2254 4143 2421 4198 Soror
2465 4160 2591 4198 vero
2635 4148 2772 4213 ejus,
2804 4148 3007 4200 scilicet
3055 4148 3378 4211 (Jblodovei,
3415 4142 3649 4214 llasina,

2065 4229 2182 4280 qum
2213 4215 2262 4266 in
2293 4216 2616 4269 monasterio
2644 4225 2841 4271 sancta:
2870 4216 3056 4272 Crucis
3100 4218 3421 4274 Pictaviensi
3462 4224 3653 4277 turbas

2067 4292 2251 4352 postea
2273 4285 2545 4339 excitavit.

2139 4352 2154 4403 ἱ
2192 4355 2277 4407 Sic
2324 4355 2485 4408 Corb.
2518 4367 2571 4409 et
2600 4358 2750 4411 Colb.
2798 4357 2935 4411 Editi
2970 4373 3129 4418 Vt‘l'O,
3158 4360 3357 4411 reclusa
3387 4360 3438 4412 in
3468 4378 3651 4415 mona-

2066 4426 2243 4494 sterio.
2280 4425 2409 4480 Mss.
2441 4426 2718 4481 lectionem
2750 4428 2908 4481 habet
2936 4428 3211 4482 Ainioinns
3247 4431 3337 4481 lib.
3364 4445 3443 4494 ut,
3474 4446 3522 4483 ρ.
3550 4434 3643 4487 65.

2140 4493 2165 4565 If
2204 4495 2368 4563 Ilnjns
2397 4496 2628 4549 facinora
2656 4507 2835 4551 narrat
2869 4500 3156 4565 Gregorius
3187 4499 3279 4552 lib.
3314 4517 3367 4554 κ.
3400 4493 3447 4553 e.
3482 4500 3536 4555 5.

2148 4563 2164 4602 ι
2204 4567 2312 4618 lloc
2337 4577 2494 4633 caput
2515 4567 2666 4620 deest
2689 4571 2737 4621 in
2762 4568 2923 4622 Corb.
2941 4563 2993 4622 et
3013 4569 3164 4622 Coll).
3189 4570 3437 4638 Legimus
3460 4575 3648 4625 instru-

2070 4646 2309 4709 mentum
2339 4638 2479 4709 beati
2514 4638 2658 4690 Elafti
2700 4640 2923 4706 api<cnpi
2968 4640 3035 4693 de
3074 4640 3239 4703 ΥιΙΙιδ,
3267 4656 3396 4709 quas
3427 4642 3484 4696 S.
3521 4643 3649 4698 Ste-

2070 4707 2247 4776 plia‘no
2267 4705 2543 4759 deditcuin
2570 4710 2729 4761 fratre
2752 4724 2848 4761 suo
2870 4710 3191 4762 Leudomiro
3211 4705 3458 4776 diacono,
3476 4722 3647 4765 actum

2066 4773 2416 4853 iii_(3atalnuni
2442 4778 2736 4853 civitatett'u
2780 4780 2994 4853 ecclesia
3030 4773 3521 4853 pra’fati_marlyris,
3553 4801 3650 4853 pit-

2065 4845 2192 4921 lglice
2218 4849 2310 4897 sub
2341 4848 2426 4898 die
2461 4864 2490 4900 v
2516 4847 2608 4921 Ald.
2638 4847 2814 4906 Junii.
2842 4866 2975 4902 anno
3019 4845 3201 4918 quam
3234 4845 3496 4921 Sigebérto
3526 4845 3650 4921 rege

2066 4913 2415 4991 [j‘rancorunn
2443 4919 2527 4970 cui
2562 4920 2915 4974 inStrumento
2962 4913 3077 4985 post
3111 4913 3396 4976 donatdres
3430 4913 3647 4991 Egidiiis

2068 4985 2387 5059 Bliemensis
2440 4992 2877 5058 metrOpoIitanus
2899 5034 2911 5055 ,
2942 5001 2993 5043 et
3028 4991 3217 5043 Beatus
3238 5033 3252 5055 ,
3287 4994 3441 5059 cujus
3475 4985 3648 5047 sedes

2066 5072 2171 5128 nou
2220 5057 2555 5128 exprimitur,
2589 5057 2973 5126 subseripsere.
3013 5061 3227 5124 Beatus,
3261 5074 3316 5113 ut
3353 5057 3640 5128 existimo,

2066 5132 2108 5200 is
2138 5126 2251 5200 ipse
2278 5125 2580 5200 estBratus
2609 5131 2891 5199 episcopus
2941 5131 3334 5196 Atubiauensis,
3364 5133 3453 5200 qui
3500 5125 3642 5187 Con?

2063 5196 2188 5248 cilio
2218 5198 2492 5251 Aurelan.
2527 5216 2554 5250 v
2589 5196 2830 5254 interfuit
2856 5216 2944 5253 an.
2976 5200 3101 5256 549.
3133 5203 3249 5267 Quo
3280 5196 3432 5268 pacto
3453 5204 3512 5256 ὃ.
3539 5204 3647 5257 Ho-

2065 5276 2302 5327 noratus,
2334 5283 2488 5333 quem
2520 5269 2762 5323 Coiutius
2809 5271 2968 5325 Beato
2996 5272 3134 5324 circa
3166 5288 3257 5323 an.
3300 5272 3403 5324 554
3432 5288 3647 5327 succes-

2063 5338 2428 5409 sissescribit,
2449 5350 2571 5393 ante
2592 5356 2716 5394 ann.
2737 5342 2839 5395 565
2859 5341 3109 5407 Sigiberti
3140 5356 3276 5409 regis
3296 5342 3363 5393 IV
3392 5343 3643 5397 Ecclesiae

2064 5407 2407 5462 Ambiaueusi
2453 5412 2728 5475 pra-fectus
2760 5412 2924 5464 fuisse
2952 5407 3220 5465 dicendus
3236 5428 3339 5464 non
3380 5425 3482 5466 est.
3520 5416 3643 5467 Ela-

2064 5476 2188 5541 ﬁus,
2240 5478 2403 5530 liadin
2452 5479 2731 5549 Elaphius,
2763 5483 3001 5548 plerique
3046 5482 3134 5533 ed.
3183 5481 3417 5545 Elusius,
3448 5486 3643 5537 colitur

2065 5549 2334 5600 Catalauni
2365 5550 2453 5603 die
2485 5566 2574 5603 xiv
2609 5554 2724 5604 Ital.
2757 5556 2900 5613 Sept.
2932 5560 3151 5604 Sacram
3187 5569 3308 5605 vero
3342 5556 3481 5607 illius
3523 5570 3639 5609 coro

2066 5630 2161 5683 pus
2182 5632 2483 5675 asservaiur
2514 5622 2562 5675 in
2592 5622 2915 5677 nionasteriu
2940 5622 2995 5678 S.
3028 5622 3169 5676 l'etri
3199 5624 3247 5676 in
3270 5624 3454 5679 eadem
3485 5626 3635 5690 urbe.
