3974 6174
321 259 427 317 587

1243 262 1564 321 HISTORIA
1605 262 2048 319 FRANCOBUM.
2096 262 2294 319 LIBER
2336 266 2657 333 QUINTUS.

3468 284 3576 341 388

320 372 439 426 nias
462 372 510 423 in
540 370 860 441 legationem
890 370 1148 437 directus,
1174 385 1504 444 correptusa
1529 375 1680 430 febre
1710 378 1893 441 nimia,
1931 385 1970 441 Α
2006 374 2141 427 turis
2179 376 2564 432 ceclesiasticis
2606 379 2761 435 valde
2797 379 3125 453 instructus,
3168 388 3239 443 ita
3283 398 3342 445 ut
3379 394 3577 450 seriem

318 463 565 530 Spiritum
613 464 903 533 exhalavit,
933 475 989 518 et
1035 464 1230 521 exinde
1275 467 1487 521 delatus
1512 476 1755 522 mortuus
1781 508 1797 533 ,
1828 470 1895 523 ad

316 554 588 608 civitatem
616 570 765 608 suam
798 556 1040 623 sepultus
1077 567 1181 610 est.
1228 558 1429 612 Eonius
1452 574 1660 627 quoque
1685 560 1894 628 episco-

315 662 614 713 pus,quem
639 649 871 717 legatum
904 650 1274 704 Britannorum
1299 666 1457 718 supra
1483 653 1822 707 meminimus
1845 666 1891 719 ι,

312 736 379 786 ad
413 736 681 789 civitatem
712 753 861 790 suam
905 738 1117 807 regredi
1151 756 1253 793 non
1282 742 1599 810 permissus,
1631 752 1691 796 ut
1718 746 1898 800 Ande-

312 829 463 894 gavis
512 838 823 896 posceretur
866 829 935 885 de
983 831 1193 897 publico
1218 846 1247 883 a
1281 847 1404 900 rege
1438 845 1759 902 praiceptum
1790 848 1891 891 est.

310 919 412 983 Qui
458 918 694 974 Parisios
742 922 1054 988 adveniens,
1099 923 1225 977 dum
1272 924 1358 977 die
1400 924 1669 979 Dominica
1717 942 1897 981 sat-ro-

310 1020 494 1064 sancta
526 1012 785 1065 solemnia
816 1012 1131 1077 celebraret,
1157 1014 1349 1069 emissa
1376 1030 1497 1068 cum
1523 1017 1729 1071 hinnitu
1762 1034 1895 1074 voce

310 1108 469 1152 terra:
498 1103 721 1153 corruit.
756 1102 1080 1170 Erumpente
1104 1117 1230 1157 vero
1258 1103 1327 1156 ab
1348 1118 1442 1158 ore
1467 1105 1582 1172 ejus
1605 1120 1658 1160 et
1681 1109 1895 1162 naribus

308 1191 593 1257 sanguine,
620 1192 761 1246 inter
792 1209 979 1247 manus
1010 1194 1323 1261 deportatus
1345 1205 1446 1263 est,
1476 1197 1573 1251 sed
1601 1200 1891 1259 convaluit.

308 1277 543 1332 Nimium
593 1281 734 1334 enim
786 1283 909 1336 vino
956 1282 1167 1337 deditus
1216 1294 1355 1346 erat,
1399 1295 1454 1339 et
1483 1287 1792 1357 plerumque
1823 1290 1893 1343 ita

308 1369 626 1427 deformiter
674 1373 1069 1442 inebriabatur,
1103 1386 1161 1430 ut
1185 1390 1427 1445 gressum
1459 1377 1634 1433 facere
1661 1394 1764 1433 non
1793 1395 1892 1435 va-

306 1459 465 1514 Ieret.

378 1550 542 1604 XLII.
577 1551 741 1605 Mirus
763 1568 857 1607 rex
878 1552 1213 1610 Galliciensis
1236 1556 1437 1627 legatos
1455 1559 1518 1613 ad
1546 1559 1892 1617 ϐιιιιιειηιιιωο

303 1658 436 1695 num
467 1659 646 1712 regem
676 1644 889 1699 direxit.
913 1646 1153 1715 Cumque
1182 1665 1275 1716 per
1306 1649 1579 1705 Pictavum
1604 1655 1887 1710 terminum

1999 465 2333 521 diversarum
2363 472 2764 539 generationutn
2786 519 2801 544 ,
2830 493 2948 546 qua":
2980 483 3031 534 in
3060 482 3206 538 libris
3227 488 3425 541 veteris
3446 490 3577 545 Tes-

2001 563 2218 614 tatnenti
2248 563 2589 629 describitur,
2618 569 2757 635 quod
2788 585 2815 621 a
2849 574 3028 626 multis
3052 574 3269 631 difﬁcile
3293 582 3571 653 retinetur,
3616 574 3623 581 ’

2000 648 2085 702 hic
2110 653 2423 722 plerumque
2452 659 2709 711 memoria
2738 672 3061 718 recenseret.
3099 668 3219 722 Fuit
3247 675 3405 724 etiam
3434 683 3490 727 et
3519 675 3572 729 in

1993 740 2215 808 judiciis
2239 745 2414 811 justus
2433 786 2449 811 ,
2481 761 2545 800 ac
2572 746 2870 804 defendens
2900 768 3160 821 pauperes
3188 761 3434 816 ecclesia:
3463 780 3573 821 sum

1997 834 2066 886 de
2097 849 2255 886 manu
2298 840 2556 890 malorum
2596 838 2835 907 judieuin
2858 883 2872 905 ,
2912 845 3063 911 juxta
3104 849 3235 903 illud
3264 850 3405 905 Job:
3440 854 3569 908 Can-

1996 927 2187 976 servavi
2224 942 2440 993 egenum
2474 928 2535 979 de
2574 946 2729 982 manu
2768 936 3022 1000 potentis;
3061 947 3107 989 et
3155 939 3295 1009 inopi
3339 944 3421 995 cui
3469 961 3572 997 non

1994 1024 2106 1065 erat
2136 1016 2367 1084 adjutor,
2400 1019 2692 1073 auxiliata:
2718 1036 2854 1075 sum.
2889 1023 2959 1076 οε
2988 1026 3156 1080 vidua:
3182 1031 3433 1086 benedixit
3461 1052 3572 1101 me,

1994 1116 2108 1153 cum
2150 1119 2309 1155 essent
2352 1099 2530 1159 oculus
2560 1124 2843 1177 ccecorum,
2868 1129 2963 1179 'pes
2991 1115 3294 1173 claudorum
3312 1161 3328 1186 ,
3357 1133 3403 1176 et
3428 1125 3574 1179 inua-

1996 1192 2217 1245 lidorum
2239 1204 2383 1263 pater
2410 1195 2565 1266 (Job.
2589 1214 2714 1252 χχιι
2737 1244 2750 1265 ,
2783 1202 2944 1255 12-16
2961 1205 3004 1271 ).

2070 1286 2248 1339 λων.
2293 1289 2671 1345 Lenvicbildus
2714 1308 2840 1347 vero
2880 1312 2973 1349 rex
3017 1299 3296 1366 Agilanem
3338 1303 3569 1374 legatum

1992 1378 2058 1428 ad
2092 1378 2452 1446 Utiilpericum
2470 1382 2671 1445 mittit,
2702 1384 2875 1437 virum
2903 1389 3099 1441 nullius
3128 1393 3322 1461 ingenii
3347 1408 3436 1449 aut
3462 1398 3575 1451 dis~

1996 1470 2275 1533 positionis
2317 1472 2523 1525 ratione
2550 1475 2781 1541 peritum
2804 1516 2819 1540 ,
2853 1479 2946 1531 sed
2980 1490 3179 1535 tantum
3214 1485 3487 1542 voluntate
3516 1491 3571 1545 in

1994 1558 2257 1613 catholica
2298 1561 2414 1630 lege
2454 1578 2770 1631 perversum
2805 1584 2819 1618 :
2858 1584 3016 1637 quem
3057 1587 3177 1627 cum
3219 1590 3302 1629 via
3341 1577 3572 1636 Turonis

1992 1648 2306 1716 detulisset,
2349 1654 2603 1707 lacessire
2643 1671 2740 1709 nos
2769 1658 2834 1711 de
2875 1660 3012 1727 ﬁde,
3040 1674 3093 1717 et
3132 1666 3446 1737 impugnare
3474 1688 3569 1728 ec-

302 1736 687 1802 praeterirent,
742 1752 901 1807 quem
954 1747 1079 1794 tunc
1127 1738 1461 1808 Chilpericus
1506 1760 1600 1800 rex
1651 1750 1885 1813 tenebat,
1922 1737 1965 1794 Β
1994 1742 2296 1797 clesiastica
2326 1744 2572 1813 dogmata
2602 1750 2786 1817 erepit.
2820 1750 3005 1820 Iniqua
3036 1755 3212 1823 enim,
3241 1759 3435 1827 inquit,
3470 1763 3569 1817 fuit

302 1825 552 1880 nuntiata
593 1837 720 1881 sunt
745 1830 818 1884 ei.
867 1831 937 1886 At
966 1830 1058 1886 ille
1081 1833 1181 1886 sub
1206 1836 1449 1889 custodia
1477 1837 1580 1892 sibi
1614 1856 1707 1896 eos
1732 1844 1892 1898 exhi«

302 1917 421 1972 beri
448 1923 725 1989 praecepit.
752 1922 1056 1978 etParisios
1076 1927 1353 1981 custodiri.
1383 1929 1457 1983 Eo
1480 1940 1720 2001 tempore
1746 1937 1886 2004 apud

300 2013 678 2069 Pictaveusem
722 2017 989 2071 civitatem
1038 2017 1197 2087 lupus
1226 2034 1291 2075 ex
1323 2021 1469 2077 silvis
1512 2028 1753 2092 veniens,
1794 2046 1888 2096 per

300 2114 514 2173 portam
568 2109 835 2177 ingressus
863 2119 976 2176 est,
1010 2110 1314 2181 clausisque
1340 2116 1508 2183 portis
1537 2117 1673 2173 infra
1705 2137 1886 2177 muros

299 2198 473 2265 ipsius
503 2198 650 2253 urbis
675 2215 982 2269 oppressus,
1009 2203 1218 2256 occisus
1257 2213 1359 2261 est.
1392 2209 1717 2265 Asserebant
1742 2213 1882 2267 enim

299 2291 522 2358 quidam
569 2300 625 2345 et
676 2295 868 2347 uelum
916 2294 1201 2349 ardensse
1233 2296 1453 2352 vidisse.
1507 2297 1664 2368 Liger
1693 2301 1884 2358 ﬂuvius

298 2384 478 2451 major
517 2384 588 2437 ab
634 2397 776 2439 anno
819 2386 1098 2454 superiore
1143 2385 1262 2455 fuit,
1312 2400 1589 2458 postquam
1638 2394 1688 2447 ei
1731 2394 1885 2451 Caris

299 2473 325 2513 δ
359 2484 580 2532 torrens
602 2492 662 2532 se
685 2478 948 2547 adjunxit.
984 2478 1187 2535 Ventus
1216 2489 1394 2536 auster
1426 2484 1644 2539 nimium
1674 2487 1886 2543 violen-

298 2576 386 2623 ter
413 2570 669 2632 cucurrit,
703 2570 774 2624 ita
817 2578 875 2625 ut
912 2571 1075 2625 silvas
1100 2581 1484 2640 prosterneret,
1512 2575 1702 2633 domos
1727 2594 1883 2635 erue-

296 2671 405 2723 ret,
437 2676 597 2730 sepes
644 2662 889 2729 efferret,
918 2665 1167 2733 ipsosque
1196 2667 1437 2722 homines
1463 2671 1529 2724 ad
1561 2671 1885 2727 internecio-

294 2768 423 2809 nem
475 2771 645 2824 usque
690 2756 969 2811 volutaret.
1017 2758 1145 2813 Erat
1189 2760 1331 2814 enim
1382 2760 1608 2829 spatium
1657 2763 1775 2833 ejus
1826 2765 1883 2819 iu

295 2845 635 2903 latitudinem
676 2850 828 2917 quasi
869 2848 1058 2918 jugera
1107 2859 1350 2919 septem;
1380 2852 1655 2923 longitudo
1702 2866 1880 2912 autem

296 2950 402 2990 non
452 2937 625 3004 potuit
671 2939 949 2992 aestimari.
995 2938 1125 2993 Nam
1155 2948 1211 2994 et
1237 2941 1361 3010 galli
1411 2943 1654 3011 plausum
1692 2959 1881 3001 cantus

296 3026 346 3081 in
378 3028 539 3081 initio
567 3026 738 3082 noctis
775 3043 919 3097 saepe
946 3028 1224 3084 dederunt.
1277 3031 1420 3086 Luna
1447 3036 1875 3093 contenebricata

1988 1833 2328 1902 antiquorum
2369 1839 2741 1907 episcOporum
2783 1844 2884 1895 lata
2914 1842 3212 1913 sententia,
3244 1868 3360 1919 quae
3391 1870 3569 1923 aequa-

1990 1924 2097 1979 lem
2129 1932 2359 1983 asseruit
2386 1930 2577 1986 Filium
2610 1934 2775 1989 Patri.
2809 1937 2940 1991 Nam
2972 1942 3221 2010 qualiter,
3252 1949 3439 2015 inquit,
3475 1966 3569 2017 po-

1990 2018 2114 2071 terit
2150 2034 2272 2074 esse
2305 2023 2447 2075 Patri
2478 2027 2697 2092 aequalis
2728 2028 2780 2080 in
2813 2040 3109 2097 potestate,
3138 2037 3228 2103 qui
3259 2038 3370 2090 ait:
3408 2041 3568 2095 Pater

1987 2112 2159 2179 major
2198 2128 2275 2164 me
2304 2122 2376 2164 est
2412 2114 2602 2184 (Joan.
2639 2134 2749 2182 x1v,
2777 2118 2879 2189 28)
2906 2122 2924 2173 2
2950 2123 3065 2175 Non
3092 2135 3176 2179 est
3203 2142 3329 2196 ergo
3355 2145 3565 2199 aequum

1992 2209 2052 2253 ut
2091 2202 2139 2255 ei
2178 2205 2367 2257 similis
2405 2208 2703 2263 aestimetur
2739 2226 2845 2280 quo
2883 2228 2942 2267 se
2974 2217 3235 2273 minorem
3281 2222 3449 2290 dicit,
3476 2227 3563 2282 cui

1994 2289 2261 2344 tristitiam
2290 2295 2478 2348 mortis
2504 2299 2750 2367 ingemit,
2777 2302 2860 2355 cui
2894 2314 3163 2372 postremo
3190 2311 3564 2385 moriensspi~

1987 2381 2187 2449 ritum,
2219 2387 2371 2453 quasi
2416 2389 2557 2442 nulla
2590 2394 2846 2460 praeditus
2877 2410 3169 2466 patestate,
3201 2381 3563 2467 commendat.

1987 2473 2139 2531 Unde
2167 2488 2311 2547 patet
2340 2495 2462 2535 eum
2488 2492 2543 2537 et
2570 2495 2725 2541 :etate
2752 2496 2807 2542 et
2834 2499 3099 2559 potestate
3135 2509 3356 2566 paterna
3387 2505 3564 2559 mino-

1986 2584 2121 2624 rem.
2147 2571 2228 2625 Ad
2254 2574 2366 2630 haec
2392 2590 2490 2647 ego
2516 2578 2806 2650 interrogo,
2832 2586 2875 2637 si
2917 2587 3160 2643 crederet
3199 2592 3379 2648 Jesnm
3404 2597 3559 2651 Chri.

1985 2671 2128 2715 stum
2151 2662 2343 2718 Filium
2372 2666 2462 2721 Dei
2475 2683 2613 2731 esse,
2632 2670 2674 2723 si
2702 2673 3056 2745 eumdeinque
3080 2693 3199 2735 esse
3226 2682 3319 2736 Dci
3347 2685 3559 2754 sapien-

1986 2750 2144 2814 tiam,
2186 2753 2232 2805 si
2274 2754 2483 2820 lumen,
2525 2759 2686 2830 255
2724 2762 2768 2815 si
2812 2765 3087 2820 veritatem
3115 2808 3135 2835 ,
3175 2769 3221 2823 si
3266 2775 3465 2840 vitam,
3505 2776 3552 2831 si

1979 2840 2244 2909 justitiam
2287 2848 2565 2903 fateretur.
2607 2852 2707 2918 Qui
2748 2855 2858 2907 ait:
2889 2856 3062 2911 Credo
3093 2860 3207 2915 hac
3232 2866 3408 2919 omnia
3441 2882 3563 2924 esse

1983 2930 2177 2986 Filium
2220 2934 2337 2988 Dei.
2380 2938 2445 2990 Et
2471 2954 2610 3008 ego:
2656 2941 2748 2996 Dic
2789 2960 2917 3015 ergo
2957 2948 3118 3019 mihi,
3159 2954 3374 3020 quando
3404 2957 3562 3012 Pater

1984 3024 2102 3078 sine
2141 3028 2454 3091 sapientia?
2492 3033 2705 3099 quando
2742 3034 2859 3089 sine
2900 3037 3154 3094 lumine?
3191 3045 3403 3111 quando
3442 3049 3559 3105 sine

298 3129 402 3186 es"
431 3131 487 3174 οι
517 3127 755 3174 cometes
781 3120 938 3191 253
970 3121 1117 3175 stella
1154 3127 1416 3190 ερρτηιιῖι,
1464 3126 1654 3182 Gravis
1698 3138 1876 3185 aurem
1905 3109 1952 3171 C
1985 3114 2128 3169 vita?
2158 3119 2370 3185 quando
2402 3121 2519 3176 sine
2549 3127 2816 3181 veritate?
2845 3132 3056 3198 quando
3080 3134 3196 3190 sine
3211 3109 3422 3205 ﬁjnstitia
3450 3142 3561 3198 fuev

297 3211 412 3266 lues
439 3212 492 3265 in
525 3213 723 3280 populo
768 3213 1052 3267 subsecuta
1083 3227 1183 3268 est.
1217 3215 1399 3285 Legati
1440 3229 1618 3274 autem
1666 3223 1877 3278 Suevo-

297 3316 413 3357 rum
452 3313 475 3341 ε
506 3312 626 3372 post
649 3320 845 3357 annum
873 3303 1099 3372 dimissi,
1122 3307 1187 3361 ad
1232 3310 1441 3377 propria
1472 3312 1766 3368 redierunt.

370 3392 547 3448 XLIII.
576 3394 821 3449 Maurilio
845 3393 873 3433 ἀ
901 3394 1252 3452 Cadurcensis
1280 3400 1423 3454 urbis
1448 3404 1730 3472 episcopus
1755 3421 1875 3476 gra-

298 3484 438 3537 viter
458 3486 757 3553 aegrotabat
781 3486 849 3539 ab
876 3486 1102 3542 humore
1132 3490 1436 3558 podagrico,
1467 3494 1559 3547 sed
1588 3511 1748 3564 super
1777 3499 1873 3551 hos

299 3574 551 3642 dolores,
600 3593 736 3645 quos
778 3578 893 3647 ipse
935 3579 1127 3634 humor
1167 3586 1490 3650 commovit,
1528 3603 1743 3656 magnos
1771 3592 1873 3645 sibi

296 3664 566 3718 cruciatus
609 3665 875 3732 addebat;
920 3684 1040 3721 nam
1072 3683 1216 3738 saepe
1241 3672 1473 3728 candens
1501 3673 1699 3731 ferrum
1734 3680 1874 3733 tibiis

298 3768 358 3809 ac
380 3756 607 3824 pedibus
634 3756 929 3825 defigebat,
956 3776 1060 3826 quo
1091 3760 1296 3816 facilius
1318 3766 1609 3821 cruciatum
1637 3769 1735 3822 sibi
1761 3786 1872 3824 am-

298 3845 436 3913 plius
475 3847 717 3901 adderet.
761 3848 865 3903 Sed
902 3865 1022 3905 cum
1063 3852 1425 3922 episcopatum
1453 3856 1568 3924 ejus
1600 3859 1747 3912 multi
1778 3875 1874 3914 ex-

299 3945 568 4003 peterent,
604 3938 715 4007 ipse
734 3938 1031 3995 Ursicinum
1068 3951 1115 4005 ο,
1146 3944 1232 4010 qni
1262 3946 1533 4013 quondam
1565 3946 1872 4004 referenda-

298 4031 403 4083 rius
434 4029 792 4099 Ultrogotthaa
823 4032 1018 4101 reginae
1061 4033 1271 4099 fuerat,
1313 4037 1492 4106 elegit.
1536 4040 1702 4105 Quem
1744 4043 1868 4097 dum

298 4123 467 4175 adhuc
509 4124 743 4188 viveret,
791 4124 1035 4177 benedici
1064 4128 1360 4193 deprecans
1380 4170 1394 4193 ,
1428 4132 1678 4199 migravit
1706 4150 1734 4186 a
1765 4149 1864 4187 sa:-

298 4213 436 4267 culo.
460 4210 601 4285 Fuit
639 4221 817 4266 autem
866 4214 1022 4269 valde
1066 4218 1559 4287 eleemosynarius,
1597 4224 1648 4276 in
1692 4224 1869 4294 Scrip-

297 4365 507 4419 Ordinis
545 4364 599 4418 S.
631 4364 827 4418 Bened.
860 4366 976 4418 sub.
1003 4363 1170 4436 Cong.
1204 4367 1258 4422 S.
1293 4369 1489 4424 Vitoni.
1540 4371 1867 4430 Instrumen-

298 4444 405 4487 tum
435 4451 541 4501 quo
566 4436 769 4513 Elafius
797 4435 931 4513 bona
960 4435 1199 4513 quzedam
1229 4440 1469 4495 ecclesia:
1499 4442 1556 4497 S.
1582 4444 1859 4513 Stephani,

300 4505 344 4556 id
370 4516 451 4559 est
477 4504 791 4566 ratltedrali,
823 4507 1043 4581 lv-gaiit,
1074 4509 1313 4581 firmatur
1351 4526 1415 4562 ex
1454 4504 1691 4581 ejusdem
1725 4504 1859 4581 Vita,

299 4590 411 4637 qua:
457 4576 509 4627 in
547 4592 645 4627 ms.
693 4577 951 4627 breviario
997 4577 1222 4629 ὓὺὺιιιίιὲ
1271 4576 1504 4633 omnium
1557 4576 1862 4640 sanctorum

298 4642 591 4705 Catelauni,
624 4644 700 4697 sic
734 4646 889 4699 habet
914 4663 924 4696 :
952 4646 1077 4698 Cum
1107 4648 1278 4709 itaque
1298 4649 1685 4707 Catalaanensis
1708 4661 1863 4710 eccle-

300 4717 374 4765 sia
420 4726 621 4791 pastore
663 4717 837 4765 orbata
880 4719 1054 4791 foret_,_
1084 4716 1367 4791 Sigibertus
1414 4722 1663 4776 Chlotarii
1703 4727 1861 4791 ﬁlius,

300 4786 466 4852 magni
495 4782 770 4837 Chlodorei
800 4800 970 4851 nepos,
991 4782 1211 4854 Elaﬁum
1244 4788 1586 4845 Lemovicibus
1608 4782 1862 4849 erocatuni

298 4853 349 4905 in
374 4871 486 4906 eam
512 4858 678 4906 sedem
708 4854 1015 4907 evehendum
1036 4853 1245 4910 curavit.
1275 4860 1439 4927 ngre
1461 4865 1665 4916 tandem
1694 4883 1862 4920 susce-

298 4934 376 4991 pto
410 4926 682 5000 episwpali
724 4941 951 5000 munere,
984 4935 1143 4978 totum
1188 4944 1242 4981 se
1279 4926 1515 4985 convertit
1563 4932 1762 5000 Elafius
1794 4940 1861 4991 ad

300 4992 607 5060 Dominum,
658 4993 829 5065 largas
878 4997 1219 5068 elecmorynas
1276 5002 1507 5068 faciens,
1552 4992 1860 5061 orationibus

296 5064 506 5127 instans,
537 5064 665 5119 nihil
692 5064 1070 5146 prte't‘ermittens
1088 5064 1235 5146 :quod
1276 5064 1344 5121 ad
1370 5064 1503 5146 boni
1514 5076 1731 5146 pastoris
1759 5079 1863 5146 offi-

297 5135 423 5185 cium
459 5136 747 5201 pertineret.
779 5133 923 5187 Tanti
947 5139 1123 5203 fratris
1147 5155 1319 5192 amore
1341 5150 1385 5192 et
1408 5133 1658 5197 desiderio
1681 5133 1860 5201 daein;

296 5202 641 5267 Leodemirus,
673 5204 849 5256 relicta
879 5202 1045 5271 patria
1076 5207 1413 5262 Catalannum
1450 5219 1691 5279 prrrexit.
1725 5216 1860 5270 Mul-

296 5283 397 5325 tum
453 5286 619 5326 autem
676 5291 851 5325 eorum
899 5279 1123 5343 fraterna
1173 5282 1443 5333 concordia
1500 5282 1862 5339 Catalaunensi

294 5346 514 5397 ecclesiae
542 5345 750 5412 profuit,
774 5344 857 5418 cui
880 5349 1027 5396 etiam
1059 5346 1388 5403 hwreditaria
1411 5354 1604 5418 pra’diu
1630 5372 1722 5406 sua
1750 5361 1861 5410 urbi

292 5412 568 5466 Lemovicaz
611 5414 771 5491 vicina
801 5415 1075 5491 donarunt,
1109 5425 1208 5491 etc.
1262 5418 1333 5491 De
1360 5412 1425 5473 eo
1469 5423 1519 5474 in
1551 5425 1859 5491 Ncerologio

290 5498 371 5535 xlv
403 5484 525 5536 Kal.
553 5482 698 5544 Sept.
722 5481 993 5560 Qutftlanni
1034 5489 1217 5560 natalis
1249 5489 1598 5555 gloriarissimi
1626 5481 1860 5560 prtesuiis

291 5551 494 5623 Elaphii
520 5554 695 5629 fratris
718 5552 1114 5629 Leutlontiri.
1143 5551 1304 5611 Porro
1331 5560 1519 5613 Beatus
1542 5551 1635 5629 qui
1660 5565 1857 5619 inston

290 5636 519 5678 mentum
552 5626 609 5676 S.
642 5625 788 5676 Elalii
816 5628 1153 5699 conscripsit,
1184 5629 1467 5699 episcopus
1500 5625 1601 5684 non
1631 5648 1761 5693 erat,
1804 5648 1858 5690 nt

288 5706 348 5746 ex
376 5696 491 5759 eius
518 5694 694 5749 verbis
722 5705 939 5764 apparet
969 5712 981 5747 :
1009 5697 1123 5765 Ego
1146 5694 1384 5767 quamvis
1402 5703 1658 5772 indignus,
1690 5715 1855 5761 tamen

1984 3206 2052 3259 rit
2080 3206 2101 3258 ?
2130 3208 2280 3262 Sicut
2310 3212 2454 3264 enim
2490 3213 2647 3267 Pater
2674 3216 2791 3271 sine
2822 3221 2935 3273 istis
2961 3238 3081 3277 esse
3108 3240 3211 3279 non
3243 3232 3408 3296 potuit
3435 3272 3451 3296 ,
3484 3236 3558 3287 ita

1977 3306 2035 3352 et
2061 3301 2177 3353 sine
2205 3299 2344 3354 Filio
2373 3318 2495 3357 esse
2524 3320 2628 3358 n0n
2663 3310 2832 3373 potuit
2863 3327 2877 3362 :
2910 3328 3029 3380 quae
3071 3317 3303 3373 maxime
3338 3325 3405 3374 ad
3453 3324 3555 3376 Do-

1980 3390 2161 3443 minici
2206 3393 2435 3447 nuntinis
2490 3393 2510 3433 ί
2565 3401 2874 3467 mysterium
2916 3415 3255 3472 coaptantur.
3306 3410 3411 3465 Sed
3461 3430 3561 3467 nec

1979 3480 2139 3536 Pater
2168 3495 2314 3537 esset
2342 3488 2528 3555 utique
2548 3527 2563 3552 ,
2595 3491 2639 3542 si
2669 3488 2855 3544 Fiiiutn
2889 3510 2990 3546 non
3022 3496 3257 3553 haberet.
3285 3502 3434 3568 Quod
3464 3519 3562 3558 au-

1980 3580 2085 3626 tem
2116 3589 2237 3628 eum
2264 3576 2467 3630 dixisse
2495 3579 2575 3631 ais
2599 3617 2616 3644 ,
2650 3580 2811 3634 Pater
2850 3576 3016 3653 major
3041 3604 3120 3640 me
3143 3603 3217 3643 est
3245 3592 3422 3660 (Joan.
3446 3613 3557 3658 xrv,

1975 3660 2046 3714 28
2068 3666 2085 3733 )
2108 3705 2123 3730 ,
2152 3666 2292 3720 scias
2318 3682 2438 3721 eum
2488 3672 2589 3725 hoc
2625 3688 2687 3726 ex
2730 3688 3015 3746 assumptio
3038 3684 3213 3735 carnis
3255 3685 3556 3746 humilitate

1975 3754 2206 3821 dixi-se,
2239 3769 2297 3812 ut
2324 3774 2621 3828 cognoscas
2649 3778 2754 3818 non
2784 3777 3082 3834 potestate,
3116 3774 3208 3827 sed
3252 3774 3553 3837 humilitate

1975 3856 2027 3901 te
2059 3848 2223 3903 fuisse
2252 3852 2609 3919 redemptum.
2640 3854 2771 3909 Nam
2802 3867 2853 3910 tu
2880 3862 2966 3928 qui
2998 3862 3161 3927 dicis,
3203 3863 3357 3921 Pater
3388 3874 3553 3941 major

1973 3954 2051 3990 me
2073 3949 2177 4005 est,
2211 3950 2423 4006 Oportet
2462 3953 2513 3997 te
2558 3947 2869 4002 meminisse
2895 3953 3035 4018 quod
3063 3956 3185 4010 alibi
3218 3959 3289 4011 ait
3316 3976 3329 4012 :
3366 3960 3476 4031 Ego
3505 3973 3555 4019 et

1973 4025 2130 4081 Pater
2157 4046 2314 4082 unum
2343 4048 2519 4087 sumus
2553 4033 2747 4103 (Joan.
2773 4054 2801 4091 x
2823 4079 2839 4105 ,
2872 4040 2938 4094 '50
2965 4040 3007 4109 ).
3036 4043 3165 4096 Nam
3196 4058 3249 4101 et
3276 4025 3460 4107 mortis
3492 4055 3553 4107 ti—

1971 4136 2108 4188 mor,
2140 4131 2193 4176 et
2222 4126 2621 4181 commendatio
2650 4130 2869 4197 spiritus
2909 4134 2977 4186 ad
3023 4134 3384 4193 infirmitatem
3426 4158 3551 4198 cor-

1972 4216 2117 4281 poris
2157 4226 2240 4270 est
2273 4218 2553 4273 referenda
2573 4261 2589 4287 ,
2621 4231 2678 4275 ut
2706 4223 2843 4277 sicut
2874 4240 3033 4280 verus
3060 4228 3200 4285 Deus
3220 4270 3235 4295 ,
3269 4231 3341 4285 ita
3370 4246 3424 4288 et
3450 4251 3550 4291 ve-

1971 4373 2154 4457 Beatus
2186 4392 2352 4445 vocor,
2374 4378 2507 4431 hanc
2526 4383 2881 4435 auctoritatem
2899 4384 3110 4457 jubente
3136 4386 3310 4457 Eia/io
3339 4406 3548 4450 venera-

1971 4445 2057 4498 bili
2107 4464 2340 4518 eprscopo
2389 4465 2493 4502 una
2535 4468 2647 4503 cum
2694 4445 2941 4506 consensu
2988 4445 3293 4513 Leuciome'ri
3338 4465 3546 4520 diaconi

1970 4521 2279 4605 conscripsi,
2299 4521 2365 4571 ad
2388 4521 2550 4605 'tviclem
2591 4522 2809 4576 Ertio/di
2838 4528 3045 4605 notarii.
3082 4528 3243 4605 Unde
3270 4533 3374 4605 ruit
3402 4539 3544 4605 quod

1968 4587 2020 4639 in
2054 4590 2191 4665 notis
2230 4590 2335 4641 dixi
2368 4590 2442 4665 de
2467 4591 2648 4665 licata,
2680 4609 2835 4662 quem
2880 4595 3188 4665 episcopum
3217 4587 3548 4661 Ambianen:

1966 4670 2078 4710 sein
2114 4658 2273 4712 fuisse
2300 4661 2627 4728 suspicabar.

2038 4733 2063 4802 ft
2096 4728 2267 4792 Supra
2316 4745 2431 4799 cap.
2465 4732 2533 4784 50
2556 4772 2572 4797 ,
2606 4732 2693 4786 ubi
2742 4734 2937 4790 dicitur
2975 4737 3176 4796 Ennius
3224 4741 3544 4802 Venetensis

1967 4796 2268 4865 episcopus.

2044 4868 2065 4901 ιι
2096 4866 2282 4941 cortu,
2306 4876 2547 4941 enstoreus.
2572 4872 2753 4939 Colb.,
2778 4876 2823 4928 ei
2848 4875 3127 4933 Duricarus
3152 4891 3368 4938 torrens.
3402 4887 3540 4941 Editi

1966 4950 2086 4991 cum
2124 4938 2269 5003 Bec.,
2309 4937 2473 5024 Caris,
2518 4952 2609 4996 aut
2653 4937 3000 5024 Cares._Cod.
3047 4952 3254 5021 Regm.,
3288 4937 3541 5024 majo—r‘ab

1966 5023 2182 5097 amne":
2215 5025 2376 5097 cares.
2410 5011 2527 5076 llic,
2552 5023 2783 5097 ιιῐιριιιΟἱ
2814 5011 3340 5097 όιξξίεηιιιιιτνίιιιῦὶιιε
3362 5011 3535 5097 tatis,

1966 5080 2126 5145 vulgo
2158 5080 2202 5130 le
2232 5080 2381 5142 Gller,
2414 5087 2500 5147 qui
2535 5090 2585 5135 in
2616 5080 2839 5151 Ligerim
2871 5080 3154 5145 (It-labitur.

2038 5156 2061 5184 ο
2104 5150 2214 5230 Qui
2235 5164 2406 5229 supra
2428 5152 2631 5230 scilicet
2654 5150 2693 5230 a
2717 5158 2916 5213 Mirone
2940 5162 3126 5215 directi
3153 5162 3422 5230 dicuntur,
3450 5166 3537 5221 hic

1964 5232 2152 5299 nempe
2184 5220 2374 5299 Suevis
2400 5223 2448 5273 in
2478 5224 3038 5299 Gallieiadegrntilms
3066 5234 3373 5299 imperabat.
3407 5220 3535 5290 iliuc

1964 5290 2013 5368 in
2051 5290 2221 5342 iudice
2260 5293 2490 5358 capitum
2535 5298 2653 5349 eod.
2704 5290 2887 5367 llegm.
2918 5290 3166 5355 dicuntur
3196 5296 3346 5373 legat'i
3378 5305 3530 5361 Calli-

1961 5373 2169 5410 cwnses.
2823 5392 2830 5399 -

2034 5428 2060 5463 d
2104 5429 2211 5520 H'oc
2252 5442 2415 5513 caput
2445 5433 2604 5520 deest
2637 5436 2686 5488 in
2728 5435 2875 5515 Celb.
2917 5449 2977 5520 et
3009 5438 3164 5520 Corb.
3210 5445 3335 5520 llud.
3372 5464 3531 5520 vero,

1963 5496 2270 5618 ςζαηςξίίιιδν
2312 5513 2367 5555 ει
2404 5505 2455 5556 in
2498 5507 2672 5558 indice
2711 5510 2905 5574 unum,
2952 5510 3025 5562 De
3055 5496 3335 5575 ιιιηιη-ὶιὲοζ
3367 5496 3525 5589 ιιὲὶῖἶ

2022 5582 2095 5618 art
2122 5584 2221 5618 tus.

2022 5582 2221 5623 αιίιιιιε.

2036 5647 2059 5715 ς
2104 5639 2176 5715 be
2205 5641 2304 5694 hoc
2334 5640 2487 5715 intra.
2518 5644 2835 5711 thscripsit
2858 5649 3065 5706 Consul.
3094 5653 3298 5712 Matisc.
3326 5673 3385 5715 ιι.

2036 5704 2055 5745 ί
2101 5710 2311 5779 Ηυεηιη
2350 5712 2626 5767 Dominicis
2656 5704 2836 5772 verbis.
