4008 6184
364 281 469 340 359

1380 278 1437 336 S.
1480 276 1809 336 CRECOIilI
1852 273 2157 339 EPISCOPI
2201 283 2629 344 TURONENSIS

3512 296 3616 350 360

363 415 455 455 rus
470 401 630 454 homo
650 399 919 455 credatur.
939 398 1100 453 l‘tille
1125 416 1135 452 :
1162 398 1325 468 Cujus
1351 398 1468 465 quis
1492 398 1672 466 implet
1699 397 1940 450 volunte-
1967 398 2018 458 Α
2049 407 2130 452 est
2160 399 2569 469 quimittitmon
2601 410 2684 455 est
2706 402 2845 457 Deus
2876 403 3242 474 qui'mittitur.
3268 392 3347 461 Ad
3375 404 3489 463 haec
3518 424 3617 477 ego

362 500 493 558 tem,
522 506 587 545 eo
608 504 655 546 el
685 494 861 545 minor
874 504 954 544 est
972 501 997 528 ι
1021 506 1264 559 ;sempcr
1278 489 1441 544 Filius
1461 492 1630 543 minor
1646 500 1722 544 est
1746 490 1901 543 Patre
1921 531 1935 553 ,

366 581 490 649 quia
532 582 624 634 ille
663 580 787 634 facit
826 582 1165 635 voluntatem
1194 581 1399 647 Patris,
1455 596 1551 635 nec
1598 580 1756 634 Pater
1801 581 1939 634 illius

371 672 705 724 voluntatem
747 671 924 726 facere
959 671 1359 741 comprobatur.
1405 672 1483 725 Ad
1524 673 1635 725 haec
1675 686 1813 739 ego:
1859 671 1942 725 lu-

370 762 549 829 tellige
578 764 699 829 quia
734 762 892 816 Pater
920 764 972 815 in
1003 764 1159 829 Filio,
1191 774 1243 817 et
1275 764 1437 818 Filius
1469 764 1726 826 in~Patre,
1755 765 1806 817 in
1840 776 1939 817 una

357 868 578 921 semper
616 854 813 909 deitate
852 854 1113 909 subsistit.
1153 854 1283 910 Nam
1320 866 1376 909 ut
1411 868 1704 925 cognoscas
1732 857 1941 911 Patrem

368 945 489 997 Filii
524 944 701 999 facere
731 945 1055 998 Voluntalem
1074 989 1087 1009 ,
1113 948 1157 998 si
1182 947 1232 998 in
1258 955 1310 998 te
1337 946 1468 1000 lides
1490 947 1793 1015 evangelica
1824 961 1941 999 mat-

366 1044 491 1098 net,
524 1035 649 1089 audi
679 1037 801 1104 quid
837 1037 951 1105 ipse
982 1037 1137 1090 Jesus
1167 1036 1307 1089 Deus
1346 1048 1545 1101 nover,
1593 1052 1714 1090 cum
1757 1037 1819 1088 ad
1861 1050 1943 1089 re-

366 1129 730 1183 suscitandum
768 1129 911 1183 venit
942 1128 1234 1194 Lazarum,
1266 1129 1374 1181 ait:
1410 1127 1585 1193 Pater,
1618 1129 1812 1198 gratias
1848 1142 1944 1198 ago

370 1220 462 1273 tibi
483 1261 499 1285 ,
529 1236 769 1287 quoniam
796 1221 997 1271 audisti
1014 1232 1090 1272 me
1113 1236 1131 1272 :
1158 1229 1202 1273 et
1234 1236 1326 1289 ego
1354 1219 1571 1273 sciebam
1597 1220 1725 1290 quia
1746 1230 1948 1285 semper

368 1326 449 1365 me
486 1314 638 1366 audis
703 1311 815 1366 Sed
835 1321 1043 1379 propter
1064 1311 1260 1363 turbam
1300 1326 1414 1380 qua:
1439 1313 1764 1376 circumstat,
1794 1312 1904 1364 dixi
1926 1351 1942 1375 ,

366 1416 421 1457 ut
447 1406 655 1458 credant
684 1406 815 1473 quia
834 1414 887 1457 tu
917 1420 995 1456 me
1019 1404 1201 1457 misisti
1230 1404 1421 1474 (Joan.
1450 1421 1504 1457 χι
1530 1442 1544 1456 .
1568 1404 1659 1467 41,
1685 1402 1806 1472 42).
1838 1403 1942 1457 Sed

367 1505 421 1550 et
448 1511 569 1549 cum
602 1496 665 1547 ad
701 1496 1004 1563 passionem
1039 1497 1214 1559 venit,
1248 1497 1322 1551 ait
1351 1514 1363 1548 :
1398 1494 1576 1560 Pater,
1609 1496 1840 1562 clari/ira
1865 1512 1946 1549 me

367 1588 599 1642 claritate
636 1604 803 1655 quam
833 1588 989 1640 habui
1036 1590 1175 1655 apud
1230 1588 1547 1658 temetipsum
1581 1624 1613 1656 ,-
1654 1589 1946 1657 priusquam

367 1680 588 1733 mundus
618 1680 759 1747 ﬁeret
787 1678 970 1749 (Joan:
994 1696 1100 1733 xvn
1119 1721 1132 1744 ,
1158 1680 1236 1747 5).
1268 1678 1361 1733 Cui
1394 1681 1551 1735 Pater
1576 1682 1640 1734 de
1667 1682 1803 1736 cutio
1834 1696 1946 1735 res-

2047 491 2339 559 interrogo,
2362 494 2407 547 si
2443 494 2693 550 crederet
2720 495 3014 551 doctrinam
3038 497 3195 552 Petri
3224 499 3477 567 Paulique
3496 504 3619 567 apo-

2043 583 2323 635 stolornm.
2343 582 2718 652 Respondente
2745 570 2919 641 autem
2948 590 3253 655 eo:C.redo,
3270 590 3439 661 adieci
3458 588 3615 647 :Cum

2043 683 2287 743 argueret
2333 674 2523 727 Petrus
2560 676 2836 742 apostolus
2867 676 3128 731 Ananiam
3159 686 3263 748 pro
3285 680 3471 735 fraude
3498 682 3616 734 fun-

2044 764 2131 827 di,
2164 764 2285 817 vide
2315 764 2438 833 quid
2470 766 2649 820 dicat:
2686 767 2824 830 Quid
2854 769 2944 821 tibi
2972 770 3135 821 uisum
3164 762 3237 823 est
3268 772 3469 824 mentiri
3500 772 3615 841 Spi-

2044 860 2166 912 ritui
2178 862 2392 914 sancto?
2420 860 2537 914 Non
2569 878 2620 915 es
2635 864 2763 914 enim
2787 866 3021 916 mentitus
3047 864 3334 917 hominibus
3353 909 3367 931 ,
3398 868 3482 919 sed
3509 866 3617 919 Deo

2046 951 2180 1021 (Act.
2203 967 2256 1016 ν,
2280 948 2333 1015 5,
2358 951 2436 1022 4).
2468 953 2527 1006 Ει
2558 953 2771 1017 Paulus,
2803 969 2927 1008 cum
2952 957 3238 1023 gratiarum
3270 957 3616 1024 spiritualium

2045 1041 2397 1112 distingueret
2435 1045 2670 1109 gradus:
2719 1044 2850 1097 Ηαέ
2893 1048 3091 1111 omnia,
3143 1047 3343 1114 inquit,
3384 1059 3622 1116 operatur

2045 1146 2187 1185 unus
2214 1142 2364 1202 atque
2401 1133 2534 1186 idem
2576 1134 2842 1203 Spiritus,
2886 1136 3117 1189 dividens
3158 1138 3429 1206 uuiruique
3470 1149 3620 1206 prout

2046 1224 2201 1296 uultr(-
2229 1222 2256 1275 1
2288 1222 2411 1279 Cor.
2436 1238 2509 1277 xtl
2531 1265 2548 1292 ,
2576 1224 2632 1277 Η
2663 1226 2704 1294 ).
2735 1224 2834 1291 Qui
2866 1226 3008 1279 enim
3042 1228 3179 1295 quod
3210 1227 3438 1282 voluerit
3464 1228 3616 1293 facit,

2046 1315 2100 1370 in
2143 1315 2337 1370 nullius
2378 1316 2636 1386 redigitur
2677 1324 3017 1385 potestatem.
3061 1318 3191 1371 Nam
3222 1334 3349 1384 vos,
3381 1328 3437 1372 ut
3467 1333 3624 1388 supe-

2050 1409 2160 1463 rius
2186 1406 2329 1474 dixi,
2362 1408 2490 1461 nihil
2524 1417 2668 1462 recte
2697 1407 3055 1462 de'Trinitate
3086 1419 3270 1463 sancta
3302 1409 3531 1471 sentitis,
3568 1418 3622 1461 et

2046 1512 2203 1568 quam
2234 1499 2409 1567 iniqua
2434 1499 2593 1569 256
2614 1500 2681 1552 sit
2708 1499 2865 1566 hujus
2891 1509 3052 1554 secta:
3078 1501 3418 1568 perversitas,
3450 1501 3620 1569 ipsius

2047 1585 2281 1640 aucmris
2307 1588 2501 1650 vestri,
2537 1589 2585 1641 id
2623 1599 2705 1643 est
2744 1589 2888 1653 Arii,
2936 1590 3198 1656 expressit
3242 1590 3507 1643 interitus.
3544 1588 3622 1643 Ad

2050 1675 2166 1732 haec
2206 1677 2306 1730 ille
2338 1678 2657 1746 respondit:
2706 1679 2898 1748 Legem
2941 1695 3096 1746 quam
3139 1695 3242 1733 non
3283 1681 3444 1744 colis,
3476 1680 3623 1734 blas-

368 1771 593 1839 poudit:
629 1769 691 1822 Et
721 1770 998 1836 clari/ituri
1017 1814 1031 1836 ,
1058 1779 1104 1823 et
1127 1771 1308 1823 iterum
1331 1771 1622 1839 clariﬁcabo
1645 1770 1822 1839 (Joan.
1849 1789 1943 1839 xu,
1978 1770 2035 1838 Β
2054 1767 2311 1834 ιιιιθηιτθ
2348 1769 2454 1822 ιιοΙῘ
2480 1785 2493 1832 ;
2527 1785 2622 1824 "05
2654 1782 2780 1823 “9T0
2809 1784 2927 1838 (1ηαὲ
2957 1771 3175 1825 creditis
3195 1814 3208 1832 ν
3237 1774 3335 1826 εῐεῖ
3368 1788 3471 1825 non
3505 1788 3623 1826 (το-

367 1863 482 1929 28).
517 1860 769 1929 quualis
800 1870 885 1913 est
919 1873 1048 1930 ergo
1080 1860 1253 1915 Filius
1278 1863 1329 1914 in
1360 1861 1580 1926 deitate,
1612 1877 1714 1916 non
1750 1863 1942 1929 minor,

372 1952 466 2005 sed
500 1965 674 2019 neque
702 1951 901 2019 aliquid
933 1951 1107 2004 minus
1141 1952 1360 2006 habens;
1395 1952 1524 2005 Nam
1550 1955 1592 2006 si
1624 1954 1786 2008 licunt
1816 1966 1969 2008 cont

370 2040 571 2104 literis,
605 2055 827 2094 necesse
857 2050 940 2094 est
969 2043 1232 2111 integrum
1261 2044 1475 2098 fatearis
1495 2086 1508 2107 ,
1536 2052 1599 2099 et
1619 2046 1748 2099 nihil
1784 2052 1947 2117 egen-

371 2142 513 2195 tem;
556 2133 597 2185 si
640 2147 766 2185 vero
806 2133 1067 2202 integrum
1110 2150 1230 2188 esse
1264 2148 1457 2205 negas,
1492 2136 1656 2189 Deum
1688 2152 1809 2190 esse
1841 2152 1945 2192 non

369 2224 567 2278 credis.
594 2225 663 2277 Et
684 2225 773 2277 ille
798 2240 811 2277 :
845 2226 1216 2293 Erassumpto
1240 2226 1458 2282 homine
1481 2228 1643 2294 cmpit
1670 2227 1761 2282 Dei
1784 2229 1965 2284 Filius

368 2315 629 2379 vocitari;
674 2329 794 2367 nam
837 2326 948 2367 erat
976 2317 1185 2383 quando
1219 2332 1320 2369 non
1353 2327 1486 2371 erat.
1532 2318 1598 2370 Et
1629 2333 1767 2387 ego:
1810 2321 1963 2377 Audi‘

371 2405 540 2459 David
584 2405 852 2460 dicentem
892 2422 957 2459 ex
1002 2423 1223 2473 persona
1270 2408 1485 2464 Patris:
1531 2409 1612 2462 Ex
1651 2423 1794 2466 utero
1832 2422 1969 2468 ante’

373 2498 645 2567 luciferum
675 2499 826 2566 genui
856 2508 899 2550 te
930 2497 1102 2567 (Psol.
1133 2514 1239 2562 eis,
1261 2498 1341 2568 ὅ).
1374 2501 1439 2555 Et
1469 2503 1964 2573 JOMIIICS'CV:tﬂge-'

368 2590 488 2643 lista
512 2589 585 2642 ait
612 2609 624 2644 :
655 2589 720 2642 In
750 2592 1004 2659 principio
1031 2601 1138 2645 erat
1172 2592 1418 2657 Verbum,
1452 2604 1503 2648 et
1537 2595 1762 2649 Verbum
1788 2596 1969 2670 255'-

366 2691 476 2735 etat
501 2683 649 2751 apud
670 2681 864 2745 Deum,
897 2694 944 2734 et
978 2683 1113 2736 Deus
1138 2695 1250 2738 erat
1288 2684 1506 2738 V’erbum’
1536 2690 1552 2753 (
1579 2687 1734 2741 Joon.
1768 2705 1816 2755 ι,
1851 2690 1875 2741 1
1905 2692 1946 2758 ).

369 2773 479 2828 lloc.
504 2788 631 2842 ergo
662 2772 882 2827 Verbum
903 2791 1025 2827 raro
1049 2776 1237 2845 factum
1258 2786 1351 2844 est,
1377 2786 1424 2829 et
1446 2778 1685 2831 habitavit
1706 2781 1756 2831 in
1782 2780 1944 2846 nobis,

368 2880 455 2916 ver
481 2880 629 2932 quem
660 2864 794 2932 facta
823 2876 939 2917 sunt
968 2868 1140 2918 omnia
1168 2866 1347 2936 (Joan.
1376 2882 1426 2933 1-,
1457 2870 1541 2931 li,
1582 2868 1659 2937 5).
1690 2870 1821 2923 Nam
1853 2884 1949 2925 vos

371 2958 553 3009 ca'ca‘i
598 2971 804 3011 veneno
847 2960 1248 3026 persuasionis,
1295 2959 1433 3013 nihil
1467 2960 1685 3029 dignum
1728 2961 1794 3015 de
1836 2961 1946 3015 Deo

370 3055 604 3108 sentitis.
635 3055 851 3108 Etville:
886 3054 1130 3123 Nunquid
1160 3064 1211 3108 et
1236 3055 1487 3122 Spiritum
1512 3064 1751 3110 sanetum
1780 3057 1942 3111 Deum

2050 1858 2255 1925 dimus,
2307 1875 2411 1912 non
2440 1868 2616 1915 tamen
2662 1861 3120 1929 blaSphentamus,
3169 1862 3288 1930 quia
3323 1879 3424 1917 non
3457 1864 3625 1932 depus

2052 1956 2197 2000 tatur
2219 1946 2521 2012 crir‘nini,si
2553 1951 2719 2003 et-ilia
2745 1960 2800 2004 et
2829 1951 2917 2003 illa
2940 1954 3205 2005 colantur.
3236 1951 3322 2009 Sic
3347 1956 3485 2008 enim
3514 1956 3625 2007 vul-

2049 2045 2173 2103 gato
2214 2051 2460 2092 sermone
2503 2037 2774 2093 dicimus:
2818 2040 2930 2093 Non
2975 2048 3096 2095 esse
3138 2045 3353 2096 noxium
3395 2043 3441 2097 si
3488 2046 3625 2099 inter

2050 2128 2330 2197 gentilium
2361 2144 2482 2184 aras
2509 2144 2560 2185 et
2588 2132 2679 2186 Dei
2709 2134 2993 2186 ecclesiam
3023 2136 3140 2202 quis
3172 2137 3452 2201 transiens,
3482 2147 3624 2191 utra-

2051 2232 2155 2286 que
2184 2228 2465 2273 veneretur
2500 2230 2545 2273 °.
2577 2222 2737 2290 Cujus
2766 2239 2863 2293 ego
2893 2226 3170 2279 stultitiam
3202 2242 3428 2282 cernens
3449 2269 3464 2295 ,
3496 2230 3581 2283 aio
3608 2248 3622 2283 :

2052 2306 2337 2375 Utvideo,
2379 2313 2735 2380 ct'gentilium
2768 2315 3133 2383 defensorem,
3170 2328 3223 2371 et
3251 2320 3623 2375 ltmrcticorum

2051 2409 2381 2455 assertorem
2408 2414 2611 2459 te-esse
2649 2406 2995 2474 manifestas,
3028 2422 3147 2462 cum
3180 2414 3627 2471 eteeclesiastica

2054 2493 2303 2562 dogmata
2336 2499 2593 2561 maculas;
2622 2503 3341 2570 et-pagauorumspurcitlas
3373 2506 3625 2572 pradicas

2050 2587 2489 2642 aderam-Satius
2518 2627 2535 2655 ,
2581 2591 2764 2659 inquio
2788 2594 3079 2657 ,-iaceres,
3112 2596 3155 2647 si
3201 2603 3261 2647 ea
3311 2600 3647 2651 tetartuar'c‘t-

2051 2684 2233 2751 litles,
2269 2698 2441 2752 quam
2471 2685 2738 2738 Abraham
2784 2688 2853 2739 ad
2894 2687 3115 2752 ilicem,
3154 2688 3311 2740 lsnac-
3341 2689 3390 2741 in
3420 2690 3625 2753 ariete,

2050 2776 2217 2832 Jacob
2242 2779 2299 2831 in
2328 2777 2536 2846 lapide,
2568 2778 2774 2849 Moyses
2805 2779 2936 2833 vidit
2963 2780 3025 2832 in
3045 2790 3232 2844 sente;
3262 2788 3417 2848 quam
3450 2783 3649 2834 namn-

2050 2868 2283 2937 portavit
2308 2872 2361 2923 in
2397 2870 2538 2938 logia
2570 2867 2612 2931 τ,
2647 2870 3116 2923 David-exsultavit
3139 2870 3190 2922 in
3221 2870 3625 2941 tytnpano,ASa--

2050 2960 2231 3013 lomon
2261 2960 2574 3027 prtedicavit
2603 2959 2654 3013 in
2684 2960 2986 3023 intellectu;
3011 2976 3168 3030 quam
3191 2962 3623 3025 (uitnespatriar-

2048 3051 2163 3103 clue
2182 3051 2507 3118 ,propltette
2526 3093 2539 3117 ,
2579 3050 2692 3103 sive
2724 3050 2841 3103 Lex
2865 3050 2979 3118 ipsa
3008 3052 3092 3104 vel
3127 3052 3360 3105 oraculis
3385 3052 3579 3106 cecinit
3603 3094 3619 3119 ,

366 3146 575 3207 dicitis,
620 3155 725 3197 aut
748 3146 1010 3213 aequalem
1046 3147 1185 3199 Patri
1224 3146 1463 3216 Filioque
1489 3147 1821 3202 decernitis?
1848 3149 1942 3201 (ιιιὶ
1971 3145 2018 3208 C
2050 3142 2439 3195 vel'sacriﬁciis
2469 3141 2711 3210 ﬁgdravit
2737 3158 2751 3207 ;
2782 3157 2939 3210 quam
2968 3152 3021 3195 et
3051 3155 3190 3196 nunc
3236 3154 3479 3211 presens
3508 3143 3623 3196 suf-

367 3250 501 3304 ego:
539 3235 649 3289 Una
682 3237 732 3287 in
768 3236 935 3289 ttiltus
964 3246 1059 3296 est,
1079 3237 1351 3301 voluntas,
1391 3247 1645 3305 potestas,
1674 3238 1942 3306 operatio:

371 3342 504 3379 unus
549 3327 691 3381 Deus
732 3328 783 3380 iu
827 3329 1101 3392 trinitate,
1141 3338 1195 3382 et
1237 3329 1410 3382 trinus
1451 3330 1502 3381 in
1547 3330 1771 3382 unitate.
1815 3330 1947 3385 Tres

370 3432 651 3485 persona',
685 3420 777 3471 sed
813 3433 977 3471 unum
1009 3431 1228 3486 regnum
1250 3457 1264 3480 ,
1299 3430 1398 3469 una
1426 3417 1693 3483 maiestas,
1726 3434 1825 3471 una
1853 3434 1949 3486 po-

370 3511 533 3562 tcntia
574 3512 1089 3581 O‘tnnipotetttiaque.
1136 3509 1198 3562 Et
1240 3510 1369 3563 ille:
1412 3510 1647 3576 Spitittts
1685 3520 1943 3579 sanctus,

316 3596 319 3598 ’
370 3598 572 3666 inquit,
603 3601 1054 3667 quemmqualem
1081 3600 1221 3653 Patri
1248 3602 1493 3668 profertis
1517 3617 1577 3655 ac
1602 3601 1758 3667 Filio,
1784 3604 1943 3657 utris-

370 3704 473 3757 que
502 3691 676 3742 minor
705 3692 981 3758 accipitur,
1014 3694 1135 3755 quia
1167 3702 1220 3745 et
1249 3706 1276 3744 a
1312 3691 1450 3747 Filio
1483 3695 1804 3761 promissus,
1834 3705 1885 3750 et
1915 3709 1946 3749 a

372 3782 528 3835 Patre
554 3782 984 3851 legitur-missus.
1012 3782 1180 3837 Nemo
1204 3783 1343 3838 enim
1373 3786 1649 3853 promittit,
1680 3787 1778 3839 nisi
1806 3786 1947 3855 quod

371 3889 481 3927 suae
507 3874 855 3928 dominationi
887 3876 1153 3940 subsistit;
1188 3886 1237 3930 et
1266 3892 1426 3931 nemo
1458 3879 1653 3943 mittit,
1686 3878 1787 3931 nisi
1817 3878 1949 3934 inl’e-

372 3966 568 4021 riorem
604 3982 664 4020 se
686 4008 698 4028 ,
726 3970 866 4020 sicut
898 3968 1010 4035 ipse
1034 3969 1107 4021 ait
1136 3969 1536 4038 quvangclio:
1568 3969 1687 4023 Nisi
1709 3987 1797 4039 ego
1819 3972 1948 4023 obie-

369 4078 448 4125 ro,
485 4060 785 4114 Parocletus
818 4060 907 4112 ille
933 4078 1034 4113 non
1060 4061 1084 4099 δ
1118 4063 1276 4115 vem'et
1301 4077 1319 4115 :
1348 4063 1391 4115 si
1416 4072 1584 4115 autem
1610 4064 1799 4129 abiero,
1832 4064 1947 4116 mit-

369 4166 473 4207 tam
504 4155 652 4205 illum
682 4154 751 4204 ad
782 4168 867 4205 ros
896 4152 1075 4221 (Joan.
1107 4167 1193 4205 xvi
1217 4196 1227 4216 ,
1255 4151 1330 4222 7).
1360 4152 1437 4206 Ad
1468 4153 1582 4206 lucc
1609 4162 1951 4221 ego‘restton-

368 4245 422 4298 di
446 4222 637 4300 :LBcne
669 4244 832 4297 Filius
859 4255 984 4297 ante
1016 4246 1316 4311 passionem
1347 4242 1451 4311 ait,
1485 4244 1604 4312 quia
1637 4243 1735 4297 nisi
1767 4243 1854 4297 ille
1881 4242 1948 4297 ad

373 4335 586 4390 Patrem
628 4338 800 4390 victor
841 4337 1194 4401 remeaverit,
1228 4352 1288 4389 ac
1320 4338 1540 4405 proprio
1570 4338 1827 4405 sanguine
1860 4350 1947 4389 rc-

374 4428 593 4495 tletnpto
625 4428 854 4491 mundo,
889 4427 1104 4495 dignum
1142 4427 1249 4479 Deo
1279 4444 1341 4480 ex
1375 4427 1591 4480 homine
1624 4436 1948 4495 praepararet

2052 3231 2287 3302 {rogator
2318 3231 2589 3285 Martinus
2627 3244 2829 3294 noster,
2875 3233 2955 3286 vel
3000 3233 3238 3300 possedit
3274 3232 3325 3286 in
3370 3244 3620 3302 pectore;

2051 3325 2134 3376 vel
2165 3323 2401 3375 ostendit
2429 3324 2483 3376 in
2514 3336 2719 3389 opere,
2754 3330 2813 3375 ut
2847 3328 2913 3375 et
2944 3333 2999 3375 tu
3041 3334 3344 3377 conversus
3375 3324 3651 3377 crederes

2057 3413 2469 3482 inseparabilem
2501 3413 2816 3467 Trinitatem
2839 3454 2853 3478 ,
2885 3425 2936 3466 et
2964 3425 3181 3481 accepts
3209 3430 3237 3466 a
3272 3413 3424 3467 nobis
3455 3414 3623 3468 bene-

2049 3503 2307 3573 dictione,
2335 3515 2658 3573 purgatoque
2678 3521 2706 3556 a
2731 3505 2884 3559 malse
2904 3504 3242 3558 credulitatis
3271 3520 3473 3559 veneno
3500 3518 3623 3574 pec-

2049 3607 2197 3663 tore,
2216 3598 2524 3653 delerentur
2552 3597 2856 3665 iuiquitates
2897 3607 3018 3649 tne.
3047 3597 3113 3649 At
3145 3597 3237 3650 ille
3265 3596 3443 3651 furore
3470 3606 3621 3649 (2011Ιά

2048 3700 2227 3747 motus
2247 3728 2263 3757 ,
2294 3702 2348 3745 et
2375 3690 2553 3744 nescio
2583 3688 2706 3757 quid
2739 3690 2889 3757 quasi
2933 3688 3158 3747 insanus
3187 3688 3436 3743 frendens
3456 3729 3472 3754 ,
3504 3692 3580 3741 ait
3607 3702 3651 3742 ε’

2048 3786 2190 3840 Ante
2235 3784 2412 3837 anima
2459 3782 2530 3837 ab
2573 3782 2731 3850 hujus
2782 3782 3033 3851 corporis
3073 3783 3295 3836 vinculis
3343 3783 3537 3837 emicet
3568 3791 3621 3848 ε,

2048 3889 2205 3944 quam
2267 3876 2334 3927 ab
2373 3874 2483 3926 ullo
2527 3872 2797 3940 religionis
2843 3884 3036 3925 vestra:
3084 3873 3364 3926 sacerdote
3403 3874 3621 3927 benedis

2048 3967 2277 4019 ctionem
2320 3965 2599 4031 accipiam.
2644 3964 2708 4017 Et
2745 3978 2889 4033 ego:
2934 3963 3043 4017 Nec
3082 3976 3318 4019 nostram
3359 3964 3621 4019 Dominus

2049 4058 2362 4126 religionem
2396 4059 2507 4111 sive
2533 4057 2691 4110 (idem
2732 4059 2800 4110 ita
2833 4070 3106 4127 tepescere
3138 4055 3163 4093 ιι
3191 4058 3348 4111 iaciat.
3370 4096 3387 4123 ,
3420 4070 3472 4111 ut
3502 4059 3618 4111 dis-

2051 4151 2353 4202 tribuamus
2403 4148 2656 4202 Sanctum
2703 4149 2820 4218 ejus
2868 4149 3117 4213 canibus,
3165 4163 3227 4203 ac
3264 4150 3621 4217 pretiosarum

2051 4242 2458 4309 margaritarum
2492 4252 2639 4292 sacra
2668 4240 2843 4308 porcis
2872 4239 3237 4307 squalentibus
3268 4252 3621 4307 exponamus.

2050 4331 2129 4386 Ad
2174 4333 2291 4383 haec
2332 4331 2420 4383 ille
2465 4330 2648 4382 relicta
2690 4328 3042 4382 altercatione
3080 4330 3346 4395 Surrexit,
3376 4336 3430 4381 et
3469 4329 3620 4383 abiit.

2049 4422 2152 4477 Sed
2184 4421 2421 4491 postlnec
2450 4436 2568 4474 cum
2614 4420 2665 4474 in
2708 4414 2987 4489 Hispanias
3015 4435 3259 4475 reversus
3291 4420 3475 4474 fuisset
3495 4462 3511 4486 ,
3543 4423 3621 4473 in-

371 4518 757 4581 babitaculutn,
785 4533 888 4570 non
913 4527 1085 4586 potest
1112 4527 1326 4569 sanctus
1340 4516 1587 4582 Spiritus.
1614 4516 1751 4570 idem
1776 4517 1939 4583 Deus,
1972 4516 2018 4574 D
2049 4516 2297 4569 lirmitate
2322 4513 2658 4577 debilitatus,
2682 4513 2755 4567 ad.
2779 4522 3011 4565 nostram
3044 4512 3350 4580 religionem
3384 4515 3622 4566 necessi-

369 4608 422 4661 iu
449 4619 665 4677 pectore
689 4609 924 4662 fanatico
969 4616 1027 4663 et
1045 4609 1318 4677 originalis
1338 4607 1579 4662 criminis
1605 4608 1719 4661 labe
1748 4608 1945 4663 infecto

368 4698 714 4751 descendere.
756 4698 984 4767 Spiritus
1013 4700 1153 4753 enim
1178 4710 1417 4763 sanctus,
1453 4698 1524 4750 ait
1555 4697 1840 4765 Salomon,
1871 4698 1946 4768 ef-

371 4788 530 4857 fugiet
557 4798 577 4822 ε
610 4789 784 4853 fictum
811 4788 965 4857 (Sap.
993 4804 1039 4853 ι,
1066 4788 1143 4859 5).
1167 4788 1246 4842 Tu
1270 4801 1445 4843 autem
1474 4791 1515 4842 si
1541 4805 1687 4858 spem
1711 4791 1942 4859 aliquam

376 4878 791 4937 resurrectionis
829 4880 1027 4941 habes,
1072 4884 1176 4934 noli
1221 4883 1363 4950 loqui
1403 4886 1655 4936 adversus
1687 4882 1942 4950 Spiritum

374 4984 652 5034 sanctum,
695 4972 852 5040 quia,
890 4970 1049 5038 juxta
1092 4974 1409 5026 sententiam
1446 4973 1681 5037 Domini,
1717 4972 1780 5026 In
1824 4973 1943 5039 Spi-

369 5072 471 5119 r'tu
505 5072 681 5118 sancto
703 5060 727 5100 ἀ
755 5063 1125 5130 bluspltemunti
1146 5080 1245 5114 non
1272 5064 1570 5125 remittetur,
1598 5080 1753 5132 neque
1773 5065 1823 5115 in
1850 5064 1945 5115 Itoc

370 5163 580 5225 saeculo,
606 5176 762 5228 neque
781 5160 831 5212 in
860 5162 1036 5228 [αττινο
1061 5159 1194 5230 (Mat
1220 5158 1275 5218 It.
1302 5174 1405 5222 ιιι,
1428 5157 1541 5228 52).
1573 5159 1637 5212 Et
1659 5159 1775 5212 ille:
1804 5158 1944 5213 Deus

448 5303 474 5366 ξι
507 5294 665 5366 Corb.
688 5336 702 5361 ,
736 5298 858 5350 Dec.
888 5307 938 5350 et
974 5296 1126 5349 Colla.
1161 5311 1243 5358 c.,
1275 5296 1388 5366 ejus
1419 5304 1462 5346 et
1483 5294 1669 5365 junior
1697 5306 1790 5349 est.

449 5363 476 5402 1'
511 5365 720 5429 Regmq
750 5368 1033 5420 I’aruclitus
1062 5383 1182 5420 non.

452 5443 479 5514 °_
510 5435 597 5489 Sic
622 5435 805 5503 Corb.,
835 5450 887 5492 et
918 5438 1104 5508 Regni.
1140 5437 1274 5491 tditi
1304 5453 1422 5491 cum
1455 5439 1576 5491 Dec.
1608 5446 1663 5490 et
1692 5434 1840 5489 Colb.
1868 5450 1943 5499 c.,

371 5504 599 5629 “adegit:
627 5573 814 5640 Corb.,
846 5577 1057 5645 Regut..
1092 5579 1215 5632 Bcc.
1249 5589 1301 5632 et
1330 5579 1483 5633 Cutb.
1511 5594 1583 5636 ο..
1618 5591 1712 5642 βτί)
1739 5576 1791 5625 δη
1823 5574 1946 5640 δρί-

370 5648 522 5699 ritum
548 5656 799 5698 sanctum.
827 5648 959 5699 ttiitt
979 5690 994 5712 ,
1021 5649 1275 5713 Spiritum
1298 5660 1527 5701 sanctum
1552 5645 1939 5711 biasphrntanti.
2004 5654 2007 5655 ⁷

446 5727 467 5755 ο
508 5716 911 5771 Observandum
939 5735 999 5773 cx
1034 5718 1133 5772 hoc
1164 5719 1281 5774 loco
1311 5723 1505 5773 nullum
1537 5717 1718 5771 haberi
1754 5728 1933 5769 veram

2051 4616 2162 4659 tate
2191 4615 2417 4674 cogente
2446 4617 2736 4656 ςοιινθτειιε
2765 4610 2865 4656 θεῖ.

2123 4696 2280 4750 XLV.
2326 4696 2426 4749 Per
2463 4696 2601 4748 idem
2645 4704 2851 4761 tempus
2890 4693 3220 4761 Cltilpericus
3260 4708 3350 4748 res
3393 4696 3618 4763 scripsit

2051 4787 2343 4841 indiculum
2370 4824 2385 4848 ,
2430 4794 2485 4838 ut
2526 4791 2710 4837 sancta
2755 4781 2987 4836 Trinitas
3029 4799 3132 4835 non
3177 4785 3228 4835 in
3272 4799 3621 4850 persanatutn

2048 4877 2425 4943 diStiuctione,
2475 4876 2567 4930 sed
2609 4885 2810 4928 tantum
2854 4875 2990 4929 Deus
3032 4876 3435 4928 nominaretur:
3468 4888 3640 4960 essen

2054 4986 2178 5025 rens
2209 4971 2487 5039 indignum
2520 4983 2673 5031 esse,
2708 4978 2763 5020 ut
2806 4967 2943 5020 Deus
2987 4980 3243 5035 persona,
3285 4967 3420 5018 sicut
3459 4965 3621 5016 hoino
3676 5024 3693 5033 -

2050 5074 2309 5122 carneus,
2345 5058 2742 5116 nominaretur;
2767 5055 2924 5125 257
2949 5054 3221 5107 afﬁrmans
3248 5054 3407 5108 etiam
3441 5053 3619 5121 ipsum

2048 5164 2169 5203 csse
2224 5150 2433 5202 Patrem
2487 5146 2576 5216 qui
2621 5154 2705 5199 est
2749 5145 2949 5209 Filius;
2999 5144 3244 5213 idemque
3282 5144 3452 5212 ipsum
3498 5159 3621 5199 esse

2056 5291 2360 5359 religionem
2380 5328 2393 5345 .
2416 5284 2642 5359 dimissa
2670 5282 2925 5359 Ecclesia:
2955 5284 3230 5336 catholicae
3271 5282 3408 5359 title,
3441 5292 3498 5335 ut
3520 5281 3621 5359 hic

2052 5354 2279 5415 Arianus
2300 5399 2314 5422 ,
2340 5358 2426 5422 qui
2450 5370 2637 5407 omnes
2667 5356 2833 5407 bonas
2859 5366 3152 5421 agnoscens
3170 5393 3184 5417 ,
3209 5354 3404 5406 nullam
3431 5365 3492 5407 se
3517 5356 3617 5405 lia-

2019 5462 2023 5467 τ
2053 5433 2233 5485 bnis~e
2264 5425 2652 5480 manil’estabat.

2129 5501 2141 5537 ι
2188 5499 2240 5552 ld
2268 5506 2352 5551 est
2382 5498 2432 5569 in
2465 5493 2707 5549 rationali
2734 5493 3060 5561 Pontiﬁcali,
3092 5494 3178 5548 ubi
3202 5494 3363 5569 λόγος,
3389 5506 3482 5546 seu
3514 5490 3616 5547 Dei

2050 5585 2240 5626 nomen
2268 5568 2552 5633 legebatur.

2126 5650 2150 5688 ε
2195 5640 2404 5703 Regum,
2434 5646 2711 5704 separetur.

2116 5710 2140 5747 ιι
2184 5711 2323 5763 Idem
2353 5719 2406 5762 et
2429 5707 2607 5771 Colb.,
2640 5707 2896 5761 tabescere.
