3974 6174
213 395 317 450 ’561

1147 394 1463 453 HISTORIA
1505 392 1952 451 FRANGORUM.
1994 390 2193 449 LIBER
2232 389 2551 460 QUINTUS.

3372 391 3477 449 3G!

213 511 479 582 Spiritum
505 517 788 575 sanctum,
821 509 910 580 qui
946 509 1103 566 Pater
1130 519 1184 566 ct
1215 512 1401 567 Filius.
1437 511 1523 567 Sic
1544 551 1561 577 ,
1591 510 1796 581 inquit,
1827 510 1880 571 Α
1906 507 2033 563 nulli
2074 506 2289 579 penitus
2326 517 2559 563 metricae
2597 505 2924 562 conveniunt
2951 503 3146 562 rationi
3173 502 3225 563 δ.
3256 504 3476 566 Addidit

215 601 499 670 prophetis
535 615 598 655 ac
627 600 951 670 patriarchis
983 601 1264 668 apparuit,
1296 602 1373 656 sic
1398 616 1519 656 eum
1551 602 1661 669 ipsa
1692 600 1799 655 Lex

215 694 507 748 nuntiavit.
541 692 789 759 Cumque
822 692 936 747 htec
969 691 1098 745 ntihi
1130 692 1338 747 recitari
1364 692 1613 762 jussisset
1637 732 1652 759 ,
1684 692 1756 747 ait
1783 709 1797 747 :

213 784 305 839 Sic
326 825 340 849 ,
383 783 586 851 inquit,
620 783 745 836 volo
776 791 834 836 ut
866 792 918 835 tu
952 793 1006 837 et
1037 784 1223 853 reliqui
1259 783 1508 839 doctores
1539 782 1801 838 Ecclesia-

214 891 334 929 rum
364 874 624 929 credatis.
656 873 748 928 Cui
776 889 877 945 ego
908 876 1161 943 respondi
1194 890 1206 925 :
1240 874 1347 930 Hac
1375 875 1689 931 credulitate
1719 889 1804 929 re-

214 966 377 1029 licta,
415 964 502 1032 pie
535 979 647 1028 rex,
680 963 780 1018 hoc
810 973 863 1019 te
893 974 1106 1033 oportet
1136 965 1285 1033 sequi
1313 966 1451 1035 quod
1482 966 1651 1030 nobis,
1684 974 1803 1034 post

216 1054 530 1121 apostolos,
570 1054 658 1107 alii
698 1054 953 1109 dot-tores
984 1054 1240 1109 Ecclesia:
1272 1056 1632 1126 reliquerunt;
1663 1054 1803 1122 quod

219 1142 458 1196 Hilarius
492 1142 860 1213 Eusebiusque
890 1153 914 1180 ⁸
942 1144 1274 1208 docuerunt,
1316 1145 1458 1215 quod
1488 1155 1542 1199 et
1576 1144 1627 1199 in
1672 1144 1802 1213 bap-

217 1234 379 1286 tismo
410 1248 473 1288 es
502 1234 803 1289 confessus.
831 1235 981 1289 Tunc
1008 1236 1173 1289 iratus
1202 1252 1291 1294 rex
1326 1239 1400 1289 ait
1427 1253 1440 1289 :
1472 1236 1802 1291 Manifestum

217 1336 299 1378 est
330 1324 464 1377 mihi
496 1325 551 1378 in
582 1325 679 1379 hac
706 1340 866 1379 causa
896 1326 1151 1380 Hilarium
1182 1327 1574 1396 Eusebiumqoe
1603 1326 1806 1381 validos

222 1417 479 1471 inimicos
523 1417 729 1473 haberi.
780 1418 877 1473 Cui
924 1434 1026 1491 ego
1073 1420 1361 1486 respondi:
1412 1420 1708 1477 Observare
1755 1433 1808 1478 te

221 1510 520 1573 convenit,
555 1524 726 1579 neque
759 1511 923 1564 Deum
949 1553 962 1577 ,
993 1526 1166 1579 neque
1208 1523 1420 1565 sanctos
1456 1513 1570 1581 ejus
1611 1511 1809 1568 habere

222 1600 488 1654 offensos.
534 1600 663 1654 Nam
696 1604 871 1670 scias,
914 1603 1036 1671 quia
1079 1604 1129 1655 in
1173 1616 1399 1670 persona
1439 1602 1593 1657 aliter
1632 1601 1805 1668 Pater,

220 1695 377 1745 aliter
405 1691 602 1757 Filius,
632 1691 786 1746 aliter
816 1689 845 1729 ι’
875 1692 1107 1762 Spiritus
1136 1700 1373 1753 sanctus.
1399 1691 1515 1746 Non
1542 1691 1697 1746 Pater
1724 1706 1809 1746 as-

220 1786 457 1851 sumpsit
478 1798 727 1849 carnem,
755 1798 926 1852 neque
954 1784 1182 1852 Spiritus
1211 1792 1447 1849 sanctus,
1477 1783 1572 1838 sed
1605 1782 1643 1837 F
1647 1782 1807 1849 ilius;

1908 609 2086 654 autem
2130 608 2184 655 et
2224 599 2426 653 litteras
2465 597 2654 653 litteris
2693 598 2925 663 nostris,
2980 597 3031 651 id
3075 606 3159 654 est
3204 621 3285 662 υ,
3338 600 3479 655 sicut

1905 688 2079 745 Graeci
2129 688 2364 758 habent,
2418 703 2515 754 ae,
2560 688 2681 756 the,
2716 703 2839 757 uut,
2885 704 3110 758 quarum
3138 688 3477 745 characteres
3578 718 3597 729 μ

1904 778 2339 847 subscripsimus.
2382 778 2446 835 Hi
2486 786 2611 835 sunt
2637 804 2677 834 ω
2702 779 2741 851 ψ
2773 791 2807 835 z
2836 791 2872 834 Δ
2898 789 2947 833 ο.
2996 778 3060 834 Et
3097 781 3245 835 misit
3281 783 3479 851 cpisto-

1904 870 1985 924 las
2026 872 2079 926 in
2120 871 2396 928 universas
2432 873 2680 928 civitates
2718 874 2865 944 regni
2920 876 3002 928 sui
3028 913 3044 940 ,
3094 882 3155 929 ut
3201 873 3281 929 sic
3325 877 3475 945 pueri

1904 962 2246 1029 docerentur,
2288 976 2348 1016 ac
2389 962 2508 1017 libri
2548 963 2842 1034 antiquitus
2880 964 3100 1034 scripti,
3143 964 3339 1035 planati
3381 982 3478 1035 pu-
3534 980 3545 989 '

1905 1050 2044 1105 mice
2084 1051 2530 1106 rescriberemnr.
3198 1058 3207 1065 ’

1978 1140 2156 1197 XLVI.
2185 1144 2465 1213 Agrtncula
2494 1141 2515 1182 ί
2545 1153 2719 1199 autem
2758 1143 3149 1201 Cabillonensis
3186 1148 3475 1218 episcopus

1907 1230 2007 1285 hoc
2035 1232 2170 1287 obiit
2214 1242 2484 1304 tempore;
2511 1234 2715 1306 fuitque
2760 1241 2921 1291 homo
2965 1237 3121 1293 valde
3169 1241 3389 1308 elegans
3416 1256 3479 1294 ac

1907 1322 2160 1391 prudens,
2180 1339 2377 1393 genere
2403 1326 2691 1382 senatorio.
2719 1326 2877 1381 Multa
2904 1328 2954 1382 in
2980 1329 3201 1385 civitate
3232 1331 3316 1386 illa
3349 1332 3481 1386 tedi-

1909 1410 2024 1465 licia
2064 1409 2209 1479 fecit,
2241 1413 2429 1469 domos
2476 1416 2797 1485 composuit,
2847 1417 3130 1473 ecclesiam
3180 1417 3480 1487 fabricavit,

1907 1515 2065 1571 quam
2096 1512 2122 1549 8
2153 1503 2413 1560 columnis
2440 1504 2668 1575 fulcivit,
2697 1507 2923 1562 variavit
2954 1524 3243 1577 marmore,
3276 1511 3483 1569 musivo

1907 1594 2167 1662 depinxit.
2205 1596 2405 1666 Magna:
2430 1607 2604 1652 autem
2636 1597 2976 1656 abstinentia:
3007 1600 3121 1671 fuit,
3169 1619 3290 1659 nam
3342 1616 3485 1661 nun-

1907 1699 2063 1753 quam
2091 1686 2310 1753 prandio
2337 1703 2463 1742 usus
2488 1698 2590 1756 est,
2624 1690 2723 1745 nisi
2755 1699 2960 1748 tantum
3004 1708 3159 1751 omna
3185 1712 3201 1749 :
3224 1694 3291 1750 ad
3324 1712 3483 1767 quam

1908 1776 1984 1827 sic
2025 1775 2317 1844 temporive
2358 1777 2643 1843 residebat,
2676 1791 2730 1833 ut
2758 1785 2871 1835 sole
2902 1792 3076 1838 stante
3109 1797 3485 1857 consurgeret.

222 1884 278 1927 υι
303 1875 398 1943 qui
434 1884 552 1927 erat
582 1874 671 1927 Dei
705 1873 872 1927 Filius
891 1915 905 1939 ν
936 1875 1049 1943 ipse
1086 1874 1148 1926 ad
1180 1874 1605 1942 redemptionem
1640 1872 1809 1927 homi-
1839 1896 1889 1956 Β
1915 1862 2268 1919 Humanitatis
2283 1864 2613 1939 [LSUIWI’JE]
2626 1871 2849 1939 exigua‘,
2868 1871 3266 1929 facundiaevero
3280 1890 3486 1945 [08803

222 1966 304 2019 nis
337 1964 489 2019 filius
535 1964 817 2019 haberetur
861 1974 913 2019 et
954 1966 1196 2034 virginis.
1238 1964 1353 2019 Non
1395 1964 1548 2019 Pater
1586 1980 1809 2034 passus,

224 2071 406 2123 neque
425 2055 677 2123 Spiritus
701 2066 946 2121 sanctus,
982 2056 1073 2109 sed
1122 2054 1319 2119 Filios;
1364 2065 1421 2110 ttt
1462 2057 1551 2121 qui
1592 2071 1809 2112 carnem

224 2155 599 2216 assumpscrat
636 2148 686 2198 in
730 2146 949 2208 mundo,
994 2146 1106 2213 ipse
1144 2146 1425 2200 offerretur
1456 2162 1549 2214 pro
1588 2145 1809 2201 mundo.

225 2241 299 2295 De
340 2239 597 2309 personis
638 2254 767 2292 vero
806 2237 948 2307 quod
989 2237 1102 2301 ais,
1146 2254 1250 2291 non
1291 2238 1672 2307 corporaliter,
1717 2238 1811 2294 sed
1850 2230 1855 2233 ⁷

224 2331 549 2399 Spiritaliter
591 2330 927 2384 sentiendum
972 2339 1077 2384 est.
1124 2330 1179 2383 In
1227 2330 1308 2384 his
1335 2345 1463 2400 ergo
1494 2331 1661 2384 tribus
1688 2346 1810 2399 per-

225 2423 377 2477 sonis
418 2436 526 2476 una
563 2421 911 2500 gloriatuna
951 2421 1261 2487 arternitas,
1300 2436 1404 2475 una
1445 2428 1701 2491 potestas.
1744 2426 1813 2479 At

226 2510 320 2565 ille
344 2520 656 2565 commotus
686 2509 762 2564 ait
786 2525 799 2562 :
826 2508 1254 2578 Sapientioribus
1284 2519 1334 2564 te
1367 2510 1480 2565 hate
1508 2509 1733 2579 pandam
1759 2520 1810 2578 ε,

226 2604 321 2673 qui
350 2601 486 2657 mihi
510 2601 868 2657 consentiant.
899 2601 963 2656 Et
984 2616 1084 2671 ego
1107 2616 1123 2657 :
1150 2600 1425 2671 Nunquam
1447 2602 1548 2655 erit
1576 2599 1811 2670 sapiens,

227 2696 322 2750 sed
365 2694 597 2761 stultus,
639 2693 728 2762 qui
763 2695 875 2747 haec
912 2706 1033 2762 qua:
1076 2694 1331 2762 proponis
1370 2692 1520 2761 sequi
1560 2691 1810 2747 voluerit.

230 2788 309 2842 Ad
342 2788 463 2841 hac
488 2787 577 2841 ille
608 2786 889 2851 frendens,
919 2786 1079 2857 253
1106 2786 1272 2840 siluit.
1316 2786 1430 2841 Non
1471 2792 1590 2856 post
1618 2785 1813 2841 multos

230 2893 361 2934 vero
394 2880 512 2934 dies
539 2880 855 2935 advenien'e
884 2881 1062 2936 Salvio
1091 2881 1360 2951 Albigensi
1390 2880 1664 2950 episcopo,
1699 2878 1814 2935 hac

230 2974 282 3027 ei
325 2974 589 3042 ptzccepit
630 2974 899 3029 recenseri
924 3015 938 3040 ,
980 2974 1274 3044 deprecans
1314 2984 1369 3028 ut
1398 2974 1495 3029 sibi
1532 2981 1817 3031 conmuta-

232 3079 372 3119 neus
416 3064 591 3118 fieret.
630 3065 781 3132 Quod
822 3064 912 3119 ille
950 3065 1169 3118 audiens
1195 3106 1211 3131 ,
1263 3066 1333 3119 ita
1386 3066 1622 3134 reSpuit,
1670 3075 1727 3119 ut
1770 3065 1816 3120 si

233 3155 478 3211 chartam
503 3195 518 3219 ,
551 3155 601 3208 in
646 3170 748 3221 qua
791 3155 903 3208 haec
944 3156 1140 3224 scripta
1182 3154 1519 3221 tenebantur,
1562 3152 1819 3221 potuisset

1913 1965 2047 2009 erat.
2091 1956 2233 2011 Obiit
2275 1966 2453 2013 autem
2500 1961 2841 2030 episc0patus
2888 1978 3029 2018 anno
3078 1965 3487 2037 quadragesimo

1910 2057 2124 2115 octavo,
2156 2050 2255 2103 a-vi
2298 2061 2476 2105 autem
2506 2052 2839 2121 octogesimo
2870 2056 3028 2111 tertio
3052 2053 3081 2093 ιι
3115 2074 3133 2109 :
3162 2059 3244 2114 cui
3276 2057 3487 2114 Flavius

1912 2140 2310 2196 referendarius
2340 2142 2725 2198 Guntchramni
2758 2146 2898 2215 regis
2924 2147 3204 2202 successit.

1985 2231 2189 2286 XLVII.
2218 2230 2329 2287 Εοί
2359 2242 2601 2304 tempore
2627 2244 2681 2289 et
2712 2235 3008 2292 Dalmatius
3036 2238 3200 2310 259
3229 2239 3489 2298 Rutbens

1911 2326 2142 2380 civitatis
2173 2325 2477 2395 episcopus,
2503 2327 2748 2396 migravit
2791 2342 2821 2383 a
2872 2332 3093 2397 saeculo,
3124 2335 3204 2388 vir
3244 2336 3294 2389 in
3335 2338 3485 2393 omni

1911 2416 2195 2471 sanctitate
2224 2416 2508 2485 praecelsus
2545 2417 2821 2473 abstinens
2853 2420 2937 2476 vel
2968 2420 3042 2493 [1.
3064 2420 3139 2496 et]
3161 2440 3191 2479 a
3219 2425 3376 2495 cibis,
3401 2430 3485 2485 vel

1913 2520 1944 2559 a
1990 2506 2437 2576 concupiscentiis
2480 2510 2689 2575 carnis;
2720 2511 2878 2567 valde
2924 2514 3403 2588 eleemosynarius,
3432 2531 3491 2579 et

1912 2602 2119 2657 cunctis
2150 2601 2432 2668 humanus,
2464 2602 2515 2658 in
2546 2604 2788 2660 oratione
2807 2620 2865 2661 et
2890 2607 3082 2678 vigiliis
3101 2610 3234 2665 satis
3254 2612 3487 2671 stabilis.

1915 2692 2212 2749 Ecclesiam
2257 2695 2584 2764 construxit,
2630 2698 2726 2753 sed
2753 2696 2881 2755 dum
2910 2713 3031 2756 eam
3061 2701 3127 2756 ad
3158 2704 3492 2761 emendatio-

1916 2800 2039 2840 nem
2070 2788 2268 2855 saepius
2285 2784 2571 2854 destruxit,
2595 2788 3002 2858 incompositam
3033 2792 3334 2864 dereliquit.
3362 2796 3493 2857 Post

1915 2875 2069 2945 cujus
2114 2876 2316 2933 obitum
2367 2878 2545 2946 multi,
2574 2888 2632 2934 ut
2676 2880 2755 2943 fit,
2798 2881 3163 2952 episcopatum
3210 2899 3490 2957 expetunt.

1916 2967 2339 3022 Transobadusl
2376 2984 2503 3023 vero
2532 2969 2834 3040 presbyter,
2865 2973 2955 3042 qui
2998 2975 3266 3044 quondam
3312 2980 3493 3035 archi-

1919 3059 2174 3116 diacmtus
2225 3060 2341 3128 ejus
2390 3058 2589 3125 fuerat,
2626 3063 2857 3117 maxime
2905 3064 2959 3118 in
3012 3064 3113 3120 hoc
3158 3069 3491 3138 intendebat,

1923 3152 2058 3205 fidus
2084 3149 2224 3219 quod
2256 3149 2422 3204 lilium
2458 3164 2613 3203 suum
2643 3166 2763 3206 cum
2795 3152 3035 3224 Gogone,
3064 3156 3158 3226 qui
3205 3167 3330 3215 tunc
3354 3161 3494 3232 regis

235 3248 539 3317 attingere,
575 3247 627 3300 in
659 3246 827 3301 frusta
867 3246 1217 3317 discerperet.
1261 3246 1326 3300 Et
1362 3244 1439 3299 sic
1477 3258 1569 3299 rex
1608 3242 1676 3298 ab
1712 3242 1813 3297 bac
1840 3274 1887 3337 (Α
1922 3252 2040 3296 erat
2089 3239 2361 3306 nutritins,
2411 3242 2896 3297 commendaverat.
2944 3243 3272 3304 Condiderat
3312 3262 3495 3307 autem

237 3337 543 3391 intentione
588 3337 816 3407 quievit.
865 3335 1087 3406 Scripsit
1131 3335 1263 3390 alios
1313 3334 1477 3389 libros
1524 3332 1665 3388 idem
1717 3347 1814 3388 rex

237 3428 492 3484 versibus
516 3470 531 3496 ,
562 3428 713 3499 quasi
742 3428 1018 3485 Sedulium
1046 3435 1262 3483 secutus
1288 3444 1302 3494 ;
1332 3426 1427 3483 sed
1457 3424 1707 3482 versiculi
1736 3423 1818 3485 illi

314 3593 343 3621 ⁸
373 3582 589 3638 Scilicet
610 3582 966 3639 Vercellensis
1003 3584 1303 3653 epismpus,
1341 3583 1428 3651 qui
1457 3597 1579 3637 cum
1608 3582 1814 3638 Hilario

243 3654 547 3708 Pictavensi
575 3656 786 3723 egregie
814 3666 997 3708 contra
1025 3656 1301 3709 ltmteticos
1323 3665 1521 3707 sanctae
1542 3653 1823 3709 Trinitatis

242 3724 643 3794 impugnatores
670 3723 986 3778 tlecertavit.
1020 3725 1186 3778 Porro
1217 3724 1307 3778 hic
1350 3724 1681 3794 Chilpericus
1710 3726 1811 3779 Sa-

242 3792 393 3864 bellii
422 3795 552 3846 falsa
584 3794 828 3864 dogmata
848 3795 1158 3864 renovabat.

314 3862 345 3902 δ
374 3863 463 3918 Sic
490 3861 678 3926 Corb.,
712 3864 857 3928 Bec.,
889 3861 1042 3918 Colb.
1067 3880 1114 3918 c.
1148 3871 1201 3917 et
1230 3872 1336 3918 vet.
1362 3862 1450 3918 ed.
1476 3863 1548 3918 lta
1580 3872 1633 3918 et
1656 3862 1816 3918 Colb.

245 3947 299 3986 a.
325 3933 575 3999 habebat,
605 3935 699 3988 sed
734 3933 923 4001 aliquis
948 3934 1136 3987 subtus
1178 3934 1451 3989 litterami
1493 3935 1696 4001 apicem
1724 3948 1821 4001 ap-

249 4004 445 4069 posuit,
478 4013 534 4057 ut
559 4002 869 4066 conficeret,
901 4005 1032 4056 alter
1081 4003 1259 4069 Pater,
1301 4004 1430 4056 alter
1470 4001 1660 4069 Filius,
1688 4003 1820 4057 alter

250 4074 478 4144 Spiritus
508 4082 730 4126 sanctus.
757 4074 885 4140 Qum
917 4073 1069 4144 lectio
1095 4084 1178 4127 est
1203 4074 1389 4144 llcgm.
1420 4084 1473 4128 et
1502 4072 1742 4128 Cnesnii.

320 4153 344 4211 ¢_
375 4142 583 4211 Regm.,
610 4146 717 4195 lucc
745 4145 969 4211 pandere
998 4142 1207 4197 decrevi.

318 4208 347 4247 δ
376 4208 559 4278 Corb.,
591 4208 755 4265 nulla
784 4214 979 4279 penitus
1006 4215 1225 4266 metrica:
1264 4213 1570 4266 conveniunt
1599 4212 1816 4266 ratione.

248 4282 535 4348 Cbitperici
580 4283 938 4352 eloquentiam
965 4294 1020 4337 et
1062 4288 1111 4336 in
1154 4284 1357 4338 litteras
1404 4283 1817 4352 propensionem

248 4352 786 4427 lainlatfortunatus
814 4351 908 4406 lib.
926 4367 1196 4427 tx,_carm.
1221 4354 1269 4404 l.
1294 4351 1437 4407 Nihil
1458 4356 1532 4427 _de
1561 4354 1676 4427 ejus
1692 4367 1821 4419 ope-

247 4424 399 4473 tibus
443 4421 710 4489 superest,
741 4433 935 4490 praeter
979 4421 1178 4488 aliquot
1223 4437 1411 4477 versus
1457 4422 1508 4476 in
1562 4425 1819 4476 honorem

249 4492 422 4544 sancti
449 4491 701 4563 Germani
739 4491 1057 4563 Parisiensis
1093 4493 1352 4560 episcOpi,
1381 4508 1518 4563 quos
1545 4493 1823 4546 Aimoiuus

254 4563 437 4614 refert.
482 4561 587 4615 Eos
642 4570 818 4631 tamen
866 4575 897 4617 a
948 4562 1237 4615 Fortunato
1287 4561 1615 4631 compositos
1674 4572 1824 4630 putat

1921 3332 2203 3401 episcopus
2241 3340 2639 3398 testamentum,
2667 3332 2719 3386 itt
2751 3348 2856 3403 quo
2885 3336 3027 3405 regis
3050 3340 3305 3396 exenium
3328 3339 3382 3407 ι.
3401 3344 3494 3413 qui

1920 3434 2038 3492 post
2066 3424 2181 3493 ejus
2220 3421 2423 3480 obitum
2472 3424 2756 3493 acciperet,
2786 3426 3071 3496 indicabat,
3102 3429 3355 3500 adiurans
3384 3444 3493 3492 ter-

1919 3576 2161 3654 eamdem
2182 3576 2705 3654 fo_rtunam_expertze
2734 3588 2878 3654 sunt,
2905 3588 3064 3654 atque
3085 3582 3339 3654 illac,qu.c
3359 3587 3489 3643 olim

1918 3664 1949 3702 a
1979 3647 2201 3702 Claudio
2231 3649 2360 3717 imp.
2403 3647 2703 3703 adinventaa
2732 3648 2958 3713 fuerant,
2978 3647 3047 3706 id
3075 3662 3154 3708 est
3181 3647 3339 3710 simul
3368 3673 3494 3714 cum
3568 3685 3576 3694 -

1920 3733 2018 3787 suo
2047 3727 2268 3772 auctore
2298 3721 2594 3787 perierunt.

1999 3784 2023 3825 τ
2052 3787 2164 3842 Hoc
2193 3784 2353 3855 caput
2379 3789 2530 3842 deest
2556 3788 2607 3842 in
2634 3785 2795 3842 Corb.
2821 3798 2876 3849 et
2896 3790 3053 3848 Coll).

1994 3865 2024 3940 ξ
2049 3858 2257 3940 Regm.,
2287 3859 2608 3940 quant‘vart'o
2636 3869 2819 3912 ornatu
2860 3860 3135 3940 decorauit.
3162 3864 3264 3918 Hic
3295 3883 3497 3940 magna:

1922 3928 2021 3997 fuit
2050 3928 2391 4003 abstinentia,
2423 3929 2500 3981 ita
2528 3940 2582 3981 ut
2623 3944 2886 4003 nunquam
2916 3938 2968 3985 ut
3015 3934 3099 3986 die
3150 3939 3335 4003 ederet,
3376 3928 3497 3994 ἰιἱή

1920 3998 2094 4076 semel,
2126 4009 2173 4055 et
2199 3998 2294 4053 hoc
2312 4014 2461 4076 fama
2489 4000 2782 4065 uocabatur,
2805 4001 2863 4076 in
2882 4016 2985 4076 qua
3013 4004 3090 4056 sic
3118 3998 3343 4076 tempore
3367 4012 3498 4064 veris

1921 4068 2145 4141 sedebat,
2171 4077 2275 4122 etc.
2312 4067 2470 4141 Forte
2498 4067 2906 4141 protemport've,
2936 4067 3229 4141 legendtttn'
3254 4086 3341 4132 est
3366 4089 3501 4132 tent-

1923 4139 2119 4212 port'tu,
2163 4145 2218 4191 ul
2255 4138 2450 4212 habent
2477 4138 2635 4212 codd.
2680 4138 2864 4209 sttripti
2896 4142 2963 4212 Vin
2990 4138 3205 4212 Regula
3238 4147 3295 4200 S.
3328 4147 3498 4205 Bene.

1922 4207 2073 4283 dicti,
2104 4222 2221 4283 cap.
2255 4209 2342 4260 ιι.
2366 4208 2621 4261 Musivunt
2651 4207 2848 4283 autem,
2875 4211 2942 4264 de
2967 4227 3071 4278 quo
3088 4207 3186 4267 'hic
3208 4225 3265 4268 et
3296 4219 3491 4283 passim

1923 4277 2236 4347 Gregorius,
2267 4286 2353 4331 est
2372 4292 2506 4345 opus
2529 4279 2756 4332 tessellis
2786 4278 2854 4331 ita
2880 4277 3213 4345 contextum,
3240 4277 3309 4338 ut'
3325 4289 3497 4344 varias

1925 4348 2119 4426 figuras
2165 4356 2543 4426 repraesentet,
2571 4348 2710 4426 quod
2756 4348 2899 4416 apud
2952 4362 3162 4426 veteres
3207 4354 3260 4406 in
3305 4371 3498 4426 magno

1925 4416 2021 4491 fuit
2046 4419 2235 4491 pretio,
2267 4417 2461 4491 nostris
2492 4416 2686 4491 dicitur
2715 4433 2932 4491 ouvroge
2959 4420 2992 4473 ὁ
3028 4416 3495 4491 Ιανηιοωὶιιιιεῖυυ

1926 4485 2009 4540 his
2028 4485 2299 4556 egregium
2321 4489 2564 4540 volumen
2596 4488 2775 4540 Romae
2795 4485 2959 4543 edidit
2979 4494 3057 4545 vir
3080 4490 3247 4546 illust.
3261 4485 3495 4551 Joannes

1925 4557 2253 4633 Ciampinns.
2291 4557 2421 4612 Vide
2442 4567 2497 4611 ct
2519 4558 2823 4628 licrgeriutn
2856 4559 2949 4613 lib.
2981 4576 3018 4616 ιι
3040 4563 3109 4616 de
3133 4562 3240 4617 Viis
3270 4566 3499 4633 publicis

192 4664 205 4669 μ
255 4633 581 4707 llrouverus,
604 4630 846 4707 necalii
875 4640 1048 4707 tanta;
1076 4626 1557 4707 antiquitatisesse
1608 4626 1816 4702 putant.
1850 4647 1901 4707 ι)
1926 4626 2157 4707 imperii.

251 4700 498 4770 Sedulius
538 4700 638 4754 sub
666 4699 969 4755 Theodosio
1015 4699 1438 4769 llmnte'claroit,
1466 4699 1622 4770 quem
1652 4710 1821 4769 poeta:

182 4767 537 4849 s‘Chr-stiani
587 4770 785 4849 imitari
833 4773 1169 4825 studuerunt.
1234 4772 1361 4826 Vide
1420 4767 1616 4827 Bedam
1654 4767 1823 4825 Vlib.v

216 4842 223 4860 τ
255 4839 415 4902 llist.,
433 4853 550 4908 cap.
583 4840 665 4895 l9.

195 4889 239 4966 ,θ
326 4918 359 4988 ⁸-
384 4909 488 4963 Hos
520 4910 887 4989 _cbart_tct_eres,
932 4921 1087 4979 prout
1135 4912 1187 4966 in
1227 4909 1823 4989 cod._Corb._om_ni_t_tm

254 4981 626 5048 antiquissimo
670 4980 950 5045 habentur,
983 4985 1507 5049 reprtcsemavimus.
1557 4982 1611 5035 ltt
1639 4981 1817 5046 Colb.,

255 5072 294 5102 ω
321 5064 374 5103 o.
399 5060 435 5101 γ
463 5064 543 5101 ae.
578 5065 632 5119 y,
651 5064 770 5118 qua:
798 5065 891 5116 per
914 5054 1143 5105 medium
1179 5052 1370 5107 lineola
1403 5064 1705 5106 transversa
1733 5060 1823 5103 se;

255 5128 425 5179 catur,
454 5135 503 5171 ι.
531 5132 566 5172 Δ
589 5121 697 5171 uut'.
729 5121 937 5187 Hegtn.,
969 5136 1002 5172 ο
1025 5139 1078 5175 tt.
1121 5138 1152 5191 y
1176 5125 1278 5175 tlte.
1310 5139 1356 5175 z.
1395 5139 1427 5191 y
1461 5122 1574 5175 uui.
1606 5120 1751 5186 Bec.,
1778 5129 1823 5177 Θ

255 5204 359 5261 ccc.
393 5200 429 5241 Ir
452 5204 529 5261 ae.
564 5205 591 5241 z
616 5191 720 5252 tlte,
751 5201 805 5261 et
833 5201 949 5257 post
981 5194 1181 5245 litteras
1209 5194 1501 5261 incogmtas
1534 5192 1646 5261 tuti.
1680 5191 1819 5243 ldent

257 5257 503 5330 Gregorii
546 5269 701 5330 caput
750 5260 802 5312 in
834 5262 999 5314 veteri
1032 5275 1303 5315 canonum
1333 5257 1385 5316 si
1427 5260 1821 5330 professionum

257 5328 380 5380 tidei
407 5328 744 5395 collectione,
776 5344 844 5381 ex
877 5334 995 5383 cod.
1025 5333 1331 5385 Colbet-tino
1370 5328 1439 5385 ab
1467 5332 1621 5384 annis
1666 5329 1823 5383 circi-

258 5406 338 5465 ter
381 5398 484 5452 800
521 5401 741 5463 scripto,
772 5399 1014 5465 habetur,
1050 5400 1138 5454 ubi
1183 5404 1383 5455 etedem
1415 5403 1602 5455 littera:
1629 5399 1819 5453 eodem

258 5463 375 5519 fere
398 5468 557 5520 modo
578 5482 640 5521 ac
666 5470 717 5520 in
743 5470 862 5520 cod.
904 5463 1065 5521 Corb.
1096 5481 1327 5524 exarata:
1370 5481 1514 5537 sunt,
1551 5470 1652 5522 nisi
1679 5469 1821 5537 quod

259 5537 441 5607 ultima
486 5538 659 5589 littera
703 5538 771 5590 sit
814 5554 867 5600 a,
893 5541 1019 5592 ttittt'.
1055 5542 1161 5593 llos
1200 5545 1539 5595 characteres
1585 5541 1823 5607 plerique

257 5604 386 5677 editi
417 5621 509 5673 per
534 5608 734 5660 litteras
760 5622 963 5675 graecas
984 5622 1444 5677 expresseruntm.
1470 5626 1563 5664 seu
1580 5604 1618 5663 Ο
1644 5620 1686 5662 Ψ
1705 5604 1821 5663 ΖΠ.

259 5674 312 5752 lt_t
333 5677 736 5752 _Aiutoiniedit_.
768 5693 818 5729 ιιι
853 5679 924 5731 lib
955 5694 1032 5752 ut,
1053 5674 1170 5747 cap.
1203 5681 1351 5752 41ης
1375 5682 1462 5735 ch.
1483 5682 1615 5752 9th.
1648 5702 1678 5751 φ
1707 5682 1819 5752 p_lt.;

260 5744 346 5797 ubi
387 5745 556 5798 codex
582 5747 639 5799 S.
682 5744 927 5799 Germani
957 5767 983 5801 :t
1012 5744 1179 5803 l’ratis
1211 5744 1286 5804 ab
1309 5744 1452 5803 't'tun.
1482 5744 1824 5803 circiterdllu

260 5815 494 5883 scriptus
523 5815 683 5868 habet
706 5827 746 5868 Ψ
775 5833 851 5868 tte.
877 5818 918 5869 Τ
946 5819 1047 5870 tlte.
1081 5837 1164 5873 aut
1184 5838 1234 5874 tt.
1254 5824 1515 5877 Cil‘lel'lllll
1534 5819 1821 5874 ltmlitlcran

537 5908 772 5967 ΡΑτιιοι
794 5950 809 5965 .
862 5910 1083 5969 LXXI.

2060 4698 2185 4769 _Ejns
2212 4698 2400 4769 festum
2422 4696 2657 4769 celebrat
2681 4699 2957 4769 martyrol.
2980 4699 3132 4754 llom.
3164 4701 3253 4758 die
3276 4706 3339 4760 l7
3358 4706 3497 4763 hlar-

1933 4767 2012 4819 tii.
2059 4765 2303 4821 Interfuit
2339 4767 2531 4821 ctvncil.
2562 4765 2846 4837 Aurelian.
2895 4784 2971 4834 Ill,
3012 4785 3064 4824 tv
3102 4780 3159 4826 et
3203 4790 3255 4837 v,
3301 4780 3500 4832 Arver-

1932 4837 2082 4906 nensi
2116 4852 2175 4900 tt,
2207 4837 2373 4906 Paris.
2400 4852 2434 4889 ιι
2463 4847 2517 4891 et
2558 4836 2797 4906 Lngdun.
2830 4852 2910 4894 ιιι.
2951 4840 3078 4895 Vide
3118 4842 3211 4896 lib.
3242 4836 3323 4902 ide
3350 4846 3500 4905 Glor.

1930 4904 2083 4960 Conf.
2118 4921 2238 4975 cap.
2276 4904 2346 4959 85
2372 4917 2427 4960 et
2466 4906 2555 4973 86,
2591 4904 2914 4963 et'Bolland.
2942 4910 3031 4963 ad.
3062 4911 3126 4965 17
3159 4913 3312 4972 Mart.
3344 4904 3502 4987 Ag“;

1932 4976 2106 5029 colam
2148 4976 2331 5030 laudat
2361 4978 2637 5031 Fortunut.
2671 4978 2761 5032 lib.
2792 4993 2872 5040 ιιι,
2902 4994 3069 5036 carm.
3116 4980 3205 5040 22.
3254 4993 3393 5040 uuod
3418 4997 3502 5040 ta.

1932 4992 2106 5029 cotatn
2148 4992 2331 5030 laudat
2361 4992 2637 5031 fortunat.
2671 4992 2761 5032 IID.
2792 4993 2872 5040 ιιι,
2902 4994 3069 5036 carm.
3116 4992 3205 5048 22,
3254 4993 3393 5053 quod
3418 4997 3503 5041 ta.

1933 5059 2055 5127 men
2086 5046 2154 5101 de
2174 5047 2416 5117 Agricola
2443 5046 2754 5103 Nivernensi
2785 5050 3036 5122 episcopo
3067 5053 3318 5127 intelligit
3342 5058 3502 5112 Coin-

1935 5123 2496 5269 ulliﬁlloccapu_t.deest
2524 5188 2573 5240 in
2621 5186 2863 5269 Corbis-tt
2883 5190 3033 5269 (ΣοΙΙιΣ
3062 5192 3353 5269 Dalmatius
3373 5197 3503 5252 sub-

1925 5258 2141 5329 scripsit
2177 5258 2373 5311 concil.
2394 5262 2619 5329 Arverni.
2649 5273 2736 5312 an.
2760 5258 2865 5313 555
2885 5300 2900 5325 ,
2922 5269 2977 5314 et
3005 5262 3277 5316 Aurelian.
3305 5280 3375 5329 tv,
3402 5282 3489 5320 an.

1927 5324 2053 5386 541,
2069 5336 2391 5380 memoratur
2414 5326 2466 5380 in
2495 5328 2767 5398 Martyrol.
2787 5324 3061 5385 Gallicana
3078 5324 3492 5395 “Novembris.

2002 5394 2017 5444 ι
2059 5395 2247 5466 Regni.
2276 5406 2329 5449 et
2365 5397 2510 5464 Bec.,
2543 5397 2974 5452 Trunsobaldus..
3001 5400 3169 5466 ﬁsus..
3216 5418 3333 5459 cum
3364 5406 3492 5463 Gor-

2002 5406 2017 5444 t
2059 5406 2243 5464 ﬂrgtlt.
2276 5406 2329 5449 et
2365 5406 2510 5464 ὕεα,
2543 5406 2974 5452 Τι-αηεοῡαιιιιιε..
3001 5406 3169 5466 βειιε..
3216 5418 3333 5459 cum
3364 5406 3499 5463 Gor-

1928 5464 2429 5547 goneLDeGogone
2454 5470 2575 5547 vide
2596 5469 2688 5523 lib.
2718 5483 2939 5547 Vt,_‘ca_p.
2976 5471 3028 5523 Ι.
3141 5541 3154 5547 _
3177 5543 3189 5547 _

2003 5533 2030 5571 ι
2060 5535 2150 5613 Sic
2198 5533 2357 5589 iidem
2378 5538 2560 5613 φειδ.
2594 5533 3023 5613 _cum._Bad'.,_et
3065 5541 3299 5608 quidem“
3327 5556 3503 5613 recte;

1930 5611 2108 5686 eastern
2140 5620 2265 5686 vero
2283 5608 2389 5678 regi
2414 5606 2843 5686 Sexenium._Non
2871 5609 3014 5665 enim
3036 5606 3319 5686 episcopus
3338 5606 3505 5673 Sese;

1934 5676 2079 5754 nium
2110 5676 2210 5729 sibi
2246 5676 2941 5754 successoremdelegerat,
2968 5676 3344 5739 sed'indicavit
3369 5701 3504 5740 con-

1931 5747 2184 5821 ditiones,
2216 5746 2405 5821 quibus
2436 5748 2522 5821 ille
2553 5746 2911 5821 episcopatus,
2942 5766 3099 5819 quem
3128 5756 3379 5821 (senium,
3409 5770 3504 5813 seu

1931 5817 2134 5869 .rrttium
2163 5820 2291 5886 regis
2321 5817 2573 5887 appellat,
2598 5819 2832 5876 conferri
2862 5817 3108 5878 deberet.

3040 5916 3113 5977 12
