4008 6184
588 330 695 386 363
1392 338 1395 341 ’
1581 327 1637 382 8.
1680 321 2001 382 GRECOBII
2046 321 2340 375 El‘lSCOl’I
2382 324 2810 382 TUIiLlNIitVSIS
3702 351 3786 406 354

588 444 834 500 ribilibus
855 441 1230 509 sacramentis,
1264 452 1321 495 ut
1346 440 1398 495 in
1429 442 1654 495 ecclesia
1688 442 1777 495 illa
1822 457 1926 495 non
1949 439 2162 495 ordina-
2190 442 2239 494 A
2268 447 2587 490 auctoritate
2618 443 2838 502 valeret,
2872 440 2937 493 ad
2981 441 3328 495 Mareovefam
3379 452 3611 519 reginam,
3651 476 3787 528 quam

585 543 733 588 retur
758 542 1072 599 extraneus,
1104 547 1207 584 non
1235 530 1481 601 cupidus,
1511 546 1614 586 non
1647 530 1917 599 conjugali
1949 529 2162 582 vinculo
2266 523 2612 581 Cltaribertus
2640 543 2731 581 rex
2765 529 2984 582 nimium
3013 531 3233 601 diligens
3264 533 3312 586 in
3344 535 3453 590 loco
3483 523 3785 607 sororis-tom

587 637 777 688 nexus,
808 621 905 676 sed
949 621 1018 677 ab
1064 623 1150 677 his
1195 623 1444 677 omnibus
1492 622 1796 691 expeditus,
1829 622 1918 691 qui
1952 624 2002 674 in
2034 621 2163 673 solis
2265 617 2548 682 aselveml.
2578 619 2725 688 fugit.
2755 621 2883 686 Qua:
2925 622 3153 675 libenter
3182 638 3301 677 eum
3342 629 3598 699 colligens,
3621 654 3785 705 provo-

585 722 791 765 tantum
828 712 1110 767 dominicis
1157 713 1402 768 laudibus
1442 712 1702 783 degebat,
1725 712 2159 767 substitueretur.
2264 715 2350 759 cal
2382 705 2424 773 ί,
2446 723 2813 780 equorumque
2838 714 3119 767 meliorum
3148 715 3363 785 deputat
3382 735 3495 776 esse
3522 730 3783 789 custodem.

580 802 967 858 Transohadus
1004 812 1181 859 autem
1213 806 1492 874 presbyter
1522 804 1741 873 epulum
1784 805 1836 858 in
1883 804 1995 870 ipsa
2032 803 2163 857 urbe
2264 797 2400 851 Hinc
2422 799 2532 868 jam
2562 802 2815 856 obsessus
2840 805 3093 872 vanitate,
3121 822 3185 861 ac
3204 812 3456 877 superbia:
3478 815 3688 883 deditus,
3712 837 3787 877 co.

582 891 794 949 clericis
848 905 1132 964 praparat.
1188 895 1559 951 Residentihus
1606 903 1785 950 autem
1839 893 1966 959 illis,
2024 908 2161 946 unus
2264 888 2507 944 mitatum
2534 893 2701 947 ambit
2740 892 3071 949 stabulorum
3108 894 3155 950 l.
3184 896 3299 964 Quo
3326 911 3553 970 accepto,
3595 921 3788 968 cunctos

583 987 1020 1058 presbyterorum
1051 988 1212 1056 capit
1232 987 1527 1043 antistitem
1560 986 1915 1042 memoratum
1940 984 2163 1055 impudi-
2264 976 2494 1049 ἀθερὶεἱι
2522 997 2585 1036 ac
2618 986 2919 1054 νοειροηὶις
2953 987 3164 1043 inﬂatur
3205 991 3365 1061 261
3398 996 3630 1063 vanitate,
3662 1000 3789 1056 luxu-

582 1077 661 1132 cis
717 1077 1087 1146 blaspltemare
1116 1086 1141 1113 ⁸
1177 1077 1556 1142 sermonibus;
1610 1087 1665 1134 et
1721 1092 1889 1148 usque
1935 1077 2001 1131 ad
2060 1076 2161 1131 hoc
2262 1067 2341 1123 ria
2381 1070 2715 1137 dissolvitur,
2740 1075 3030 1146 cupiditate
3067 1080 3425 1144 succenditur,
3455 1093 3505 1137 et
3549 1086 3597 1139 in
3640 1092 3793 1147 causis

583 1166 780 1236 erupit,
806 1177 862 1221 ut
882 1182 1004 1223 eum
1029 1168 1258 1223 delirum
1289 1179 1344 1223 et
1364 1168 1565 1223 fatuum
1598 1170 1920 1224 nominaret.
1947 1168 2073 1223 Ilaec
2094 1184 2129 1223 et

2262 1168 2498 1226 patrome
2535 1162 2782 1219 alumnus
2836 1168 3081 1236 proprios
3137 1168 3240 1224 huc
3293 1170 3516 1242 illucque
3560 1176 3787 1235 defertur.

582 1257 818 1322 dicente,
849 1259 1102 1327 pincerna
1126 1260 1376 1328 poculum
1400 1261 1680 1315 oblaturus
1706 1258 1942 1314 advenit.
1976 1261 2045 1314 At
2072 1260 2159 1314 ille
2263 1249 2430 1318 cuius
2460 1262 2581 1322 P051
2610 1255 2810 1311 οιιίιυιη
2835 1259 3064 1314 refertus
3087 1263 3487 1329 prmdisJucuut
3509 1267 3666 1336 ipsum
3691 1290 3791 1329 cum

585 1359 861 1415 acceptum
898 1349 1025 1404 dum
1057 1353 1135 1404 ori
1167 1350 1449 1417 proximat,
1483 1360 1715 1406 tremere
1742 1350 1927 1419 cmpit,
1956 1350 2160 1403 laxato-
2261 1357 2387 1432 rege
2441 1342 2756 1402 Chariherto
2804 1349 3001 1404 oblatis
3049 1352 3359 1407 muneribus
3409 1365 3580 1414 tenere
3632 1370 3790 1432 coepit.

579 1456 687 1510 que
717 1441 782 1495 de
808 1455 966 1495 manu
994 1440 1182 1510 calice,
1209 1455 1371 1510 super
1395 1442 1542 1496 illum
1568 1442 1678 1515 [ΑΙ.
1710 1440 1915 1513 alium],
1938 1442 2027 1511 qui
2056 1440 2157 1495 sibi
2259 1430 2529 1499 l’OSlllch.’
2564 1437 2795 1504 P0008135
2826 1440 3005 1508 Populi
3035 1440 3423 1511 ingruentibus,
3450 1459 3622 1503 comes
3647 1430 3793 1505 Turo-

578 1541 697 1587 erat
746 1533 1040 1603 proximus,
1074 1514 1234 1603 caput
1281 1514 1841 1601 reclinans,ireddidit
1879 1533 2129 1605 spiritum

2263 1522 2349 1577 nis
2400 1524 2717 1593 destinatur,
2759 1528 2941 1599 ibique
2986 1545 3044 1586 se
3092 1534 3322 1602 amplius
3371 1536 3582 1594 honoris
3606 1541 3793 1610 gloriosi

579 1624 890 1695 ablatusque
918 1624 987 1680 ab
1013 1626 1174 1695 epulo
1201 1625 1267 1681 ad
1308 1627 1611 1696 sepulcrum
1633 1667 1648 1693 ,
1679 1627 1840 1681 humo
1879 1636 2126 1681 contecto

2260 1616 2552 1684 supercilio
2594 1618 2793 1687 jactat;
2829 1620 2900 1675 ibi
2949 1636 3008 1677 se
3055 1622 3275 1679 exhibet
3329 1641 3565 1695 rapacem
3608 1632 3791 1699 prtedis,

580 1722 681 1767 est.
716 1713 959 1769 Posthzec
989 1715 1187 1769 relecto
1212 1722 1532 1769 testamento
1558 1714 1814 1769 antistitis
1837 1715 1889 1767 in
1918 1728 2127 1783 praesen

2263 1707 2529 1778 turgidum
2560 1710 2713 1777 rixis,
2732 1712 3012 1769 adulteriis
3030 1714 3351 1770 lutulentum
3372 1735 3385 1769 :
3404 1718 3486 1773 ubi
3513 1723 3793 1779 seminando

580 1806 652 1859 ria
675 1805 1001 1861 Cltildeberti
1027 1807 1167 1876 regis
1188 1821 1252 1861 ac
1282 1821 1562 1875 procerum
1586 1808 1724 1875 ejus,
1745 1805 2081 1861 Theodosius
2102 1805 2153 1869 τ’,
2184 1802 2233 1864 Β
2261 1797 2579 1866 discordias:
2636 1811 2689 1854 Cl
2743 1801 3022 1857 inferendo
3075 1806 3397 1875 calumnias,
3443 1825 3543 1863 non
3589 1816 3795 1870 modicos

577 1893 665 1961 qui
696 1904 820 1949 tunc
864 1895 1296 1950 arcltidiaeonatu
1328 1897 1477 1951 urbis
1519 1896 1660 1952 illius
1692 1897 2013 1966 potiebatur,
2041 1898 2125 1967 epi

2257 1886 2538 1943 thesauros
2584 1893 2910 1961 aggregavit.
2943 1893 3072 1947 Post
3115 1897 3319 1950 obitum
3371 1914 3495 1953 vero
3533 1902 3795 1959 Chariberti

574 1997 771 2051 scapus
792 1985 1071 2040 ordinatus
1101 1996 1203 2041 est.
2255 1993 2377 2033 cum
2408 1980 2461 2033 in
2494 1980 2741 2049 Sigiberti
2774 1991 2973 2038 sortem
3005 1986 3193 2041 civitas
3238 1988 3327 2041 illa
3361 1992 3602 2057 venisset,
3643 2005 3793 2049 trans-

647 2075 879 2131 XLVIII.
903 2077 1143 2132 Audiens
1174 2088 1196 2116 ο
1227 2087 1403 2132 autem
1435 2078 1771 2148 Cltilpericus
1797 2078 1974 2133 omnia
2014 2080 2129 2133 mal:

2260 2082 2421 2125 eunte
2446 2084 2511 2125 eo
2540 2071 2605 2125 ad
2637 2071 3016 2142 Chilpericum,
3047 2077 3226 2130 omnia
3258 2094 3379 2147 qua:
3421 2080 3592 2150 inique
3636 2099 3794 2154 aggre-

576 2183 695 2237 qua:
730 2169 957 2223 faciebat
988 2169 1277 2224 Lcudasles
1306 2171 1551 2224 ecclesiis
1586 2171 1889 2237 Turonicis,
1925 2179 1979 2226 et
2007 2186 2129 2226 omn

2253 2173 2537 2234 gaverat,a
2558 2166 2802 2222 fidelibus
2825 2170 3081 2224 nominati
3116 2174 3254 2237 regis
3284 2174 3489 2244 direpta
3518 2190 3650 2234 sunt.
3683 2181 3791 2235 Per-

576 2254 739 2326 260
788 2258 1003 2326 ροριιιο.
1047 2260 1411 2312 Ausoualdum
1444 2258 1469 2295 δ
1516 2260 1640 2313 illuc
1680 2259 1899 2329 dirigit:
1928 2262 2015 2329 qui
2058 2275 2150 2314 ve.
2254 2255 2483 2310 vadente
2536 2258 2695 2325 igitur
2742 2258 3042 2328 Chilperico
3090 2266 3213 2331 rtge
3266 2279 3363 2331 per
3407 2266 3793 2325 'l'heodobertuut

574 2346 726 2401 niens
766 2347 831 2400 ad
874 2345 1215 2401 festivitatem
1263 2348 1431 2401 sancti
1473 2348 1707 2416 Martini,
1737 2349 1861 2403 data
1913 2351 2068 2404 nobis
2097 2360 2152 2405 et
2251 2345 2418 2401 ﬁlium
2450 2348 2635 2402 urbem
2680 2348 3023 2419 Turottich,
3055 2368 3177 2406 cum
3201 2355 3316 2422 jatn
3347 2370 3445 2426 ego
3477 2359 3689 2415 Turonis
3715 2363 3791 2414 ad-

574 2437 771 2506 populo
815 2438 1053 2506 optione,
1101 2439 1393 2495 Eunomius
1444 2440 1496 2494 in
1543 2442 1853 2496 comitatum
1903 2442 2145 2511 erigitur.
2254 2438 2545 2507 venissem,
2578 2440 2706 2494 mihi
2753 2456 2783 2494 a
2823 2442 3194 2500 Tlteodoherto
3222 2458 3443 2503 strenue
3490 2454 3793 2506 commenda-

574 2525 813 2595 Denique
844 2527 1135 2583 Leudastes
1174 2544 1400 2584 cernens
1430 2545 1488 2586 se
1517 2541 1800 2597 remotum,
1834 2532 1899 2586 ad
1939 2530 2150 2602 Cttilpc-
2252 2541 2358 2599 tur,
2386 2541 2443 2585 ut
2465 2534 2675 2588 scilicet
2696 2536 2953 2589 comitatu
2985 2553 3141 2606 quem
3174 2541 3326 2607 prius
3350 2541 3597 2596 habuerat
3626 2545 3792 2611 potire-

573 2614 742 2669 ricum
790 2616 993 2685 dirigit,
1028 2617 1211 2673 dicens
1245 2636 1256 2672 :
1292 2619 1470 2689 Usque
1509 2636 1670 2688 nunc,
1695 2637 1729 2676 o
1754 2622 1986 2690 piissime
2028 2639 2146 2688 rem,
2252 2633 2356 2677 tur.
2387 2623 2604 2678 Multum
2650 2640 2710 2680 se
2740 2626 2904 2680 nobis.
2926 2630 3175 2683 humilem
3217 2632 3589 2702 subditumque
3631 2635 3791 2691 redde-

570 2703 836 2758 custodivi
878 2705 1146 2760 civitatem
1187 2706 1541 2775 Turonicam;
1576 2726 1715 2764 nunc
1745 2722 1919 2765 autem
1968 2728 2053 2766 me
2082 2712 2148 2766 ab
2250 2714 2357 2781 bat,
2384 2715 2571 2783 jurans
2599 2718 2794 2785 saapius
2826 2732 2989 2787 super
3014 2722 3325 2788 sepulcrum
3359 2726 3523 2779 sancti
3545 2726 3789 2791 autiStitis,

570 2788 784 2849 actione
814 2807 1043 2859 remoto,
1084 2797 1204 2853 vide
1243 2799 1467 2866 qualiter
1498 2802 1849 2859 custodiatur.
1883 2802 2013 2856 Nam
2046 2818 2143 2857 no-
2249 2820 2516 2876 tmnqnam
2542 2821 2600 2860 se
2627 2817 2809 2862 contra
2837 2810 3063 2864 rationis
3092 2812 3341 2867 ordinem
3369 2830 3486 2871 esse
3515 2827 3789 2882 venturum,

576 2886 721 2939 veris
748 2888 873 2955 quia
924 2885 1210 2957 Gregorius
1253 2891 1533 2959 cpiscopus
1574 2892 1784 2946 eamad
1818 2893 1978 2947 filium
2011 2893 2145 2962 8ἰεί-
2248 2917 2412 2969 seque
2436 2902 2586 2963 mihi.
2621 2910 2723 2956 tam
2748 2903 2798 2956 in
2822 2904 2995 2958 causis
3024 2905 3272 2974 propriis,
3310 2922 3467 2977 quam
3493 2910 3543 2961 in
3575 2910 3790 2963 Ecclesia!

574 2977 707 3029 berli
748 2976 960 3031 tradere
1003 2977 1253 3032 destillzll-
1289 2980 1437 3045 Quod
1483 2982 1703 3036 audiens
1743 2998 1862 3048 rex,
1895 2982 1968 3037 ait
1999 3002 2010 3037 ε
2043 2984 2146 3039 Νῡ-
2254 2995 2687 3057 necessitatibus,
2744 2994 2794 3048 in
2843 2996 3090 3050 ontuibus
3138 3012 3258 3052 esse
3309 2976 3538 3056 fidelem.
3582 2999 3791 3056 Timebat

570 3082 859 3136 quaquam,
891 3067 989 3123 sed
1017 3069 1139 3138 quia
1185 3078 1423 3124 remotus
1472 3085 1549 3135 es,
1583 3072 1702 3127 ideo
1736 3073 1850 3128 lucc
1898 3077 2141 3144 apponis.
2258 3086 2582 3154 cnim,quod
2613 3096 2795 3155 postea
2820 3086 3015 3151 evenit,
3043 3102 3109 3140 ne
3128 3088 3315 3142 urbem
3346 3090 3488 3144 illum
3515 3090 3689 3151 iterum
3716 3104 3791 3147 rex

572 3156 640 3210 ει
682 3156 817 3211 ille:
862 3157 1078 3225 hlajora,
1115 3160 1304 3229 inquit.
1349 3161 1415 3215 de
1461 3172 1511 3217 te
1554 3163 1627 3216 ait
1673 3164 1972 3231 episcopus.
2014 3168 2146 3221 Dicit
2174 3162 2225 3228 ο
2254 3178 2552 3247 Sigibertus
2602 3180 2651 3231 in
2694 3193 2849 3233 suum
2896 3179 3189 3233 dominium
3240 3189 3541 3235 revocaret.
3572 3179 3678 3247 Quo
3711 3178 3790 3233 de.

563 3247 711 3301 enim
744 3249 981 3317 reginam
1011 3259 1155 3303 tuam
1189 3251 1240 3305 in
1270 3253 1531 3309 adulterio
1561 3269 1681 3308 cum
1706 3257 1956 3326 episcopo
1990 3260 2139 3314 Bert-

566 3342 825 3395 ebramno
851 3342 1086 3397 misceri.
1120 3342 1271 3397 Tunc
1302 3347 1466 3399 iratus
1502 3361 1615 3411 rex,
1640 3362 1836 3403 caesum
1871 3351 2058 3420 pugnis
2088 3365 2139 3407 et

564 3429 820 3497 calcibus,
860 3441 1139 3487 oneratum
1176 3431 1319 3489 ferro
1369 3436 1565 3490 recludi
1600 3440 1851 3508 praecepit
1905 3442 1955 3495 in
2009 3457 2137 3496 car-

568 3536 716 3576 cere.

643 3613 827 3669 XLIX.
859 3615 1140 3687 Sedequia
1167 3618 1302 3673 liber
1333 3619 1491 3675 finem
1515 3623 1760 3690 postulat,
1795 3638 2012 3679 narrare
2040 3626 2137 3680 ali-

564 3722 669 3774 qua
697 3708 763 3763 de
789 3708 908 3778 ejus
936 3710 1233 3766 actionibus
1259 3713 1418 3779 libet;
1447 3714 1539 3768 sed
1571 3715 1718 3782 prius
1741 3714 1948 3769 videtur
1967 3732 2136 3785 genus

561 3811 625 3851 ac
669 3799 917 3866 patriam,
947 3815 1229 3871 moresque
1274 3803 1463 3871 ordiri.
1492 3803 1726 3859 Cracina
1764 3805 1781 3843 τ
1809 3800 2136 3863 Pictave'nsis

563 3886 736 3940 insula
770 3889 1047 3954 vocitatur,
1078 3890 1130 3943 in
1179 3905 1278 3960 qua
1316 3907 1347 3946 a
1388 3893 1586 3948 fiscalis
1627 3896 1869 3951 vinitoris
1901 3907 1927 3944 κ
1953 3912 2131 3966 servo,

565 3978 833 4035 Leocadio
872 3981 1106 4048 nomine,
1132 3984 1390 4038 nascitur.
1415 3984 1621 4041 Exinde
1647 3988 1713 4041 ad
1752 3990 2025 4044 servitium
2048 4005 2136 4045 ar-

562 4069 814 4136 cessitus,
844 4071 1035 4126 culina:
1082 4074 1241 4143 regia:
1286 4074 1592 4143 deputatur.
1640 4077 1745 4133 Sed
1798 4081 1917 4147 quia
1976 4079 2134 4149 lippis

567 4169 683 4214 erat
720 4160 774 4215 iu
820 4162 1177 4217 adolescentia
1228 4165 1419 4235 oculis,
1452 4168 1643 4236 quibus
1689 4168 1818 4224 fumi
1867 4173 2133 4228 acerbitas

567 4267 674 4305 non
704 4253 1049 4323 congruebat,
1074 4266 1282 4311 amotus
1303 4272 1331 4310 a
1361 4258 1557 4323 pistillo
1577 4274 1919 4328 promovetur
1944 4265 2009 4318 ad
2040 4280 2132 4320 co-

571 4341 792 4408 pliinum
819 4340 869 4397 δ.
901 4342 1003 4397 Sed
1036 4344 1160 4398 dum
1193 4346 1329 4400 inter
1359 4346 1701 4403 fermentatas
1732 4366 1933 4406 massas
1964 4369 2021 4408 se
2040 4355 2132 4410 de-

563 4434 746 4489 Iectari
791 4434 1132 4499 cousimulat,
1163 4437 1435 4490 servitium
1488 4439 1660 4507 fugam
1714 4440 1887 4495 iniens
1935 4442 2130 4500 dereli-

2243 3268 2446 3335 funrto,
2480 3268 2801 3323 succedente
2826 3270 3014 3323 iterum
3048 3268 3359 3337 Chilperico
3382 3269 3432 3323 in
3455 3283 3684 3339 regnum,
3710 3268 3792 3322 iste

2241 3360 2297 3414 in
2346 3363 2654 3415 comitatum
2705 3361 2934 3417 accedit.
2970 3361 3305 3417 Adveniente
3360 3372 3536 3417 autem
3588 3359 3790 3416 Turonis

2244 3451 2590 3516 Merovwbo,
2620 3467 2808 3507 omnes
2855 3467 2939 3506 tes
2983 3452 3099 3522 ejus
3148 3467 3533 3523 usquequaque
3580 3452 3790 3518 diripuit.

2238 3541 2344 3597 Sed
2375 3542 2499 3595 dum
2521 3541 2817 3611 Sigibertus
2849 3541 2981 3596 duos
2998 3556 3166 3595 annos
3189 3541 3427 3597 Turonis
3452 3540 3632 3605 tenuit,
3661 3538 3789 3593 hicin

2242 3633 2529 3686 Britanniis
2557 3633 2728 3687 latuit.
2747 3633 2846 3698 Qui
2873 3641 3170 3702 assumpto,
3187 3646 3239 3687 ut
3269 3634 3526 3689 diximus.
3544 3631 3789 3693 comitatu,

2238 3724 2291 3777 in
2320 3724 2409 3777 tali
2442 3724 2654 3787 levitate
2698 3725 2868 3778 elatus
2897 3734 3001 3789 est,
3033 3734 3087 3778 ut
3118 3726 3166 3777 in
3199 3725 3366 3780 dotno
3412 3724 3649 3780 ecclesia:
3683 3735 3788 3776 cum

2241 3814 2548 3869 thoracibus
2579 3824 2737 3883 atque
2763 3815 2965 3879 loricis,
2995 3817 3319 3884 praecinctus
3343 3816 3592 3885 pharetra
3613 3824 3663 3870 et
3682 3828 3792 3868 con-

2239 3912 2350 3957 tum
2394 3918 2553 3959 manu
2602 3919 2815 3973 gerens,
2848 3904 3024 3971 capite
3070 3906 3282 3972 galeato
3327 3906 3709 3975 ingrederetur,
3735 3900 3793 3954 de

2238 3996 2384 4051 nullo
2411 4011 2657 4063 securus,
2686 3997 2807 4065 quia
2836 3997 3084 4050 omnibus
3112 4004 3227 4050 erat
3255 3996 3522 4052 adversus
3548 3994 3599 4048 ι.
3626 3994 3730 4049 Jam
3752 3991 3791 4047 si

2236 4088 2289 4142 in
2322 4086 2524 4157 judicio
2554 4101 2674 4141 cum
2704 4086 3024 4149 senioribus,
3054 4086 3136 4140 vel
3169 4086 3345 4150 laicis,
3385 4086 3470 4141 vel
3498 4084 3697 4140 clericis
3720 4095 3788 4135 re-

2234 4179 2480 4245 sedisset,
2506 4186 2561 4233 et
2609 4177 2832 4232 vidisset
2872 4176 3140 4231 hominem
3186 4177 3458 4245 justitiam
3489 4185 3791 4245 prosequenc

2237 4281 2364 4337 tem,
2400 4270 2635 4340 protinus
2664 4271 2919 4339 agebatur
2952 4270 3005 4322 in
3037 4267 3223 4334 furias,
3275 4270 3532 4324 ructabat
3574 4264 3786 4321 convicia

2236 4361 2288 4414 iu
2312 4358 2487 4423 cives;
2519 4358 2859 4429 presbyteros
2906 4358 3130 4412 manicis
3156 4358 3385 4427 jubebat
3416 4355 3639 4420 extrahP,
3670 4350 3787 4407 mili-

2237 4460 2317 4507 tes
2340 4449 2563 4505 fustibus
2594 4450 2861 4505 verberari
2880 4465 2895 4514 ;
2914 4458 3163 4517 tantaque
3189 4450 3440 4503 utebatur
3469 4445 3786 4506 crudelitate,

560 4525 693 4593 quit.
724 4528 973 4594 Cumque
1003 4524 1084 4580 his
1128 4535 1221 4581 aut
1265 4528 1425 4582 tertio
1469 4531 1719 4586 reductus
1745 4546 1773 4585 a
1804 4533 1939 4604 fuga:
1980 4536 2128 4606 lapsu
2160 4519 2212 4580 D
2240 4553 2294 4596 ut
2335 4543 2421 4596 vix
2448 4542 2636 4598 referri
2665 4539 2682 4579 1
2728 4540 2919 4609 possit.
2956 4540 3273 4594 Diseedente
3301 4541 3469 4609 262
3498 4550 3665 4591 autem
3693 4533 3786 4588 Ile-

566 4615 730 4668 teneri
781 4630 885 4667 non
936 4626 1144 4684 posset,
1172 4618 1315 4671 auris
1346 4620 1503 4673 unius
1534 4621 1788 4677 incisione
1818 4627 2127 4686 mulctatur.

564 4704 763 4757 Dehine
803 4720 923 4758 cum
975 4718 1152 4762 notam
1186 4709 1440 4766 iullictam
1470 4715 1680 4782 corpori
1714 4716 1957 4772 occulere
1986 4721 2128 4773 nulla

631 4871 653 4897 '-
677 4860 808 4914 Iline
835 4871 952 4944 nata
984 4878 1084 4917 vox
1117 4876 1293 4944 nostra
1320 4866 1520 4944 Gallica
1552 4872 1761 4944 hldmer,
1784 4890 1903 4944 quae
1936 4876 2020 4933 hic
2042 4889 2124 4934 est

558 4940 785 5017 et‘saepe
831 4931 985 4997 alias,
1018 4934 1154 5001 apud
1183 4935 1521 5006 Gtegoriunt,
1563 4941 1717 5010 hujus
1748 4931 1892 5000 vocis
1920 4931 2124 5017 signili;

557 5004 718 5053 ratio.

629 5070 654 5108 ι»
689 5068 1179 5145 ltogm.._’[hcodus.
1212 5072 1287 5127 De
1328 5074 1426 5128 hoc
1453 5084 1508 5130 et
1536 5079 1655 5133 aliis
1686 5082 1770 5137 hic
1812 5089 2124 5145 memoratis

557 5142 647 5193 lib.
684 5156 750 5203 vt,
777 5156 875 5209 cap
903 5140 995 5195 38.

630 5221 652 5247 ο
689 5210 846 5264 DeeSt
869 5210 968 5263 hoc
995 5221 1150 5277 caput
1181 5211 1232 5263 in
1258 5212 1412 5265 Corb.

630 5276 652 5313 δ
688 5281 897 5345 ιιρςιηη
930 5276 1265 5334 Ausonidum.
1384 5323 1392 5329 .

632 5357 654 5383 ε
689 5350 997 5428 ltuecaput,
1016 5352 1154 5428 quod
1189 5352 1241 5404 in
1264 5351 1535 5428 plerisque
1562 5356 1762 5428 codd.a
1785 5364 2120 5428 prtecedenle

534 5424 660 5497 noti
686 5418 1054 5497 distinguitur,
1085 5422 1311 5497 «πραθείη
1336 5418 1494 5497 (lori).
1529 5436 1583 5497 et
1608 5425 1761 5481 Colb.

630 5486 644 5523 t
684 5486 877 5570 κυδίδης
916 5498 978 5570 ει
1022 5490 1175 5570 Ibid,
1220 5488 1463 5570 Grnéinq.
1513 5496 1778 5570 alteserra
1834 5503 2112 5570 legendum

550 5566 880 5634 Pete-cett-s‘t-fl
908 5556 1155 5634 (fragino,
1170 5578 1274 5629 quo
1295 5563 1507 5616 nomine
1524 5556 2113 5634 designareturglladina

549 5626 742 5701 ittsula,
776 5625 876 5701 i‘ile
902 5628 964 5701 de
998 5629 1068 5701 fle
1128 5625 1201 5683 ut'
1227 5634 1438 5700 scripsit
1474 5625 1712 5701 Papirius
1746 5625 2113 5701 Massonusﬂitﬁt

547 5697 904 5762 descriptione
920 5695 1211 5752 ﬂuviorum.
1237 5695 1368 5755 Iline
1392 5695 1627 5758 Valesius
1657 5709 1832 5763 mallet
1865 5712 1963 5783 legi
1987 5695 2112 5769 Crit:

2236 4631 2487 4698 rovecho,
2518 4633 2604 4701 qui
2642 4645 2728 4685 res
2759 4629 2874 4699 ejus
2913 4629 3225 4696 diripuerat,
3258 4629 3420 4682 nobis
3462 4626 3787 4682 calumniator

2233 4725 2431 4788 existit,
2450 4737 2696 4778 asserens
2724 4720 2984 4776 fallaciter
3012 4720 3395 4777 Merovecltutn
3420 4729 3602 4775 nostro
3645 4728 3781 4770 usnm

2232 4881 2338 4933 tina
2374 4888 2464 4933 aut
2500 4879 2706 4933 Ratina.
2738 4876 2873 4932 Olim
2904 4876 3181 4932 dicebatur
3211 4876 3387 4932 Herus
3413 4891 3511 4941 seu
3544 4873 3695 4928 Herio
3718 4873 3783 4924 io-

2231 4951 2382 5022 sula,
2403 4964 2520 5022 qua:
2546 4964 2655 5022 ora:
2686 4947 2979 5022 Pl‘ctavensi
3012 4948 3239 5022 adjaeet.
3412 5016 3432 5022 Δ
3535 5014 3565 5022 ,Α
3672 5012 3683 5022 _

2304 5029 2327 5063 ti
2359 5014 2512 5083 Ball”
2544 5035 2575 5071 a
2604 5018 2790 5085 ﬁscalis
2821 5014 3091 5071 mttltorisa
3126 5017 3344 5086 Begm.,
3392 5014 3589 5086 [iaculis
3638 5014 3783 5065 vineta

2227 5106 2387 5142 servo.

2304 5157 2327 5234 ξι
2356 5159 2411 5234 _ld
2441 5170 2542 5222 est,
2568 5173 2597 5212 e
2621 5171 2791 5225 coquo
2825 5156 2877 5207 ﬁt
2899 5154 3126 5234 pistor.”
3184 5225 3218 5234 Α
3396 5224 3430 5234 η
3466 5224 3479 5234 _
3554 5223 3565 5234 _

2306 5226 2319 5265 ί
2356 5228 2409 5280 Id
2440 5242 2541 5292 ρει,
2562 5224 2855 5294 promovet,
2875 5234 3011 5279 utex
3040 5225 3157 5278 aliis
3179 5224 3431 5294 Gregorii
3466 5224 3601 5277 locis
3626 5226 3775 5294 patet.

2302 5297 2316 5346 l
2358 5291 2784 5351 Comes'stabuli
2814 5310 3068 5363 equorum
3102 5291 3359 5363 principis
3407 5307 3592 5363 curam
3639 5291 3780 5342 habeo

2227 5366 2338 5432 bat,
2369 5382 2487 5432 qua:
2516 5366 2745 5434 dignitas
2775 5360 2955 5435 postea
2989 5360 3231 5435 utilitatis
3257 5360 3428 5425 facta,
3454 5362 3672 5435 multum
3708 5372 3782 5435 ar-
3816 5410 3819 5411 ,

2225 5430 2410 5489 crevit.
2422 5434 2544 5503 Ejus
2561 5430 2737 5487 munia
2760 5443 2815 5488 et
2837 5434 3162 5487 incrementa
3190 5433 3307 5486 fuse
3328 5432 3554 5502 exponit
3571 5430 3783 5495 Caogius

2226 5506 2277 5558 in
2311 5503 2600 5566 Glossario,
2633 5503 2770 5572 quod
2809 5505 3092 5557 censulere
3120 5503 3391 5558 neminem
3426 5516 3658 5571 unquam
3687 5508 3782 5565 ιιιι·

2226 5575 2432 5629 ttilebil.

2298 5643 2318 5679 ¹⁶
2365 5643 2580 5711 Regm.,
2623 5646 2925 5695 contrarius.
2960 5642 3119 5698 Nam.

2298 5714 2317 5750 ³
2361 5714 2501 5768 Ideni
2527 5714 2715 5777 codex,
2746 5716 2827 5765 vix
2854 5718 2986 5781 [errr
3013 5714 3191 5780 possit.
