3974 6174
213 404 314 462 36⁸5

1132 404 1447 460 HISTORIA
1486 399 1936 481 .It‘l‘lANthRde.
1982 400 2181 454 LIBER
2223 402 2540 468 QL'INTUS.

3366 405 3471 468 ,ςιιδ

210 522 454 588 consilio,
484 529 544 576 ut
571 535 655 576 res
679 520 794 590 ejus
824 520 1075 575 anterret.
1108 518 1214 575 Sed
1249 531 1367 590 post
1395 521 1535 575 illata
1567 524 1782 582 damna,
1818 518 1861 573 Λ
1892 513 2105 569 Pascbac
2133 517 2183 570 in
2216 526 2415 571 tantum
2450 534 2536 574 me
2561 516 2822 576 conviciis
2845 529 2899 577 ct
2927 513 3097 592 sptl’tis
3126 524 3260 596 egit,
3303 536 3360 581 ut
3386 529 3477 583 vix

211 614 367 667 iterat
397 612 593 666 iterum
626 619 984 673 sacramenta,
1004 612 1306 680 pallamque
1336 622 1361 648 ἰ
1391 613 1620 681 sepulcri
1653 612 1791 666 beati

220 703 433 755 Martini
481 701 847 770 tidejussorem
880 703 1060 767 donat,
1088 717 1146 756 se
1191 702 1343 757 nobis
1388 718 1654 773 nunquam
1698 704 1793 757 ad-

218 805 582 847 versaturum.

282 884 343 936 L.
374 882 483 939 Sed
516 881 545 922 δ
572 886 818 951 quoniam
852 885 1061 955 longum
1102 896 1183 941 est
1213 902 1307 955 per
1336 887 1576 941 ordinem
1606 902 1790 956 prose—

209 976 293 1044 qui
326 974 565 1046 perjuria
602 976 678 1030 vel
710 976 908 1044 reliqua
934 977 1068 1030 mala
1089 976 1229 1047 ejus,
1251 980 1527 1032 veniamus
1548 978 1611 1032 ad
1638 978 1786 1043 illud,

211 1066 441 1133 qualiter
472 1083 558 1121 me
592 1068 754 1122 voluit
785 1068 978 1137 iniquis
1009 1084 1070 1121 ac
1104 1070 1317 1123 nefariis
1357 1070 1636 1123 calumniis
1665 1084 1793 1136 sup-

214 1159 480 1226 plantare,
510 1159 594 1213 vel
626 1161 856 1227 qualiter
880 1164 929 1212 in
958 1176 1078 1214 eum
1107 1162 1237 1213 ultio
1276 1161 1452 1216 divina
1494 1162 1787 1227 descendit,

212 1259 263 1301 ut
293 1249 424 1301 illud
453 1249 839 1319 adimpleretur
866 1267 880 1305 :
914 1251 1091 1304 Omnis
1118 1253 1450 1318 supplantans
1491 1254 1791 1320 supplanta-

210 1343 340 1392 bim‘
377 1339 596 1407 (Jerem.
644 1355 732 1405 nt,
760 1340 850 1408 4);
893 1352 944 1396 et
974 1343 1197 1403 iterum,
1250 1343 1351 1411 Qui
1387 1343 1517 1411 [odit
1562 1345 1788 1412 foveam,

212 1432 399 1484 inridet
438 1432 493 1484 in
537 1448 645 1484 eam
694 1432 872 1498 (Prov.
919 1450 1075 1500 xxvi,
1115 1434 1229 1504 ΕΠ).
1276 1434 1438 1505 igitur
1484 1445 1599 1503 post
1630 1437 1790 1489 multa

212 1524 343 1574 mala
386 1538 510 1590 qua:
552 1524 604 1574 in
649 1538 735 1577 me
783 1540 1034 1593 meosque
1066 1526 1267 1588 intulit,
1320 1538 1436 1593 post
1474 1525 1668 1579 multas
1707 1527 1790 1579 di-

214 1614 484 1680 reptiones
516 1630 693 1667 rerum
725 1617 1240 1680 ecclesiasticarum,
1273 1616 1525 1684 adjuncto
1553 1616 1655 1669 sibi
1702 1616 1791 1669 Ri-

213 1705 347 1757 cutio
403 1706 757 1776 presbytero,
809 1706 969 1759 simili
1016 1708 1217 1760 malitia
1254 1722 1536 1771 perverso,
1581 1706 1647 1759 ad
1690 1706 1790 1762 ltoc

209 1799 385 1864 erupit
431 1809 486 1849 ut
525 1799 728 1853 direret
759 1814 842 1851 me
889 1803 1089 1853 crimen
1122 1800 1173 1851 in
1209 1798 1608 1869 Fredegundem
1655 1800 1791 1867 regi-

1896 607 2137 661 manibus
2170 617 2517 677 temperaret,
2554 611 2688 667 (idus
2713 614 2919 668 scilicet
2946 614 3051 669 doli
3080 630 3235 685 quem
3260 631 3470 687 prmpa-
3552 668 3555 671 .

1895 708 2121 751 raverat.
2168 699 2223 777 In
2246 700 2474 755 crastina
2503 713 2678 757 autem
2710 704 2818 768 die,
2849 705 2900 759 id
2930 715 3012 760 est
3038 707 3244 762 sabbati
3271 709 3326 763 in
3354 709 3470 779 ipso

1894 787 2116 853 Pascha,
2150 791 2293 843 venit
2321 790 2610 848 Leudastes
2638 794 2689 846 in
2722 796 2905 849 urbem
2937 796 3280 865 Turonicam,
3326 800 3466 854 τιδεί-

1895 879 2206 948 mutatisque
2244 882 2385 935 aliud
2429 884 2697 954 negotium
2737 902 2923 955 agere,
2952 889 3317 958 appreliensos
3346 890 3468 947 Pla-

1895 977 2070 1022 tonem
2112 971 2541 1028 arrbidiaconem
2587 985 2641 1030 et
2670 975 2967 1033 Gallienum
2998 981 3049 1034 iu
3090 982 3296 1036 vincula
3338 996 3469 1037 cou-

1893 1060 2083 1124 nectit;
2134 1074 2514 1134 catenatosque
2557 1082 2617 1121 ac
2657 1079 2845 1123 exutos
2888 1081 3038 1126 veste
3071 1072 3222 1141 jubet
3267 1088 3361 1128 eos
3399 1074 3466 1127 ad

1892 1152 2129 1223 reginam
2159 1154 2368 1213 deduci.
2408 1158 2530 1212 lla-c
2552 1175 2649 1227 ego
2674 1163 2915 1225 audiens,
2947 1164 3072 1217 dum
3116 1165 3166 1218 in
3196 1164 3356 1219 domo
3380 1180 3469 1221 cc-

1891 1242 2069 1294 clesite
2092 1244 2381 1299 residerem
2411 1261 2651 1314 mmstus,
2678 1251 3024 1323 turbatusque
3047 1254 3316 1323 ingres-us
3340 1271 3467 1309 ora-

1892 1336 2118 1402 torium,
2152 1337 2386 1394 Davidici
2418 1344 2672 1397 carminis
2701 1359 2857 1398 sumo
2896 1346 3121 1413 librum,
3170 1357 3228 1402 ut
3267 1349 3470 1404 scilicet

1892 1436 2108 1492 apertus
2138 1414 2391 1498 aliquem.
2416 1435 2795 1489 consolationis
2834 1439 3156 1493 versiculum
3196 1440 3362 1495 daret.
3406 1440 3466 1494 in

1891 1529 1995 1583 quo
2028 1518 2096 1570 ita
2140 1531 2410 1588 repertum
2444 1532 2525 1576 est
2552 1539 2568 1577 :
2597 1522 2796 1578 Eduxit
2822 1543 2910 1581 eos
2954 1526 3006 1581 in
3032 1544 3157 1595 spe,
3200 1536 3249 1583 et
3278 1546 3377 1583 non
3399 1531 3468 1583 ti-

1892 1616 2125 1663 muerunt
2158 1627 2178 1665 :
2215 1622 2260 1665 et
2302 1615 2535 1669 inimicos
2579 1634 2752 1671 eorum
2800 1622 2997 1686 aperuit
3048 1638 3188 1676 mare
3228 1622 3463 1694 (Psalm.

1893 1715 2095 1759 Lxxvn.
2130 1704 2238 1769 53).
2286 1706 2487 1760 Interea
2534 1709 2752 1778 ingressi
2782 1711 2833 1764 iu
2874 1712 3097 1767 ﬂuvium
3133 1730 3294 1783 super
3332 1730 3465 1784 pou-

1895 1800 1997 1843 tetn
2030 1794 2115 1859 qui
2142 1793 2350 1849 duabus
2377 1796 2622 1851 lintribus
2651 1801 2928 1856 tenebatur
2947 1848 2960 1869 ,
3008 1806 3155 1857 navis
3184 1804 3301 1869 illa,
3345 1822 3464 1873 quae

212 1904 326 1942 nam
369 1890 577 1944 dixise
603 1907 615 1941 :
640 1905 884 1943 asserens
912 1891 954 1943 si
986 1891 1391 1945 archidiaconus
1422 1906 1571 1943 meus
1614 1890 1786 1958 Plato,
1822 1880 1868 1938 Β
1897 1879 2209 1936 [ιθυάῦδῑεηι
2237 1886 2479 1952 vehebat.
2508 1887 2854 1957 demergilur.
2882 1902 2931 1945 et
2968 1892 3066 1946 ni~i
3096 1895 3250 1947 nandi
3282 1895 3469 1954 fuisse!

213 1990 294 2031 aut
339 1980 623 2034 Gallienus
654 1990 678 2018 ε
709 1983 911 2035 amicus
958 1990 1170 2045 noster,
1203 1982 1556 2036 subderentur
1581 1996 1753 2050 penne
1774 2020 1788 2045 ,

214 2074 595 2128 convincerent
628 2089 711 2129 me
744 2077 922 2144 utique
954 2075 1065 2127 haec
1096 2076 1347 2129 locutum.
1383 2075 1529 2129 Tunc
1560 2090 1648 2128 rex
1685 2074 1789 2126 ira-

215 2177 315 2229 tus,
353 2179 413 2219 ut
444 2183 605 2236 supra
648 2168 878 2221 diximus
908 2167 1045 2239 (cap.
1073 2167 1196 2239 48),
1236 2169 1395 2237 jussit
1439 2185 1558 2221 eum
1602 2168 1789 2238 pugnis

213 2259 556 2326 ealcibusque
583 2272 800 2323 caesmu,
830 2270 1104 2313 oneratum
1132 2260 1333 2313 catenis
1362 2260 1560 2314 recludi
1590 2259 1641 2312 in
1673 2276 1788 2314 car-

214 2364 415 2403 cerem.
450 2348 581 2402 Nam
612 2348 872 2403 Ricullutu
903 2349 1150 2404 clericum
1175 2347 1200 2385 ἀ
1232 2366 1289 2404 se
1335 2350 1530 2404 habere
1556 2350 1787 2416 dicebat,

215 2455 303 2505 per
343 2456 507 2509 quem
561 2442 675 2495 inec
722 2441 929 2495 locutus
975 2439 1180 2500 fuisset.
1228 2440 1326 2496 Hic
1379 2457 1505 2497 vero
1551 2441 1790 2497 Rieullus

215 2533 612 2601 subdiaconus,
663 2533 821 2587 simili
872 2534 1083 2587 levitate
1125 2534 1428 2601 perfacilis,
1477 2542 1601 2587 ante
1649 2534 1791 2588 hunc

214 2638 412 2675 annum
449 2633 473 2659 ε
516 2624 740 2677 consilio
778 2639 894 2678 cum
945 2624 1206 2680 Leudaste
1255 2624 1322 2679 de
1367 2626 1464 2680 bac
1492 2642 1653 2681 causa
1698 2628 1790 2680 lia-

215 2714 344 2778 bito,
381 2730 575 2769 causas
617 2716 923 2771 offensionis
955 2720 1209 2787 requirit,
1251 2721 1439 2785 quibus
1469 2720 1673 2774 scilicet
1704 2736 1790 2775 mc

216 2806 417 2860 offenso
447 2808 515 2859 ad
562 2807 875 2862 LeudaStem
909 2812 1190 2871 transiret;
1246 2821 1533 2879 nactusque
1574 2810 1785 2865 tandem

215 2898 387 2964 ipsum
417 2899 603 2959 adivit,
634 2914 696 2951 ac
741 2914 833 2967 per
864 2915 1071 2954 menses
1101 2912 1327 2971 quatuor
1369 2903 1503 2955 dolis
1543 2903 1788 2957 omnibus

216 3004 273 3039 ac
304 2989 621 3054 nittseipulis
647 2992 979 3057 pra-paratis,
1014 2992 1077 3045 ad
1123 3007 1206 3045 me
1232 3008 1349 3045 cum
1383 2994 1496 3060 ipso
1529 2994 1789 3048 Leudaste

215 3080 530 3144 revertitur,
562 3079 854 3149 deprecans
879 3090 935 3133 ut
964 3098 1082 3135 eutn
1110 3082 1331 3137 debeam
1366 3084 1601 3152 recipere
1626 3098 1787 3138 excu-

215 3178 411 3223 satum.
450 3169 607 3233 Feci,
649 3168 835 3235 lateor,
878 3182 926 3225 et
958 3174 1219 3227 occultum
1252 3173 1455 3228 liOStem
1488 3173 1699 3244 publice
1735 3175 1786 3230 in

1892 1972 2215 2026 adminiculo
2247 1976 2525 2041 liberatis,
2558 1994 2678 2033 cum
2721 1983 2880 2035 sociis
2913 1983 3131 2037 forsitan
3172 1986 3465 2042 interisset.

1891 2060 2047 2116 Navis
2069 2079 2193 2118 vero
2219 2065 2341 2131 alia,
2368 2082 2486 2136 qua:
2515 2070 2635 2123 huic
2666 2070 2857 2124 innexa
2883 2084 3015 2140 erat,
3040 2090 3159 2145 qua:
3180 2086 3233 2130 et
3261 2076 3467 2132 vinctos

1891 2155 2143 2220 vehebat,
2172 2173 2329 2226 super
2372 2174 2565 2228 aquas,
2617 2161 2708 2217 Dei
2739 2165 2973 2231 auxilTo,
3016 2168 3272 2222 elevatur.
3304 2169 3468 2239 lg'tnr

1892 2245 2102 2299 deducti
2137 2249 2199 2299 ad
2246 2262 2422 2317 regem
2453 2251 2540 2318 qui
2574 2253 2729 2306 vincti
2765 2254 3007 2321 fuerant,
3053 2246 3359 2313 incusautu'r
3384 2260 3466 2313 in-

1891 2348 2122 2403 stauter,
2153 2348 2208 2392 ut
2236 2341 2445 2410 capitali
2475 2346 2733 2399 sententia
2777 2347 3071 2402 iitiireutur.
3110 2349 3211 2404 Sed
3245 2366 3335 2405 rex
3375 2367 3463 2406 re-

1890 2428 2149 2498 cogitans,
2178 2431 2451 2486 absolutos
2480 2448 2507 2486 a
2536 2436 2742 2488 vinculo
2772 2437 2823 2491 iu
2865 2437 3028 2493 libera
3062 2440 3299 2495 custodia
3330 2452 3355 2489 ε
3383 2459 3465 2499 rc-

1889 2530 2066 2573 servat
2096 2522 2311 2576 illaesos.
2346 2525 2423 2577 Ad
2467 2526 2733 2581 civitatem
2779 2545 2905 2583 vero
2933 2529 3252 2585 Turonicam
3283 2532 3465 2588 Berol-

1892 2610 1973 2664 fus
2002 2612 2103 2664 dux
2132 2609 2160 2647 δ
2190 2628 2307 2666 eum
2336 2615 2596 2670 Eunumio
2622 2620 2817 2673 comite
2850 2621 3076 2674 fabulam
3107 2622 3272 2694 lingit,
3324 2626 3465 2695 quod

1890 2702 2323 2758 Gnntcliramnus
2364 2721 2453 2760 rex
2485 2723 2679 2775 capere
2722 2712 2881 2765 vellet
2909 2711 3227 2767 Turonicam
3270 2715 3463 2770 citita-

1893 2803 2034 2859 teui;
2082 2805 2137 2850 et
2188 2797 2383 2851 ideirco
2430 2816 2495 2854 ne
2540 2800 2714 2871 aliqua
2774 2803 3091 2875 negligentia
3137 2807 3461 2864 accederet:

1891 2886 2054 2957 264,
2082 2888 2331 2955 Oportet,
2375 2891 2479 2956 ait,
2514 2892 2693 2947 urbem
2724 2895 2960 2948 custodia
2988 2897 3310 2969 consignari.
3359 2900 3463 2956 P04

1892 2992 2023 3033 nunt
2067 2981 2231 3049 portis
2262 2982 2442 3037 dolose
2471 2985 2719 3038 custwdes
2739 3026 2753 3050 ,
2797 2987 2882 3055 qui
2916 2987 3181 3043 civitatem
3215 2991 3349 3043 tueri
3378 3006 3466 3045 as.

1890 3076 2225 3139 simulantes,
2256 3090 2341 3129 me
2370 3076 2547 3145 utique
2575 3080 2923 3132 custodirent.
2957 3081 3172 3135 Mittunt
3194 3083 3353 3137 etiam
3378 3078 3465 3153 qui

1892 3168 2019 3221 mihi
2064 3169 2345 3223 eoosilium
2395 3171 2797 3241 ministrarent,
2850 3182 2907 3225 ut
2936 3174 3142 3230 occulte
3180 3178 3467 3247 assumptis

216 3263 433 3315 domum
479 3264 708 3329 suscepi.
756 3264 1067 3321 Discedente
1096 3282 1220 3320 vero
1251 3266 1510 3322 Leudaste
1530 3309 1544 3331 ,
1579 3268 1691 3336 ipse
1732 3284 1789 3324 se
1816 3240 1860 3300 Ο
1894 3256 2204 3315 melioribus
2235 3261 2391 3316 rebus
2417 3263 2658 3317 ecclesia:
2683 3304 2699 3327 ,
2748 3266 3045 3320 Arvernum
3093 3264 3214 3338 fuga
3245 3269 3467 3325 secede-

220 3354 447 3417 pedibus
474 3356 605 3408 meis
633 3356 856 3421 sternit,
899 3355 1081 3411 dicens
1106 3375 1121 3410 :
1150 3357 1257 3411 Nisi
1290 3373 1570 3413 succurras
1598 3361 1789 3415 veloci-

222 3453 318 3507 ter,
354 3444 622 3512 periturus
652 3461 793 3498 sum.
830 3446 985 3513 Ecce,
1019 3447 1301 3517 instigante
1332 3450 1610 3516 Leudaste,
1645 3453 1791 3506 locu-

221 3543 301 3587 tus
330 3550 453 3588 sum
493 3536 631 3602 quod
665 3537 805 3604 loqui
852 3554 954 3591 non
985 3539 1163 3593 debui.
1202 3540 1352 3595 Nunc
1383 3558 1509 3597 vero
1546 3544 1665 3598 aliis
1705 3560 1791 3600 mc

222 3626 402 3693 regnis
449 3627 662 3691 emitte;
695 3630 833 3696 quod
885 3630 983 3682 nisi
1018 3630 1239 3694 feceris,
1272 3648 1301 3685 a
1332 3634 1594 3699 regalibus
1638 3650 1786 3690 com-

225 3720 550 3783 prehensus,
602 3721 853 3773 mortales
884 3735 1066 3786 pinnas
1107 3736 1221 3776 ειιιη
1268 3724 1515 3780 luiturus.
1559 3724 1654 3781 Cui
1693 3743 1791 3795 ego

222 3810 304 3861 aio
339 3808 437 3862 :Si
480 3810 602 3877 quid
653 3810 999 3879 incongruum
1045 3813 1234 3867 rationi
1282 3815 1467 3869 effatus
1496 3831 1584 3882 es,
1614 3832 1791 3873 Sermo

223 3910 342 3954 tuus
378 3900 426 3953 in
455 3909 618 3970 caput
647 3910 792 3954 tuum
822 3903 956 3967 erit;
990 3918 1109 3956 nam
1140 3919 1237 3971 ego
1266 3904 1417 3959 alteri
1448 3908 1607 3977 263
1638 3918 1688 3962 te
1715 3924 1791 3963 re-

223 4007 326 4059 gno
368 4008 475 4046 non
504 3994 707 4046 mittam
731 4034 744 4057 ,
790 4008 856 4046 ne
884 4006 1160 4061 suSpcctus
1204 3994 1399 4049 habear
1433 4012 1611 4050 coram
1645 4012 1786 4067 rege.

225 4080 347 4133 l'ost
380 4082 478 4136 ista
512 4082 803 4135 Lcudastes
831 4084 1030 4137 eXstitit
1058 4094 1336 4139 accusator
1362 4086 1497 4154 ejus,
1523 4087 1706 4142 dicens
1731 4104 1792 4144 se

220 4186 498 4226 sermones
534 4172 645 4242 jam
684 4172 858 4228 dictos
897 4188 925 4226 a
954 4173 1161 4229 Rieulto
1196 4175 1406 4229 audisse
1442 4176 1789 4233 subdiacono.

218 4266 287 4315 At
320 4263 408 4317 ille
448 4266 636 4318 iterum
670 4265 907 4327 vinctus,
954 4266 1189 4319 relaxato
1218 4267 1505 4333 Leudaste,
1535 4272 1793 4326 custodia:

217 4352 543 4421 deputatur,
572 4354 754 4408 dici'ns
779 4355 1077 4409 Gallienum
1110 4358 1292 4410 eadem
1320 4357 1406 4411 die
1435 4369 1487 4411 et
1520 4359 1791 4415 Platonem

218 4447 652 4501 archidiaeouem
681 4444 892 4501 (fuisse
925 4459 1209 4515 praesentes
1230 4489 1245 4513 ,
1277 4464 1395 4503 eum
1439 4454 1552 4505 hate
1577 4461 1657 4506 est
1682 4454 1807 4521 epi-.

219 4551 417 4605 scopas
466 4537 726 4593 elocutus.
778 4538 882 4591 Sed
924 4538 1160 4591 Ricullus
1199 4540 1510 4610 presbyter,
1559 4544 1647 4609 qui
1682 4543 1791 4611 jam

224 4627 632 4695 promissionem
663 4627 728 4680 de
755 4628 1063 4696 episcopatu
1090 4644 1118 4680 a
1151 4628 1412 4684 Leudaste
1454 4632 1709 4698 habebat,
1742 4633 1793 4687 in

223 4729 430 4773 tantum
450 4719 620 4773 elatus
647 4719 834 4780 fuerat,
861 4729 916 4790 ut
931 4718 1060 4789 Magi
1085 4720 1317 4775 Simonis
1336 4722 1598 4791 superbire
1618 4739 1796 4793 acqua-

219 4822 394 4863 retur.
420 4809 519 4875 Qui
555 4809 712 4863 tertio
756 4816 849 4861 aut
875 4824 939 4862 eo
967 4809 1192 4876 amplius
1232 4810 1361 4863 milii
1405 4820 1794 4867 sacramentum

219 4914 386 4969 super
412 4901 713 4969 sepulcrum
742 4900 909 4954 sancti
941 4900 1149 4956 Martini
1178 4902 1417 4968 dederat,
1450 4904 1500 4957 in
1527 4904 1613 4958 die
1640 4913 1796 4959 sexta

297 5086 323 5112 ι
368 5075 423 5128 td
454 5085 535 5130 est
570 5086 830 5143 tapetem,
876 5092 983 5145 quo
1011 5077 1151 5131 beati
1199 5078 1452 5132 antistitis
1497 5080 1799 5145 sepulcrum

222 5147 520 5225 tegebatur,
562 5164 680 5215 qua:
712 5162 810 5201 vox
857 5145 1166 5216 frequenter
1195 5148 1334 5216 apud
1364 5150 1675 5216 Gregorium
1706 5165 1799 5205 oc-

218 5229 409 5271 currit.

294 5285 323 5322 δ
372 5287 475 5339 lloc
503 5296 662 5350 caput
685 5285 837 5340 deest
864 5287 913 5339 in
943 5285 1102 5340 Corb.
1140 5297 1193 5339 et
1221 5287 1373 5341 Colb.

295 5365 319 5392 ε
365 5352 493 5409 Cod.
524 5357 734 5419 Regum,
766 5355 1059 5421 loislenus;
1091 5357 1223 5410 intra
1260 5369 1430 5412 tamen
1462 5357 1512 5410 in
1543 5358 1663 5412 cod.
1709 5374 1801 5412 co-

216 5428 346 5481 dice
373 5425 565 5478 dicitur
587 5424 872 5479 Gallienus.

296 5494 322 5533 1
367 5493 570 5561 Regm.,
622 5496 983 5563 presbyterum.

296 5575 322 5602 ε
346 5563 516 5636 ‘Bady
557 5576 676 5636 ante
709 5567 802 5617 hoc
830 5583 988 5630 anno,
1020 5566 1309 5619 mulatione
1337 5580 1553 5619 casuum
1597 5566 1798 5636 Grego-

218 5636 304 5691 rio
340 5632 600 5687 familiari.

300 5705 319 5741 ί
369 5701 461 5757 Sic
495 5704 718 5771 Regum
754 5704 911 5768 Rud,
955 5704 1399 5761 urcln'diacontmt:
1442 5706 1622 5758 caeteri
1674 5722 1792 5759 cum

216 5771 384 5831 Βίας..
406 5773 809 5828 arcltidtaconos.
837 5776 1107 5830 Gallienus
1139 5784 1312 5828 tamen
1344 5790 1500 5842 supra
1530 5792 1634 5828 non
1660 5776 1793 5828 dici~

1893 3368 2006 3407 rem
2033 3368 2047 3406 :
2073 3352 2166 3406 sed
2210 3368 2312 3407 non
2344 3355 2601 3423 acquievi.
2654 3354 2815 3424 igitur
2867 3371 2956 3411 rex
2999 3358 3271 3413 arcessitis
3312 3360 3465 3427 regni

1890 3444 1971 3497 sui
1997 3444 2284 3511 episcopis,
2313 3459 2527 3498 causam
2557 3443 2844 3513 dil'genter
2868 3446 3030 3515 jussit
3057 3448 3285 3517 exquiri.
3308 3446 3467 3502 Cum.

1891 3551 1994 3603 que
2022 3535 2259 3590 Riculius
2288 3535 2513 3590 clericus
2553 3537 2744 3603 smpius
2771 3537 3129 3593 discuteretur
3154 3541 3380 3605 occulte,
3412 3551 3468 3596 et

1890 3637 2075 3680 contra
2122 3644 2205 3681 me
2236 3629 2316 3681 vel
2354 3643 2501 3681 meos
2551 3628 2744 3681 multas
2787 3627 3017 3681 lallacias
3068 3630 3465 3699 promulgaret,

1894 3717 2159 3770 Modestus
2188 3718 2399 3785 quidam
2447 3718 2593 3771 faber
2622 3717 2876 3787 lignarios
2906 3722 2975 3771 ait
3005 3717 3071 3772 ad
3108 3732 3230 3774 eum
3269 3734 3283 3774 :
3314 3717 3359 3775 Ο
3388 3718 3471 3772 in-

1892 3807 2014 3860 felix
2039 3850 2052 3871 ,
2086 3808 2174 3876 qui
2214 3817 2396 3861 contra
2430 3808 2735 3877 episcopum
2772 3818 2915 3861 tuum
2949 3819 3052 3862 tam
3083 3812 3470 3865 contumaciter

1894 3900 1991 3951 ista
2026 3899 2329 3953 meditaris!
2358 3898 2532 3954 Satius
2565 3899 2655 3953 tibi
2683 3906 2796 3953 erat
2821 3899 3000 3966 silere,
3038 3911 3090 3955 et
3117 3902 3279 3970 petita
3319 3902 3470 3956 venia

1893 3988 2128 4058 cpiscopi
2176 3989 2397 4058 gratiam
2446 3991 2775 4058 impetrares.
2821 3992 2901 4045 Ad
2950 3992 3063 4047 haec
3110 3993 3201 4049 ille
3241 3994 3471 4050 clamare

1894 4082 2053 4149 cmpit
2086 4094 2216 4133 voce
2245 4094 2430 4148 magna
2454 4121 2468 4145 ,
2502 4093 2565 4133 ac
2611 4080 2789 4134 dicere
2818 4097 2830 4131 :
2867 4081 2945 4134 En
2976 4082 3188 4150 ipsum,
3220 4083 3307 4149 qui
3338 4084 3469 4137 milii

1893 4169 2161 4223 silentium
2188 4169 2394 4237 indicit,
2423 4185 2489 4222 ne
2518 4185 2806 4238 prOSequar
2836 4170 3144 4237 veritatem;
3177 4187 3242 4224 en
3273 4173 3469 4240 regina:

1895 4259 2190 4324 inimicum,
2221 4260 2309 4329 qui
2336 4275 2548 4315 causam
2576 4260 2811 4315 criminis
2832 4260 2948 4329 ejus
2974 4277 3076 4315 non
3104 4263 3228 4315 sinit
3251 4262 3465 4332 inquiri.

1894 4353 2211 4407 Nuntiantur
2241 4353 2479 4420 protinus
2508 4352 2619 4405 hate
2646 4354 2865 4422 reginm.
2896 4351 3330 4419 Apnrebenditur
3359 4354 3470 4407 Mo-

1895 4444 2108 4508 destus,
2157 4453 2450 4513 torquetur,
2500 4443 2825 4512 ﬂagellatur;
2867 4452 2923 4497 et
2960 4442 3015 4496 iu
3061 4442 3273 4497 vincula
3316 4457 3471 4498 eom-

1864 4544 1867 4545 '
1899 4546 2081 4603 pactus
2109 4534 2364 4591 custodia:
2401 4534 2706 4602 deputatur.
2752 4532 2991 4601 Cumque
3029 4533 3166 4586 inter
3206 4532 3345 4586 duos
3368 4546 3467 4586 cu-

1896 4626 2077 4682 stodes
2106 4626 2308 4679 catenis
2335 4634 2390 4678 et
2427 4624 2479 4677 in
2509 4623 2666 4691 cippo
2692 4632 2960 4676 teneretur
3004 4622 3212 4677 vinctus
3236 4662 3253 4687 ,
3293 4622 3471 4679 media

1898 4727 2057 4772 nocte
2083 4716 2470 4771 dormientibus
2507 4704 2816 4767 custodibus
2840 4753 2857 4780 ,
2906 4714 3198 4768 orationem
3230 4711 3362 4770 l‘udit
3398 4714 3473 4770 ad

1902 4811 2207 4872 Dominum,
2240 4817 2298 4861 ut
2324 4806 2629 4876 dignaretur
2651 4806 2766 4872 ejus
2796 4805 3031 4873 potentia
3061 4806 3315 4859 miserum
3341 4805 3467 4860 vitti-

1901 4910 2047 4965 tarc;
2092 4908 2144 4953 et
2189 4901 2276 4967 qui
2311 4898 2564 4951 innocens
2591 4896 2871 4965 colligatus
2917 4896 3121 4960 fuerat,
3168 4896 3471 4953 visitatione

1906 5093 1990 5136 tur
2028 5080 2470 5155 archidiaconus;
2516 5078 2656 5155 unde
2699 5093 2764 5155 e_x
2814 5076 2915 5131 huc
2966 5076 3085 5155 loco
3130 5076 3327 5155 interro
3362 5089 3471 5130 non

1906 5152 2030 5207 licet
2088 5152 2267 5220 plures
2326 5152 2403 5224 ιιιΔ
2433 5144 2656 5224 ecclesia
2716 5147 3015 5201 Turonensi
3070 5144 3472 5224 archidiaconus

1905 5233 2030 5275 tunc
2060 5214 2345 5275 eissntissc.
2381 5218 2797 5272 Archidiaconos
2826 5224 3084 5270 memorat
3112 5214 3171 5271 S.
3198 5214 3472 5282 Remigius

1904 5296 1957 5364 in
1987 5294 2145 5358 epist.
2181 5290 2244 5364 ad
2291 5287 2597 5364 Ealconent_.
2620 5287 2791 5364 __l_’lato
2822 5295 3003 5364 postea
3045 5282 3168 5364 fuit“
3187 5283 3472 5364 episcopus

1905 5351 2228 5416 Pictavettsis
2248 5400 2263 5423 ,
2290 5359 2357 5412 de
2384 5374 2490 5426 quo
2519 5358 2586 5411 ad
2618 5357 2710 5411 lib.
2743 5371 2794 5409 tv
2824 5351 2891 5409 de
2915 5354 3093 5408 Mirac.
3134 5351 3194 5407 S.
3225 5352 3471 5419 Martini,

1902 5447 2019 5486 can.
2054 5431 2139 5481 5'2.

1969 5449 2019 5546 lli.
2042 5451 2229 5552 Hibera
2258 5498 2498 5551 custodia
2544 5497 2644 5548 diei
2672 5495 2914 5557 solebat,
2959 5507 3082 5546 cum
3110 5506 3233 5545 reus
3276 5505 3385 5545 non
3419 5490 3471 5547 in

1901 5585 2144 5630 carcere,
2174 5571 2268 5621 sed
2320 5562 3055 5635 magistratuicusmdiendus
3098 5561 3472 5615 committeba-

1903 5651 1986 5692 tur
2006 5680 2018 5696 .
2049 5649 2139 5692 aut
2167 5651 2312 5689 certe
2341 5633 2551 5703 quando
2598 5634 2776 5687 mitius
2796 5633 3057 5703 agebatur
3093 5646 3328 5703 corneo.

1972 5707 1997 5745 ⁸³
2041 5708 2114 5760 De
2164 5701 2374 5760 Berull‘o
2420 5705 2593 5758 adhuc
2632 5703 2826 5757 comite
2870 5702 3186 5756 Fortunatus
3221 5701 3313 5753 lib.
3354 5712 3468 5765 σα,

1896 5795 2063 5832 carm.
2102 5778 2185 5831 lli.
