3920 6188
533 382 638 443 367

1531 381 1589 434 ε.
1634 377 1969 436 GREGORII
2013 377 2134 433 EPI!

2243 378 2316 434 ιρι
2355 378 2788 438 TURONENSIS
3679 393 3764 454 363

539 498 749 556 Martini
781 495 1021 566 praesulis
1050 509 1111 550 ae
1146 493 1377 549 Medardi
1419 494 1816 549 abSolveretur.
1860 494 1974 548 Mox
2005 496 2114 547 dis—
2145 496 2191 552 Α
2225 497 2463 564 expetiit.
2498 495 2604 553 Sed
2647 512 2767 552 cum
2794 496 3031 552 audisset
3069 497 3305 553 edictum
3333 503 3496 571 regis,
3535 517 3587 560 ut
3615 510 3662 562 in
3687 527 3771 567 suo

539 590 707 659 ruptis
733 586 979 651 vinculis,
1010 585 1282 640 confracto
1311 588 1503 654 cippo,
1535 595 1772 640 reserato
1803 586 1960 652 ostio,
1993 600 2120 640 san-

542 681 612 734 cti
641 677 873 732 Medardi
904 677 1175 731 basilicam
1210 687 1364 731 nocte
1395 676 1546 731 nobis
1574 675 1912 746 vigilantibus
1937 674 2125 730 introi-

542 773 616 826 vit
645 781 690 824 ⁸.
714 769 1032 840 Congtegati
1064 769 1222 838 igitur
1249 769 1389 838 apud
1439 771 1770 824 Brennacum
1801 769 1981 823 villam
2013 769 2126 838 epi-

538 862 728 931 scopi,
777 862 829 916 in
873 876 1031 915 unam
1063 860 1280 914 dmnum
1310 859 1546 914 residere
1571 859 1706 929 jussi
1739 869 1883 915 sunt.
1920 860 2125 915 Dehinc

545 953 861 1007 adveniente
901 966 1047 1021 rege,
1078 949 1198 1004 data
1240 949 1490 1006 omnibus
1511 951 1851 1019 salutatione,
1873 965 1935 1004 ac
1961 950 2127 1005 bene-

539 1043 772 1098 dictione
793 1053 1030 1111 accepta,
1063 1041 1281 1096 resedit.
1309 1041 1459 1096 Tunc
1489 1041 1911 1096 Bertchramnus
1937 1042 2132 1111 Burde:

542 1132 774 1203 galensis
800 1131 1030 1186 civitatis
1059 1131 1372 1201 episcopus,
1412 1131 1498 1186 cui
1523 1131 1624 1187 hoc
1660 1146 1782 1186 cum
1815 1134 2002 1202 regina
2025 1109 2133 1187 eri:

548 1239 670 1278 men
699 1223 982 1290 impactum
1009 1221 1203 1288 fuerat,
1225 1236 1440 1276 causam
1465 1222 1737 1291 proponit,
1756 1237 1945 1291 meque
1967 1222 2132 1277 inter-

548 1312 731 1383 pellat,
748 1311 929 1366 dicens
951 1327 979 1363 a
997 1326 1081 1365 me
1096 1311 1194 1365 sibi
1212 1326 1273 1366 ac
1285 1311 1483 1380 regina:
1504 1312 1706 1366 crimen
1719 1312 2009 1382 objectum.
2029 1313 2131 1368 Ne-

547 1407 668 1475 gavi
689 1422 788 1476 ego
805 1404 858 1460 in
875 1405 1099 1460 veritate
1115 1419 1200 1460 me
1218 1403 1608 1470 haclocutum;
1631 1405 1906 1461 etaudisse
1918 1405 2131 1474 quidem

551 1503 666 1558 haec
705 1502 861 1567 alios,
905 1516 988 1554 me
1037 1517 1142 1555 non
1173 1499 1526 1570 excogitasse.
1561 1499 1690 1554 Nam
1731 1509 1884 1556 extra
1917 1501 2133 1554 domum

546 1615 732 1653 rumor
769 1597 821 1652 in
852 1595 1046 1666 popqu
1072 1610 1293 1664 magnus
1321 1603 1436 1648 erat
1459 1634 1474 1660 ,
1504 1594 1792 1650 dicentium
1830 1611 1843 1648 :
1874 1593 1981 1649 Cur
2001 1593 2135 1671 .hatc

544 1703 707 1758 super
727 1686 1060 1742 sacerdotem
1086 1685 1177 1739 Dei
1205 1685 1574 1754 objiciuntur?
1593 1699 1689 1739 cur
1711 1686 1835 1739 talia
1865 1700 1955 1741 rex
1976 1685 2134 1757 265

548 1778 919 1850 prosequitur?
946 1776 1180 1847 nunquid
1207 1776 1377 1847 potuit
1401 1777 1682 1847 episcOpus
1705 1776 1826 1830 talia
1850 1777 2029 1832 dicere
2051 1779 2134 1832 vel

2227 602 2394 657 regno
2423 603 2452 640 a
2488 587 2634 642 nullo
2666 586 3039 657 colligeretur;
3072 598 3127 643 et
3157 593 3446 658 prtescrtim
3493 599 3621 665 quod
3651 601 3771 659 illius

2227 686 2371 755 ejus,
2402 701 2558 753 quem
2604 687 2744 739 domi
2794 685 3116 754 reliquerat,
3150 687 3367 742 obiisset
3393 733 3407 758 ,
3452 691 3666 750 Turonis
3693 716 3776 753 oc-

2231 777 2372 830 culte
2399 775 2560 846 266
2599 777 2820 831 veniens
2842 817 2856 841 ,
2885 789 3004 844 quse
3032 777 3232 846 optima
3267 779 3446 834 habuit
3491 785 3542 838 in
3571 785 3777 844 Biluriro

2232 867 2578 934 transposuit.
2623 865 3076 934 Prosequcntibus
3114 881 3242 921 vero
3292 870 3549 937 regalibus
3582 878 3744 942 pueris
3767 921 3779 945 ,

2232 956 2346 1025 ipse
2390 971 2484 1025 per
2511 956 2686 1026 fugam
2732 956 2948 1012 labitur.
2989 957 3152 1026 Capta
3198 973 3406 1028 quoque
3443 977 3579 1017 uxor
3605 966 3711 1036 ejus
3737 972 3779 1023 in

2233 1062 2422 1117 pagum
2451 1048 2844 1102 Tornacensem
2886 1048 3076 1102 exsilio
3105 1049 3417 1105 retruditur.
3467 1057 3531 1107 At
3571 1055 3785 1114 Riculfus

2231 1142 2459 1198 clericus
2484 1141 2550 1196 ad
2593 1141 3018 1196 interficiendum
3047 1142 3362 1211 deputatur,
3406 1159 3499 1213 pro
3526 1147 3667 1216 cujus
3693 1152 3783 1205 vita

2235 1231 2325 1288 vix
2352 1232 2557 1289 obtinui
2584 1249 2595 1261 ·
2627 1244 2801 1287 tamen
2831 1231 2898 1286 de
2927 1234 3208 1288 tormentis
3236 1249 3489 1291 excusare
3512 1254 3609 1292 non
3634 1243 3783 1309 potui.

2234 1325 2364 1380 Nam
2397 1326 2538 1381 nulla
2561 1342 2668 1390 res,
2697 1327 2894 1380 nullum
2929 1327 3200 1382 metallum
3232 1338 3374 1383 tanta
3402 1331 3614 1387 verbera
3641 1337 3791 1402 potuit

2237 1421 2518 1481 sustinere,
2550 1419 2688 1474 sicut
2719 1418 2805 1474 hic
2835 1419 3189 1474 miserrimus.
3222 1421 3306 1476 Ab
3335 1420 3464 1477 liora
3495 1425 3638 1478 tertia
3679 1427 3788 1493 diei,

2239 1511 2488 1565 revinetis
2519 1521 2636 1580 post
2676 1521 2878 1581 tergum
2912 1512 3158 1568 manibus
3184 1553 3199 1577 ,
3252 1527 3542 1584 suSpensus
3571 1518 3630 1571 ad
3658 1521 3794 1574 arbo-

2237 1619 2350 1658 rem
2381 1602 2750 1672 dependebat;
2793 1602 2861 1657 ad
2889 1603 3074 1658 horam
3122 1621 3249 1661 vero
3279 1622 3475 1662 nonam
3515 1609 3792 1678 depositus,

2238 1701 2490 1747 extensus
2523 1694 2589 1746 ad
2620 1693 2846 1748 trocleas
2873 1693 3180 1749 medebatur
3224 1695 3454 1750 fustibus
3474 1739 3487 1761 ,
3535 1702 3714 1770 virgis,
3743 1719 3796 1757 ac

2241 1783 2367 1837 loris
2397 1782 2717 1853 duplicibus,
2750 1791 2805 1838 et
2832 1800 2938 1839 non
2967 1785 3034 1838 ab
3062 1800 3166 1840 uno
3195 1786 3276 1842 vel
3310 1787 3532 1852 duobus,
3577 1792 3660 1844 sed
3683 1802 3795 1861 quot

547 1874 617 1928 de
645 1871 833 1928 servo?
865 1871 1001 1935 Heu,
1032 1871 1133 1925 heu
1164 1871 1175 1923 !
1211 1870 1434 1925 Domine
1464 1869 1625 1934 Deus,
1658 1870 1853 1939 largire
1882 1868 2136 1924 auxilium
2168 1870 2215 1930 B
2241 1875 2499 1930 accedere
2527 1878 2669 1930 circa
2702 1876 2929 1931 miseros
2960 1877 3254 1944 potuissent
3277 1889 3450 1942 artus,
3484 1890 3560 1934 tot
3595 1896 3798 1937 casui-es

545 1978 704 2019 servo
732 1964 855 2017 tuo!
898 1962 1007 2016 Rex
1039 1969 1217 2016 autem
1248 1960 1456 2016 dicebat
1483 1976 1496 2014 :
1523 1959 1735 2014 Crimen
1767 1960 1947 2014 uxoris
1977 1974 2130 2025 metr,

546 2070 724 2110 meum
752 2053 978 2109 habetur
1018 2052 1381 2122 opprobrium.
1416 2051 1474 2107 Si
1502 2066 1630 2120 ergo
1657 2052 1891 2107 censetis
1910 2090 1926 2117 ,
1956 2059 2014 2106 ut
2041 2067 2133 2108 su-

547 2165 644 2219 per
699 2147 1007 2217 episcopum
1068 2155 1229 2201 testcs
1277 2145 1662 2210 adhibeantur,
1728 2159 1854 2198 ecce
1917 2144 2128 2198 adsunt.

547 2239 705 2295 Certe
726 2239 769 2292 si
792 2238 1002 2292 videtur
1027 2248 1084 2290 ut
1109 2236 1222 2292 htec
1243 2251 1348 2290 non
1380 2234 1528 2298 fiant,
1555 2243 1608 2288 et
1632 2235 1682 2287 in
1714 2233 1872 2289 fidem
1894 2235 2131 2304 episcopi

548 2330 986 2394 committantur,
1035 2327 1232 2383 dicite:
1264 2327 1488 2381 libenter
1516 2324 1727 2380 audiam
1757 2341 1874 2394 quae
1914 2325 2131 2396 jubetis.

549 2424 724 2480 Mirati
769 2430 895 2479 sunt
923 2435 1111 2476 omnes
1140 2419 1280 2489 regis
1325 2419 1659 2486 prudentiam
1704 2417 1785 2472 vel
1827 2417 2134 2488 patientiam

549 2519 729 2574 simul.
756 2517 906 2573 Tunc
945 2515 1151 2571 cunctis
1179 2513 1480 2570 dicentibus
1508 2529 1524 2567 :
1557 2512 1670 2567 Non
1703 2520 1879 2584 potest
1911 2527 2133 2580 persona

548 2607 769 2666 inferior
790 2621 953 2677 super
973 2606 1304 2662 sacerdotem
1329 2605 1496 2669 credi,
1525 2603 1719 2660 restitit
1738 2603 1802 2657 ad
1831 2605 1929 2656 hoc
1949 2617 2134 2668 causa,

550 2712 609 2756 ut
635 2701 794 2760 dictis
813 2699 988 2755 Missis
1007 2740 1025 2766 ,
1056 2699 1110 2752 in
1156 2697 1326 2752 tribus
1353 2696 1611 2750 altaribus
1639 2710 1722 2749 me
1749 2695 1814 2749 de
1843 2693 1930 2749 bis
1961 2693 2138 2749 verbis

551 2807 804 2848 exuerem
853 2798 1187 2846 sacramento
1222 2787 1273 2843 ὶν.
1327 2787 1395 2842 Et
1447 2788 1571 2842 licet
1616 2785 1911 2842 canonibus
1959 2793 2138 2839 essent

550 2881 815 2939 contraria
837 2924 852 2948 ,
900 2895 997 2951 pro
1023 2894 1182 2935 causa
1216 2888 1388 2933 tamen
1425 2881 1564 2946 regis
1593 2876 1808 2945 impleta
1840 2884 1984 2931 sunt.
2031 2876 2137 2930 Sed

551 2994 651 3033 nrc
681 2979 781 3032 hoc
809 2974 960 3038 sileo,
989 2972 1127 3044 quod
1159 2970 1442 3041 Riguntbis
1471 2980 1492 3008 ο
1523 2969 1702 3040 regina
1735 2967 2024 3022 condolens
2045 2967 2139 3020 do-

505 3132 513 3139 __
550 3068 753 3125 toribus
781 3067 935 3131 meis,
959 3064 1220 3134 jejunium
1249 3076 1369 3118 cum
1397 3061 1542 3115 omni
1571 3060 1732 3116 domo
1768 3074 1865 3114 sua
1893 3058 2135 3114 celebra-

549 3161 642 3225 vit,
675 3166 950 3232 quousque
981 3172 1110 3225 puer
1141 3153 1406 3209 nuntiaret
1439 3167 1524 3207 me
1550 3152 1729 3207 omnia
1757 3152 1839 3206 sic
1869 3150 2135 3218 implesse,

2236 1976 2408 2022 erant.
2438 1967 2572 2022 Cum
2597 1977 2772 2023 autem
2798 1967 2910 2038 jam
2934 1969 2987 2024 in
3019 1962 3334 2025 discrimine
3359 1981 3524 2033 esset,
3551 1982 3666 2027 tunc
3691 1988 3798 2040 ape-

2237 2058 2342 2112 ruit
2369 2059 2685 2124 veritatem,
2727 2069 2782 2114 et
2809 2074 3003 2115 arcana
3034 2059 3143 2116 doli
3175 2062 3389 2130 publice
3426 2062 3690 2132 patefecit.
3723 2065 3800 2117 Di-

2239 2151 2394 2205 cebat
2421 2152 2565 2205 enim
2591 2150 2661 2204 ob
2682 2149 2782 2204 hoc
2812 2151 3009 2221 regina:
3031 2153 3231 2206 crimen
3263 2151 3556 2221 objectum,
3579 2164 3630 2206 ut
3649 2153 3797 2222 ej-cta

2239 2242 2307 2297 de
2337 2256 2533 2312 regno,
2587 2241 2882 2298 interfectis
2929 2241 3202 2308 fratribus,
3232 2258 3261 2296 a
3297 2253 3450 2312 patre
3476 2242 3499 2279 ἀ
3531 2244 3800 2299 Clilodovc-

2239 2335 2371 2387 chus
2417 2348 2635 2402 regnum
2666 2332 2962 2400 acciperet,
3005 2332 3302 2389 Leudastes
3328 2334 3608 2397 ducatum,
3639 2336 3800 2390 “icul-

2240 2421 2322 2476 fus
2352 2438 2476 2477 vero
2503 2422 2799 2492 presbyter,
2828 2423 2915 2493 qui
2943 2424 3052 2492 jam
3083 2438 3111 2477 a
3141 2433 3389 2493 tempore
3419 2426 3556 2479 beati
3588 2425 3800 2480 Eufronii

2239 2513 2476 2582 episcOpi
2525 2513 2727 2568 amicus
2753 2523 2870 2569 erat
2901 2511 3292 2582 Chlodovechi,
3328 2517 3683 2585 episcOpatutn
3712 2516 3800 2568 Tu-

2240 2605 2485 2660 ronicum
2512 2605 2759 2669 ambiret,
2793 2606 2913 2660 hu’c
2943 2605 3151 2660 Riculfo
3172 2607 3372 2661 clerico
3393 2606 3799 2661 arcbidiaconatu

2241 2696 2526 2769 promisso.
2560 2695 2668 2752 Nos
2698 2713 2852 2759 vero,
2875 2711 2996 2752 cum
3030 2697 3119 2752 Dei
3148 2699 3324 2768 gratia
3346 2697 3576 2752 Turonis
3605 2695 3799 2758 reversi,

2244 2789 2546 2845 invenimus
2567 2789 2846 2846 ecclesiam
2871 2791 3238 2845 conturbatam
3270 2806 3371 2859 per
3397 2789 3652 2844 Riculfutn
3676 2804 3800 2856 pres-

2243 2884 2525 2954 byterum;
2572 2896 2694 2937 nam
2741 2881 2828 2937 hic
2856 2881 2954 2936 sub
2983 2879 3237 2936 Eufronio
3284 2883 3542 2953 episeopo
3583 2882 3646 2936 de
3689 2896 3802 2949 pau-

2242 2974 2460 3042 peribus
2521 2983 2879 3042 provocatus,
2939 2972 3352 3030 archidiaconus
3402 2975 3668 3029 ordinatus
3714 2982 3799 3024 est.

2243 3065 2447 3119 Exinde
2486 3064 2553 3118 ad
2595 3064 2984 3134 presbyterium
3014 3065 3295 3130 admotus,
3331 3064 3559 3120 recessit
3594 3063 3655 3117 ad
3701 3077 3802 3130 pto-

2245 3158 2357 3226 pria
2382 3197 2399 3223 ,
2437 3171 2649 3225 semper
2686 3156 2892 3220 elatus,
2941 3155 3191 3221 inflatus,
3245 3164 3697 3224 praesumptuosus
3735 3162 3755 3189 ο
3786 3170 3797 3205 :

551 3265 605 3307 ul
637 3255 846 3308 fuerant
876 3249 1136 3304 instituta.
1171 3247 1334 3316 Igitur
1373 3245 1597 3316 regressi
1626 3243 1931 3300 sacerdotes
1960 3242 2026 3296 ad
2055 3257 2137 3298 re-
2167 3239 2212 3302 C
2243 3265 2364 3306 nam
2414 3265 2498 3304 me
2529 3251 2704 3304 adhuc
2751 3259 3117 3304 commorame
3155 3264 3278 3304 cum
3324 3263 3487 3317 rege,
3519 3246 3635 3309 hic,
3675 3245 3802 3314 quasi

550 3359 703 3416 gem,
749 3342 936 3397 aiunt:
970 3339 1188 3406 impleta
1233 3347 1359 3391 sunt
1402 3336 1578 3390 omnia
1623 3334 1692 3387 ab
1719 3333 1972 3402 episcopo
2015 3348 2134 3401 qua:

550 3438 804 3505 imperata
837 3440 980 3495 sunt,
1007 3445 1040 3485 ο
1068 3445 1182 3484 rex.
1216 3426 1352 3495 Quid
1399 3441 1537 3480 nunc
1567 3424 1633 3478 ad
1683 3433 1768 3488 te,
1802 3425 1899 3476 nisi
1932 3433 1986 3476 ut
2015 3437 2136 3476 cum

551 3525 938 3582 Bertcbramno
967 3529 1278 3577 accusatore
1308 3517 1427 3573 fratr
1443 3517 1509 3584 is,
1552 3517 1930 3572 communione
1964 3515 2139 3584 prive-

554 3620 665 3674 ris?
697 3618 764 3672 Et
811 3617 940 3672 ille:
970 3614 1117 3678 Non,
1173 3611 1380 3682 inquit,
1409 3623 1507 3680 ego
1547 3608 1646 3663 ulsi
1678 3606 1855 3663 audita
1903 3607 2135 3660 narravi.

552 3707 930 3778 Qamrentibus
955 3704 1079 3772 illis,
1108 3704 1226 3774 quis
1253 3701 1366 3756 haec
1387 3700 1617 3756 dixerit?
1639 3700 1915 3767 respondit
1941 3713 1998 3752 se
2027 3698 2140 3751 haec

551 3820 582 3857 a
607 3802 870 3859 Leudaste
889 3798 1119 3855 audisse.
1146 3797 1236 3851 llle
1259 3805 1435 3850 autem
1456 3791 1747 3850 secundum
1776 3790 2136 3846 infirmitatem

553 3896 638 3951 vel
666 3893 911 3961 consilii,
943 3890 1029 3948 vel
1061 3887 1441 3958 propositionis
1470 3902 1580 3940 stne
1600 3926 1615 3951 ,
1648 3885 1751 3953 jam
1792 3881 1972 3952 fugam
2005 3880 2138 3934 inie-

555 3996 660 4042 rat.
705 3983 854 4040 Tunc
903 3981 1100 4054 placuit
1148 3978 1396 4034 omnibus
1441 3975 1847 4039 sacerdotibus,
1901 3983 1957 4027 ut
1996 3982 2140 4025 sator

556 4074 830 4143 seandali,
874 4071 1139 4127 inliciator
1168 4069 1363 4138 regium
1388 4112 1402 4137 ,
1453 4076 1727 4122 accusator
1756 4061 2028 4132 episcopi,
2072 4062 2139 4119 ab

557 4166 803 4224 omnibus
829 4173 1101 4220 arceretur
1129 4160 1393 4228 ecclesiis,
1429 4172 1494 4212 eo
1519 4153 1659 4226 quod
1688 4169 1748 4209 se
1775 4153 1843 4208 ab
1868 4152 2138 4207 audientia

561 4257 933 4315 subtraxisset.
961 4253 1113 4310 Unde
1134 4261 1190 4309 et
1214 4249 1493 4321 epistolam
1520 4246 1871 4314 subscriptam
1898 4243 2015 4297 aliis
2035 4242 2142 4320 epi-

555 4366 616 4406 sc
638 4349 733 4419 -pis
760 4349 848 4419 qui
879 4362 986 4403 non
1015 4343 1297 4398 adfuerant
1324 4339 1750 4396 transmiserunt.
1783 4336 1849 4390 Et
1873 4335 1950 4389 sic
1978 4349 2142 4388 unus-

554 4442 784 4512 quisque
830 4440 881 4493 in
933 4438 1108 4492 locum
1164 4447 1318 4517 suum
1368 4443 1642 4500 regressus
1689 4435 1792 4482 est.
1847 4425 2140 4481 Leudastes

559 4547 684 4590 vero
731 4532 846 4585 haec
891 4528 1148 4594 audiens,
1191 4515 1466 4580 basilicam
1508 4519 1678 4576 sancti
1724 4517 1866 4573 Petri
1907 4515 2138 4573 Parisios

2235 3344 2345 3412 jam
2376 3352 2520 3398 esset
2548 3342 2856 3412 episcopus,
2903 3342 2954 3396 in
2998 3342 3216 3396 domum
3246 3342 3501 3397 ecclesia:
3540 3338 3802 3408 ingreditur

2241 3434 2596 3502 impudenter,
2618 3442 2894 3501 argentum
2920 3432 3172 3487 describit
3192 3433 3469 3498 ecclesiae,
3495 3433 3804 3499 reliquasque

2241 3540 2328 3580 res
2359 3525 2460 3579 sub
2498 3540 2647 3579 suam
2697 3525 2886 3592 redigit
2933 3530 3276 3592 potestatem.
3326 3521 3557 3592 Majores
3600 3521 3804 3573 clericis

2242 3615 2554 3672 munenbus
2574 3616 2727 3677 ditat,
2753 3613 2974 3684 largitur
2995 3613 3196 3677 vineas,
3223 3623 3382 3680 prata
3409 3611 3700 3673 distribuit;
3723 3608 3805 3662 mi-

2241 3724 2400 3764 nores
2430 3722 2554 3762 vero
2595 3706 2850 3770 fustibus,
2884 3703 3159 3775 plagisque
3191 3705 3382 3758 multis
3404 3746 3420 3772 ,
3469 3703 3627 3758 etiam
3667 3715 3803 3753 manu

2243 3805 2454 3871 propria
2484 3797 2692 3864 aﬂecit,
2739 3796 2924 3852 dicens
2955 3814 2967 3850 :
3002 3793 3399 3865 Recognoscite
3438 3795 3705 3851 dominum
3731 3805 3807 3843 ve-

2242 3902 2433 3955 strum,
2464 3889 2553 3959 qui
2584 3889 2859 3944 victoriam
2886 3888 3044 3959 267
3075 3888 3142 3942 de
3175 3886 3413 3942 inimicis
3454 3886 3706 3946 obtinuit,
3731 3897 3807 3934 cu-

2238 3981 2330 4052 jus
2361 3982 2633 4050 ingenium
2655 3978 2976 4034 Turonicam
3009 3977 3193 4031 urbem
3224 3977 3299 4031 ab
3327 3977 3592 4032 Arvernis
3629 3973 3808 4042 pepulis

2242 4072 2551 4126 emundavit
2580 4071 2597 4107 ί
2623 4087 2638 4136 ;
2671 4070 2920 4138 ignorans
2950 4067 3144 4133 miser,
3174 4067 3322 4136 quod
3372 4077 3572 4136 praeter
3600 4067 3806 4135 quinque

2242 4163 2459 4232 epi~cop
2494 4178 2541 4223 s.
2572 4160 2762 4229 reliqui
2785 4174 2972 4213 omnes
2998 4158 3088 4228 qui
3113 4159 3491 4213 sacerdmium
3512 4155 3804 4213 Turonicutn

2240 4265 2629 4326 susceperunt,
2689 4262 2965 4322 parentum
3020 4259 3330 4306 nostrorum
3393 4251 3660 4320 prosapia:
3705 4256 3807 4300 ειμι

2241 4349 2531 4419 conjuncti.
2584 4345 2716 4400 Illud
2757 4357 2902 4412 saepe
2931 4343 3044 4398 suis
3089 4342 3455 4397 familiaribus
3502 4342 3677 4396 dicere
3710 4344 3806 4392 erat

2242 4443 2453 4506 solitus,
2484 4436 2626 4508 quod
2669 4435 2935 4489 hominem
2965 4433 3277 4501 prudentem
3307 4449 3420 4488 non
3447 4434 3624 4494 aliter.
3652 4430 3741 4486 υἱοί
3767 4429 3807 4480 in

2243 4530 2510 4605 perjuriis,
2539 4527 2658 4599 quis
2679 4526 2926 4594 decipere
2955 4524 3141 4594 possit.
3169 4523 3274 4580 Sed
3295 4539 3424 4580 cum
3451 4540 3538 4578 me
3560 4532 3806 4577 reversum

637 4693 663 4722 ι
697 4681 752 4736 Id
779 4682 956 4751 itaque
984 4679 1120 4749 apud
1165 4678 1484 4736 Suessionas
1516 4676 1768 4751 contigit,
1803 4688 1855 4751 a__
1875 4687 1976 4743 qua
2007 4671 2136 4727 urbe
2169 4677 2218 4736 1)
2242 4660 3476 4751 reginas,appellabatituri-Quiritvappeta
3501 4662 3600 4751 stuh
3627 4658 3806 4741 Alcuini

561 4743 892 4806 Brennacuni
938 4743 1110 4804 tribus
1151 4751 1363 4804 circiter
1403 4747 1568 4801 leucis
1591 4743 1772 4800 distat.
1818 4743 2138 4796 Fortunatus

561 4837 778 4876 carmen
813 4822 834 4872 l
873 4822 993 4875 libri
1044 4837 1096 4874 tx
1136 4820 1330 4874 cecinit
1365 4819 1419 4871 in
1463 4816 1748 4885 Cltilperici
1789 4814 2032 4885 laudent,
2073 4827 2140 4867 eo

558 4893 677 4960 ipso
718 4901 959 4960 tempore
996 4905 1102 4961 quo
1134 4889 1310 4943 habita
1342 4889 1440 4942 fuit
1477 4884 1598 4942 haec
1625 4885 1861 4956 synodus
1893 4884 2134 4938 Brenna-

556 4977 754 5016 (⁵011818.
1939 4982 1944 4986 ’

637 5032 663 5070 δ
698 5034 769 5086 Ex
803 5029 902 5085 hoc
934 5030 1051 5083 loco
1091 5024 1328 5100 nonnulli
1385 5025 1640 5093 colligunt
1692 5022 2005 5100 Gregorium
2049 5030 2138 5100 ter

564 5105 780 5157 missam
812 5116 912 5153 una
944 5100 1030 5156 die
1071 5099 1375 5152 celebrasse
1407 5137 1421 5159 ,
1444 5092 1602 5165 quem
1635 5092 2018 5165 tamen‘aliiita
2048 5092 2134 5145 itt-

562 5181 921 5241 terpretuntur
949 5211 966 5236 ,
1019 5179 1077 5222 ut
1127 5162 1580 5241 GregoritIS‘sese
1635 5174 1755 5241 post
1812 5162 2130 5241 celebratam

565 5233 803 5308 missam,
827 5233 1163 5297 saciatnento
1191 5233 1262 5292 ad
1276 5237 1376 5291 tria
1404 5238 1588 5291 altaria
1619 5233 1686 5308 de
1709 5250 1809 5308 sua
1835 5233 2130 5308 innocentia

565 5301 823 5377 ιπτιτςοῐιό,
851 5328 878 5364 a
929 5310 1153 5367 crimine
1182 5311 1410 5377 imp-tcto
1447 5307 1673 5360 exuerit.
1709 5305 1760 5357 Id
1790 5312 1965 5355 autem
2011 5301 2136 5377 fecit

567 5371 869 5442 Gregorius.
913 5382 1050 5450 quod
1099 5395 1202 5433 non
1234 5371 1449 5434 deceret
1476 5376 1880 5450 subdiaconutn,
1917 5387 2009 5424 seu
2035 5371 2135 5450 mi-

565 5468 748 5504 tterent
781 5443 1027 5506 cleris-'qu
1077 5453 1329 5506 adversus
1352 5450 1659 5516 epiStOpum
1702 5445 1753 5496 in
1783 5452 1970 5496 testem
2003 5443 2137 5492 reci-

561 5521 636 5589 pi.
683 5522 825 5575 ι.κὶοἱ
854 5538 982 5576 vero
1011 5523 1076 5574 ad
1119 5520 1446 5574 accuSandos
1473 5518 1749 5589 episcopos
1802 5525 2130 5580 nequaquam

561 5585 976 5647 iltnittebantnr
1005 5607 1066 5643 ex
1089 5589 1362 5645 Canomnn
1390 5585 1724 5656 prmscripto.

637 5671 659 5699 ⁸
693 5661 817 5715 Haec
863 5671 976 5715 erat
1027 5659 1307 5726 Riguntltis
1348 5650 1633 5720 Citilperici
1664 5663 1745 5726 et‘
1773 5650 2136 5726 Fredegundis

559 5729 668 5786 ﬁlia
699 5772 712 5794 ,
745 5732 813 5784 de
843 5747 942 5800 qua
983 5721 1272 5796 Gregorius
1323 5730 1516 5795 passim
1546 5726 1672 5800 agit.
1721 5723 1917 5800 Dicitur
1959 5721 2134 5788 regina

558 5819 659 5875 pro
703 5793 922 5857 illorum
982 5793 1277 5867 temporum
1311 5793 1476 5863 inure,
1529 5794 1718 5865 quibus
1779 5793 1898 5845 filiae
1949 5804 2132 5859 regum

2244 4731 2458 4792 no'mine
2471 4731 2644 4795 notus,
2666 4732 2840 4786 Caroli
2867 4731 2934 4785 Μ.
2968 4731 3306 4785 venationem
3329 4733 3670 4794 describens,
3691 4731 3808 4799 ejus-

2242 4810 2364 4864 dem
2395 4807 2532 4872 regis
2562 4804 2700 4858 tilias
2724 4816 2951 4856 coronas
2979 4803 3030 4855 in
3057 4801 3230 4872 capite
3255 4813 3510 4868 gestasse
3532 4804 3730 4855 scribit.

2313 4875 2338 4914 ἀ
2369 4870 2674 4943 δῆθ’ῐὶθειη.
2723 4872 2830 4927 Nec
2853 4871 2995 4925 aliud
3028 4870 3238 4925 volebat
3263 4872 3646 4937 Cltlodoveus,
3675 4885 3808 4940 quam

2244 4947 2644 5010 Fredegundem
2704 4956 2987 4996 novercam
3041 4955 3287 5010 erregno
3340 4944 3549 5008 pellere
3603 4943 3812 5005 :sicque

2238 5019 2349 5087 jam
2404 5009 2984 5087 interfectis_fratribus
3024 5009 3155 5072 suis,
3197 5010 3599 5087 _'l'h-~odeberto
3640 5013 3811 5087 etlle-

2247 5079 2429 5149 roveo,
2461 5099 2682 5153 regnum
2706 5082 2894 5146 [uisset
2919 5083 3166 5153 adeptus.
3195 5079 3341 5133 Editi
3366 5097 3502 5136 vero
3527 5097 3646 5153 cum
3680 5082 3807 5134 Bero.

2243 5157 2444 5211 habent
2493 5152 2770 5222 interfectis
2809 5152 3050 5221 fratribus
3094 5159 3142 5203 et
3194 5161 3383 5215 patre,
3431 5152 3586 5221 quasi
3633 5162 3811 5219 patrem

2241 5242 2396 5279 suum
2428 5223 2729 5278 interficere
2768 5224 3071 5289 cogitasset,
3119 5223 3256 5289 quod
3299 5238 3501 5286 parum
3552 5224 3814 5277 verisimile

2241 5307 2338 5349 est.
2377 5297 2430 5351 Si
2453 5295 2595 5348 enim
2650 5291 2981 5360 Chilpericus
3028 5290 3210 5344 fuisset
3259 5289 3643 5358 interemptus,
3675 5293 3814 5344 Clue-

2240 5367 2441 5419 doveus
2475 5369 2666 5417 lru~tra
2693 5363 2760 5417 de
2800 5363 3147 5432 lt‘redegunde
3174 5360 3430 5432 pellenda
3458 5363 3814 5424 deliberasset,

2240 5452 2361 5488 cum
2387 5435 2496 5502 jam
2540 5435 2652 5500 ipse
2684 5433 2868 5487 fuisset
2909 5431 3145 5486 omnium
3176 5431 3459 5497 dominus,
3485 5447 3708 5500 eamque
3734 5442 3816 5499 pro

2243 5506 2398 5560 libit‘u
2416 5505 2725 5576 pepulisset.

2316 5585 2339 5613 ε
2370 5569 2579 5644 Regiu.,
2612 5587 2808 5642 semper
2844 5571 2982 5626 idem
3030 5573 3080 5624 in
3133 5570 3404 5640 superbia,
3459 5573 3647 5643 plenus
3693 5569 3816 5624 omni

2243 5643 2489 5710 nequitia.
2519 5643 2675 5696 Nam.

2317 5714 2337 5752 ί
2363 5715 2460 5768 Ed.
2511 5713 2732 5782 Chesn.,
2766 5713 3070 5768 emendavit.
3125 5711 3426 5781 Gregorius
3482 5713 3682 5784 quippe
3717 5715 3815 5765 erat

2242 5790 2534 5841 Arvernus.
