1987 3087
108 165 162 193 569
215 169 221 175 .

581 163 740 192 HISTORIA
762 162 982 194 FRANCORUM.
1003 163 1104 191 L'BEIG
1125 163 1271 193 SEXTUS.

1690 163 1742 191 370

107 222 193 249 adhuc
208 220 373 255 despiceret,
398 228 448 248 nec
461 220 493 247 ad
509 221 696 249 salutationem
710 229 795 248 meam
805 242 812 253 ,
827 221 897 249 sicut
912 220 933 250 Δ
950 226 1020 248 muta
1038 226 1126 249 autem
1142 221 1244 258 regina,
1259 220 1330 256 quod
1345 220 1448 249 scilicet
1461 221 1537 249 locus
1554 222 1608 249 Deo
1621 225 1745 249 sacratus

106 267 201 299 reliqui
217 266 292 293 cives
308 266 443 298 fecerant,
459 265 608 299 adveniret,
625 266 671 293 sed
695 266 778 301 magis
798 274 841 293 me
862 266 902 293 in-

106 313 229 340 terlicere
243 313 422 346 minitaretur,
436 320 497 340 cum
511 312 625 340 consilio
636 312 901 347 comprovincialium

105 366 165 386 eum
186 358 214 385 in
241 359 434 386 monasterium
458 359 592 392 removeri
618 359 754 393 praecipio.
780 359 902 394 Cumque

104 404 205 431 ibidem
218 405 320 432 arctius
334 404 550 438 distringeretur,
565 403 792 432 intercedentibus
804 403 902 431 Felicis

103 448 224 484 episcopi
240 450 339 482 missis,
355 449 399 485 qui
416 453 571 477 memoratae
583 457 672 478 causa;
686 449 776 477 fautor
789 450 902 477 exstite-

104 499 154 527 rat,
176 495 366 522 circumvento
381 495 507 530 perjuriis
529 495 642 527 abbate,
663 495 723 530 fuga
737 494 860 527 elabitur,
875 499 903 522 et

104 547 190 574 usque
215 541 251 568 ad
276 540 392 568 Felicem
416 541 520 568 accedit
542 541 697 576 episcopum
721 547 836 575 eumque
857 540 902 568 ille

104 584 259 613 ambienter
281 585 401 620 colligit,
416 592 496 620 quem
512 586 645 613 exsecrari
668 585 807 613 debuerat.
830 585 901 612 Leu-

103 631 196 658 dastes
210 638 276 658 vero
289 631 316 657 in
333 631 479 658 Bituricum
502 638 626 666 pergens,
652 638 747 659 omnes
762 632 901 658 thesauros

103 684 170 711 quos
193 677 229 704 de
243 676 339 710 spoliis
363 684 511 711 pauperum
531 676 699 708 detraxerat,
716 684 808 704 secum
829 676 899 703 tulit.

104 721 155 749 Nec
169 722 259 749 multo
275 727 334 757 post
349 722 513 750 irruentibus
528 722 653 750 Bituricis
671 730 732 750 cum
745 722 835 757 judice
849 722 901 749 loci

103 775 183 803 super
197 775 272 800 eum,
293 775 373 795 omne
386 776 481 795 aurum
497 773 700 804 argentumque,
716 769 758 797 vel
774 769 844 804 quod
859 776 901 797 se-

103 821 161 841 cum
176 814 325 846 detulerat,
339 813 516 847 abxlu'erunt,
541 814 608 841 nihil
623 814 647 842 ei
664 815 713 842 nisi
729 815 798 850 quod
821 821 902 849 super

103 866 130 887 se
145 859 244 886 habuit
259 859 451 895 relinquentes,
466 860 605 895 ipsamque
619 860 792 887 abstulissent
806 859 899 893 vitam,

953 266 1041 294 taliter
1055 266 1228 301 pollueretur,
1241 267 1321 302 jussit
1334 274 1395 295 eum
1409 274 1424 294 a
1438 266 1548 294 basilica
1569 267 1655 294 sancti
1670 267 1741 301 ejici.

952 313 1002 346 Qui
1017 314 1130 346 ejectus,
1151 313 1184 340 ad
1206 313 1325 348 hospites
1348 320 1412 341 suos
1427 312 1523 340 iterum
1547 313 1574 339 in
1599 312 1743 340 Bituricum

952 358 1063 392 expetit,
1077 360 1224 393 deprecans
1238 365 1268 386 se
1285 358 1371 386 occuli
1386 357 1420 385 ab
1433 357 1474 386 eis
1487 357 1511 384 δ.

989 405 1031 433 Li.
1059 406 1092 433 Et
1105 405 1168 434 licet
1181 406 1215 433 de
1229 405 1300 433 beati
1327 405 1410 433 Salvii
1434 404 1551 440 episcopi
1567 403 1745 432 collocutione

952 451 1075 487 superius
1091 452 1100 486 (
1113 451 1176 487 Cap.
1194 450 1246 486 45)
1273 458 1427 479 memorare
1448 450 1604 482 debueram,
1620 449 1666 477 sed
1682 448 1744 482 quia

953 502 1045 524 mente
1069 497 1196 531 excessit,
1210 504 1271 525 esse
1284 496 1442 531 sacrilegum
1466 503 1520 523 non
1539 495 1666 525 arbitr-nr.
1677 493 1700 521 si
1715 493 1742 520 in

953 547 1088 578 posterum
1110 542 1254 570 scribatur.
1285 541 1366 576 igitur
1379 549 1440 568 cum
1456 541 1514 569 vale
1530 544 1591 575 post
1612 538 1744 576 synodum

953 592 1128 615 memoratam
1144 588 1199 622 regi
1221 587 1276 622 jam
1287 587 1360 615 dicto
1371 608 1380 621 ,
1395 586 1430 614 ad
1445 585 1551 621 propria
1565 585 1654 613 redire
1665 585 1747 612 velle-

953 641 1024 665 mus,
1038 642 1090 661 non
1102 638 1164 661 ante
1186 633 1326 661 discedere
1345 633 1453 668 placuit,
1465 632 1516 659 nisi
1529 631 1599 659 hunc
1613 631 1699 658 virum
1713 630 1746 657 li-

954 684 1023 711 batis
1043 683 1142 711 osculis
1157 683 1348 718 linqueremus.
1369 682 1453 716 Quem
1467 681 1607 717 qutesitum
1629 680 1655 707 in
1678 679 1747 707 atrio

954 729 1145 757 Brinnacensis
1161 729 1258 757 domus
1269 728 1367 763 reperi.
1383 728 1433 755 Cui
1447 727 1512 759 dixi,
1526 726 1587 761 quia
1605 727 1661 760 jam
1673 733 1746 752 erant

954 776 987 802 ad
1009 776 1115 811 propria
1138 774 1283 804 rediturus.
1307 774 1385 802 'l'unc
1398 773 1493 801 remoti
1520 772 1668 807 paululum.
1683 771 1748 798 dum

955 821 1017 849 hinc
1027 820 1090 848 inde
1104 820 1358 853 sermocinaremur,
1373 820 1410 846 ait
1430 818 1495 846 mihi
1512 827 1520 845 ε
1537 817 1653 845 Videsne
1667 824 1748 852 super

955 867 1006 895 hoc
1019 872 1116 895 tectum
1127 875 1187 902 qua:
1201 874 1252 903 ego
1264 866 1404 901 suspicio?
1422 866 1471 894 Cui
1490 873 1540 901 ego
1555 874 1561 891 :
1579 864 1662 892 Video
1676 864 1748 892 enim

103 904 152 931 nisi
170 903 234 938 fuga
251 904 347 932 fuisset
365 905 483 939 elapsus.
508 904 662 939 Resumptis
676 905 773 932 dehinc
787 905 899 937 viribus,

957 914 1164 948 supertegulum,
1176 913 1247 948 quod
1260 920 1345 948 nuper
1353 920 1398 940 rex
1410 912 1472 947 poni
1485 911 1621 946 praecepit.
1637 910 1668 937 Et
1680 910 1725 937 ille
1739 919 1747 937 :

103 957 162 977 cum
178 950 318 985 aliquibus
338 951 479 978 Turonicis
494 951 591 979 iterum
609 951 686 978 irruit
703 959 784 985 super
799 952 903 986 praedo-

103 1004 148 1024 nes
162 1004 231 1024 suos
245 1006 252 1023 ε
268 997 462 1032 interfectoque
484 1005 556 1031 uno,
574 998 660 1032 aliqua
686 998 719 1025 de
743 999 822 1025 rebus
838 998 903 1032 ipsis

103 1043 224 1077 recepit,
250 1048 277 1069 et
303 1042 329 1069 in
348 1043 510 1071 Turonieum
531 1044 683 1071 revertitur.
706 1043 823 1071 Audiens
847 1044 904 1072 li:ec

103 1087 230 1115 Berulfus
246 1089 316 1122 dux,
343 1089 416 1115 misit
436 1096 532 1123 pueros
545 1097 608 1116 suos
627 1096 687 1117 cum
703 1096 836 1117 armorum
853 1097 902 1124 ap-

103 1139 202 1169 paratu
222 1134 256 1161 ad
271 1135 551 1168 comprehendendum
567 1143 639 1162 eum.
656 1135 701 1162 Ille
712 1142 775 1162 vero
790 1142 903 1163 cernens

103 1188 131 1207 se
137 1181 196 1216 jam
205 1182 315 1215 jamque
326 1182 396 1216 capi,
413 1181 512 1209 relictis
523 1182 613 1213 rebus,
624 1181 757 1208 basilicam
767 1182 851 1209 sancti
863 1181 902 1208 lli-

103 1226 161 1254 hrii
176 1227 344 1255 Pictavensis
354 1228 474 1261 expetiit.
488 1227 608 1255 Berulfus
619 1235 683 1255 vero
691 1227 742 1254 dux
754 1235 797 1254 res
809 1233 902 1261 captas

102 1272 160 1307 regi
186 1273 346 1300 transmisit.
364 1272 509 1299 Leudastes
528 1273 599 1300 cnitn
615 1273 801 1307 egrediebatur
820 1273 904 1308 268

104 1316 137 1344 de
154 1318 278 1350 basilica,
296 1324 322 1345 et
338 1318 440 1345 irruens
454 1319 480 1344 in
495 1319 590 1346 domos
604 1318 782 1351 diversorum,
799 1319 902 1353 praedas

103 1362 229 1396 publicas
244 1363 398 1390 exercebat.
419 1363 472 1390 Sed
494 1364 562 1390 etin
586 1363 724 1391 adulteriis
743 1371 815 1399 smpe
834 1364 902 1391 infra

104 1409 193 1442 ipsam
215 1415 337 1437 sanctam
362 1410 491 1445 porticum
511 1415 524 1429 ι
539 1411 724 1446 deprehensus
746 1417 797 1439 est.
823 1411 903 1439 Com-

955 960 1045 992 Aliud,
1061 959 1154 994 inquit,
1169 966 1221 986 non
1245 958 1358 993 aspicis?
1372 957 1421 985 Cui
1438 964 1488 992 ego
1504 965 1510 984 :
1527 957 1596 984 Nihil
1612 956 1695 989 aliud,
1709 957 1748 983 in-

955 1014 1045 1041 qnnm.
1064 1005 1152 1034 video.
1178 1005 1339 1041 Suspicabar
1354 1005 1425 1033 enim
1442 1004 1513 1040 quod
1532 1003 1631 1040 aliquid
1644 1003 1748 1040 jocula-

955 1052 1021 1079 riter
1032 1052 1196 1086 loqui-retur.
1210 1051 1242 1078 Et
1251 1050 1337 1086 adjeci
1350 1058 1356 1075 :
1369 1050 1397 1078 Si
1408 1055 1436 1078 tu
1447 1050 1546 1086 aliquid
1557 1050 1641 1085 magis
1647 1050 1749 1083 cernis,

955 1105 1063 1125 enarra.
1077 1097 1168 1124 Atille
1182 1096 1234 1124 alta
1250 1096 1358 1124 trahens
1382 1096 1510 1131 suspiria,
1526 1096 1564 1123 ait
1578 1105 1584 1123 :
1600 1095 1685 1123 Video
1697 1103 1748 1131 ego

955 1143 1124 1178 evaginatum
1147 1143 1194 1170 iraa
1212 1142 1311 1170 divinae
1330 1141 1446 1177 gladium
1460 1149 1541 1177 super
1555 1141 1664 1170 domum
1679 1141 1750 1170 hanc

955 1188 1162 1224 dependentem.
1178 1182 1368 1216 Verumtamen
1396 1195 1448 1217 non
1464 1188 1556 1216 fefellit
1567 1188 1648 1216 dictio
1659 1195 1749 1217 sacer-

955 1235 1056 1268 dotem;
1071 1242 1132 1263 nam
1154 1239 1215 1270 post
1236 1234 1295 1263 dies
1311 1234 1405 1271 viginti
1420 1254 1428 1268 ,
1443 1234 1497 1263 duo
1521 1234 1568 1262 lilii
1583 1235 1663 1271 regis,
1680 1241 1751 1270 quos

955 1283 1079 1317 superius
1094 1282 1234 1324 (Cap.55)
1252 1286 1373 1310 mortuos
1391 1282 1564 1317 scripsimus,
1579 1282 1714 1311 obierunt.

994 1348 1143 1384 Explicitus
1157 1353 1199 1377 est
1213 1349 1279 1377 liber
1292 1348 1411 1385 quintus,
1420 1348 1512 1378 ﬁnitus
1528 1349 1556 1377 in
1576 1354 1648 1377 anno
1656 1348 1752 1385 quinto

957 1393 1121 1423 Childeberti
1136 1396 1217 1430 regis.

112 1481 1751 1503 Ἦ

300 1537 818 1582 269-270.INCIPIUNT
845 1537 1142 1582 CAPITULA
1168 1539 1326 1583 LIBRI
1364 1539 1559 1583 SEXTI.

304 1617 419 1656 Incipit
440 1616 521 1648 liber
542 1620 654 1648 sextus
669 1641 678 1656 ,
701 1617 870 1650 inchoatus
892 1618 934 1649 ab
955 1626 1044 1649 anno
1075 1621 1166 1651 sexto
1187 1618 1331 1659 ejusdem
1352 1616 1559 1651 Childebertl.

108 1680 134 1708 I.
158 1679 237 1712 Quod
257 1678 433 1704 Chiidebcrlus
448 1678 481 1703 ari
495 1678 665 1710 Chilparimm
682 1678 804 1709 Il'ailslil,‘
820 1683 843 1704 et
859 1677 891 1705 de
904 1679 967 1714 fuga
988 1677 1136 1707 Hummoli.

108 1715 152 1742 II.
175 1714 216 1740 De
231 1714 320 1747 legalis
337 1714 472 1747 C/tilperici
487 1714 516 1740 ab
533 1715 637 1740 Oriente
653 1715 769 1740 reversis.

109 1750 172 1778 III.
197 1748 234 1775 De
251 1749 339 1785 legatis
355 1747 509 1775 C/tililt-bcrli
524 1750 563 1785 udi
573 1750 755 1784 Cltilpcricum.

110 1785 165 1812 IV.
189 1783 306 1815 Qualiter
322 1783 407 1820 Lupus
423 1792 442 1820 (ιν
454 1792 530 1818 regno
545 1784 700 1811 Cltiltleberti
715 1786 818 1820 fugatus
834 1788 881 1810 est.

113 1821 146 1847 V.
169 1819 309 1845 Allerratio
323 1827 379 1844 cum
390 1818 493 1846 Iuda-0.

115 1855 166 1882 VI.
190 1853 230 1881 De
242 1859 328 1880 salicto
343 1854 460 1889 Hospitio
474 1855 600 1884 reclanso.
617 1860 639 1880 et
653 1855 808 1881 abstinentia
830 1854 866 1881 vel
882 1853 1013 1882 miraculis
1026 1854 1095 1889 ejus.

114 1889 184 1917 VII.
207 1889 245 1916 De
259 1889 369 1915 transitu
386 1888 500 1916 Ferrralt
518 1890 651 1917 llcerensis
663 1891 784 1923 episcopi.

114 1925 203 1951 VIII.
225 1924 262 1950 De
278 1923 406 1958 Eparcltio
421 1925 536 1951 rcclauso
554 1924 736 1959 Egolisnmns’s
750 1925 829 1951 urbis.

112 1960 167 1988 IX.
190 1960 227 1987 De
243 1959 370 1986 Domnulo
384 1959 606 1987 Cenommtnorum
626 1962 754 1994 episcopo.

113 1996 150 2022 Χ.
171 1996 209 2022 De
223 1995 329 2021 basilica
342 1997 424 2022 sancti
443 1995 546 2021 Martini
559 1996 676 2027 e/fractrt.

112 2030 168 2058 XI.
189 2029 228 2057 De
243 2030 375 2056 Theodoro
388 2032 518 2064 episcopo,
534 2036 556 2057 et
573 2031 710 2065 llgtmmio.

113 2065 185 2093 XII.
208 2065 244 2091 De
258 2066 370 2091 exercitu
385 2073 472 2092 can/ra
488 2065 615 2092 Bituricus
631 2070 767 2091 commoto.

113 2100 209 2127 XIII:
221 2102 253 2127 de
269 2099 341 2133 Lupo
355 2106 377 2126 ει
394 2101 524 2127 Ambrosio
539 2100 671 2127 Turoniris
687 2100 781 2127 civibus
796 2098 947 2134 interﬂuit.

113 2135 194 2163 XIV.
207 2135 253 2170 rDe
266 2136 387 2169 parleu'is
402 2144 458 2170 quin
473 2140 657 2170 apparuerunt.

112 2171 178 2198 XV.
200 2169 239 2197 De
253 2171 322 2197 obitu
338 2169 431 2197 Felicis
446 2172 569 2205 rpiscopi.

113 2206 161 2233 Χν
171 2205 195 2232 1.
213 2206 288 2237 Quod
305 2205 470 2238 Pappolenut
486 2214 589 2232 marem
603 2214 675 2232 suam
689 2206 792 2240 recepit.

236 2240 274 2279 υς
284 2240 382 2279 luditis
396 2250 439 2279 per
449 2241 723 2279 Chilpericuntqregent
739 2240 876 2279 conversis.
913 2273 918 2279 '

113 2275 229 2303 XVIII.
251 2276 289 2302 De
304 2277 392 2309 legatis
407 2276 541 2309 Cltilperici
555 2277 585 2302 ab
602 2276 730 2310 Hispania
744 2277 861 2302 reversis.

114 2311 195 2338 XIX.
218 2311 256 2338 De
271 2312 415 2338 hominibus
429 2311 567 2342 C/iilnrrici
582 2312 651 2346 apud
668 2312 772 2339 Urbium
784 2312 900 2345 ﬂuvium.

115 2346 178 2373 ΧΧ.
201 2346 239 2373 De
252 2347 322 2373 obitu
337 2346 460 2373 Chrodiui
475 2347 556 2373 ducis.

115 2380 166 2408 XX
172 2381 196 2408 Ι.
217 2381 257 2408 De
269 2382 348 2415 signis
362 2382 479 2408 ottemis.

115 2415 213 2444 XXII.
235 2415 272 2443 De
287 2416 420 2443 Carthcrio
434 2418 563 2451 episcopo.

116 2451 230 2479 XXIII.
252 2451 326 2484 Quod
341 2451 484 2485 Chilperico
496 2453 549 2485 regi
565 2452 634 2485 ﬁlius
650 2456 723 2477 nam:
739 2455 785 2477 est.

115 2485 224 2514 XXIV.
248 2486 286 2513 De
298 2487 398 2513 insidiis
409 2486 537 2513 Theodori
551 2484 671 2521 episcopi,
686 2492 708 2513 et
721 2487 753 2512 de
765 2484 947 2512 Gundottaldo.

117 2520 167 2556 XX
174 2522 206 2548 V.
225 2521 262 2548 De
275 2523 354 2556 signia
370 2528 393 2548 et
411 2522 535 2556 prodigiis
550 2523 618 2548 circa
633 2520 662 2547 eu
678 2527 791 2555 tempora
805 2521 875 2548 risit.

117 2555 224 2583 XXVI.
246 2556 285 2583 De
296 2555 475 2584 Gunlhrtimno
489 2558 568 2588 dure,
593 2561 616 2582 et
632 2557 783 2582 Mummolo.

117 2591 167 2626 XX
174 2591 241 2619 VII.
263 2591 337 2624 Quod
351 2592 511 2626 Chilperico:
525 2600 570 2618 rex
584 2596 620 2618 est
634 2591 748 2618 Parisios
763 2592 902 2624 ingressu.

117 2625 167 2661 XX
175 2626 258 2654 VIII.
281 2627 319 2654 De
331 2625 418 2654 Marco
432 2627 618 2661 refervndurio.

118 2660 224 2696 ῌΧΙΧ.
245 2662 285 2688 De
298 2662 389 2696 puellis
404 2659 552 2688 monasterii
568 2661 732 2694 Pictavensis,
748 2668 806 2694 seu,
820 2660 857 2687 De
870 2660 1004 2688 uirtutibus
1018 2669 1075 2696 qua:
1088 2663 1113 2688 in
1126 2660 1280 2688 monasterio
1292 2661 1393 2687 dommr
1409 2659 1573 2694 Rndcyumtt’a
1585 2662 1663 2696 ιηςισι
1674 2665 1746 2689 sunl-

118 2695 206 2731 ΧΧΧ.
228 2697 266 2723 De
279 2698 348 2723 obitu
363 2697 455 2723 Tiberii
471 2698 640 2731 imperatoris.

117 2730 224 2766 ᾸΧΧΙ.
245 2731 285 2758 De
297 2732 383 2759 multis
399 2733 483 2765 malis,
500 2729 556 2765 quae
571 2731 729 2765 Chilpericus
744 2738 788 2757 rex
801 2731 826 2757 in
840 2730 981 2758 ciuitatibus
994 2732 1081 2764 fratris
1096 2731 1205 2765 suiﬁert'
1215 2732 1305 2766 jussit,
1322 2730 1360 2757 vel
1377 2730 1430 2763 ipse
1445 2729 1504 2762 [erit

118 2765 241 2794 ΧΧΧΙΙ.
264 2767 301 2793 De
316 2768 417 2793 interitu
433 2766 578 2793 leudustir.

122 2800 259 2829 XXXIII.
283 2803 320 2828 De
334 2803 446 2832 locustis.
464 2803 557 2828 morbis
567 2824 573 2832 ,
589 2802 771 2834 prodigiisque.

154 2864 169 2879 ⁸
179 2861 284 2895 Regm.,
302 2860 327 2885 in
340 2860 395 2893 ipsa
410 2859 513 2886 basilico
522 2863 579 2885 tmte
593 2859 727 2895 porticum.

154 2895 168 2914 ⁵
184 2889 238 2928 Quit
255 2889 361 2922 tandem
388 2896 491 2921 ratione
507 2889 603 2921 misere
620 2893 738 2928 perierit,
761 2893 821 2920 vide
837 2892 904 2920 libro
919 2899 988 2927 seq..
1004 2898 1065 2925 cap.
1082 2889 1126 2916 52.
