3974 6174
230 236 337 289 5ῒῦ

1154 235 1467 292 llISTORM
1512 231 1953 290 FRANCURUM.
1998 232 2197 288 LIBER
2240 234 2511 319 SEXTUS

3402 240 3466 263 lyn-

3402 240 3505 292 de"

231 354 533 427 prmsertim
563 353 631 409 ab
674 353 898 410 Ursionc
929 362 981 409 et
1015 354 1321 409 Bertelredo
1348 366 1395 418 η,
1425 355 1488 409 ad
1519 366 1819 408 extremum
1848 353 1894 409 A
1927 363 2261 418 satsutorem,
2302 354 2441 407 sicut
2479 355 2553 408 ait
2593 353 2849 423 propheta
2898 363 3018 408 tuus
3052 373 3064 407 :
3113 355 3248 409 .ilisit
3287 355 3507 410 Verbum

228 448 589 502 conventione
619 445 754 500 facta
782 455 840 499 ut
865 446 1218 510 occideretur,
1240 457 1643 499 commoverunt
1666 460 1819 499 exer-

230 538 398 592 citum
425 546 608 590 contra
634 552 776 591 eum.
805 536 957 602 Quod
985 549 1209 590 cernens
1244 524 1593 590 Druﬂichildis
1617 536 1816 605 regina,

231 629 529 684 condolens
574 629 743 684 ﬁdelis
786 630 864 683 sui
915 630 1274 683 insecutiones
1322 630 1567 697 injustas,
1601 627 1823 696 pra'cin-

238 736 374 791 gens
404 737 462 775 se
500 721 745 786 viriliter,
777 721 964 789 irrupit
997 720 1199 775 medios
1232 720 1461 773 hostium
1491 734 1711 782 cuneos,
1744 718 1823 770 di-

232 830 369 869 cens
398 832 410 865 :
437 813 634 874 Nolite,
667 828 699 867 ο
726 812 858 876 viri,
892 812 1056 867 nolite
1087 811 1285 867 malum
1314 812 1414 865 hoc
1439 812 1634 875 facere,
1662 809 1825 882 274

233 906 405 959 nolite
435 905 679 974 persequi
725 903 1097 968 innocentem;
1132 903 1297 957 nolite
1328 918 1424 973 pro
1454 918 1560 957 uno
1608 902 1824 957 homine

232 992 576 1047 committere
616 992 852 1060 praelium
870 1032 885 1057 ,
909 1007 1015 1059 quo
1045 992 1291 1047 solatium
1316 992 1548 1061 regionis
1576 993 1823 1047 intereat.

237 1085 370 1139 “me
398 1084 485 1138 illa
517 1085 789 1151 loquente.
820 1084 1094 1151 respondit
1123 1083 1277 1138 llrsio
1304 1101 1315 1135 :
1349 1082 1560 1138 Recede
1586 1097 1614 1135 a
1646 1082 1820 1148 nobis,

237 1191 275 1231 ο
319 1175 530 1230 mulier.
574 1173 812 1229 Sufficiat
862 1174 953 1227 tibi
1002 1172 1102 1227 sub
1148 1174 1264 1227 viro
1309 1172 1542 1227 tenuisse
1583 1187 1824 1241 regnum.

238 1268 395 1323 Nunc
425 1278 599 1321 autem
634 1266 773 1321 ﬁlius
805 1275 924 1320 tuus
957 1276 1167 1335 regnat,
1214 1279 1542 1334 regnumque
1566 1263 1680 1333 ejus
1720 1279 1825 1316 non

244 1370 356 1424 tua,
404 1358 497 1412 sed
548 1368 727 1411 nostra
760 1357 982 1413 tuitione
1012 1357 1269 1409 salvatur.
1300 1355 1381 1409 Tu
1426 1370 1552 1410 vero
1580 1356 1771 1409 recede
1799 1370 1827 1407 a

242 1449 421 1511 nobis,
454 1463 525 1503 ne
554 1457 605 1502 te
647 1448 856 1517 nngulm
894 1462 1151 1516 equorum
1184 1455 1487 1500 nostrorum
1519 1462 1639 1499 cum
1688 1455 1828 1499 terra

242 1538 573 1593 confodiant.
612 1538 736 1593 lla'c
760 1546 813 1590 et
842 1537 944 1591 alia
972 1552 1093 1592 cum
1118 1537 1418 1591 diutissime
1452 1537 1591 1591 inter
1618 1552 1675 1590 se
1706 1550 1830 1604 pro-

244 1630 529 1694 tulissent,
569 1629 797 1683 obtinuit
842 1628 1040 1698 regina:
1086 1626 1347 1681 industria
1399 1642 1465 1680 ne
1513 1636 1827 1695 pugnarent.

1924 458 2069 494 suum
2090 484 2103 504 ,
2135 453 2180 496 et
2206 446 2402 497 sanavit
2429 462 2511 498 eos
2544 444 2713 517 (Psal.
2739 462 2853 510 cvr,
2877 445 2991 515 ΞΟ).
3018 447 3169 513 Quod
3195 458 3370 502 autem
3399 449 3504 512 ais,

1924 535 2043 601 quia
2073 536 2185 603 ipse
2214 553 2318 590 non
2349 547 2599 606 generet,
2629 538 2748 592 audi
2792 542 3102 606 prophetam
3139 550 3282 593 tuum
3323 542 3504 595 dicen-

1927 636 2031 678 tem
2066 641 2130 679 ex
2174 643 2304 681 voce
2348 626 2616 682 dominica
2648 647 2657 681 :
2694 628 2946 695 Nunquid
2976 646 3087 698 ego,
3115 632 3201 699 qui
3232 632 3361 684 alios
3407 650 3501 701 pa-

1925 732 2034 768 rere
2057 716 2212 785 facio,
2240 718 2347 788 ipse
2376 734 2477 771 non
2508 720 2706 787 pariam
2738 719 2889 789 (lsai.
2916 736 3067 787 LXVI,
3098 722 3191 787 9)?
3223 723 3334 775 lure
3360 724 3501 778 enim

1927 804 1993 859 de
2025 807 2238 875 populo,
2277 807 2361 876 qui
2393 808 2444 861 in
2473 823 2594 861 eum
2638 824 2730 876 per
2762 808 2917 863 ﬁdem
2948 812 3265 876 renascitur,
3295 814 3384 866 ait.
3423 814 3501 866 Ad

1930 896 2042 949 haec
2082 896 2299 951 Judtcus
2346 899 2664 966 respondit:
2695 898 2941 968 Nunquid
2993 901 3131 956 Deus
3180 902 3340 955 homo
3390 905 3506 957 ﬁeri

1929 987 2128 1055 potuit,
2150 1001 2236 1041 aut
2261 988 2328 1043 de
2350 989 2571 1043 muliere
2591 989 2734 1045 nasci
2752 1029 2768 1055 ,
2792 990 3103 1046 verberibus
3123 992 3308 1057 subdi,
3335 1006 3506 1049 morte

1928 1078 2211 1133 damnari?
2236 1079 2316 1134 Ad
2348 1082 2459 1136 hate
2501 1096 2626 1151 rege
2657 1092 2888 1148 tacente,
2928 1084 2979 1138 in
3027 1084 3260 1139 medium
3307 1100 3392 1139 me
3426 1091 3506 1137 iu-

1928 1184 2120 1239 gerens
2149 1169 2299 1223 dixi:
2330 1170 2399 1227 Ut
2446 1171 2583 1227 Dens
2634 1173 2725 1228 Dei
2774 1172 2943 1227 Filius
2981 1174 3140 1229 homo
3188 1174 3366 1241 ﬁeret,
3400 1162 3507 1234 non

1930 1275 2075 1325 sua},
2121 1261 2217 1315 sed
2266 1272 2462 1315 nostra:
2514 1265 2848 1318 necessitatis
2893 1266 3096 1320 exstitit
3144 1281 3325 1321 causa.
3372 1265 3506 1322 Nam

1929 1352 2192 1419 captivum
2228 1361 2444 1418 peccato
2475 1353 2773 1418 hominem,
2802 1362 2853 1406 et
2882 1353 3079 1408 dLaboli
3111 1356 3353 1409 servituti
3382 1340 3509 1411 sub.

1929 1441 2124 1510 jcctum
2170 1443 2433 1497 redimere
2475 1460 2579 1497 non
2628 1454 2906 1519 potuerat,
2955 1446 3053 1499 nisi
3104 1448 3373 1501 hominem
3425 1464 3512 1503 as—

1931 1537 2267 1605 sumpsisset.
2297 1537 2407 1605 Ego
2433 1551 2561 1591 vero
2593 1552 2695 1591 non
2726 1537 2791 1590 de
2822 1538 3123 1606 Evangeliis
3148 1549 3201 1593 et
3230 1542 3510 1608 Apostolo,

1933 1643 2050 1697 qua:
2082 1644 2187 1683 non
2217 1628 2415 1691 credis,
2456 1629 2550 1683 sed
2581 1630 2648 1684 de
2689 1632 2791 1685 tuis
2834 1630 2983 1685 libris
3028 1632 3331 1687 testimonia
3376 1650 3511 1713 pra:-

242 1720 445 1774 ‘l‘ameu
476 1720 545 1774 ab
573 1720 663 1774 illo
694 1720 810 1773 loco
850 1718 1204 1784 discedentes,
1236 1718 1503 1772 irruerunt
1534 1717 1585 1771 in
1633 1717 1822 1770 domos
1856 1716 1902 1776 Β
1928 1719 2079 1785 bens,
2107 1722 2322 1789 proprio
2349 1730 2400 1775 te
2428 1735 2683 1776 mucrOne
2710 1709 3046 1786 confodiam',
3073 1723 3212 1778 sicut
3237 1709 3504 1793 quondam

246 1808 383 1877 Lupi
436 1817 490 1863 et
539 1808 752 1877 direpto
778 1806 923 1860 omni
953 1806 1200 1874 prmsidio
1222 1804 1275 1872 δ,
1304 1806 1561 1875 ﬁngentes
1591 1820 1651 1859 se
1698 1804 1825 1858 illud

246 1901 303 1953 in
333 1900 586 1954 thesauro
618 1900 756 1968 regis
787 1898 1101 1966 recondere,
1126 1898 1236 1951 suis
1262 1913 1382 1951 eum
1412 1896 1656 1949 domibus
1687 1896 1827 1949 intu-

246 1992 449 2057 lerunt,
484 1991 815 2047 intendentes
845 1990 993 2059 Lupo
1024 1991 1215 2058 minas,
1239 2000 1397 2059 atque
1427 1990 1667 2043 dicentes
1693 2005 1707 2041 :
1739 1988 1828 2041 Vi-

244 2094 348 2135 vus
374 2081 623 2136 virtutem
657 2092 888 2135 nostram
919 2096 1022 2134 non
1051 2081 1261 2136 evadet.
1294 2086 1361 2134 At
1389 2080 1477 2133 ille
1513 2093 1741 2133 cernens
1769 2092 1829 2132 se

246 2175 303 2228 iu
345 2173 672 2238 discrimine,
704 2182 865 2227 tutata
915 2173 1049 2227 infra
1082 2172 1229 2226 urbis
1276 2170 1515 2237 Lugduni
1562 2170 1766 2224 Clavati
1803 2180 1824 2207 α

244 2279 432 2320 muros
460 2264 685 2333 conjuge
722 2278 838 2330 sua,
868 2264 935 2317 ad
981 2262 1441 2335 Gnutchramnum
1477 2276 1653 2330 regem
1701 2274 1831 2314 con-

246 2354 399 2425 fugit.
429 2356 473 2409 A
515 2370 620 2424 quo
649 2355 873 2423 benigne
916 2363 1196 2423 susceptus
1234 2370 1353 2407 cum
1396 2368 1462 2407 eo
1504 2352 1686 2419 latuit,
1729 2369 1829 2406 ex-

247 2454 504 2515 spectans
548 2457 606 2501 ut
646 2446 1024 2502 Cbildebertus
1072 2447 1137 2501 ad
1186 2445 1479 2515 legitimam
1526 2447 1831 2515 perveniret

246 2550 488 2595 atatem.
1385 2591 1393 2598 .

325 2628 388 2684 V.
420 2630 588 2700 Igitur
611 2628 945 2698 Chilpericus
974 2644 1095 2694 rex,
1128 2646 1246 2683 tum
1277 2630 1449 2684 adhuc
1477 2630 1613 2698 apud
1628 2630 1831 2699 ‘supra-

246 2719 445 2775 dictam
475 2721 651 2774 villam
688 2730 1007 2787 moraretur,
1040 2720 1414 2788 impedimenta
1447 2721 1647 2773 moveri
1688 2735 1825 2787 pra:-

246 2810 471 2879 cipiens,
508 2810 739 2865 Parisios
768 2812 953 2865 venire
982 2811 1234 2879 disponit.
1268 2815 1343 2863 Ad
1374 2827 1528 2880 quem
1560 2827 1678 2863 cum
1718 2810 1827 2879 jam

250 2903 610 2957 valedicturus
659 2904 1007 2969 accederem,
1050 2904 1264 2958 Judazus
1308 2904 1562 2973 quidam,
1617 2905 1827 2959 Priscus

250 2995 493 3060 nomine,
524 2994 611 3064 qui
636 2994 683 3047 ei
710 2996 774 3047 ad
797 2998 1001 3061 species
1027 2995 1343 3048 coemendas
1373 2992 1649 3049 familiaris
1677 3004 1825 3061 erat,

1934 1810 2095 1863 David
2144 1809 2352 1866 Goliam
2396 1810 2588 1882 legitur
2637 1812 2949 1867 trucidasse.
2986 1812 3145 1881 Igitur
3187 1814 3327 1881 quod
3373 1817 3509 1870 Dens

1932 1899 2091 1954 homo
2118 1900 2323 1955 futurus
2349 1910 2520 1964 esset,
2545 1903 2668 1955 audi
2698 1902 3011 1970 prophetam
3043 1912 3187 1956 tuum
3215 1922 3227 1957 :
3259 1903 3324 1958 Et
3355 1906 3510 1970 Deus,

1930 1990 2129 2059 inquit,
2161 2000 2207 2044 et
2237 1993 2407 2056 homo,
2450 1999 2495 2044 ct
2525 1992 2634 2057 quis
2666 1994 2894 2059 cognovit
2925 1994 3082 2045 eum?
3111 1994 3173 2047 Et
3209 1995 3332 2049 alibi
3363 2013 3376 2048 :
3412 1995 3512 2049 llic

1929 2092 2002 2135 est
2042 2080 2179 2135 Deus
2222 2091 2411 2148 noster,
2441 2094 2485 2136 et
2527 2100 2625 2136 non
2658 2083 2968 2150 reputabitur
2995 2086 3126 2138 alius
3159 2095 3342 2151 prwter
3362 2104 3511 2150 eum;

1929 2176 2020 2244 qui
2056 2175 2239 2228 invenit
2278 2192 2475 2228 onmem
2503 2176 2632 2228 viam
2660 2176 2898 2239 scientia},
2929 2187 2974 2229 et
3002 2176 3143 2230 dedit
3180 2177 3323 2230 illam
3351 2176 3513 2232 Iacob

1932 2283 2087 2334 puero
2107 2284 2220 2335 suo,
2245 2276 2291 2321 et
2312 2265 2479 2321 Israel
2508 2267 2691 2331 dilecto
2717 2284 2828 2321 suo.
2863 2268 3095 2323 Post/uec
3124 2271 3175 2323 in
3203 2272 3349 2324 terris
3376 2273 3513 2325 visus

1930 2368 2003 2412 est
2029 2370 2077 2413 et
2115 2375 2229 2411 cum
2258 2358 2543 2411 hominibus
2572 2370 2895 2412 conversatus
2921 2370 2994 2413 est
3020 2358 3269 2431 (Baruclt.
3299 2377 3387 2424 ιιι.
3420 2363 3511 2429 56,

1931 2447 2020 2515 57,
2048 2449 2159 2517 58).
2192 2449 2341 2516 Quod
2371 2456 2550 2502 autem
2582 2448 2647 2503 de
2679 2448 2893 2518 Virgine
2923 2450 3181 2517 nascitur,
3210 2452 3329 2504 audi
3359 2452 3508 2504 siuti-

1932 2541 2050 2595 liter
2077 2542 2387 2609 prophetam
2421 2551 2566 2594 tuum
2597 2540 2859 2593 dieentetn
2887 2557 2898 2591 :
2937 2538 3068 2593 Ecce
3100 2539 3258 2610 Virgo
3289 2543 3339 2594 in
3370 2554 3511 2619 utero

1931 2632 2213 2697 concipiet,
2259 2640 2303 2684 et
2344 2632 2504 2699 pariet
2554 2630 2751 2699 ﬁlium,
2796 2639 2842 2683 el
2891 2632 3151 2685 vocabitur
3180 2650 3358 2687 nomen
3402 2636 3507 2704 ejus

1937 2722 2267 2785 Emmanuel,
2298 2725 2435 2790 quod
2463 2735 2534 2777 est
2564 2725 2979 2789 interpretatum,
3014 2724 3291 2778 Nobiscum
3327 2726 3460 2781 Deus
3490 2726 3509 2766 τ

1933 2813 2086 2886 (lsai.
2112 2829 2180 2867 vtt
2200 2854 2215 2880 ,
2248 2812 2344 2876 ἵεις
2380 2813 2565 2865 Matth.
2590 2828 2604 2865 ι
2625 2854 2639 2878 ,
2667 2812 2780 2883 25).
2811 2813 2960 2878 Quod
2991 2814 3299 2869 verberibus
3324 2816 3511 2878 subdi.

1933 2906 2075 2976 quod
2117 2906 2281 2959 clavis
2312 2904 2450 2973 afﬁgi
2483 2904 2740 2973 deberet,
2785 2914 2840 2960 ct
2877 2905 2996 2959 aliis
3046 2921 3254 2975 quoque
3304 2907 3509 2975 injuriis

1933 2995 2231 3063 subiacere,
2263 2996 2345 3048 vel
2388 2994 2561 3058 afﬁci,
2607 2994 2742 3048 alius
2786 2995 3043 3062 prOpbeta
3091 2996 3165 3049 ait
3195 3014 3207 3049 :
3242 2996 3510 3061 deerunt

249 3085 486 3141 advenit.
505 3084 666 3154 Cuius
689 3088 905 3141 ca‘sarie
937 3102 1026 3141 rex
1051 3087 1241 3141 blande
1263 3088 1595 3156 apprehensa
1631 3102 1790 3141 manu
1810 3130 1823 3152 ,
1852 3079 1905 3144 (Ξ
1935 3103 2114 3139 manus
2143 3103 2278 3139 meas
2306 3096 2353 3138 et
2380 3086 2533 3157 pedes
2569 3094 2745 3137 meos:
2777 3084 3053 3138 diviserunt
3092 3085 3187 3139 sibi
3216 3088 3507 3142 vestimenta

250 3180 324 3231 ait
350 3178 415 3230 ad
464 3193 571 3242 me,
604 3180 785 3231 decus
815 3196 826 3229 :
868 3177 1032 3243 Veni,
1061 3178 1310 3233 sacerdos
1359 3179 1485 3244 Dei,
1519 3186 1571 3232 et
1617 3178 1828 3247 impone

254 3286 467 3325 manum
516 3285 676 3337 super
717 3285 860 3324 eum.
896 3269 991 3324 Illo
1036 3277 1212 3324 autem
1255 3270 1537 3331 renitente,
1573 3272 1647 3325 ait
1693 3287 1825 3326 rex:

256 3361 299 3415 0
328 3376 480 3414 mens
523 3360 685 3426 dura,
719 3369 774 3415 et
816 3360 1087 3430 generatio
1123 3376 1335 3429 semper
1382 3361 1681 3429 incredula,
1709 3378 1829 3432 quae

260 3465 364 3504 non
393 3450 635 3520 intelligit
674 3450 765 3505 Dei
798 3450 986 3504 Filium
1013 3448 1039 3486 ά
1070 3451 1171 3505 sibi
1204 3451 1579 3519 prophetarum
1608 3452 1829 3507 Vocibus

256 3543 668 3608 repromiSs-um;
697 3556 801 3594 non
828 3540 1072 3607 intelligit
1102 3540 1464 3595 ecclesiastica
1497 3544 1747 3611 mysteria
1774 3542 1827 3597 in

257 3633 366 3685 suis
395 3631 670 3685 sacriﬁciis
698 3630 941 3700 ﬁgurata.
971 3632 1091 3685 llzec
1118 3647 1181 3686 eo
1206 3633 1436 3701 dicente,
1467 3633 1680 3687 Judmus
1710 3634 1784 3687 ait
1808 3650 1823 3694 ;

259 3722 397 3777 Deus
427 3738 533 3776 non
561 3731 684 3793 eget
721 3722 996 3792 cenjngio,
1029 3738 1199 3793 neque
1230 3725 1379 3792 prole
1405 3724 1623 3790 ditatur,
1656 3740 1827 3794 neque

257 3817 420 3870 ullum
453 3826 755 3870 consortem
784 3816 933 3885 regni
966 3816 1162 3871 habere
1192 3820 1409 3885 patitur,
1443 3820 1529 3887 qui
1565 3833 1657 3883 per
1683 3818 1826 3890 Moy-

257 3922 351 3961 sen
397 3911 517 3960 ait:
558 3906 755 3977 Videte,
800 3907 960 3959 videte
999 3908 1119 3975 quia
1158 3922 1248 3976 ego
1296 3924 1405 3960 sum
1454 3906 1727 3973 Dominus,
1779 3917 1827 3962 et

256 4000 443 4068 absque
471 4014 548 4052 me
577 4014 675 4051 non
704 4006 775 4051 est
804 3999 928 4051 deus
955 4006 999 4051 ο.
1030 3996 1139 4068 Ego
1182 3999 1407 4050 occidam
1425 4040 1439 4064 ,
1470 4008 1517 4051 et
1544 4014 1637 4070 ego
1666 4000 1828 4053 vivere

255 4091 473 4161 faciam;
503 4091 812 4157 percutiam,
841 4100 887 4142 et
928 4105 1017 4158 ego
1048 4088 1237 4142 sanabo
1286 4085 1474 4158 (Deut.
1503 4106 1680 4153 χχχιι,
1708 4091 1821 4160 59).

256 4181 337 4235 Ad
371 4181 485 4235 bzec
514 4196 605 4235 res
649 4182 808 4251 275
846 4181 921 4234 ait
951 4196 965 4233 :
1000 4180 1136 4233 Deus
1164 4180 1231 4234 ab
1274 4180 1498 4248 spiritali
1536 4192 1691 4235 utero
1740 4181 1828 4236 Fi-

254 4272 383 4327 lium
412 4273 594 4342 genuit
620 4273 1032 4339 sempiternum,
1065 4286 1170 4324 non
1202 4278 1358 4326 relate
1386 4272 1685 4339 iuniorem,
1717 4287 1822 4327 non

257 4372 523 4431 potestate
565 4362 857 4430 minorem,
887 4362 954 4416 de
985 4377 1090 4430 quo
1134 4360 1245 4430 ip~e
1275 4362 1387 4415 ait:
1418 4361 1499 4415 Ea:
1543 4373 1681 4417 utero
1709 4374 1826 4417 ante

1933 3194 2043 3233 mea
2066 3177 2234 3251 (Psal.
2260 3194 2369 3245 ut,
2396 3174 2615 3243 17,19).
2656 3177 2718 3230 Et
2742 3177 2962 3231 iterum:
2994 3175 3246 3232 Dederunt
3266 3180 3319 3233 in
3334 3197 3505 3234 escam

1932 3288 2097 3325 meam
2120 3271 2219 3337 fel,
2253 3280 2298 3323 et
2337 3271 2389 3323 in
2426 3269 2510 3324 siti
2538 3284 2653 3322 mea
2680 3279 2703 3316 κ
2727 3277 3022 3337 potaverunt
3054 3286 3132 3323 me
3160 3280 3301 3324 aceto
3329 3271 3504 3342 (Psal.

1934 3378 2118 3427 vattt,
2135 3360 2247 3430 2‘2).
2270 3362 2334 3414 Et
2354 3358 2493 3430 quod
2518 3376 2610 3428 per
2631 3359 2802 3429 ipsum
2820 3360 2992 3414 crucis
3017 3361 3304 3428 put-bulum
3330 3362 3506 3421 laben-

1935 3461 2038 3507 tem
2064 3452 2341 3519 mundum,
2364 3460 2418 3508 et
2444 3451 2633 3505 diaboli
2656 3450 2843 3503 ditioni
2872 3450 3169 3520 subjectum
3196 3452 3503 3508 res:ituerct

1933 3545 1986 3599 in
2009 3558 2173 3613 regno
2199 3558 2315 3607 Suo,
2342 3542 2479 3597 idem
2504 3541 2667 3595 David
2696 3542 2856 3611 276
2878 3543 2980 3605 ait,
3013 3540 3256 3597 Dominus
3280 3545 3505 3612 regnavit

1931 3650 1961 3685 a
1992 3635 2127 3705 ligno
2162 3631 2187 3669 ιι
2220 3631 2394 3702 (Psal.
2416 3646 2533 3693 xcv,
2555 3631 2661 3699 10).
2687 3631 2803 3684 Νοη
2835 3630 2971 3698 quod
2996 3644 3149 3685 antea
3182 3648 3285 3685 nun
3318 3648 3506 3701 regna-

1934 3726 2067 3778 verit
2092 3724 2229 3791 apud
2255 3722 2486 3786 Patrem,
2506 3721 2596 3773 sed
2621 3735 2779 3787 super
2803 3720 3047 3787 populum
3073 3735 3105 3789 q
3131 3735 3229 3775 .em
3252 3737 3278 3773 a
3305 3721 3504 3777 diaboli

1930 3819 2185 3874 servitute
2233 3816 2586 3875 liberaverat,
2632 3811 2766 3867 rude
2809 3826 3029 3880 regnum
3076 3811 3089 3848 ί
3135 3814 3361 3882 accepit.
3413 3814 3506 3869 Ju-

1930 3911 2078 3965 dazus
2102 3907 2167 3960 ad
2200 3908 2312 3960 hu‘c
2339 3903 2651 3971 respondit:
2680 3902 2808 3969 Qua:
2840 3902 2948 3957 Deo
2980 3901 3074 3955 fuit
3105 3904 3415 3968 necessitas,
3450 3908 3506 3960 ul

1931 4003 2029 4056 ista
2062 3997 2360 4067 pateretur?
2389 3994 2484 4050 Cui
2516 4009 2615 4065 ego
2642 4014 2654 4046 :
2685 3994 2798 4047 Jatn
2842 3993 2953 4047 divi
2986 3994 3114 4058 tibi,
3150 3994 3284 4049 Deus
3330 3997 3505 4050 homi—

1932 4109 2049 4150 nem
2080 4090 2280 4146 creavit
2328 4088 2635 4153 innoxium,
2665 4086 2759 4139 sed
2806 4093 2926 4139 astu
2972 4089 3237 4153 serpentis
3279 4080 3509 4141 circum-4

1930 4194 2136 4246 ventus,
2172 4178 2552 4249 praevaricator
2599 4175 2849 4244 praecepti
2898 4175 3064 4227 lactus
3091 4184 3172 4228 est
3199 4192 3213 4227 :
3243 4186 3296 4229 et
3326 4175 3444 4228 ideo
3474 4190 3507 4228 a

1929 4272 2057 4328 sede
2083 4266 2314 4341 paradisi
2346 4266 2570 4335 ejectus,
2600 4262 2883 4317 mundanis
2913 4262 3185 4316 laboribus
3224 4258 3507 4332 deputatus

1931 4373 2045 4429 est;
2091 4363 2179 4433 qui
2210 4374 2304 4431 per
2336 4367 2559 4414 mortem
2609 4354 2877 4424 Unigeniti
2912 4353 3003 4409 Dei
3038 4353 3231 4408 Christi
3285 4355 3391 4409 Deo
3422 4369 3508 4409 re~

254 4461 526 4529 luciferum
572 4460 722 4529 genui
767 4467 813 4512 te
842 4457 1031 4524 .(Psal.
1058 4472 1182 4526 cu,
1209 4459 1286 4527 ὅ).
1340 4456 1488 4511 Hune
1531 4473 1661 4526 ergo
1705 4466 1830 4513 ante
1861 4446 1908 4505 Ι)
1934 4457 2244 4513 conciliatus
2267 4464 2347 4508 est
2372 4451 2533 4506 Patri.
2556 4448 2771 4504 Jud:eus
2793 4447 2966 4501 dixit:
2998 4447 3109 4501 Non
3138 4456 3343 4512 poterat
3371 4448 3521 4503 Deus.

260 4554 453 4608 stncula
484 4560 697 4615 natum,
735 4550 787 4604 in
838 4548 1139 4603 nmissimis
1181 4550 1391 4604 sarculis
1436 4549 1635 4603 mundo
1681 4551 1831 4606 misit

330 4698 355 4725 ι
384 4684 563 4750 Colb.,
595 4682 944 4752 Berahtfrido.

329 4756 355 4795 δ
391 4756 697 4835 Praesidium
724 4765 804 4809 est
835 4755 1230 4835 pecuniatqua}
1249 4753 1431 4835 auxilii
1474 4768 1646 4835 causa
1668 4770 1826 4822 sepo-

260 4829 434 4891 nitur;
465 4826 543 4880 vel
574 4824 723 4879 Iocus
748 4831 1028 4888 secretior,
1058 4821 1145 4878 ubi
1173 4821 1680 4894 ejusmodtpec'ania
1711 4821 1826 4879 ser-

257 4910 433 4952 vatur.
464 4896 543 4950 Ex
578 4894 638 4947 L.
680 4896 723 4948 si
768 4898 971 4959 chorus,
1006 4894 1032 4965 ᾗ
1060 4897 1109 4959 l,
1140 4892 1215 4947 de'
1246 4897 1400 4962 legat.
1428 4892 1482 4946 5.
1516 4896 1823 4948 Praesidium

260 4986 362 5022 non
394 4965 559 5020 semel
593 4966 805 5019 Plautus
834 4975 1048 5033 usurpat
1080 4980 1176 5031 pro
1205 4965 1448 5032 pecuni‘t.

336 5049 357 5075 ε
392 5037 555 5091 Hodie
601 5036 908 5088 Laudunum
952 5035 1265 5103 appellatur,
1302 5034 1458 5101 vulgo
1504 5032 1677 5098 Laon,
1710 5049 1829 5102 qum

262 5110 387 5161 urbs
418 5110 467 5159 in
499 5106 779 5173 supercilio
805 5109 999 5159 rn0ntis
1026 5105 1305 5159 editissimi
1336 5104 1525 5172 posita,
1552 5106 1641 5155 diu
1674 5106 1829 5157 inex-

265 5177 556 5244 pugnabilis
584 5175 707 5238 fuit,
736 5176 993 5228 illustrata
1022 5184 1102 5228 est
1129 5174 1415 5242 episcopali
1439 5175 1565 5227 sede
1590 5191 1619 5226 a
1644 5184 1830 5228 sancto

260 5247 519 5302 ιισξιιιίκίη.

328 5265 629 5370 illigant).
662 5314 852 5369 desunt
885 5315 947 5367 hri
968 5329 997 5369 ο
1040 5316 1196 5368 verba
1228 5314 1317 5367 Dei
1353 5311 1577 5375 F'lium'
1609 5323 1659 5365 et
1692 5311 1823 5367 inﬂa

260 5388 407 5441 deem
436 5402 537 5439 vos
578 5388 832 5453 coniugio.
878 5385 998 5439 Dec.
1036 5401 1129 5453 pro
1173 5385 1511 5438 ecclesiastica
1551 5386 1820 5452 mysteria,

263 5459 419 5512 habet
445 5458 614 5509 divina
644 5457 897 5525 mysteria.

330 5536 356 5564 ο
385 5528 584 5589 Casin.,
610 5543 709 5578 non
735 5536 804 5578 est
824 5526 975 5579 alius.

330 5594 351 5634 ⁸
393 5598 574 5658 Corb.;
606 5596 742 5663 quod
790 5598 1197 5664 interpretatum,
1235 5594 1512 5648 Nobiscum
1552 5603 1624 5648 est
1658 5591 1814 5647 Deus.

258 5665 417 5735 Regni
448 5710 460 5734 ,
494 5667 741 5734 arripiet,
778 5682 871 5734 pro
896 5667 1164 5733 concipiet.

1938 4548 2150 4603 mittere
2192 4542 2477 4614 prophetas
2504 4550 2594 4594 aut
2639 4538 2930 4607 apostolos,
2961 4538 3050 4607 qui
3094 4551 3216 4592 eum
3262 4537 3334 4592 ad
3375 4540 3509 4594 viam

2009 4695 2033 4732 ι
2068 4684 2121 4737 In
2148 4680 2334 4735 eodem
2365 4676 2485 4733 cod.
2512 4676 2661 4729 deest
2688 4685 2735 4727 et
2762 4673 2816 4726 in
2843 4673 2928 4726 siti
2953 4688 3085 4727 mea.

2002 4752 2029 4792 ιι
2063 4753 2165 4807 llas
2195 4751 2409 4803 voculas
2438 4764 2470 4799 a
2510 4747 2650 4815 ligno
2678 4760 2705 4795 a
2742 4743 2979 4815 rabbinis
3009 4745 3226 4815 abrasas
3259 4742 3514 4815 nonnulli

1931 4823 2206 4893 conquesti
2241 4827 2473 4893 sur_1_t_,_e_t
2502 4812 2719 4883 quidem
2747 4829 2851 4866 non
2884 4814 3145 4893 habentur
3174 4814 3227 4893 in
3259 4812 3503 4893 vulgata.

1933 4885 2243 4950 Eas'tatneu
2273 4886 2412 4942 LXX
2445 4886 2793 4953 interpretum
2834 4886 3145 4948 auctoritas,
3180 4892 3235 4936 et
3266 4885 3505 4952 plerique

1932 4962 2133 5032 antiqui
2166 4961 2350 5015 Patres
2381 4959 2627 5032 retinent.
2655 4954 2815 5008 Certe
2844 4954 2895 5032 in
2937 4954 3220 5009 Gallicanis
3259 4954 3502 5032 ecclesiis

1936 5026 2222 5101 antiquitus
2269 5037 2508 5093 receptas
2554 5026 2723 5101 fuisse
2762 5030 3017 5101 prohattur
3064 5040 3168 5075 non
3198 5026 3385 5101 solum
3428 5038 3494 5101 es

1940 5105 2038 5157 hoc
2067 5093 2304 5169 Gregorii
2331 5106 2474 5151 textu
2495 5136 2512 5159 ,
2539 5107 2677 5169 et_e.x
2710 5094 2917 5169 hymno
2941 5093 3208 5146 Fortunati
3233 5093 3302 5169 de
3323 5100 3502 5143 sancti

1937 5175 2127 5234 Cruoe,
2160 5164 2252 5224 s'etl
2295 5170 2451 5221 etiam
2497 5182 2561 5217 ex
2606 5166 2863 5217 Psalterio
2908 5165 2958 5217 in
3010 5164 3285 5230 purpureis
3330 5177 3497 5234 mem:

1940 5229 2153 5304 branis',
2205 5240 2397 5292 litteris
2446 5237 2712 5300 argrnteis
2758 5229 3036 5304 aureisque
3081 5238 3319 5304 exorato,
3359 5229 3498 5297 quod

1939 5315 2063 5365 olim
2096 5302 2190 5363 uSu
2220 5310 2313 5361 fuit
2341 5314 2490 5360 beato
2522 5305 2787 5357 ϐυΐηιηιιυ
2824 5302 3105 5353 Parisiensi
3138 5302 3411 5366 episcopo,
3434 5314 3497 5354 ac

1932 5383 1982 5436 in
2016 5390 2195 5435 nostro
2226 5376 2548 5432 monasterio
2579 5375 2636 5429 S.
2666 5372 2912 5427 Germani
2946 5386 2972 5422 a
3010 5371 3179 5423 Prat's
3209 5372 3343 5423 inter
3376 5386 3499 5437 pre-

1931 5454 2065 5506 tiosa
2096 5449 2424 5517 autitptitatis
2446 5445 2668 5499 cemelia
2694 5450 3014 5505 asset'Vntur,
3048 5440 3099 5493 in
3133 5454 3238 5509 quo
3270 5442 3381 5494 lucc
3409 5454 3497 5493 ea-

1927 5522 2046 5577 dem
2076 5522 2233 5575 verba
2276 5521 2541 5585 leguntur.
2705 5582 2714 5585 _
3136 5548 3147 5553 -

2006 5592 2020 5629 ί
2058 5592 2266 5660 chm.,
2293 5582 2584 5641 liberaverat
2616 5582 2794 5634 rudem
2815 5623 2827 5641 ,
2858 5595 3032 5649 regno.
