3974 6174
464 167 570 227 375

1460 167 1518 223 S.
1562 158 1885 223 GREGURII
1930 167 2229 224 EPISCOPI
2271 168 2519 225 TURONI
2549 172 2696 228 NSIS
3616 178 3684 230 37

460 288 776 338 revocarent
819 279 1036 346 salutis,
1087 279 1184 333 nisi
1235 279 1349 350 ipse
1391 279 1699 336 humiliatus
1747 280 1935 334 fuisset
1982 280 2032 333 in
2061 283 2112 340 Α
2213 278 2299 333 Vl.
2343 280 2457 335 Fuit
2482 292 2658 336 autem
2689 284 2827 352 apud
2862 285 3046 340 urbem
3071 288 3348 344 Nicensem
3378 306 3443 346 eo
3474 299 3721 360 tempore

459 374 660 428 carne?
687 372 767 427 Ad
799 374 912 427 hac
939 387 1075 443 ego:
1105 371 1150 425 Α
1183 371 1442 442 principio
1468 387 1638 440 genus
1666 387 1878 442 semper
1903 371 2036 424 deli-

458 465 577 536 quit
606 466 895 519 humanum
915 505 928 528 ,
958 478 1118 533 quem
1152 478 1418 534 nunquam
1449 465 1634 519 terruit
1663 479 1760 518 nec
1791 463 2035 516 submer-

458 555 538 607 sio
566 553 747 608 diluvii
765 594 779 614 .
805 567 900 607 nec
932 552 1233 606 incendium
1261 553 1530 617 Sodomze,
1554 567 1652 607 nec
1677 553 1842 618 plagae
1869 550 2037 622 Egy-

459 644 532 713 pti
553 686 568 708 ,
601 656 706 696 nec
730 642 1040 696 miraculum
1073 643 1255 708 maris,
1288 641 1641 711 Jordanisque
1684 643 1912 695 divisio:
1945 642 2034 710 qui

456 748 673 801 semper
702 732 826 802 Legi
856 731 948 786 Del
977 734 1206 798 restitit,
1241 732 1516 798 prophetis
1547 746 1650 785 non
1691 731 1952 796 credidit;
1982 738 2037 784 et

456 840 570 879 nou
602 825 775 878 solum
807 838 911 878 non
959 822 1182 878 credidit
1203 863 1218 888 ,
1252 837 1435 876 verum
1479 822 1638 876 etiam
1672 822 1818 889 ipsos
1848 823 2036 887 prtedi-

455 923 668 968 eatores
695 913 1020 983 poenitentia:
1062 913 1348 966 interemit.
1383 913 1507 966 Ideo
1534 912 1641 966 nisi
1673 913 1788 980 ipse
1817 913 1882 965 ad
1912 927 2032 967 eum

455 1004 823 1059 descendisset
865 1005 1148 1070 redimere,
1179 1004 1294 1058 haec
1322 1004 1539 1072 explere
1581 1019 1684 1056 non
1717 1010 1923 1070 poterat
1952 1004 2032 1056 al-

455 1105 565 1151 ter.
604 1095 770 1166 Cujus
820 1110 916 1151 nos
965 1096 1241 1150 nativit-ite
1285 1096 1489 1160 renati,
1524 1093 1788 1163 baptismo
1835 1094 2032 1160 abluti,

453 1186 683 1242 vulnere
705 1188 872 1242 curati
891 1231 904 1254 ,
931 1185 1324 1241 resurrectione
1349 1185 1511 1239 erecti
1535 1224 1557 1250 ,
1581 1186 1895 1239 ascensione
1923 1186 2035 1255 glo-

454 1279 642 1335 rificati
685 1292 888 1332 sumus.
920 1278 1070 1345 Quod
1118 1287 1295 1332 autem
1346 1281 1542 1334 morbis
1589 1281 1786 1334 nostris
1832 1277 2032 1332 mederi

454 1379 715 1425 venturus
741 1378 890 1434 erat,
925 1370 1179 1436 prOpheta
1212 1380 1333 1425 tuus
1375 1373 1444 1424 ait
1477 1389 1489 1424 :
1521 1371 1700 1425 Livore
1725 1374 1834 1442 ejus
1863 1372 2034 1426 sanati

452 1474 631 1516 sumus
673 1458 828 1530 (lsa’.
863 1475 976 1526 Llll,
1012 1462 1090 1530 5).
1133 1461 1196 1515 Et
1243 1463 1405 1530 alibi,
1442 1463 1561 1533 Ipse
1606 1475 1811 1533 peccata
1861 1477 2032 1519 nostra

452 1552 704 1622 portabit,
734 1563 780 1607 et
811 1553 973 1606 orabit
1001 1568 1095 1623 pro
1135 1557 1589 1623 tronsgressoribus
1636 1556 1797 1629 (Ibid.
1826 1555 1934 1627 l2).
1968 1559 2031 1610 Et

2141 368 2415 438 HOSpitius
2446 374 2715 428 reclausus
2746 393 2950 447 magna:
2976 380 3335 446 abstinentite,
3363 385 3452 450 qui
3482 385 3718 438 constri-

2138 475 2256 522 ctus
2278 469 2475 522 catenis
2504 470 2567 522 ad
2599 486 2787 539 purum
2811 487 3006 540 corpus
3033 475 3239 538 ferreis,
3268 476 3454 531 induto
3483 478 3715 541 desuper

2138 556 2313 611 cilicio
2337 597 2352 620 ,
2405 559 2532 613 nihil
2578 560 2718 614 aliud
2751 577 2907 630 quam
2939 578 3126 631 purum
3161 581 3349 634 panem
3381 581 3500 620 cum
3535 568 3717 635 paucis

2137 648 2363 719 dactylis
2387 653 2720 706 comedebat.
2755 653 2808 706 In
2840 655 3031 709 diebus
3061 667 3238 711 autem
3258 659 3716 727 Quadragcsima',

2137 739 2206 794 de
2237 742 2505 797 radicibus
2535 745 2814 799 herbarum
2863 747 3227 817 Egyptiarum
3262 760 3283 787 ο
3313 790 3327 814 ,
3369 751 3560 818 quibus
3590 765 3707 802 erc~

2138 832 2283 886 mitte
2318 843 2554 899 utuntur,
2588 837 2907 891 exliibentib
2933 854 2972 891 rs
3015 840 3114 893 sibi
3148 841 3567 913 negotiatoribus
3597 839 3714 894 ale-

2137 920 2311 978 batur.
2343 922 2400 976 Et
2436 929 2662 991 primum
2701 927 2912 994 quidem
2937 929 3021 996 jus
3061 930 3111 981 in
3144 945 3247 998 quo
3283 941 3532 986 coxerant
3579 931 3717 984 hau-

2138 1013 2300 1076 riens,
2334 1016 2474 1083 ip~as
2506 1018 2748 1070 sumebat
2779 1019 2828 1070 in
2857 1029 3150 1086 posterum.
3199 1022 3411 1090 Magnas
3451 1025 3591 1077 enim
3620 1042 3716 1095 pcr

2137 1115 2257 1156 eum
2291 1104 2545 1159 Dominus
2594 1108 2817 1162 virtutes
2866 1108 3114 1177 dignatus
3159 1120 3242 1165 est
3295 1116 3525 1180 operari.
3579 1116 3715 1171 Nam

2137 1193 2365 1262 quodam
2398 1205 2671 1266 tempore,
2734 1199 3002 1254 revelante
3050 1201 3151 1256 sibi
3183 1202 3383 1271 Spiritu
3410 1215 3595 1260 sancto
3620 1211 3715 1260 ad-

2139 1296 2354 1339 ventum
2406 1287 2874 1356 Langobardorum
2909 1291 2959 1344 in
3004 1292 3202 1347 Gallias
3259 1293 3358 1348 hoc
3388 1295 3547 1350 modo
3577 1312 3716 1366 prte-

2135 1375 2269 1431 dixit
2303 1396 2314 1431 τ
2351 1378 2592 1442 Venient.
2628 1381 2815 1452 inquit,
2851 1382 3179 1452 Langobardi
3209 1385 3261 1439 in
3294 1385 3509 1455 Gallias,
3535 1400 3585 1444 et
3618 1389 3716 1443 de-

2137 1472 2421 1524 vastabunt
2473 1473 2714 1528 civitates
2771 1485 3018 1544 septem,
3095 1491 3161 1532 eo
3226 1477 3364 1547 quod
3425 1480 3716 1534 increverit

2138 1561 2335 1616 malitia
2387 1577 2571 1617 eorum
2624 1565 2674 1617 in
2727 1577 3016 1634 conspectu
3085 1566 3334 1634 Domini,
3409 1571 3531 1638 quia
3597 1571 3718 1623 nul-

452 1645 642 1701 iterum
662 1686 676 1710 ,
712 1645 856 1701 Sicut
884 1646 988 1698 oris
1017 1646 1084 1698 ad
1111 1649 1414 1700 occisionem
1440 1649 1625 1701 ductus
1655 1660 1727 1704 est
1760 1666 1779 1703 :
1807 1661 1855 1703 et
1883 1651 2030 1718 quasi
2063 1649 2109 1710 Β
2139 1647 2222 1703 lus
2274 1661 2358 1706 est
2407 1654 2712 1724 intelligens
2743 1694 2760 1719 ,
2816 1657 2990 1709 nullus
3037 1667 3116 1711 est
3176 1660 3450 1727 requirens
3495 1660 3660 1715 Deum
3693 1701 3715 1727 ,

451 1749 612 1806 agnus
651 1751 826 1790 coram
856 1736 1089 1790 tondente
1117 1751 1169 1789 se
1197 1737 1306 1790 sine
1334 1753 1471 1804 voce,
1500 1739 1571 1792 sic
1598 1755 1699 1792 non
1743 1740 1942 1810 aperuit
1979 1755 2034 1793 us

451 1845 621 1884 suum.
655 1828 718 1883 In
743 1828 1094 1882 humiliatio'ne
1113 1829 1367 1900 judicium
1392 1831 1504 1900 ejus
1533 1831 1786 1883 sublatum
1813 1842 1905 1885 est.
1934 1830 2035 1886 Ge-

451 1921 765 1973 nerationem
805 1922 916 1989 ejus
957 1919 1065 1987 quis
1098 1920 1352 1972 enarrabit
1382 1918 1544 1990 (Ibid.
1568 1922 1620 1986 7,
1653 1922 1744 1990 8)?
1785 1921 2032 1976 Dominus

451 2012 759 2065 exercituum
784 2026 962 2063 nomen
992 2013 1102 2079 ejus
1133 2008 1286 2081 (Isai.
1314 2027 1420 2074 Liv,
1445 2011 1521 2082 5).
1553 2013 1624 2067 De
1654 2012 1750 2066 hoc
1783 2024 1834 2067 et
1868 2013 2033 2067 Jacob

451 2102 564 2167 ille,
592 2102 660 2156 de
697 2101 851 2170 cujus
884 2110 935 2156 te
976 2101 1146 2169 jactas
1178 2105 1388 2166 venisse
1434 2107 1799 2173 generatione,
1845 2107 1896 2159 in
1945 2107 2029 2158 illa

451 2190 554 2246 filii
573 2191 656 2246 sui
682 2191 832 2246 ludas
866 2191 1258 2253 benediczione,
1285 2193 1436 2262 quasi
1467 2193 1529 2247 ad
1562 2193 1733 2260 ipsum
1757 2194 2029 2249 Christum

451 2283 644 2340 Filium
675 2285 771 2339 Dei
797 2286 1040 2354 loquens,
1069 2285 1141 2337 ait
1167 2301 1178 2336 :
1209 2284 1511 2338 Adurabunt
1539 2294 1585 2337 te
1614 2286 1708 2354 ﬁlii
1741 2287 1902 2354 patris
1933 2287 2027 2340 tui.

453 2375 664 2433 Catulus
706 2378 866 2431 leonis
894 2375 1054 2431 Juda.
1088 2375 1163 2430 De
1206 2395 1236 2449 g
1269 2378 1449 2443 rmine,
1478 2378 1555 2446 ﬁli
1595 2381 1693 2443 mi,
1725 2379 2028 2445 ascendisti,

452 2469 696 2522 recubans
724 2468 958 2522 dormisti
985 2469 1129 2537 quasi
1158 2467 1258 2536 lca,
1289 2469 1435 2537 quasi
1462 2470 1661 2520 catulus
1694 2470 1872 2522 leonis.
1908 2473 2030 2535 Quis

451 2560 712 2614 mcitabit
755 2575 872 2613 eum
917 2555 1080 2630 (Gen.
1108 2575 1260 2624 χιιι,
1287 2560 1340 2624 8,
1381 2559 1476 2628 9)?
1526 2558 1857 2614 Pulchriures
1900 2561 2033 2614 oculi

452 2655 561 2722 ejus
582 2651 719 2716 uino,
747 2661 793 2704 et
822 2651 997 2706 dentes
1037 2653 1147 2722 ejus
1191 2650 1319 2704 lacte
1355 2651 1676 2704 candidiores
1723 2649 1886 2722 (Ibid.
1920 2651 2028 2720 1:2).

453 2741 601 2809 Quis,
635 2745 836 2815 inquit,
869 2744 1127 2798 suscitabit
1157 2745 1314 2798 eum?
1363 2745 1426 2797 Et
1473 2745 1595 2798 licet
1641 2745 1757 2812 ipse
1799 2745 2029 2800 dixerit:

451 2835 610 2907 277
651 2832 963 2888 Potestatem
1010 2835 1173 2887 habeo
1216 2834 1434 2902 ponendi
1479 2836 1706 2889 animam
1752 2853 1944 2902 meam,
1986 2848 2032 2891 et

451 2936 750 2996 potestatem
776 2925 937 2981 habeo
966 2926 1147 2981 iterum
1176 2929 1412 2982 sumendi
1447 2946 1559 2983 eum
1604 2930 1783 2999 (Joan.
1816 2947 1847 2986 ι
1869 2972 1883 2996 ,
1921 2931 2033 3002 18),

2139 1740 2315 1794 nullus
2369 1750 2451 1796 est
2508 1744 2594 1812 qui
2654 1744 2814 1798 faciat
2866 1746 3063 1800 bonum
3098 1785 3113 1809 ,
3169 1763 3275 1816 quo
3329 1748 3404 1802 ira
3458 1750 3546 1805 Dei
3593 1753 3717 1820 pla-

2135 1840 2308 1883 cetur.
2359 1831 2452 1886 Est
2509 1833 2652 1887 enim
2711 1836 2887 1889 omnis
2933 1837 3158 1906 papulus
3214 1841 3375 1909 278
3450 1840 3715 1908 infidelis,

2137 1920 2386 1989 perjuriis
2431 1921 2680 1990 deditus,
2740 1926 2896 1980 furtis
2951 1927 3256 1993 obnoxius,
3307 1931 3357 1984 in
3410 1933 3713 1988 homicidiis

2138 2020 2416 2080 promptus
2448 2054 2463 2078 ,
2515 2028 2543 2066 a
2595 2014 2784 2082 quibus
2843 2016 3016 2071 nullus
3060 2017 3282 2086 jUSlilitB
3331 2019 3530 2074 fructus
3581 2024 3717 2074 ulla-

2137 2111 2289 2156 tenus
2319 2105 2510 2157 crescit
2541 2102 2599 2170 d;
2633 2121 2736 2159 non
2780 2107 3001 2161 decima:
3030 2109 3253 2175 dantur,
3298 2126 3401 2164 non
3447 2127 3718 2181 pauperes

2133 2194 2363 2249 aluntur.
2416 2210 2519 2249 non
2571 2205 2821 2265 lcgttnt‘r
2852 2199 2999 2260 nudi,
3050 2215 3152 2252 non
3188 2204 3450 2271 peregrini
3481 2203 3722 2271 hospitio

2136 2283 2502 2352 recipiuntur,
2556 2295 2646 2339 aut
2692 2288 2812 2339 cibo
2865 2289 3188 2344 sufficienter
3234 2294 3537 2346 satiantur:
3587 2295 3717 2348 ideo

2137 2371 2248 2427 hinc
2278 2373 2432 2442 plaga
2457 2379 2788 2445 supervenit.
2823 2378 2971 2433 Nunc
3001 2393 3177 2435 autem
3201 2383 3321 2436 dico
3351 2385 3497 2439 Vobis
3528 2403 3544 2439 :
3571 2386 3718 2440 Gon-

2133 2466 2299 2534 gerite.
2323 2483 2533 2522 omnem
2578 2469 2927 2523 substantiam
2982 2484 3208 2525 vestram
3256 2475 3389 2527 inia
3435 2492 3714 2532 murorum

2135 2567 2282 2626 septa
2306 2599 2321 2622 ,
2354 2574 2419 2612 ne
2445 2576 2469 2610 a
2502 2560 2865 2629 ngobardis
2909 2563 3221 2632 diripiatur;
3271 2576 3325 2619 et
3353 2581 3442 2620 vos
3483 2567 3628 2634 ipsos
3662 2569 3720 2622 in

2136 2647 2274 2703 locis
2320 2650 2638 2705 firmissimis
2667 2656 3013 2708 communTte.
3047 2657 3167 2709 llaec
3199 2671 3262 2711 eo
3291 2658 3558 2725 loquente,
3591 2674 3716 2712 om-

2136 2755 2234 2794 nes
2261 2742 2610 2811 obstupefacti
2662 2755 2714 2797 et
2765 2745 3125 2799 valedidentes
3164 2762 3284 2823 eum
3329 2763 3514 2815 magna
3547 2748 3716 2802 admi-

2137 2833 2342 2887 ratione
2387 2831 2456 2885 ad
2504 2834 2715 2902 prepria
2747 2845 2871 2888 sunt
2916 2836 3164 2904 regressi.
3201 2837 3716 2905 Monachisquoque

2139 2922 2272 2976 dixit
2306 2924 2629 2978 :Abscedite
2667 2934 2719 2978 et
2752 2941 2843 2978 vos
2875 2941 2900 2976 a
2936 2926 3072 2986 loco.
3105 2926 3409 2981 auferentes
3441 2928 3716 2981 vobiscum

450 3029 627 3073 tamen
661 3017 856 3074 Paulus
881 3020 1156 3088 apostolus
1183 3020 1253 3073 ait
1281 3037 1294 3074 :
1331 3020 1432 3086 Qui
1461 3039 1561 3074 non
1591 3024 1858 3077 crediderit
1895 3025 2036 3096 quod
2061 3028 2110 3093 ο
2143 3031 2260 3086 qua:
2292 3016 2530 3080 habetis;
2566 3033 2692 3072 ecce
2742 3019 2884 3072 enim
2939 3019 3326 3088 appropinquat
3371 3034 3500 3087 gens
3556 3035 3722 3087 quam

453 3105 592 3163 Deus
614 3109 759 3163 illum
789 3111 1048 3164 suscitavit
1073 3127 1108 3164 a
1131 3113 1361 3176 mortuis,
1386 3112 1556 3166 salvus
1581 3130 1689 3167 esse
1719 3132 1815 3168 non
1847 3117 2029 3185 poterit

452 3201 628 3274 (Rom.
658 3218 688 3257 ι
710 3245 723 3269 ,
753 3201 834 3272 9).
863 3203 989 3258 lla'c
1016 3213 1070 3258 et
1100 3203 1203 3257 alia
1233 3206 1383 3258 nobis
1411 3206 1730 3270 dicentibus,
1763 3223 2033 3278 nunquam

451 3303 804 3362 compunctus
831 3301 911 3347 est
943 3294 1105 3346 miser
1132 3292 1198 3347 ad
1241 3294 1585 3349 credendum.
1620 3296 1768 3349 Tunc
1818 3313 1907 3351 rex
1958 3299 2029 3351 si-

453 3385 597 3441 lente
645 3383 759 3450 ilio,
802 3399 924 3439 eum
975 3383 1178 3438 videret
1233 3400 1353 3438 eum
1407 3386 1488 3440 his
1537 3387 1874 3441 sermonibus
1929 3404 2033 3442 non

455 3477 770 3546 eompungi,
803 3477 866 3530 ad
900 3492 985 3531 me
1015 3491 1327 3539 conversus,
1362 3481 1590 3544 postulat
1624 3489 1676 3530 nt
1706 3491 1921 3547 accepta
1953 3480 2036 3533 be-

456 3567 756 3624 nedictione
784 3566 1158 3621 “discederet.
1207 3567 1290 3620 Ail
1332 3570 1472 3622 enim
1508 3585 1524 3621 :
1575 3568 1784 3632 Dicam,
1833 3571 2032 3638 inquit,

459 3663 552 3715 tibi
577 3703 591 3725 ,
622 3677 654 3712 ο
682 3659 953 3726 sacerdos,
983 3659 1122 3729 quod
1153 3659 1321 3714 Iacob
1347 3661 1480 3713 dixit
1504 3663 1566 3713 ad
1594 3661 1836 3729 angelum
1868 3663 1954 3730 qui
1987 3663 2034 3714 ei

459 3749 816 3820 loquebatur:
853 3746 974 3802 Non
1022 3750 1273 3801 dimittam
1315 3760 1379 3811 te,
1417 3750 1514 3802 nisi
1562 3750 1870 3802 benedixcris
1914 3750 2038 3803 milii

462 3839 616 3916 (Gen.
652 3855 830 3906 xxxii,
863 3839 979 3910 εδ).
1033 3840 1092 3894 Et
1144 3840 1258 3894 haec
1299 3841 1501 3904 dicens,
1551 3855 1744 3909 aquam
1798 3842 2039 3895 manibus

463 3936 657 4006 porrigi
710 3935 896 4005 jubet;
938 3934 1127 4000 quibus
1171 3933 1387 3997 alilutis,
1436 3931 1572 3986 fat-ta
1608 3933 1848 3988 0raai0ne
1875 3932 1924 4001 δ,
1955 3949 2041 3988 ac-

460 4036 617 4094 colito
650 4039 786 4094 pane
833 4024 1029 4094 gratias
1065 4021 1171 4075 Deo
1209 4032 1449 4091 agentes,
1480 4033 1532 4075 et
1574 4023 1669 4091 ipsi
1713 4025 2039 4092 accepimus,

461 4128 513 4170 et
558 4115 664 4185 regi
719 4117 1074 4183 porreximus,
1118 4115 1413 4181 transtoque
1457 4127 1624 4177 mero,
1679 4115 2043 4168 valedicentes

463 4208 827 4263 discessimus.
863 4205 971 4258 Rex
1007 4220 1132 4260 vero
1161 4217 1385 4260 ascenso
1413 4207 1589 4275 equite
1639 4204 1712 4277 [Ι.
1743 4206 1900 4278 equo]
1945 4207 2043 4261 Pa-

464 4300 621 4353 li-sitis
653 4309 734 4351 est
779 4310 1077 4366 regressus,
1108 4312 1229 4351 cum
1261 4297 1486 4366 conjuge
1532 4307 1586 4351 et
1633 4299 1770 4365 filia,
1805 4308 1860 4353 et
1899 4299 2043 4354 omni

462 4392 660 4444 familia
693 4405 810 4443 sua.

535 4555 570 4583 ι
606 4546 777 4615 R-ges
806 4544 876 4599 ab
909 4561 940 4599 e
969 4545 1172 4613 iscopis
1201 4545 1650 4600 benedicebantur
1678 4586 1693 4608 ,
1740 4555 1798 4600 ut
1845 4549 2040 4615 passim

465 4615 626 4683 Greg.
662 4627 939 4668 memorat.
973 4617 1102 4669 lizne
1130 4618 1186 4669 S.
1213 4619 1438 4670 Hilarius
1467 4628 1649 4670 contra
1673 4620 2040 4673 tonatantium

465 4687 728 4759 scribens,
779 4689 824 4759 ei
875 4689 1168 4759 exprobrat,
1199 4703 1230 4759 :A
1260 4688 1450 4759 Oscula
1491 4690 1774 4741 sacerdotes
1812 4693 2000 4759 excipis
2024 4729 2038 4750 ,

467 4764 619 4822 caput
651 4755 980 4806 benedictioni
1007 4757 1281 4819 s'rbntittis,
1307 4767 1356 4807 ut
1388 4758 1542 4823 ﬁdem
1573 4760 1753 4810 calces.

543 4825 569 4861 δ
611 4824 964 4892 Hieronymus
992 4825 1053 4877 ad
1090 4826 1429 4879 Eustochium
1467 4845 1478 4877 :
1519 4826 1620 4880 Nec
1651 4830 1749 4880 cibi
1779 4842 2045 4882 sumantur

468 4894 567 4947 nisi
591 4894 820 4963 oratione
839 4897 1137 4958 prtem-issu;
1161 4911 1250 4948 nec
1274 4895 1533 4948 recedatur
1559 4914 1588 4948 a
1613 4914 1807 4963 mensa,
1837 4901 1932 4951 nisi
1961 4918 2041 4952 re—

469 4967 662 5034 feratur
683 4962 915 5034 Creatori
939 4967 1134 5033 gratia.
1165 4967 1381 5034 Singula
1413 4965 1610 5019 fercula
1661 4962 2036 5034 signabantur,

467 5031 532 5106 ex
566 5037 658 5106 lib.
691 5049 708 5088 ι
735 5033 804 5087 de
830 5031 977 5087 Glor.
1012 5031 1337 5106 Μαγικῷ.
1369 5038 1462 5102 80,
1485 5035 1638 5090 infra.
1695 5037 1758 5091 Et
1797 5031 2039 5106 quaedam

467 5103 562 5160 Dei
593 5104 786 5158 famula
819 5107 956 5177 apud
1006 5105 1229 5177 Gregor.
1261 5105 1330 5158 M.
1363 5106 1452 5160 lib.
1506 5122 1519 5159 t
1569 5106 1795 5176 Dialog.,
1816 5103 1954 5176 'Cap.
1986 5109 2039 5177 4,

469 5185 528 5228 ut
556 5177 816 5231 lactucam
848 5175 1004 5227 oblita
1031 5176 1175 5244 signa
1211 5178 1377 5229 crucis
1415 5177 1704 5230 benedicere
1728 5175 2037 5245 inomOrdit,

464 5259 497 5298 a
525 5245 767 5299 dicamne
786 5256 1030 5308 correpta
1060 5255 1159 5300 est.

545 5325 567 5351 ε
611 5315 687 5368 Ex
720 5315 821 5368 hoc
848 5316 966 5386 loco
1007 5317 1363 5385 negotiatores
1392 5315 1668 5386 Egyjitios
1708 5316 1902 5371 Gallias
1929 5319 2037 5373 fre-

465 5393 751 5456 quentasse
779 5384 1043 5456 colligitur
1065 5384 1094 5450 ,7
1131 5390 1218 5456 qui
1253 5402 1356 5441 non
1401 5384 1573 5441 solum
1608 5389 1819 5453 herbas,
1864 5390 1956 5442 sed
1987 5399 2040 5444 et

467 5453 709 5525 chartam
741 5453 880 5525 illam
907 5453 1253 5525 papyracéam
1277 5457 1411 5511 adeo
1424 5458 1689 5511 celebrem
1719 5458 2036 5516 alierebaut.

473 5523 626 5595 Unde
649 5524 936 5595 Gregorius
963 5523 1119 5595 supra
1151 5528 1242 5582 lib.
1273 5543 1324 5593 ν,
1352 5541 1470 5594 cap.
1518 5527 1571 5592 5,
1601 5527 1761 5580 Felici
1809 5526 2041 5582 Namne-

465 5594 632 5663 sensi,
662 5593 753 5662 qui
785 5605 908 5647 eum
937 5593 1190 5660 conviciis
1215 5593 1544 5667 impetierat,
1567 5598 1890 5664 rescribens,
1916 5614 2037 5654 eum

2069 4413 2120 4474 D

2142 3107 2382 3174 prtetlixi.
2415 3106 2717 3161 Dicentibus
2748 3119 2922 3161 autem
2957 3109 3059 3162 illis
3087 3127 3098 3162 :
3127 3109 3238 3162 Non
3264 3112 3543 3180 relinquim
3585 3125 3610 3163 s
3641 3120 3716 3174 lc,

2139 3200 2473 3254 sanctissime
2507 3213 2669 3268 pater.
2721 3202 2792 3254 ait
2830 3219 2843 3254 :
2877 3201 3049 3254 Nolite
3094 3202 3281 3255 timere
3308 3218 3402 3270 pro
3430 3217 3541 3264 tne;
3575 3201 3715 3255 futu-

2143 3308 2257 3345 rutn
2291 3308 2321 3345 e
2354 3304 2371 3344 t
2399 3292 2539 3346 enim
2575 3304 2629 3344 nt
2661 3295 2888 3347 inierant
2921 3294 3047 3346 mihi
3075 3295 3316 3364 injurias,
3361 3296 3455 3350 sed
3486 3312 3586 3349 non
3623 3314 3716 3348 no-

2142 3397 2184 3434 οε
2209 3384 2338 3434 bunt
2366 3398 2531 3451 usque
2563 3384 2625 3435 ad
2653 3397 2899 3438 mortem.
2937 3385 3339 3438 Discedentibus
3370 3395 3548 3441 autem
3595 3402 3716 3440 tn0~

2144 3473 2346 3536 ltat'llis,
2379 3475 2525 3526 venit
2574 3490 2702 3544 gms
2735 3476 2846 3534 illa;
2881 3487 2931 3529 et
2960 3477 3086 3530 dum
3137 3489 3324 3530 cuncta
3355 3493 3475 3546 qua:
3517 3480 3718 3546 reperit

2144 3572 2333 3625 vastat,
2363 3568 2606 3632 pervenit
2633 3569 2696 3618 ait
2729 3567 2898 3620 locum
2944 3569 3032 3622 ubi
3081 3584 3299 3624 saucius
3324 3570 3414 3624 Dei
3447 3571 3718 3624 reclausus

2147 3665 2278 3707 erat.
2328 3661 2392 3708 At
2427 3657 2516 3708 ille
2545 3674 2637 3722 per
2671 3657 2956 3712 fenestram
3010 3668 3172 3713 turris
3221 3661 3452 3714 ostendit
3505 3675 3564 3715 se
3614 3663 3720 3716 eis.

2145 3743 2220 3797 illi
2256 3763 2380 3799 vero
2407 3749 2800 3803 circumeuntes
2834 3759 3058 3814 turrem,
3086 3751 3289 3805 aditum
3321 3767 3414 3820 per
3442 3768 3600 3824 quem
3636 3755 3720 3806 in—

2144 3839 2496 3904 gredeicniur
2522 3839 2587 3892 ad
2620 3855 2763 3906 eum,
2821 3841 3058 3896 invenire
3103 3857 3206 3895 non
3263 3853 3528 3912 poterant.
3569 3843 3722 3900 Tunc

2146 3927 2252 3981 duo
2295 3931 2643 3982 ascendents
2702 3932 3021 3984 tle-texerunt
3086 3938 3323 3999 tectum,
3389 3943 3440 3986 et
3475 3935 3724 3990 deentes

2146 4035 2269 4074 cum
2300 4021 2532 4074 cinctum
2581 4023 2805 4086 catenis,
2855 4021 3205 4092 indutumque
3244 4023 3422 4078 cilicio
3445 4064 3461 4089 ,
3485 4025 3674 4078 dicunt
3709 4045 3721 4078 :

2151 4111 2246 4166 llic
2274 4112 2585 4166 tnalelactor
2613 4125 2713 4176 est,
2747 4125 2800 4168 et
2833 4115 3184 4168 homicidium
3219 4114 3342 4169 fecit
3372 4133 3385 4168 :
3416 4115 3536 4170 ideo
3561 4117 3612 4169 in
3643 4120 3723 4172 bis

2149 4203 2487 4272 ligatuinibus
2538 4202 2743 4256 vinctus
2776 4214 3006 4257 tenetur.
3063 4203 3364 4274 Vucatoque
3407 4207 3722 4276 interprete,

2147 4295 2486 4350 sciscitantur
2508 4297 2574 4350 ab
2602 4312 2667 4349 eo
2698 4297 2824 4365 quid
2857 4298 2978 4350 mali
3007 4297 3214 4367 fecerit,
3255 4310 3312 4352 ut
3339 4299 3429 4353 tali
3460 4301 3724 4368 supplicio

2149 4398 2462 4443 arctaretur.
2511 4393 2582 4442 At
2623 4389 2714 4443 ille
2763 4391 2954 4444 fatetur
2984 4406 3042 4445 se
3073 4391 3397 4494 hoomicidam
3429 4408 3571 4456 esse,
3604 4409 3724 4448 om-

2148 4543 2355 4597 felicem
2386 4541 2619 4596 futurum
2639 4542 2804 4597 fuisse
2826 4545 2974 4608 dicit,
2994 4543 3037 4597 si
3061 4546 3231 4614 ipsum
3257 4548 3484 4602 Massilia
3509 4551 3724 4604 habuis-

2148 4623 2231 4667 set
2258 4613 2586 4680 episcoputn.
2615 4615 2753 4681 quod
2787 4631 2852 4668 eo
2883 4624 3038 4678 pacto
3067 4613 3199 4670 satis
3225 4620 3420 4671 charte
3454 4622 3731 4676 habuisset

2151 4703 2244 4750 pro
2267 4686 2632 4736 describendis
2661 4685 2954 4756 convicds;
2999 4702 3118 4738 cum
3150 4690 3353 4740 setlicet
3378 4705 3442 4742 eo
3470 4687 3725 4756 frequen-

2152 4763 2229 4806 tcr
2272 4755 2862 4827 advenirettt‘:Egyptii
2918 4767 3263 4821 mercatores,
3313 4758 3402 4827 qui
3452 4762 3725 4824 ejusmodi

2148 4829 2360 4876 chartas
2390 4829 2436 4876 iit
2474 4823 2668 4876 Gallias
2700 4827 3052 4877 advehebant.
3093 4827 3219 4881 Vide
3256 4823 3522 4881 Mabilloti.
3561 4832 3656 4881 lib.
3708 4846 3721 4883 ι

2151 4899 2215 4968 tle
2258 4897 2333 4947 lie
2382 4896 2698 4968 lliplotnat.,
2723 4909 2840 4962 cap.
2873 4896 2906 4948 8
2933 4938 2946 4959 ,
2979 4904 3033 4948 et.
3074 4898 3395 4952 Altescrrant
3441 4899 3493 4951 in
3539 4915 3658 4968 cap.
3693 4899 3724 4952 5

2151 4966 2243 5016 liti.
2267 4981 2294 5015 ν
2327 4969 2479 5030 Imjus
2510 4966 2771 5017 Historiae.

2221 5032 2246 5070 ⁴
2289 5037 2378 5087 Sic
2405 5035 2591 5097 Corb.;
2643 5036 2728 5087 alii
2764 5049 2908 5098 vero,
2963 5034 3202 5103 gliscit...
3250 5055 3445 5104 panper
3464 5040 3644 5099 alitur,
3675 5051 3725 5094 et

2150 5114 2341 5157 cmtera
2394 5106 2444 5176 in
2491 5105 2760 5176 singulari
2794 5121 3046 5176 nurnero;
3099 5120 3150 5160 et
3181 5108 3256 5161 sic
3289 5111 3554 5162 habentur
3582 5111 3722 5176 apud

2153 5176 2368 5247 Paulum
2401 5175 2683 5247 Diaconnin
2713 5175 2804 5226 lth.
2830 5189 2885 5247 l_ll
2913 5174 3107 5228 Ilistor.
3136 5177 3494 5246 Langolrard.,
3519 5174 3639 5247 capi.
3673 5186 3723 5242 1,

2150 5246 2237 5297 ubi
2271 5246 2492 5310 lltrSptlil
2523 5245 2702 5297 laudes
2732 5262 2794 5296 ex
2821 5244 3076 5312 Gregorio
3097 5244 3370 5300 describit.
3403 5249 3473 5301 De
3502 5244 3724 5302 decimis

2149 5315 2416 5368 solvendis
2456 5329 2607 5368 conc.
2627 5313 2826 5366 Matisc.
2852 5329 2906 5376 ll,
2933 5331 3020 5367 an.
3047 5317 3172 5380 585,
3198 5333 3317 5370 can.
3342 5319 3394 5372 5.
3419 5317 3624 5372 Fideles
3656 5320 3723 5371 ad

2145 5385 2472 5439 decimarum
2504 5386 2824 5455 solutionem
2848 5385 3142 5455 hortantur
3187 5399 3362 5455 patres
3404 5404 3556 5442 conc.
3615 5391 3726 5440 'l'n-

2146 5469 2265 5510 r0n.
2299 5470 2355 5520 ll,
2385 5471 2472 5509 an.
2501 5454 2626 5520 £367,
2647 5456 2712 5509 ad
2742 5453 2948 5509 cladem
2997 5453 3359 5525 avertendam,
3395 5474 3512 5527 quae
3547 5461 3732 5514 immi-

2148 5529 2329 5581 nebat.
