3974 6174
393 310 493 364 377

1357 311 1669 369 HISTORIA
1711 311 1797 366 Ε’ῐῖ
1817 312 2151 369 \NCOBUM.
2194 312 2396 368 LIBER
2435 311 2721 369 SEXTUS.

3541 313 3648 371 573

391 425 579 492 nisque
598 421 853 495 criminis
881 437 1051 479 reum.
1104 424 1256 481 Tunc
1302 443 1439 483 unus
1462 469 1477 494 ,
1522 440 1764 484 extracto
1790 430 1967 499 gladio
1996 439 2042 493 Α
2073 429 2429 483 admiratione
2457 430 2691 493 dicente,
2726 429 2804 482 vir
2832 428 2919 484 Dei
2946 429 3090 483 omni
3132 428 3424 484 intentione
3454 445 3639 485 vanam

390 522 448 566 ut
488 511 541 566 in
591 520 752 581 caput
791 512 908 582 ejus
939 513 1183 582 libraret,
1231 516 1450 572 dextera
1483 519 1534 572 in
1570 520 1684 587 ipso
1714 519 1820 574 ictu
1850 534 1969 573 sus-

390 616 554 670 pensa
592 601 830 670 diriguit,
862 617 959 657 nec
984 619 1101 658 eam
1132 606 1195 657 ad
1227 620 1288 660 se
1317 608 1481 674 potuit
1515 623 1790 662 revocare.
1821 608 1971 662 Tunc

388 693 625 764 gladium
674 694 882 760 laxans,
931 703 1088 749 terra:
1130 694 1346 765 dejecit.
1390 698 1515 751 Ilmc
1565 699 1807 752 videntes
1836 698 1968 751 socii

389 784 525 853 ejus,
573 784 864 863 clamorem
923 784 975 839 in
1025 786 1215 841 caelum
1264 787 1548 850 dederunt.
1601 788 1898 859 flagitantes
1940 804 1969 842 a

391 883 599 940 sancto,
634 885 689 929 ut
706 876 840 945 quid
872 877 957 947 agi
1002 887 1272 944 oporteret
1318 878 1610 933 clementer
1651 879 1967 933 insinuaret.

393 965 513 1035 lpse
540 981 669 1020 vero
711 967 963 1035 imposito
1007 968 1172 1039 279
1214 969 1407 1024 salutis
1454 970 1647 1039 signo,
1696 969 1969 1023 brachium

391 1057 605 1111 sanitati
638 1057 887 1113 restituit.
912 1058 1005 1113 llle
1025 1071 1203 1114 autem
1226 1061 1276 1114 iu
1301 1060 1487 1115 eodem
1513 1061 1631 1114 loco
1653 1074 1968 1123 conversus,

393 1164 671 1208 tonsurato
687 1155 864 1223 capite
887 1153 1228 1210 ﬁdelissimus
1251 1155 1545 1209 monachus
1562 1169 1702 1209 nunc
1726 1154 1967 1207 habetur.

398 1245 510 1298 Duo
533 1260 666 1298 vero
689 1245 856 1299 duces
887 1253 913 1281 ι
944 1245 1032 1313 qui
1061 1259 1182 1300 eum
1211 1244 1514 1317 audierunt,
1565 1243 1859 1297 incolumes
1882 1256 1974 1310 pa-

396 1336 509 1387 trire
538 1333 730 1386 redditi
780 1342 941 1399 sunt;
985 1333 1073 1401 qui
1120 1349 1247 1387 vero
1289 1342 1729 1400 contempserunt
1776 1345 1973 1399 prazce-

396 1433 542 1494 ptum
595 1425 732 1492 ejus,
790 1424 1166 1479 miserabiliter
1193 1422 1245 1475 in
1280 1425 1391 1491 ipsa
1419 1421 1692 1477 Provincia
1724 1430 1850 1475 situt
1874 1422 1973 1475 de-

395 1513 580 1568 functi.
638 1513 785 1567 Multi
843 1526 1020 1568 autem
1067 1530 1135 1568 ex
1178 1513 1363 1581 ipsisa
1393 1514 1673 1567 dannoniis
1719 1511 1969 1578 correpti,

394 1604 698 1657 clamabant
729 1620 741 1657 :
790 1603 897 1656 Cur
923 1619 1040 1669 nos,
1091 1614 1275 1659 sancte
1303 1615 1356 1659 et
1386 1605 1713 1667 beatissime,
1743 1604 1821 1658 sic
1847 1619 1970 1659 cru-

395 1695 506 1749 cias
538 1705 591 1748 et
646 1694 928 1748 incendis?
965 1694 1059 1749 sed
1091 1695 1331 1764 imposita
1358 1696 1438 1749 cis
1471 1711 1651 1759 manu,
1686 1694 1973 1749 mundabat

2071 520 2243 571 vitans
2274 519 2521 587 gloriam,
2546 519 2620 571 ait
2660 535 2675 571 :
2722 517 2855 579 Sile,
2890 516 3009 581 sile,
3059 518 3409 573 dilectissime
3458 519 3647 583 frater,

2072 623 2175 661 non
2195 608 2315 662 haec
2345 623 2445 677 ego
2494 611 2654 675 tacio,
2710 609 2803 662 sed
2849 608 2939 663 ille
2965 608 3055 676 qui
3105 609 3360 664 mundum
3390 625 3452 664 ex
3481 611 3649 667 nihilo

2070 697 2324 761 condidit,
2357 698 2585 769 qui\pro
2614 698 2765 752 nobis
2797 698 3065 753 hominem
3106 699 3403 765 suscipiens
3423 740 3438 764 ,
3484 714 3647 754 caacts

2073 787 2262 851 visum,
2294 787 2472 840 surdis
2499 788 2759 853 auditum,
2793 788 2952 841 mutis
2975 797 3191 856 prmstat
3217 788 3510 855 eloquium,
3551 787 3646 857 qui

2072 879 2295 947 Ieprosis
2323 888 2496 932 cutem
2527 877 2823 946 pristinam,
2855 877 3078 931 mortuis
3108 878 3288 941 vitam,
3314 887 3363 931 et
3396 876 3645 931 omnibus

2072 971 2297 1026 iulirmis
2341 968 2649 1024 afﬂuentem
2681 970 2997 1024 medicinam
3041 968 3299 1037 indulget.
3346 968 3496 1023 Tunc
3534 968 3649 1022 dia—

2071 1075 2238 1114 conus
2258 1060 2493 1129 gaudens
2518 1068 2572 1113 et
2597 1059 2923 1123 valediccns,
2947 1057 3205 1113 abscessit
3226 1074 3346 1113 cum
3365 1058 3649 1114 comitibus

2019 1194 2027 1201 .
2071 1151 2199 1207 suis.
2224 1150 2858 1217 Quibusdiscedentibus,
2880 1149 3041 1202 homo
3058 1149 3291 1216 quidam.
3321 1148 3649 1211 Dotninicus,

2072 1246 2150 1296 sic
2177 1243 2316 1296 enim
2349 1250 2465 1297 erat
2496 1242 2610 1295 viro
2641 1257 2834 1294 nomen
2863 1278 2879 1305 ,
2909 1255 2939 1294 a
2967 1243 3243 1293 nativitate
3267 1253 3463 1302 caecus,
3491 1236 3652 1290 adve-

2074 1332 2244 1405 nitad
2278 1332 2428 1386 istius
2458 1331 2694 1386 miraculi
2736 1332 2985 1385 virtutem
3019 1332 3366 1400 probandam.
3391 1330 3493 1395 Qui
3520 1329 3647 1384 dum

2074 1423 2124 1476 in
2158 1422 2485 1483 monasterio
2517 1424 2722 1476 duobus
2744 1432 2833 1476 aut
2865 1422 3033 1476 tribus
3062 1422 3333 1476 mensibus
3365 1420 3648 1486 resideret,

2072 1514 2300 1567 orationi
2331 1528 2393 1567 ac
2417 1512 2637 1582 jv-juniis
2658 1529 2872 1579 vacans,
2904 1514 3117 1581 tandem
3150 1522 3303 1567 vocat
3346 1528 3469 1567 eum
3498 1512 3563 1566 ad
3592 1526 3652 1566 se

2073 1607 2155 1659 vir
2183 1606 2273 1661 Dei
2302 1647 2320 1671 ,
2365 1617 2418 1660 et
2446 1607 2519 1659 ait
2551 1623 2565 1659 :
2621 1607 2709 1659 Vis
2739 1604 2976 1675 recipere
3009 1606 3214 1660 visum?
3260 1603 3359 1659 Cui
3404 1604 3495 1660 ille
3538 1606 3651 1658 ait:

2074 1697 2352 1759 Voluntas,
2376 1697 2564 1767 inquit,
2598 1714 2713 1751 mea
2744 1709 2858 1753 erat
2889 1700 3063 1765 ignota
3085 1712 3410 1768 cognoscere
3439 1709 3488 1751 ο.
3521 1696 3653 1751 Nam

394 1802 506 1839 cos.
536 1786 775 1840 Posthac
807 1787 965 1840 homo
982 1786 1518 1857 eratAudegareusis
1542 1787 1735 1852 incola,
1763 1785 1854 1854 qui
1879 1800 1971 1851 per
2002 1809 2047 1869 Β
2075 1804 2194 1858 qua:
2220 1790 2290 1843 sit
2310 1790 2397 1845 lux
2430 1789 2633 1859 ignoro.
2664 1789 2835 1845 Unum
2869 1798 3072 1843 tantum
3104 1792 3239 1854 scio,
3279 1790 3417 1858 quod
3445 1788 3512 1842 ab
3538 1802 3654 1843 om-

395 1877 612 1931 nimiam
664 1878 866 1931 febrem
894 1878 1163 1945 eloquium
1193 1882 1390 1945 paritrr
1418 1879 1762 1947 auditumque
1795 1878 1973 1947 perdi-

394 1968 573 2031 derat;
608 1980 659 2022 et
688 1983 807 2022 cum
841 1970 906 2022 de
952 1968 1099 2023 febre
1128 1970 1506 2032 convaluisset,
1539 1970 1733 2023 surdus
1764 1984 1973 2038 perma-

395 2062 552 2115 nebat
599 2076 662 2115 ac
710 2073 856 2114 mutu
893 2099 907 2113 .
961 2061 1122 2131 Igitur
1170 2061 1425 2114 diaconus
1476 2077 1543 2116 ex
1578 2062 1846 2128 provincia
1881 2062 1971 2117 illa

394 2153 620 2209 Romam
662 2155 898 2210 directus
927 2164 1011 2209 est
1032 2196 1046 2219 ,
1082 2165 1138 2209 ut
1168 2155 1443 2209 beatorum
1474 2156 1835 2223 apostolorum
1891 2155 1971 2222 pi-

398 2260 584 2314 gnora,
620 2245 704 2301 vel
742 2246 1063 2315 rel'quorum
1110 2256 1418 2300 sanctorum
1461 2248 1549 2311 qui
1596 2247 1780 2301 urbem
1830 2246 1971 2300 illam

394 2337 661 2399 muniunt,
711 2336 1009 2391 exhiberet.
1058 2336 1159 2402 Qui
1208 2352 1331 2390 cum
1373 2338 1440 2391 ad
1490 2345 1735 2406 parentes
1773 2336 1973 2391 inlirmi

395 2426 539 2479 illius
562 2428 910 2495 pervenisset,
934 2438 1119 2497 rogant
1144 2437 1198 2482 ut
1226 2443 1345 2482 eum
1374 2428 1471 2483 sibi
1491 2429 1739 2483 comitem
1770 2428 1975 2485 itineris

395 2534 612 2573 sumere
643 2519 950 2587 dignaretur
974 2557 990 2584 ,
1048 2520 1232 2572 contisi
1280 2519 1419 2587 quod
1465 2524 1509 2572 si
1541 2519 1971 2574 beatissimorum

395 2610 760 2678 apostolorum
793 2610 963 2664 adiret
993 2611 1259 2677 sepulcra,
1290 2610 1530 2675 protinus
1553 2620 1734 2677 posset
1763 2611 1974 2680 assequi

397 2699 735 2754 medicinam.
783 2699 1046 2753 Euntibus
1076 2704 1251 2753 autrm
1286 2700 1391 2751 illis
1418 2742 1432 2765 ,
1489 2709 1752 2753 venerunt
1782 2700 1846 2753 ad
1897 2700 1976 2753 lo-

396 2805 515 2843 cum
567 2789 653 2842 ubi
705 2789 886 2843 bemus
929 2789 1196 2854 llospitius
1239 2789 1525 2842 habitabat.
1572 2790 1690 2857 Quo
1734 2791 1971 2844 salutato

396 2896 458 2932 ac
508 2881 818 2933 deosCulato
843 2921 857 2942 ,
890 2895 1076 2933 causas
1118 2880 1321 2934 itineris
1351 2879 1605 2934 diaconus
1660 2882 1861 2949 pandit,
1910 2894 1974 2934 ac

396 2970 662 3039 proﬁcisci
689 2987 746 3024 se
774 2971 993 3025 ltotnam
1028 2972 1223 3025 indicat
1243 3012 1257 3036 ,
1298 2986 1524 3040 seseque
1554 2973 1639 3027 his
1667 2974 1756 3042 qui
1788 2983 1974 3029 sancto

396 3063 511 3116 \iro
549 3064 618 3117 de
645 3062 909 3117 naucleris
956 3064 1110 3117 amici
1142 3072 1346 3129 essent,
1376 3064 1741 3119 commendari
1773 3063 1973 3134 depos-

2078 1880 2237 1935 nibus
2264 1880 2594 1935 collaudatur
2616 1878 2677 1942 ἀς
2710 1896 2808 1949 ego
2832 1890 3009 1934 autem
3037 1881 3106 1933 ab
3132 1880 3283 1934 initio
3311 1881 3485 1934 aetatis
3513 1892 3647 1933 meae

2076 1988 2245 2041 usque
2270 1988 2407 2026 nunc
2440 1972 2618 2029 videre
2646 1988 2748 2026 non
2792 1972 2984 2027 merui.
3016 1973 3164 2026 Tunc
3190 1988 3307 2026 cum
3336 1972 3457 2026 oleo
3485 1972 3654 2026 bene-

2076 2062 2221 2116 dicto
2245 2076 2403 2129 super
2434 2062 2616 2115 oculos
2643 2062 2757 2129 ejus
2787 2076 2999 2116 crucem
3030 2069 3280 2115 sanctam-
3300 2059 3522 2123 faciens,
3540 2061 3612 2114 ait
3637 2077 3652 2113 :

2077 2152 2133 2206 ln
2157 2154 2369 2206 nomine
2400 2152 2524 2208 Jesu
2550 2149 2749 2207 Christi
2778 2153 3129 2219 redemptoris
3160 2152 3326 2207 nostri
3348 2153 3654 2220 aperiantur

2078 2243 2218 2295 oculi
2246 2241 2341 2295 tui.
2389 2242 2455 2296 Et
2483 2242 2665 2298 statim
2710 2244 2878 2310 aperti
2910 2252 3033 2296 sunt
3081 2242 3217 2296 oculi
3250 2242 3400 2311 ejus;
3442 2250 3500 2296 et
3543 2249 3653 2296 erat

2075 2333 2368 2401 admirans,
2418 2347 2751 2401 cernensque
2802 2332 3063 2401 magnalia
3110 2332 3245 2398 Dri,
3288 2347 3407 2400 qua:
3449 2329 3504 2385 in
3554 2331 3655 2385 hoc

2078 2426 2279 2479 mundo
2308 2425 2544 2480 videbat.
2577 2424 2982 2481 Dehincmulier
3005 2423 3425 2494 quaedam,quae,
3447 2430 3505 2476 ut
3534 2422 3647 2490 ipsa

2076 2516 2435 2582 declamabat,
2472 2520 2569 2573 tria
2599 2517 2804 2572 habens
2829 2518 3115 2580 daemonia,
3168 2515 3234 2569 ad
3274 2531 3395 2570 eum
3428 2514 3655 2569 adducta

2076 2616 2190 2674 est;
2219 2624 2377 2676 quam
2408 2623 2530 2664 cum
2573 2617 2711 2664 tactu
2742 2622 2894 2663 sacro
2938 2608 3336 2674 benedixisset,
3387 2616 3546 2677 atque
3588 2620 3655 2660 ex

2076 2698 2200 2752 oleo
2229 2707 2414 2753 sancto
2440 2714 2654 2755 crucem
2688 2699 2851 2753 fronti
2895 2700 3011 2768 ejus
3042 2698 3421 2767 imposuisset,
3469 2696 3656 2765 ejectis

2076 2785 2407 2841 damonibus
2436 2797 2653 2857 purgata
2684 2788 2951 2845 discessit.
2997 2787 3101 2843 Sed
3131 2794 3188 2841 et
3214 2788 3372 2841 aliam
3404 2787 3655 2855 puellam,

2077 2878 2145 2932 ab
2192 2880 2380 2947 spiritu
2413 2881 2687 2934 immundo
2714 2891 2977 2945 vexatam,
3020 2879 3391 2934 benedictione
3420 2879 3651 2932 sanavit.

2076 2969 2208 3024 Cum
2232 2978 2408 3024 autem
2432 2970 2541 3040 jam
2566 2971 2680 3027 dies
2706 2972 2889 3027 obitus
2914 2971 3031 3039 ejus
3054 2971 3528 3040 appropinquaret,
3556 2986 3654 3023 vo-

2078 3065 2218 3118 cavit
2245 3062 2310 3118 ad
2339 3078 2399 3119 se
2427 3064 2767 3133 praepositum
2801 3062 3109 3119 monaSIerii
3137 3103 3153 3129 ,
3185 3062 3370 3117 dicens
3401 3079 3416 3116 :
3450 3062 3656 3117 Exliibe

396 3156 486 3209 cit.
518 3156 755 3224 Cumque
785 3156 856 3208 ibi
890 3155 1061 3210 adhuc
1099 3167 1399 3210 moraretur
1420 3195 1437 3222 ,
1485 3156 1653 3210 sensit
1682 3155 1764 3211 vir
1788 3158 1973 3211 beatus
1999 3166 2046 3228 ο
2080 3153 2481 3220 ferramentum,
2512 3162 2567 3209 et
2596 3154 2832 3222 irrumpe
2862 3154 3139 3223 parietem,
3184 3161 3239 3208 et
3260 3152 3415 3207 mitte
3443 3154 3656 3208 nuntios

398 3257 491 3312 per
517 3244 772 3312 Spiritum
800 3246 1005 3299 Domini
1028 3246 1213 3299 adesse
1230 3247 1502 3301 virtutem.
1528 3246 1595 3299 Et
1613 3246 1688 3300 ait
1705 3246 1967 3303 diacono:

398 3334 665 3390 Inlirtnutn
706 3340 793 3407 qui
826 3352 1007 3392 comes
1050 3340 1122 3391 tui
1154 3353 1293 3395 nunc
1321 3348 1402 3393 est
1446 3338 1672 3405 itineris,
1733 3354 1863 3410 rogo
1915 3351 1972 3395 ut

398 3428 531 3480 meis
553 3430 926 3497 conspectibus
955 3441 1329 3499 reprazsentes.
1355 3432 1425 3486 At
1445 3431 1531 3485 ille
1555 3431 1682 3485 nihil
1708 3443 1967 3502 moratus,

398 3519 658 3573 velociter
696 3520 761 3574 ad
809 3531 1060 3575 metatum
1109 3522 1295 3587 vadit,
1349 3523 1652 3589 invenitque
1700 3524 1969 3580 infismum

400 3608 544 3666 febre
576 3612 816 3681 plenum,
861 3616 947 3683 qui
978 3632 1069 3683 per
1100 3627 1283 3669 nutum
1315 3630 1473 3670 aures
1496 3631 1620 3670 suas
1651 3617 1778 3672 dare
1807 3619 1971 3672 tinni-

399 3713 507 3758 tum
552 3707 851 3773 indicabat;
896 3709 1391 3779 apprehensumque
1431 3711 1579 3765 ducit
1620 3713 1685 3765 ad
1726 3724 1968 3767 sanctum

402 3795 513 3850 Dei.
546 3798 613 3851 At
642 3798 727 3852 ille
758 3801 1091 3865 apprehensa
1116 3817 1273 3854 manu
1295 3802 1535 3867 caasarie,
1563 3805 1784 3858 attraxit
1809 3816 1970 3874 caput

400 3884 537 3939 illius
583 3887 633 3938 in
668 3886 975 3954 fenestram,
1021 3901 1398 3961 assutnptoque
1444 3895 1563 3948 oleo
1596 3895 1971 3953 benedictione

399 3978 745 4045 sanetificato,
780 3989 965 4035 tenens
995 3998 1153 4037 manu
1179 3985 1389 4039 sinistra
1425 3986 1659 4057 linguam
1689 3990 1805 4059 ejus
1833 4032 1848 4055 ,
1887 3992 1967 4045 ori

400 4069 689 4138 verticique
716 4072 904 4139 capitis
935 4070 1147 4135 infudit,
1174 4074 1357 4128 dicens
1384 4093 1396 4128 :
1432 4077 1484 4130 lu
1519 4079 1732 4133 nomine
1760 4080 1967 4135 Domini

399 4162 497 4214 mei
528 4161 652 4216 .lesu
679 4162 875 4218 Christi
896 4164 1203 4231 aperiantur
1227 4184 1384 4223 aures
1413 4180 1532 4233 tum,
1562 4183 1870 4239 reseretque
1908 4189 1968 4228 os

399 4260 543 4306 tuum
574 4255 741 4309 virtus
773 4255 856 4308 illa
878 4297 892 4321 ,
927 4272 1047 4326 quae
1078 4261 1344 4326 quondam
1374 4260 1439 4313 ab
1467 4262 1679 4315 homine
1706 4266 1868 4317 surdo
1909 4276 1963 4319 et

397 4356 542 4398 muto
592 4350 809 4401 noxium
860 4349 1015 4417 t-jecit
1059 4351 1401 4405 (iil'fllﬂllium.
1458 4354 1522 4406 Et
1580 4355 1691 4408 lue:
1734 4357 1919 4411 dicens
1950 4398 1965 4421 ,

398 4440 688 4509 interrogat
711 4458 926 4495 nomen.
951 4444 1037 4507 Ille
1053 4460 1179 4498 vero
1202 4450 1342 4499 clara
1370 4462 1497 4500 voce
1518 4451 1618 4500 ait:
1646 4449 1735 4503 Sic
1763 4449 1962 4505 dicer”.

396 4528 527 4583 Cum
560 4531 675 4584 haec
707 4532 921 4585 vidisset
949 4533 1226 4598 diaconus,
1252 4538 1324 4588 ait
1348 4555 1361 4590 :
1385 4537 1595 4592 Gratias
1619 4540 1710 4597 tibi
1747 4541 1967 4595 immen-
1997 4534 2049 4593 D

397 4634 481 4675 sas
511 4622 707 4687 refero,
738 4623 863 4678 Jcsu
893 4624 1124 4691 Christe,
1159 4628 1248 4695 qui
1279 4630 1400 4681 talia
1436 4646 1527 4695 per
1566 4644 1776 4685 servum
1807 4635 1969 4703 230

402 4724 541 4769 tuum
573 4717 807 4784 dignaris
834 4720 1136 4774 ostendere.
1171 4722 1481 4786 Qumrebam
1516 4724 1729 4777 Petrum
1759 4765 1773 4787 ,
1819 4742 1968 4793 qua:-

401 4809 579 4861 rebam
606 4809 822 4863 Paulum
867 4809 1335 4881 Laurentiutuque,
1369 4813 1448 4865 vel
1478 4814 1712 4883 reliquos
1736 4817 1822 4883 qui
1858 4816 1967 4868 lio-

403 4914 537 4953 mam
562 4902 778 4968 proprio
807 4916 1000 4954 cruore
1032 4903 1293 4956 illustrant
1326 4921 1339 4956 :
1387 4904 1471 4958 hic
1514 4920 1701 4958 omnes
1744 4906 1918 4973 rvperi
1948 4945 1964 4970 ,

404 4988 483 5044 hic
509 5000 729 5045 cunctos
760 4991 959 5047 inveni.
1018 4993 1140 5046 llaec
1191 5009 1257 5047 eo
1312 5010 1431 5048 cum
1482 4995 1711 5049 maximo
1742 4997 1866 5051 fletu
1912 5007 1965 5050 et

484 5153 508 5183 ⁸
535 5148 587 5201 ln
620 5147 828 5217 Regm.,
860 5145 975 5199 Duo
1001 5162 1115 5199 vero
1138 5146 1357 5217 quicum
1382 5147 1638 5199 adirrunt.
1667 5148 1855 5202 Paulus
1884 5159 1966 5202 ta-

409 5231 519 5268 men
552 5219 684 5269 libro
716 5217 951 5279 laudato,
983 5232 1101 5284 cap.
1130 5218 1187 5278 ‘2,
1222 5216 1381 5271 habet
1409 5218 1511 5270 duo
1539 5219 1711 5271 duces.

474 5286 499 5324 ὓ
534 5289 682 5341 tlo‘lt.
713 5299 766 5340 et
787 5290 1007 5348 Chesn.,
1039 5286 1130 5338 l’ir
1160 5286 1301 5339 dicor

477 5369 497 5394 ε
537 5357 747 5423 Regm.,
775 5360 943 5424 ignora
967 5359 1274 5426 conspicere.

471 5426 494 5461 ἀ
534 5428 719 5491 Corh.,
750 5430 811 5479 ab
842 5427 1125 5481 hominibus
1155 5427 1409 5479 laudatur.

471 5503 495 5534 θ
528 5499 736 5564 negot,
767 5496 973 5565 pedibus
998 5514 1058 5550 ac
1090 5498 1341 5561 manibus,
1368 5496 1668 5565 elevatisque
1693 5497 1760 5549 ad
1781 5496 1964 5551 caelum

405 5567 572 5618 torulis.

473 5634 490 5671 ί
522 5635 707 5690 Mirum
737 5646 818 5689 est
845 5636 1156 5690 Austadium
1190 5635 1241 5688 in
1265 5636 1634 5703 etiscoporum
1656 5636 1961 5690 Niccnsium

396 5704 633 5769 catalogo
662 5706 855 5761 omitti.
886 5706 1058 5761 Locus
1089 5706 1178 5761 ubi
1204 5706 1333 5761 vixit
1356 5707 1626 5775 llosuitius
1655 5722 1823 5776 prope
1847 5707 1962 5762 Vil-

2076 3248 2140 3302 ad
2170 3248 2475 3317 episcopum
2506 3246 2756 3315 civitatis,
2791 3256 2847 3301 ut
2870 3247 3047 3302 veniat
3068 3246 3133 3300 ad
3164 3260 3247 3299 me
3269 3244 3655 3313 sepeliendum.

2078 3338 2172 3392 Die
2215 3338 2355 3391 enim
2388 3340 2540 3394 tertia
2570 3339 2637 3392 ab
2667 3338 2769 3393 hoc
2796 3337 3305 3406 egredior‘muudo,
3338 3345 3392 3392 et
3417 3336 3557 3390 vado
3590 3338 3645 3391 in

2076 3432 2311 3498 requiem
2334 3430 2676 3495 destinatam,
2702 3445 2859 3499 quam
2884 3430 3013 3483 mihi
3042 3428 3297 3484 Dominus
3320 3428 3647 3496 repromisit.

2042 3522 2055 3533 ‘
2077 3521 2202 3577 llaec
2229 3538 2292 3576 eo
2317 3522 2557 3587 dicente,
2586 3522 2730 3577 misit
2762 3524 3076 3591 praepositus
3106 3521 3413 3576 monasterii
3436 3520 3501 3574 ad
3543 3520 3658 3588 epi-

2073 3625 2294 3680 scapum
2318 3614 2549 3667 civitatis
2606 3613 2885 3677 Nicensis,
2939 3613 3028 3683 qui
3067 3614 3117 3667 ei
3160 3614 3274 3667 haec
3330 3613 3656 3666 nuntiarent.

2075 3706 2232 3774 281
2262 3703 2504 3757 Posthmc
2533 3702 2795 3758 Crescens
2824 3703 3040 3772 quidam
3072 3703 3217 3757 venit
3243 3702 3309 3757 ad
3339 3701 3657 3766 fenestram,

2074 3804 2129 3848 et
2156 3786 2337 3849 ridens
2368 3809 2488 3849 eum
2521 3794 2726 3849 catenis
2754 3795 2989 3848 vinctum
3015 3835 3029 3858 ,
3079 3793 3350 3848 vermibus
3396 3793 3611 3864 plenum
3638 3831 3656 3855 ,

2076 3886 2185 3938 ait:
2221 3884 2263 3937 Ο
2295 3885 2511 3939 domine
2540 3886 2639 3953 mi,
2685 3886 2911 3955 qualiter
2943 3896 3046 3939 tam
3079 3885 3251 3939 valida
3285 3894 3547 3939 tormenta
3580 3893 3658 3935 to—

2074 3987 2249 4041 lerare
2278 3996 2385 4040 tam
2417 3987 2623 4041 fortiter
2653 3987 2837 4055 pctes?
2866 3986 2959 4041 Cui
3002 3986 3091 4041 ille
3116 3987 3192 4041 ait
3221 4003 3237 4041 :
3265 3984 3541 4040 Confortat
3572 3996 3656 4038 me

2074 4087 2163 4141 ille
2210 4102 2303 4155 pro
2333 4088 2484 4155 cujus
2517 4088 2733 4143 nomine
2766 4088 2879 4141 haec
2911 4088 3097 4157 patior.
3147 4088 3276 4141 Dico
3304 4096 3484 4140 autem
3518 4084 3611 4138 tibi
3638 4124 3663 4149 ,ι

2072 4190 2196 4259 quia
2218 4190 2327 4259 jam
2359 4190 2607 4243 absolvor
2631 4189 2805 4243 abhis
2835 4189 3079 4256 vinculis,
3103 4188 3311 4244 etvado
3338 4185 3391 4239 in
3418 4184 3657 4253 requiem

2075 4306 2270 4344 meam.
2308 4291 2642 4346 Adveniente
2693 4303 2866 4343 autem
2897 4290 2985 4344 die
3016 4289 3191 4351 tertia,
3237 4286 3483 4353 deposuit
3511 4295 3665 4340 cateo‘

2074 4405 2168 4442 nas
2198 4389 2393 4459 quibus
2420 4392 2631 4443 vinctus
2655 4399 2765 4442 erat
2792 4430 2807 4451 ,
2842 4387 3231 4457 prostravitque
3269 4402 3327 4441 se
3369 4387 3418 4438 in
3451 4385 3661 4438 oratio-

2078 4507 2229 4557 nom;
2278 4500 2333 4548 et
2361 4508 2479 4547 cum
2510 4492 2807 4546 diutissime
2832 4506 2951 4544 cum
3000 4488 3246 4558 lacrymis
3274 4495 3499 4550 orasset,
3530 4486 3645 4540 col-

2074 4596 2254 4649 locans
2283 4612 2340 4649 se
2373 4610 2533 4664 Super
2556 4610 2828 4649 scamnum
2858 4636 2873 4658 ,
2919 4593 3152 4647 extensis
3185 4591 3429 4659 pedibus,
3474 4590 3656 4645 eleva-

2073 4699 2245 4767 lisque
2293 4697 2356 4750 ad
2414 4698 2606 4752 coelum
2663 4697 2907 4750 manibus
2937 4705 3001 4761 θ,
3052 4695 3252 4765 gratias
3280 4707 3446 4763 agens
3497 4693 3657 4758 Deo,

2073 4799 2287 4852 tradidit
2316 4799 2578 4866 spiritum.
2613 4799 2674 4852 Et
2704 4799 2882 4852 statim
2916 4811 3108 4851 omnes
3140 4810 3347 4850 vermes
3393 4795 3468 4850 illi
3491 4836 3507 4859 ,
3553 4794 3652 4861 qui

2072 4908 2285 4953 sanctos
2328 4908 2475 4952 artus
2521 4897 2902 4968 perforabant.
2953 4905 3306 4952 evanuerunt.
3343 4895 3658 4950 Adveniens

2071 5012 2248 5055 autem
2294 5002 2580 5055 Austadius
2615 4998 2632 5037 ί
2664 5003 2943 5069 episcopus
2974 5002 3185 5055 beatum
3215 5012 3409 5067 corpus
3447 4996 3654 5050 studio-

2072 5149 2424 5204 lam-liberam
2457 5150 2663 5204 visitur.
2698 5150 2979 5205 Pt-ninsnla
3012 5160 3120 5216 cst,
3162 5158 3216 5202 ttt
3238 5148 3418 5202 scribit
3457 5149 3658 5202 Petrus

2070 5220 2330 5282 .lolfretli,
2384 5220 2552 5274 ιτιὺειε
2602 5222 2814 5275 circiter
2856 5236 3103 5284 pa~snutn
3139 5220 3370 5272 millibus
3417 5233 3444 5270 a
3488 5216 3646 5272 Nicen

2072 5291 2201 5343 urbe
2229 5290 2438 5352 dissita,
2474 5307 2636 5359 prope
2662 5292 2901 5345 Herculei
2934 5307 3028 5345 seu
3059 5288 3418 5359 Villae-libera:
3458 5300 3656 5359 portus.

2072 5361 2248 5414 fauces
2293 5374 2479 5413 versus
2507 5358 2798 5424 orientem;
2831 5378 2893 5413 ex
2925 5371 3177 5423 Corrupto
3206 5359 3263 5413 S.
3293 5358 3513 5426 llo~pitii
3538 5374 3635 5411 no-

2072 5432 2213 5483 mine
2238 5430 2433 5483 dicitur
2454 5432 2630 5498 vulgo,
2664 5431 3004 5497 SanoSospir,
3040 5431 3122 5481 ubi
3149 5430 3429 5481 exstabant
3464 5429 3640 5482 adhuc

2069 5500 2185 5568 ejus
2214 5502 2444 5554 auctoris
2469 5502 2719 5568 temporis
2739 5500 3045 5552 tttonaslet‘ii
3076 5499 3297 5565 rudera;
3334 5500 3493 5552 turris
3516 5513 3648 5549 vero

2069 5581 2122 5623 et
2154 5572 2335 5637 templi
2390 5572 2560 5633 ipsius
2609 5570 2821 5623 nomine
2864 5569 3023 5622 dicati
3071 5571 3315 5632 reliquiae
3360 5570 3648 5623 destructa

2070 5649 2193 5692 sunt
2239 5641 2306 5695 ab
2352 5642 2507 5692 annis
2558 5641 2688 5693 circ.
2736 5637 2839 5704 ϐε),
2886 5654 3004 5691 cum
3038 5655 3130 5693 arx
3165 5638 3648 5706 ibidem,jnbente

2073 5708 2288 5765 Victore
2318 5709 2545 5765 Amech
2574 5709 2855 5765 Sabaudia:
2878 5709 3034 5776 duce,
3057 5720 3360 5766 constructa
3392 5708 3494 5761 fuit
3544 5707 3629 5759 Ec-
