3920 6188
317 313 384 372 79
991 363 997 369 .
1303 311 1359 368 S.
1401 309 1728 367 GREGORiI
1769 307 2073 362 EPISCOPI
2113 307 2533 363 TURtI-NILNSIS

3435 307 3537 364 380

280 425 494 482 sissime
539 423 826 491 sepulturae
858 421 1128 475 mandavit
1155 430 1199 470 ³.
1240 421 1363 476 Iltec
1392 423 1569 475 omnia
1598 423 1665 475 ab
1697 421 1858 489 ipsius
1887 422 1933 476 Α
1967 418 2344 487 indulgentiam
2398 417 2735 485 deprecatus.
2787 413 3027 481 Quodam
3081 430 3206 470 vero
3255 425 3494 487 tempore
3520 462 3536 484 ,

283 531 378 570 ore
403 517 650 584 cognovi,
678 528 832 581 quem
862 513 1108 580 superius
1141 523 1344 566 mutum
1375 522 1431 567 et
1453 514 1670 567 surdum
1697 516 1762 564 ab
1792 527 1857 566 eo

283 614 523 660 sanatum
554 605 794 670 exposui,
819 603 908 671 qui
940 603 1101 657 multa
1142 604 1268 655 mihi
1299 613 1351 657 et
1381 603 1482 655 alia
1513 603 1579 656 de
1608 602 1726 670 ejus
1749 603 1857 654 vir-

283 695 485 748 tutibus
515 693 794 746 narravit:
843 693 936 746 sed
973 693 1242 758 prohibuit
1274 709 1359 747 me
1403 709 1490 748 res
1543 694 1627 746 illa
1678 694 1855 759 loqui,

285 786 406 854 quia
459 785 637 839 audivi
673 785 842 838 Vitam
875 785 1042 853 ipsius
1091 801 1120 837 a
1175 786 1354 839 multis
1411 785 1574 840 fuisse
1626 787 1861 840 conscri-

284 891 449 945 piam.

368 966 477 1020 \‘ll.
507 966 582 1020 Eo
610 964 637 1002 δ
670 973 910 1033 tempore
929 965 1210 1021 Ferreolus
1239 967 1525 1022 Ucecensis
1542 967 1824 1036 episcopus
1844 1006 1859 1032 ,

287 1072 492 1126 magna:
523 1059 606 1110 vir
631 1058 964 1123 sanctitatis,
995 1058 1163 1123 obiit,
1193 1059 1383 1126 plenus
1410 1059 1668 1128 sapientia
1700 1069 1756 1115 et
1785 1062 1863 1114 in-

286 1151 533 1214 tellectu;
559 1151 644 1218 qui
676 1150 840 1203 libros
868 1150 1074 1218 aliquos
1104 1151 1458 1217 epistoiarum
1481 1191 1494 1213 ,
1522 1152 1670 1220 quasi
1701 1151 1862 1208 Sitio-

288 1245 432 1298 nium
463 1251 700 1306 secutus,
731 1243 1050 1311 composuit.
1083 1241 1205 1294 Post
1228 1243 1378 1309 cujus
1409 1243 1612 1296 obitum
1645 1242 1864 1296 Albinus

288 1351 352 1390 ex
386 1334 634 1401 praelecto
659 1347 750 1400 per
774 1333 1084 1402 Dynam;um
1117 1341 1138 1368 ο
1171 1343 1431 1386 rectorem
1462 1333 1753 1385 Provincite
1774 1347 1866 1386 ex-

291 1440 370 1487 tra
401 1433 538 1500 tegis
568 1430 846 1484 consilium
887 1431 1123 1498 sust'cpit
1167 1432 1568 1498 episc0patunt;
1603 1447 1708 1498 quo
1757 1446 1863 1483 non

289 1521 514 1591 amplius
563 1537 719 1590 quam
772 1521 939 1574 tribus
981 1535 1135 1576 utens
1183 1522 1493 1585 meustbus,
1525 1537 1644 1575 cuiu
1670 1522 1731 1574 ad
1766 1522 1866 1576 hoc

287 1628 445 1669 causa
477 1613 757 1668 restitisset
786 1623 840 1666 ut
866 1625 1254 1679 removeretur,
1287 1616 1566 1670 defunctus
1589 1627 1690 1671 est.
1720 1616 1869 1671 Jovi-

291 1719 389 1758 nus
420 1706 608 1757 iterum
649 1704 736 1772 qui
777 1705 1044 1772 quondam
1089 1704 1386 1760 Provinciae
1434 1717 1611 1760 rector
1657 1705 1863 1772 fuerat,

1963 507 2087 558 dum
2119 523 2214 575 pro
2245 509 2384 560 furto
2415 510 2533 574 quis
2561 506 2628 559 ad
2671 505 3011 572 pendendum
3045 506 3418 575 deduceretur,
3448 509 3542 579 qui

1961 604 2016 649 et
2047 597 2095 647 in
2127 598 2248 649 aliis
2281 597 2460 649 multis
2487 595 2815 657 sceleribus,
2852 603 2958 648 tam
2989 596 3038 648 iu
3071 597 3225 650 furtis
3246 639 3260 663 ,
3294 615 3454 668 quam
3486 604 3536 657 iu

1963 684 2262 738 homicidiis
2289 686 2642 739 accusabatur
2664 686 2730 737 ab
2753 685 2941 738 incolis
2963 687 3325 755 criminosius,
3349 699 3403 744 et
3428 692 3538 746 hzec

1962 779 2010 830 ei
2039 779 2274 830 nuntiata
2301 779 2562 844 fuissent,
2597 777 2741 832 misit
2772 779 3087 832 monachum
3138 796 3290 835 suum
3329 783 3394 837 ad
3440 785 3538 838 dc-

1965 871 2286 935 precandum
2313 868 2547 937 judicem
2586 867 2638 933 ί,
2666 878 2722 923 ιιι
2751 869 2958 923 scilicet
2989 870 3268 938 culpabilis
3300 873 3391 928 ille
3421 874 3538 929 vita:

1963 960 2364 1013 concederetur.
2391 960 2494 1014 Sed
2524 960 2812 1013 insultante
2834 959 2991 1029 vulgo
3017 969 3176 1027 atque
3192 962 3538 1028 vociferante,

1964 1050 2103 1117 quod
2132 1050 2176 1102 si
2205 1051 2290 1103 hic
2313 1050 2688 1114 dimitteretur,
2719 1065 2892 1117 neque
2915 1050 3142 1120 regioni,
3169 1068 3345 1119 neque
3370 1055 3534 1122 iudici

1966 1141 2134 1209 possit
2160 1155 2280 1195 esse
2310 1142 2612 1195 consultum
2635 1182 2650 1202 ,
2679 1141 2875 1195 dimitti
2909 1157 3014 1197 non
3049 1147 3238 1212 potuit.
3274 1143 3480 1200 Interea
3513 1155 3538 1194 ε

1964 1233 2268 1287 extenditur
2292 1233 2355 1286 ad
2387 1234 2632 1298 trocleas,
2665 1235 2826 1304 283
2849 1235 3009 1304 virgis
3038 1250 3100 1290 ac
3129 1237 3359 1292 fustibus
3386 1239 3540 1292 οωάί-

1968 1329 2072 1385 tur,
2102 1331 2154 1375 et
2186 1323 2422 1389 patibqu
2450 1322 2853 1375 condemnatur.
2885 1325 3126 1394 Cumque
3158 1337 3385 1401 manus
3423 1343 3542 1382 tuo-

1968 1415 2168 1466 nacltus
2199 1413 2373 1466 abbati
2400 1415 2761 1468 renuntiasset
2789 1433 2802 1468 :
2837 1415 3006 1481 Vade,
3037 1417 3240 1488 inquit,
3271 1420 3485 1474 attende
3508 1433 3543 1474 ι

1969 1505 2125 1573 longe
2145 1546 2160 1569 ,
2192 1504 2312 1572 quia
2357 1506 2490 1557 scito
2520 1505 2660 1572 quod
2683 1519 2838 1573 quem
2873 1505 3033 1559 homo
3062 1508 3288 1563 reddere
3327 1511 3497 1564 noluit
3520 1557 3538 1581 ,

1969 1595 2222 1648 Dominus
2256 1610 2353 1648 suo
2400 1611 2620 1649 munere
2667 1596 2902 1650 donabit.
2941 1597 3020 1651 Tu
3068 1613 3196 1653 vero
3244 1614 3362 1654 cum
3415 1616 3537 1655 eum

1967 1687 2158 1741 cadere
2188 1687 2421 1750 videris,
2457 1687 2698 1755 protinus
2740 1691 3136 1758 apprehensum
3175 1691 3436 1756 adducito
3487 1696 3541 1746 in

293 1794 496 1861 regium
529 1793 596 1847 de
625 1794 936 1860 episcopatu
977 1805 1298 1862 praeceptum
1349 1797 1561 1864 accipit.
1594 1797 1697 1851 Sed
1729 1814 1864 1867 ιιι-π)-
1899 1793 1947 1853 Β
1975 1781 2378 1831 η¹⁰¹¹³⁵¹θτί¹¹η¹·
2427 1778 2683 1832 monac,”
2718 1794 2845 1834 vero
2885 1780 3034 1848 iussa
3075 1782 3408 1852 complemei
3456 1785 3546 1838 me

293 1883 436 1936 venit
455 1898 575 1937 eum
599 1882 875 1938 Marcellus
897 1885 1170 1946 diaconus,
1199 1885 1388 1940 Felicis
1407 1893 1671 1959 senatoris
1699 1891 1861 1945 Iilius.
1909 1899 1913 1905 '

293 1970 392 2036 Qui
419 1973 724 2026 convocatis
744 1974 1301 2039 comprovincialibus,
1333 1991 1427 2043 per
1453 1979 1735 2031 consilium
1764 1979 1867 2050 Dy-

293 2063 453 2117 uaniii
497 2065 781 2132 episcopus-
804 2066 965 2135 282
994 2066 1271 2121 ordinatus
1309 2077 1409 2122 est.
1442 2069 1548 2124 Sed
1587 2083 1637 2124 ct
1678 2073 1790 2139 ipse
1817 2072 1864 2125 vi

295 2153 533 2222 pulsatus
557 2155 809 2222 deinceps
830 2171 858 2208 a
885 2155 1106 2222 Jovino,
1138 2169 1194 2210 ut
1229 2173 1619 2226 removeretur,
1651 2166 1868 2218 conclu-

296 2259 384 2297 sus
417 2245 466 2296 in
503 2245 748 2308 civitate,
785 2250 977 2300 virtute
1022 2263 1079 2301 se
1125 2249 1408 2304 defensare
1445 2253 1732 2319 nitebatur,
1771 2256 1864 2310 sed

296 2347 415 2387 cum
445 2349 549 2388 non
581 2336 798 2399 val-ret,
833 2340 1143 2393 muneribus
1175 2340 1314 2393 vicit.

373 2424 505 2480 VIII.
538 2427 681 2480 Obiit
705 2424 728 2462 ι¹
755 2435 808 2480 et
841 2427 1129 2495 Epareliius
1158 2433 1428 2489 rcclausus
1460 2435 1864 2504 Egolismensis,

297 2514 376 2569 vir
407 2518 696 2584 magniﬁcae
718 2520 1012 2573 sanctitati:
1038 2561 1051 2583 ,
1087 2539 1179 2589 per
1207 2538 1362 2591 quem
1403 2525 1538 2579 Deus
1571 2529 1732 2583 multa
1766 2532 1868 2583 nii-

299 2607 475 2661 racola
508 2609 742 2663 o-tendit
763 2649 776 2672 ,
809 2611 877 2664 de
904 2613 1095 2680 quibus
1116 2654 1129 2678 ,
1161 2616 1358 2670 relictis
1395 2619 1633 2681 plurimis
1655 2664 1668 2686 ,
1704 2637 1869 2690 pauca
1907 2673 1928 2683 κ

303 2700 676 2768 perstringam.
711 2701 1061 2770 l‘etroguriczc
1094 2705 1236 2758 utbis
1261 2707 1434 2762 incola
1465 2708 1595 2774 fuit,
1629 2715 1720 2765 sed
1755 2722 1872 2780 post

302 2793 702 2846 conversionem
744 2795 972 2849 clericus
1002 2797 1170 2852 lactus
1197 2840 1210 2861 ,
1253 2799 1572 2867 Egolismam
1607 2806 1827 2859 veniens
1852 2845 1868 2870 ,

302 2880 548 2934 cellulam
576 2883 678 2937 sibi
707 2885 1004 2942 :cdilit-avit.
1037 2886 1088 2940 ln
1122 2905 1222 2957 qua
1254 2891 1490 2946 collectis
1531 2898 1712 2961 paucis
1757 2911 1874 2948 mo-

301 2973 506 3037 nachis,
537 2974 587 3025 in
609 2973 1174 3031 orationc‘tuorabatur
1195 2979 1434 3045 assidue;
1459 2991 1512 3036 et
1536 2983 1579 3036 si
1607 2984 1655 3037 ci
1674 2985 1870 3055 aliquid

300 3064 413 3116 auri
462 3066 775 3134 argentique
820 3067 1173 3132 offerebatur,
1225 3081 1312 3124 aut
1362 3074 1411 3125 in
1465 3077 1871 3132 necessitatibus

1971 1869 2330 1939 prosternitur
2355 1869 2406 1922 in
2437 1867 2716 1935 oratione,
2747 1876 2802 1923 et
2831 1876 2937 1922 tam
2968 1869 3057 1924 diu
3097 1870 3150 1923 in
3197 1871 3447 1942 lacrymis
3477 1872 3544 1927 ad

1973 1957 2253 2011 Dominum
2287 1959 2417 2012 ludit
2467 1972 2648 2026 preces
2677 2000 2690 2023 ,
2723 1959 3068 2029 quoadusque
3110 1961 3352 2030 disrupto
3388 1963 3544 2018 obice

1973 2063 2094 2102 eum
2124 2050 2324 2103 catenis
2356 2057 2511 2102 terra:
2537 2049 2908 2104 restitueretur
2930 2065 3215 2120 appensus.
3247 2053 3394 2108 Tunc
3431 2070 3546 2106 nio.

1977 2141 2176 2196 nachus
2207 2141 2592 2210 apprehensum
2621 2158 2774 2206 eum,
2805 2143 3008 2197 abbatis
3041 2147 3416 2213 conspectibus
3462 2147 3546 2200 iu-

1972 2232 2237 2285 columem
2286 2241 2653 2300 repraesentat.
2705 2237 2770 2286 At
2818 2233 2907 2287 ille
2952 2235 3151 2304 gratias
3201 2236 3309 2290 Deo
3350 2253 3544 2305 agens,

1973 2322 2220 2378 comitem
2251 2324 2494 2376 arcessiri
2519 2322 2692 2391 jubet,
2723 2325 2904 2380 dicens
2930 2343 2942 2379 :
2968 2327 3192 2395 Semper
3212 2344 3296 2382 me
3319 2328 3546 2398 benigno

1975 2418 2152 2471 animo
2201 2418 2388 2470 solitus
2425 2433 2542 2471 eras
2588 2418 2807 2480 audire,
2847 2419 2917 2471 lili
2947 2419 3322 2484 dilectissime;
3354 2431 3408 2475 et
3444 2437 3542 2476 cur

1976 2510 2129 2562 hodie
2160 2508 2436 2562 induratus
2474 2499 2760 2574 hominem,
2787 2524 2883 2577 pro
2908 2509 3058 2578 cujus
3079 2509 3180 2564 vita
3211 2526 3543 2580 rogaveram,

1975 2614 2082 2653 non
2117 2599 2342 2652 latuisti?
2388 2598 2454 2650 At
2500 2598 2632 2651 ille:
2669 2598 2918 2651 Libenter
2971 2606 3053 2664 te,
3105 2599 3314 2668 inquit,
3356 2601 3544 2662 audio.

1973 2697 2158 2742 sancte
2190 2688 2475 2749 sacerdos;
2507 2686 2598 2740 sed
2651 2687 2960 2757 insurgente
2997 2687 3156 2756 vulgo
3203 2689 3344 2742 aliud
3377 2689 3547 2744 facere

1976 2795 2080 2833 non
2111 2781 2292 2848 potui,
2327 2779 2520 2833 timens
2560 2794 2718 2845 super
2746 2795 2830 2832 me
2866 2779 3181 2834 seditionem
3226 2782 3444 2835 tnovezi.
3483 2783 3548 2835 Et

1976 2873 2064 2926 ille
2093 2889 2105 2923 :
2134 2871 2245 2936 Tu,
2275 2871 2466 2940 inquit,
2501 2869 2663 2940 284
2693 2886 2777 2925 me
2807 2885 2909 2924 non
2943 2871 3169 2936 audisti,
3200 2873 3337 2926 Deus
3363 2882 3539 2928 autem

1976 2960 2162 3014 audire
2187 2960 2432 3028 dignatus
2460 2969 2564 3024 est,
2589 2970 2640 3012 et
2669 2974 2824 3027 quem
2859 2969 2910 3012 tu
2940 2961 3198 3014 tradidisti
3236 2963 3390 3015 morti
3410 3003 3422 3021 .
3457 2963 3546 3018 ille

1975 3053 2096 3106 vita:
2125 3051 2374 3107 restituit.
2412 3049 2510 3114 En,
2547 3052 2734 3121 inquit,
2760 3066 2939 3105 coram
2969 3063 3018 3106 te
3049 3061 3184 3107 astat
3210 3069 3388 3110 sanus.
3424 3056 3546 3112 Iltec

299 3167 610 3223 pauperum,
644 3167 733 3209 aut
763 3157 810 3209 in
842 3158 1205 3228 redunpdonc
1230 3163 1555 3229 captivorum
1588 3167 1855 3222 di5tribue-
1897 3158 1946 3222 C
1976 3161 2040 3198 eo
2059 3145 2290 3209 (“comet
2320 3145 2670 3213 prostermmr
2697 3143 2760 3196 ad
2787 3145 2946 3213 pedes
2969 3145 3082 3211 θῙ¹¹⁸
3106 3161 3284 3198 Comes
3305 3155 3545 3216 smpens'

303 3243 410 3297 bat.
447 3245 602 3298 Panis
626 3246 675 3299 ia
709 3249 896 3308 celiufa
927 3249 1014 3302 illa
1045 3266 1108 3304 eo
1139 3251 1350 3306 vivente
1379 3263 1564 3308 coctus
1597 3272 1867 3325 nunquam

302 3337 420 3403 fuit,
450 3341 542 3392 scd
574 3354 602 3392 a
631 3343 834 3394 devotis
858 3356 981 3395 cum
1015 3345 1306 3397 necessitas
1346 3348 1649 3414 exegissi-t,
1685 3349 1876 3402 inferc-

303 3428 473 3484 batur.
506 3430 745 3499 Magnam
777 3433 915 3486 enim
947 3444 1210 3488 catervam
1251 3438 1560 3504 populorum
1613 3439 1680 3492 de
1725 3441 1875 3495 obla-

305 3521 540 3574 tionibus
584 3527 894 3577 deviitorum
938 3526 1190 3588 redemit;
1230 3528 1536 3594 pusularum
1562 3538 1584 3565 (³
1611 3531 1871 3586 malarum

304 3623 564 3664 venenum
590 3615 760 3665 crucis
789 3616 940 3681 signo
969 3629 1109 3680 saape
1135 3619 1481 3683 compressit,
1516 3621 1784 3675 dmmones
1808 3623 1874 3679 de

305 3701 538 3756 obsessis
568 3703 882 3768 corporibus
905 3707 1145 3760 oratione
1174 3708 1370 3774 abegit,
1398 3719 1451 3762 et
1475 3709 1740 3777 judicibus
1765 3713 1872 3781 ple-

305 3805 530 3859 rumque
562 3801 617 3845 ut
646 3794 994 3861 culpabilibus
1023 3799 1395 3865 ignoscerent,
1426 3800 1711 3855 dulcedine
1753 3819 1875 3870 pro-

305 3884 420 3938 Iusa
465 3885 784 3950 imperavit,
818 3891 990 3955 potius
1032 3903 1189 3958 quam
1243 3889 1467 3957 rogavit.
1504 3891 1632 3944 Nam
1666 3892 1734 3945 ita
1764 3903 1877 3948 erat

307 3975 478 4030 dulcis
506 3977 757 4048 allaquio,
783 3987 840 4033 ut
858 3979 904 4034 ei
934 3996 1127 4049 negare
1152 3997 1257 4034 non
1281 3991 1517 4050 possent,
1541 3984 1879 4040 cum-fuisset

307 4133 466 4187 rlesia
492 4134 548 4188 S.
576 4133 796 4191 Joannis
824 4137 1020 4193 ibidem
1052 4147 1251 4194 structa
1270 4179 1286 4203 ,
1324 4141 1600 4195 monachis
1624 4141 1880 4197 deiicien-

308 4204 448 4280 tibus
479 4207 713 4280 Ebrardo
753 4208 928 4280 abbati
973 4218 1025 4262 et
1062 4209 1334 4264 monachis
1363 4212 1419 4266 S.
1445 4211 1614 4264 Pontii
1641 4215 1876 4280 subjecta

307 4274 518 4398 {’uitlab
558 4278 917 4333 Archiubaldo
964 4283 1133 4349 episc.
1166 4281 1400 4335 Niciensi
1425 4321 1441 4347 ,
1475 4284 1674 4336 saeculo
1712 4274 1761 4337 xi
1805 4286 1880 4339 la-

344 4360 408 4397 en
437 4359 483 4397 e.

344 4360 483 4397 ente.

385 4423 408 4450 ⁸
442 4415 650 4484 Corpus
675 4419 790 4484 ejus
818 4417 866 4473 in
898 4419 1008 4488 ipsa
1051 4421 1272 4475 ecclesia
1315 4419 1604 4474 cathedrali
1647 4421 1879 4476 Niciensi

311 4485 470 4539 etiam
505 4501 644 4541 nunc
687 4485 948 4543 asservari
997 4489 1209 4548 dicitur.
1236 4491 1322 4544 ubi
1353 4491 1544 4544 colitur
1572 4490 1658 4544 die
1686 4493 1877 4545 1500-

1977 3234 2002 3271 ¹¹
2026 3236 2164 3303 quod
2191 3234 2402 3289 videbat
2429 3235 2610 3288 vivere
2651 3249 2808 3303 quem
2842 3236 2891 3288 in
2935 3235 3118 3289 mortis
3161 3235 3372 3290 interitu
3422 3237 3547 3291 reli-

1975 3330 2193 3396 quisset.
2226 3327 2351 3381 Haec
2372 3342 2468 3395 ego
2490 3328 2555 3382 ab
2585 3327 2750 3394 ipsius
2779 3328 2990 3380 comitis
3029 3343 3120 3382 ore
3152 3329 3374 3396 cognovi
3401 3346 3416 3392 ;
3450 3329 3546 3384 sed

1977 3426 2032 3472 et
2055 3418 2156 3471 alia
2185 3418 2346 3470 multa
2377 3417 2520 3483 fecit,
2553 3432 2670 3486 qua:
2699 3417 2903 3486 insequi
2935 3417 3148 3486 longum
3190 3420 3385 3484 putavi.
3421 3421 3549 3475 Post

1976 3511 2321 3580 quadraginta
2353 3518 2579 3579 quatuor
2610 3524 2737 3562 vero
2765 3523 2936 3562 annos
2966 3510 3282 3564 reclusionis
3307 3524 3417 3564 sua:
3452 3525 3548 3579 pa-

1976 3614 2195 3668 rumper
2217 3599 2363 3654 febre
2385 3600 2641 3667 pulsatus.
2677 3598 2894 3652 tradidit
2917 3599 3183 3665 spiritum,
3215 3607 3545 3664 protractus-

1977 3705 2080 3759 que
2098 3705 2126 3741 a
2148 3689 2358 3753 cellula,
2383 3688 2669 3757 sepultura:
2692 3687 2969 3741 mandatus
2999 3697 3099 3740 est.
3124 3689 3340 3755 Magnus
3361 3699 3542 3745 autem

1977 3793 2297 3842 conventus,
2328 3791 2384 3833 ιιι
2414 3781 2662 3848 diximus,
2696 3781 2762 3834 de
2789 3779 3080 3848 redemptis
3102 3780 3152 3834 in
3183 3781 3298 3847 ejus
3326 3797 3544 3850 proces-

1979 3876 2048 3930 sit
2075 3873 2340 3942 exscquiis
2369 3871 2409 3925 ί.

2051 3985 2142 4039 IX.
2191 3983 2482 4038 Domuolus
2521 3985 2535 4031 t
2584 3997 2711 4035 vero
2751 3981 3212 4036 Cenomannorum
3261 3984 3546 4053 episcopus

2053 4140 2078 4181 ἀ
2110 4142 2221 4197 Hoc
2249 4151 2405 4210 caput
2423 4181 2437 4199 .
2467 4140 2605 4209 quod
2633 4140 2782 4194 deest
2809 4140 2859 4193 in
2883 4138 3126 4194 Corb.‘et
3152 4140 3329 4206 Colb.,
3358 4141 3547 4197 lauda-

1982 4223 2066 4267 tur
2093 4231 2144 4266 in
2178 4213 2314 4266 libro
2343 4212 2408 4264 de
2435 4211 2699 4263 Miraculis
2728 4211 2894 4263 sancti
2919 4210 3183 4278 Eparchii,
3208 4212 3361 4279 cujus
3380 4213 3545 4268 verba

1982 4284 2225 4338 dedimus
2253 4284 2388 4336 inter
2417 4282 2596 4350 Elogia
2625 4295 2654 4332 a
2680 4280 2839 4334 variis
2869 4282 3174 4334 auctoribus
3201 4290 3384 4336 nostro
3409 4281 3546 4338 Gre-

1983 4355 2132 4423 gorio
2155 4354 2298 4408 data.

2057 4432 2080 4461 °
2115 4423 2319 4489 Regm.,
2349 4421 2686 4485 priuatarum.

2063 4495 2079 4530 ί
2116 4487 2248 4557 Enni
2281 4491 2414 4545 intra
2444 4492 2690 4543 comitem
2727 4488 2974 4557 appellat.
3003 4487 3068 4543 Et
3106 4502 3291 4544 revera
3320 4492 3547 4550 comites

312 4539 777 4630 tob_._bleuioratnr
798 4539 973 4630 autem
1911 4539 1959 4598 υ
1983 4562 2048 4618 ad
2903 4569 3054 4612 erant
3083 4559 3330 4614 instituti.

309 4624 372 4702 gl
403 4625 542 4678 Maii.
573 4625 772 4702 Deﬂhoc
801 4629 991 4684 iterum
1018 4624 1307 4702 Gregorius
1329 4624 1424 4686 lib.
1443 4630 1508 4684 de
1531 4629 1710 4685 Gloria
1736 4632 1877 4686 Con-

309 4696 418 4748 Iess
452 4735 465 4754 .
491 4712 610 4760 cap.
643 4698 728 4750 97.

289 4773 294 4777 ’
383 4763 402 4802 ι
444 4766 553 4820 lloc
573 4774 732 4833 caput
760 4767 909 4821 deest
939 4771 989 4822 in
1019 4769 1181 4826 Corb.
1211 4779 1264 4826 et
1292 4771 1439 4826 Colb.
1469 4771 1775 4827 Ferreolum
1799 4773 1876 4827 uti

313 4843 611 4907 martyrem
635 4836 876 4907 plerique
903 4840 1107 4895 colunt.
1143 4842 1270 4907 Ejus
1294 4843 1455 4895 vitam
1490 4858 1553 4896 ex
1585 4859 1684 4897 ms.
1718 4843 1878 4897 'l‘olo—

312 4905 641 4979 sano'edidjt
670 4905 832 4961 Marc.
869 4914 988 4963 Ant.
1023 4905 1282 4964 Dominici
1307 4953 1320 4972 ,
1356 4913 1441 4965 ubi
1471 4913 1667 4966 festum
1710 4915 1876 4979 ipsius

313 4991 352 5032 tt
387 4991 554 5030 nonas
576 4975 812 5032 Januarii
843 4981 1100 5033 celebrari
1125 4981 1337 5034 dicitur.
1362 4975 1742 5036 Monasterium
1761 4997 1879 5037 con-

313 5047 482 5120 didit.
516 5049 858 5120 regulamque
887 5049 1128 5118 sciipsit,
1163 5066 1266 5103 non
1294 5053 1455 5104 semel
1491 5053 1682 5104 editam
1706 5093 1719 5114 ,
1762 5069 1882 5120 qua:

317 5118 542 5172 habetur
566 5121 615 5171 in
644 5118 836 5171 Codice
879 5121 1178 5188 regularum
1215 5133 1261 5174 et
1297 5121 1347 5174 in
1377 5120 1673 5177 Concordia
1713 5118 1884 5178 Bene-

316 5191 438 5240 dicti
474 5190 688 5240 Auiauze
717 5191 940 5243 abbatis.

392 5269 412 5294 ε
449 5259 520 5312 De
552 5261 806 5325 Dynamio
837 5278 938 5313 non
973 5262 1134 5315 semel
1185 5261 1318 5314 infra
1352 5261 1656 5326 Gregorius.
1693 5261 1738 5315 Is
1771 5263 1884 5331 ipse

319 5337 400 5380 est
443 5331 530 5396 qui
571 5331 782 5396 scripsit
825 5332 994 5385 Vitam
1043 5334 1098 5386 S.
1130 5333 1274 5385 Marii
1319 5333 1524 5384 abbatis
1555 5333 1884 5388 Bodanensis

321 5397 373 5449 iu
416 5399 627 5449 direct-si
660 5401 1024 5456 Sisini-iecusi.
1069 5402 1239 5454 Vitam
1281 5403 1335 5456 S.
1380 5403 1585 5454 Maximi
1633 5403 1879 5455 liciorum

318 5469 586 5535 episcopi,
628 5480 757 5533 ctc.;
790 5472 819 5522 Ii
852 5480 990 5525 t--ras
1019 5489 1144 5525 vero
1175 5487 1201 5524 a
1234 5474 1490 5542 Gregorio
1534 5474 1716 5540 Magno
1759 5489 1878 5524 cum

321 5539 520 5611 τιμιίιιυι
570 5543 897 5592 munusculis
941 5543 1152 5611 recepit.
1194 5539 1441 5606 Ejusdem
1473 5539 1654 5595 laudes
1691 5543 1884 5595 cecinit

324 5607 642 5660 Fortunatus
676 5611 764 5661 lib.
799 5625 871 5665 Vl.
903 5607 1075 5664 carm.
1099 5615 1152 5666 II
1189 5624 1240 5664 et
1275 5613 1359 5676 I2,
1388 5611 1472 5663 ubi
1505 5615 1662 5664 etiam
1694 5612 1760 5663 de
1790 5614 1882 5665 Al-

322 5677 479 5737 bino.
513 5680 699 5730 tot-itm
739 5688 788 5732 et
822 5679 1128 5745 'I'bcoiloro,
1163 5682 1227 5735 de
1259 5683 1447 5750 quibus
1479 5683 1563 5735 hic
1595 5681 1884 5749 Gregorius

321 5760 375 5804 Ct
399 5750 532 5804 Inita
562 5766 675 5816 cap.
712 5750 787 5800 II.

2055 4642 2081 4681 ts
2113 4633 2202 4688 Sic
2230 4627 2406 4684 Casin.
2431 4639 2484 4683 ct
2505 4629 2652 4693 Bec.;
2676 4630 2783 4694 alzi,
2815 4627 2880 4681 In
2902 4639 3037 4681 terra
3062 4631 3366 4693 extenditur,
3396 4631 3484 4686 ad.

2055 4699 2084 4738 ιι
2115 4703 2204 4756 Sic
2227 4704 2350 4756 cod.
2383 4699 2603 4771 “egon;
2635 4698 2722 4771 alii
2750 4738 2779 4771 ,_
2795 4699 2864 4771 a_d
2882 4698 3032 4771 pedes
3053 4699 3253 4771 comitis
3275 4704 3548 4771 stupentia.

2060 4771 2077 4810 ί
2111 4772 2255 4826 Obiit
2293 4786 2435 4823 anno
2465 4767 2602 4830 581,
2646 4769 2733 4822 die
2766 4767 2782 4818 Ι
2815 4767 2971 4830 .Iulii,
3003 4783 3108 4836 quo
3132 4770 3249 4835 ejus
3286 4767 3548 4828 festivitas

1985 4841 2256 4898 reculitur.
2290 4838 2416 4910 Ejus
2443 4837 2618 4892 Vitam
2651 4837 2838 4910 habes_
2858 4839 2993 4892 inter
3024 4840 3178 4910 Acta_
3194 4837 3294 4893 SS.
3324 4838 3453 4894 0rd.
3486 4842 3548 4899 S.

1986 4911 2260 4966 Benedicti
2300 4905 2437 4966 Suec.
2482 4924 2532 4972 t,
2574 4924 2624 4972 p.
2665 4908 2787 4962 267.
2819 4905 2946 4960 Item
2976 4908 3113 4972 apud
3141 4907 3453 4974 Gononnm,
3494 4919 3549 4965 ct

1986 4984 2142 5038 simul
2173 4996 2292 5035 cum
2326 4979 2464 5035 libro
2492 4979 2558 5032 de
2586 4979 2701 5046 ejus
2733 4978 3018 5030 virtutibus
3049 4978 3097 5028 in
3131 4989 3273 5030 tomo
3303 4977 3317 5029 1
3353 4979 3550 5033 liiulio.

1989 5053 2157 5106 thecae
2184 5066 2336 5105 nova:
2376 5048 2604 5112 Lahltei;
2650 5062 2713 5100 ex
2761 5061 2859 5110 qua
2911 5055 3053 5108 pulei.
3085 5046 3406 5114 EDGI'CIIIIHII
3455 5051 3551 5103 tri-

1985 5124 2130 5191 ginta
2173 5119 2508 5191 solummodo
2537 5129 2598 5191 et
2619 5132 2806 5169 novem
2835 5132 3003 5170 annos
3030 5117 3294 5191 reclusum
3327 5119 3542 5174 vixisse.

1991 5187 2096 5246 Sed
2130 5195 2354 5244 fortasse
2380 5187 2668 5254 Gregorius
2699 5197 2862 5240 totum
2895 5197 3102 5251 tempus
3142 5187 3424 5256 designare
3457 5205 3548 5239 vo-

1990 5263 2107 5328 Iuit,
2137 5278 2200 5315 ex
2234 5275 2341 5323 quo
2371 5257 2660 5328 I‘Iparchius
2691 5259 3038 5328 monasticam
3067 5266 3268 5328 vestem
3300 5273 3550 5328 suscepe-

1988 5343 2065 5386 rat
2095 5325 2143 5384 'a
2189 5331 2412 5384 Martino
2458 5327 2732 5382 Sedaciani
2783 5325 3086 5379 mona~terii
3121 5325 3328 5379 abbate.
3374 5327 3448 5381 De
3487 5343 3550 5381 eo

1989 5402 2177 5456 iterum
2209 5400 2493 5464 Gregorius
2543 5398 2628 5448 lib.
2673 5397 2739 5446 de
2775 5396 2922 5449 Glor.
2964 5393 3241 5456 Coufess.,
3274 5411 3392 5466 cap.
3430 5397 3549 5451 lltl.

1993 5473 2158 5540 vulgo
2189 5472 2381 5524 dicitur
2419 5466 2894 5540 εαῇυιλϐῃὺωοεμιιι)
2930 5467 3083 5540 cujus
3126 5471 3345 5540 nomine
3378 5477 3552 5520 exstat

1988 5535 2364 5595 mon'aslcrtntn
2381 5537 2592 5592 Ordinis
2618 5535 2784 5588 nostri
2809 5551 2969 5603 prope
2986 5538 3170 5590 urbem
3188 5535 3550 5600 Inculisniam;

1989 5612 2083 5665 sed
2113 5612 2228 5677 ejus
2252 5610 2489 5678 reliquia:
2520 5622 2547 5657 a
2579 5606 2888 5660 Calvinistis
2917 5609 3210 5659 combustae
3249 5617 3370 5659 Sunt
3415 5622 3551 5658 anno

1992 5678 2148 5734 1558.

2119 5751 2224 5803 lloc
2256 5758 2410 5818 caput
2440 5748 2586 5801 deest
2617 5746 2667 5799 in
2703 5745 2851 5798 Colb.
2889 5754 2939 5800 ct
2967 5744 3124 5799 Colb.
3161 5755 3225 5799 At
3254 5747 3439 5815 Regni.
3465 5745 3561 5800 ba—
