3974 6174
371 1779 400 1796 κ

415 297 510 353 531
559 353 562 360 ,

1388 298 1702 354 NtSTORlA
1747 297 2184 354 FRANf'Ot‘iUM.
2230 299 2426 354 LIBER
2469 299 2758 358 SEXTUS.

3582 307 3684 364 582

414 422 681 484 aegrotare
705 414 887 485 cmpit.
925 414 1190 482 Tempore
1228 415 1369 468 eu'tu
1413 413 1809 469 Chlotltaclnrii
1859 415 1997 481 regis
2034 416 2078 473 A
2108 428 2411 480 gressuum,
2448 430 2588 468 circo
2616 414 2643 451 ιδ
2675 413 2985 469 restitueret
3016 415 3208 471 risum.
3229 416 3328 483 Qui
3353 427 3475 486 post
3498 419 3684 490 viginti

413 507 554 578 apud
580 506 819 562 Parisios
861 507 928 562 ad
975 507 1247 563 basilicam
1295 509 1467 563 sancti
1498 508 1762 562 Laurentii
1797 514 1820 542 ⁸
1852 509 1994 577 gregi

417 598 784 657 umnasteriali
819 600 1140 671 praefuerat;
1185 602 1281 656 sed
1311 604 1562 671 quoniam
1585 643 1600 665 ,
1649 601 1997 655 Childebertn

415 693 630 748 seniore
672 692 886 747 vivente
911 732 926 753 ,
979 707 1195 758 semper
1224 691 1640 746 Chlothacltariu
1680 693 1788 758 regi
1823 691 1996 744 fidelis

415 782 642 848 exstitit,
673 792 728 839 et
754 783 968 838 nuntios
999 783 1140 838 illius
1161 785 1224 836 ad
1249 784 1631 852 speculandum
1661 784 1852 835 mis~os
1879 797 1997 836 crc-

417 876 570 931 brius
619 876 932 942 occulebat,
964 877 1374 946 praestolabatur
1402 879 1561 948 235
1589 892 1682 932 rex
1728 877 1899 930 locum
1943 877 1995 928 in

414 981 524 1034 quo
552 965 894 1032 pontiﬁcatus
925 965 1180 1022 honorem
1206 968 1492 1036 acciperet.
1519 967 1774 1035 Migraute
1815 974 1992 1020 autem

414 1057 769 1111 Avenniensis
796 1056 1029 1111 civitatis
1061 1057 1340 1125 pontifice,
1373 1058 1530 1111 istum
1560 1058 1684 1110 illuc
1712 1056 1841 1110 dare
1863 1055 1995 1109 deli-

414 1147 717 1202 beraverat.
755 1148 859 1202 Sed
909 1149 1098 1204 beatus
1143 1149 1434 1202 Domnolus
1474 1149 1586 1202 haec
1625 1148 1846 1201 audiens
1870 1187 1884 1210 ,
1927 1148 1991 1201 ad

414 1239 690 1294 basilicam
718 1241 890 1294 sancti
907 1239 1115 1294 Martini
1145 1241 1423 1308 antistitis,
1450 1256 1556 1310 quo
1585 1254 1708 1294 tunc
1739 1241 1992 1295 Chlotlta-

413 1329 628 1385 charius
654 1347 746 1384 rex
775 1331 840 1385 ad
872 1331 1168 1386 orationem
1202 1341 1440 1394 venerat,
1469 1333 1728 1396 accessit,
1760 1342 1811 1385 et
1838 1342 1992 1386 nocte

408 1429 521 1476 tota
552 1421 605 1475 in
638 1422 834 1490 vigiliis
878 1423 1182 1486 excubans,
1230 1437 1326 1490 per
1357 1422 1563 1490 priores
1601 1422 1688 1492 qui
1737 1421 1988 1486 aderant,

407 1514 520 1583 regi
567 1513 961 1582 suggestionem
1013 1513 1191 1568 intulit
1236 1523 1290 1567 ut
1337 1529 1440 1567 non
1469 1513 1620 1582 quasi
1653 1514 1894 1582 captivus
1923 1512 1991 1565 ab

393 1605 523 1681 _ejus
554 1606 896 1675 elongaretur
927 1615 1178 1675 aspectu,
1207 1621 1307 1660 nec
1345 1607 1683 1673 permitteret
1731 1607 1985 1673 simplici-

406 1705 570 1752 tatem
606 1696 748 1750 illius
793 1697 933 1750 inter
973 1706 1252 1751 senatores
1300 1697 1622 1766 sophisticos
1669 1711 1731 1750 ac
1777 1696 1987 1765 judiees

407 1877 534 1932 tatis
570 1878 670 1931 sibi
718 1891 838 1932 esse
888 1876 1063 1946 potius
1087 1919 1104 1945 ,
1146 1891 1306 1946 quam
1345 1876 1586 1931 honoris.
1617 1876 1697 1929 Ad
1747 1875 1861 1930 haec
1890 1891 1983 1929 rex

403 1983 678 2036 annuens,
709 1968 971 2037 migrante
997 1967 1321 2022 ‘lnnoceutio
1348 1967 1818 2022 Cenomannorum
1863 1967 1983 2033 epi-

404 2075 592 2130 scopo,
623 2061 796 2128 ipsum
829 2060 1080 2113 Ecclesia:
1104 2060 1178 2112 illi
1211 2059 1505 2114 antistitem
1537 2058 1843 2113 destinavit.
1867 2057 1983 2112 Jam

405 2160 681 2221 assmupto
704 2152 1035 2220 episc0patu,
1063 2151 1222 2204 talem
1249 2167 1306 2205 se
1336 2159 1646 2220 tantumque
1670 2149 1988 2218 prtebuitmt

405 2244 459 2297 in
488 2257 715 2298 summa:
745 2243 1051 2298 sanctitatis
1080 2243 1290 2297 culmen
1324 2251 1539 2297 evectus
1562 2282 1576 2308 ,
1618 2241 1780 2296 debili
1833 2256 1984 2296 usum

405 2379 494 2434 bet
528 2379 614 2434 hic
643 2377 956 2432 Hummolus
978 2421 993 2441 ,
1026 2378 1119 2434 sed
1146 2380 1280 2433 infra
1300 2420 1313 2440 ,
1344 2387 1397 2431 ut
1429 2377 1609 2433 e:cteri
1634 2419 1647 2442 ,
1679 2377 1983 2431 Domnolus.

403 2449 735 2517 Sobscripsit
762 2464 914 2503 conc.
939 2449 1138 2504 Turon.
1171 2467 1231 2515 ιι,
1264 2465 1352 2502 an.
1386 2450 1512 2502 567.

480 2530 506 2557 ⁸
543 2522 665 2574 llaec
692 2521 908 2573 basilica
928 2523 1085 2574 etiam
1120 2535 1260 2573 ltllllc
1281 2530 1497 2585 perstat,
1517 2519 1804 2586 parochiali
1831 2519 1984 2572 titulo

405 2589 678 2656 insignita,
712 2590 797 2642 ubi
830 2593 1010 2659 paucis
1039 2592 1104 2643 ab
1139 2591 1260 2644 hinc
1290 2591 1443 2642 anuis
1473 2599 1678 2652 reperta
1706 2602 1823 2640 sunt
1849 2592 1986 2640 anti-

406 2676 510 2730 qua
536 2665 859 2729 sarcophago
882 2677 1095 2727 grpsea,
1126 2678 1242 2728 qua:
1267 2673 1561 2726 nongentos
1579 2661 1792 2713 circiter
1817 2676 1986 2712 annos

405 2731 790 2799 prmferebant.
823 2731 1013 2800 quibus
1039 2733 1239 2798 apertis
1269 2731 1432 2798 nigra!
1452 2740 1630 2783 vestes
1650 2769 1666 2790 ,
1705 2739 1760 2783 et
1802 2746 1987 2783 mona-

407 2801 629 2854 chorum
653 2800 855 2869 eiligies
880 2803 1003 2856 visa:
1026 2810 1168 2860 sunt,
1219 2803 1282 2854 ed
1307 2817 1424 2867 qua:
1449 2810 1505 2852 ιιι
1531 2801 1755 2866 primum
1785 2802 1984 2868 puriori

407 2887 531 2924 acre
554 2873 748 2924 amata:
780 2874 1011 2928 fuerunt.
1038 2874 1087 2924 in
1113 2874 1382 2936 pulverem
1413 2881 1535 2923 seut
1561 2873 1809 2934 redaettc,
1841 2877 1981 2938 quod

409 2955 554 3003 same
587 2943 741 2995 nobis
773 2953 990 2996 tedam:
1015 2952 1094 2995 est
1122 2941 1182 2992 V.
1208 2943 1290 2994 (Il.
1325 2941 1571 2994 Nicolaus
1592 2941 1860 3008 Gobillon,
1887 2942 1984 2993 do-

407 3024 523 3064 cmr
544 3013 888 3075 Sorbonicus,
907 3015 1146 3080 ejusdem
1163 3013 1408 3066 ecclesia:
1433 3021 1697 3076 pastor.et
1712 3011 1981 3065 illustriss.

411 3083 800 3152 arrltiepiscopi
837 3084 1000 3137 Paris.
1033 3085 1259 3136 vicarius
1288 3084 1570 3150 generalis.
1608 3082 1832 3135 Basilica
1859 3097 1983 3134 san—

2102 504 2236 557 duos
2279 505 2617 572 episcopatus
2667 520 2866 568 annos,
2916 506 3043 559 dum
3087 521 3145 561 se
3193 517 3441 563 cerneret
3490 495 3679 564 morbo

2100 594 2246 664 regio
2291 596 2602 664 calculoque
2645 598 2965 665 gravissime
3015 596 3264 666 fatigari,
3321 598 3676 655 Theodulfum

2097 683 2342 740 abbatem
2377 688 2426 741 in
2459 689 2632 742 locum
2657 704 2808 742 suum
2832 691 3122 758 prrcelegit,
3153 692 3304 760 cujus
3325 695 3562 746 assensni
3585 708 3679 747 rex

2099 779 2326 845 prtebuit
2357 783 2684 835 voluntatem
2718 798 2731 834 :
2761 784 2854 835 sed
2889 797 2992 834 non
3025 783 3252 836 multum
3285 792 3406 851 post
3436 793 3678 850 tempus,

2099 879 2297 922 mutata
2351 872 2650 933 sententia,
2705 874 2754 923 in
2807 871 3200 925 Badecbisilum
3236 883 3256 910 ε
3289 871 3480 926 domus
3521 874 3681 940 regia:

2098 960 2353 1026 majorem
2382 961 2700 1015 transfertur
2727 962 2945 1016 electio.
2983 963 3084 1028 Qui
3113 973 3421 1017 tonsuratus
3445 963 3677 1032 gradus,

2096 1065 2229 1118 quos
2257 1051 2440 1104 clerici
2471 1052 2789 1114 sortiuntur,
2817 1052 3148 1116 ascendens,
3181 1062 3302 1120 post
3325 1053 3676 1124 quadraginta

2096 1141 2228 1204 dies,
2263 1143 2527 1208 migrante
2557 1143 2860 1208 sacerdote,
2893 1143 3187 1198 successit.

2168 1233 2234 1286 Χ.
2271 1233 2361 1287 His
2388 1233 2415 1270 ά
2445 1233 2632 1288 diebus
2679 1234 2894 1290 basilica
2939 1235 3108 1288 sancti
3162 1233 3373 1288 Martini
3405 1250 3433 1288 a
3465 1234 3674 1288 furibus

2096 1324 2314 1380 effracta
2343 1324 2458 1378 fuit.
2492 1323 2592 1390 Qui
2626 1335 2885 1392 ponentes
2910 1327 2972 1378 ad
3001 1324 3290 1378 fenestram
3324 1325 3522 1378 absida:
3548 1339 3676 1379 can-

2093 1416 2310 1481 cellnm,
2339 1416 2430 1485 qui
2474 1430 2638 1483 super
2671 1416 2930 1469 tumulum
2964 1417 3239 1484 cujusdam
3274 1414 3506 1470 defuncti
3537 1426 3673 1481 erat,

2092 1510 2444 1564 asrendeutes
2487 1525 2580 1578 per
2607 1526 2754 1575 eum,
2804 1510 3018 1565 effracta
3047 1510 3215 1565 vitrea
3255 1520 3378 1565 sunt
3425 1513 3672 1579 ingressi,

2091 1601 2504 1669 auferentesque
2537 1601 2760 1654 multum
2792 1601 2906 1654 auri
2937 1602 3267 1671 argentique,
3309 1611 3362 1656 et
3389 1602 3672 1670 palliorum

2093 1692 2541 1756 Itolosericorum,
2575 1691 2844 1760 abierunt,
2900 1708 3004 1746 non
3034 1702 3334 1749 metuentes
3362 1710 3526 1762 super
3549 1710 3674 1750 san-

405 1787 804 1856 pltilosophicos
834 1786 1066 1856 fatigari,
1100 1801 1348 1841 asserens
1381 1786 1522 1840 hunc
1557 1787 1732 1840 locum
1767 1786 1982 1840 humili-
2018 1783 2064 1839 Β
2089 1795 2230 1839 ctum
2257 1787 2563 1854 sepulcrum
2601 1787 2787 1854 pedem
2823 1802 3042 1855 ponere,
3076 1788 3162 1842 ubi
3194 1789 3278 1842 vix
3305 1791 3384 1843 vel
3409 1805 3470 1844 os
3497 1789 3672 1859 appli-

2089 1893 2216 1934 care
2261 1880 2656 1947 praesumimus.
2703 1880 2807 1934 Sed
2837 1881 3003 1935 virtus
3033 1882 3201 1934 sancti
3233 1881 3400 1936 voluit
3431 1882 3568 1936 hanc
3595 1889 3672 1936 te-

2094 1973 2396 2026 meritatem
2445 1970 2607 2026 etiam
2641 1986 2760 2025 cum
2788 1969 2990 2039 judicio
3036 1971 3380 2026 manifestare
3421 1972 3667 2026 terribili.

2088 2067 2218 2119 Nam
2253 2065 2303 2117 bi
2338 2071 2642 2132 perpetrato
2668 2063 2873 2117 scelere
2903 2065 2966 2114 ad
3001 2063 3445 2133 Burdegalcnsem
3485 2063 3670 2117 civita-

2090 2167 2194 2211 tem
2230 2156 2528 2221 venientes,
2588 2165 2710 2209 orto
2751 2154 3026 2220 seandalo,
3064 2169 3202 2208 unus
3229 2155 3454 2209 alterum
3501 2154 3668 2208 inter-

2088 2250 2247 2312 emit;
2271 2248 2454 2318 sicque
2473 2247 2736 2316 patefacto
2757 2262 2941 2315 opere,
2965 2246 3162 2301 furtum
3189 2257 3456 2316 repertum
3473 2256 3575 2313 est,
3605 2261 3666 2301 ac

2091 2397 2209 2452 post
2238 2383 2765 2448 lnnocentiipbitum
2797 2385 3156 2451 vacassedin,
3187 2387 3350 2439 immo
3378 2398 3432 2442 et
3457 2389 3664 2454 aliquot

2089 2459 2240 2508 annis
2279 2456 2343 2510 ab
2389 2455 2703 2508 Scienfredo
2745 2456 3201 2526 pseudoepiscopo
3232 2457 3393 2510 fuisse
3432 2473 3664 2526 oecupa-

2089 2538 2216 2579 tam.
2241 2526 2356 2580 Jam
2381 2540 2508 2578 vero
2529 2535 2710 2579 noster
2739 2525 3025 2592 Gregorius
3055 2527 3266 2593 scripsit
3297 2525 3615 2582 Domnolum
3647 2571 3663 2591 ,

2089 2607 2373 2662 antequam
2404 2605 2544 2650 esset
2573 2598 2875 2662 episcopus,
2909 2596 3150 2650 abbatem
3184 2599 3242 2650 S.
3275 2597 3540 2652 Laurentii
3566 2599 3665 2652 Pa-

2090 2668 2228 2737 risiis
2261 2666 2739 2737 fuisse,_(3blotario
2772 2669 2877 2736 regi
2906 2667 3334 2731 acceptissimum
3358 2708 3373 2732 ,
3396 2669 3462 2721 ab
3487 2684 3663 2737 eoque

2088 2734 2452 2789 Avenioneusi
2495 2735 2606 2788 sedi
2637 2734 2957 2789 destinatum
2983 2778 2996 2797 ,
3028 2751 3185 2803 quam
3229 2738 3317 2791 ille
3364 2734 3624 2806 reSpuens
3647 2779 3665 2804 ,

2091 2815 2270 2870 postea
2303 2806 2761 2860 Ceunmannt'usis
2804 2806 3086 2874 episcopus
3132 2807 3299 2860 factus
3339 2807 3426 2859 sit.
3467 2809 3541 2862 De
3583 2809 3664 2863 his

2093 2876 2220 2929 nihil
2251 2878 2468 2928 omnino
2498 2875 2628 2928 Vita:
2665 2889 2868 2937 auctor,
2913 2876 3004 2927 sed
3053 2879 3316 2929 contraria
3365 2880 3503 2945 apud
3542 2895 3662 2931 eum

2090 2963 2194 2998 non
2227 2947 2464 2998 inventas
2492 2965 2505 2998 :
2535 2946 2694 2998 immo
2713 2961 2838 2998 vero
2863 2947 2972 3010 ipse
2996 2955 3219 2999 teStatur
3241 2961 3298 2999 se
3325 2946 3493 3000 Vlltm
3522 2949 3662 3002 beati

2090 3016 2186 3068 viri
2220 3016 2541 3081 scripturum
2566 3017 2632 3067 ab
2662 3031 2725 3064 eo
2751 3016 3086 3068 solummodo
3117 3025 3376 3084 tempore,
3407 3033 3512 3085 quo
3542 3021 3655 3072 sedi

2089 3085 2514 3141 Ceuomannensi
2546 3085 2821 3153 prtefuisse
2844 3087 3004 3149 erepit
3035 3102 3045 3138 :
3074 3086 3147 3137 Ab
3176 3087 3286 3148 illo,
3315 3087 3504 3153 inquit,
3537 3098 3631 3140 tem

408 3153 477 3226 eti
522 3154 726 3206 Martini
752 3199 765 3218 ,
809 3155 890 3226 hic
931 3170 1137 3222 quoque
1174 3163 1470 3226 itm-attonita
1491 3191 1506 3215 ,
1537 3153 1670 3204 haud
1725 3153 1907 3226 procul
1945 3167 1977 3204 ιι
2010 3154 2054 3215 C
2087 3173 2227 3226 pore,
2253 3156 2652 3224 auspicabimur,
2679 3171 2779 3220 quo
2804 3171 2894 3208 nos
2917 3156 3139 3226 glorioso
3174 3172 3266 3208 suo
3293 3165 3507 3210 adremu
3546 3159 3671 3212 illuc

413 3222 768 3276 Laurentiana
801 3225 986 3277 dissita
1027 3235 1138 3286 est,
1172 3224 1328 3275 hodie
1357 3223 1454 3274 sub
1495 3225 1660 3274 -ant‘ti
1694 3223 1901 3276 Martini
1945 3237 1972 3274 a

409 3295 626 3359 Campis
657 3298 868 3347 nomine.
900 3296 1161 3356 celo-luis,
1193 3295 1259 3346 de
1291 3310 1390 3359 qua
1427 3294 1517 3346 lib.
1549 3308 1564 3345 1
1593 3294 1657 3346 de
1700 3293 1880 3346 Mirac.
1915 3293 1973 3347 S.

409 3363 645 3426 Martini,
675 3383 793 3429 cap.
826 3365 905 3418 l‘l.
937 3367 1101 3419 Porro
1124 3366 1365 3418 (lointitts
1387 3364 1451 3416 ad
1483 3379 1678 3416 annum
1711 3362 1814 3415 65ῗὶ
1855 3365 1977 3415 iuli-

411 3435 583 3487 ciarur
635 3438 948 3488 liatnnolnm
1007 3452 1234 3503 unquam
1293 3434 1537 3488 abbatem
1593 3434 1651 3488 S.
1711 3434 1978 3487 Laurentii

415 3503 602 3567 fuisse,
636 3515 907 3571 totumque
940 3507 1040 3559 hoc
1069 3505 1410 3573 G-egoriaum
1445 3504 1679 3558 histurim
1710 3514 1867 3569 caput
1897 3520 1975 3555 re-

411 3573 553 3642 jicit,
589 3585 837 3644 tanquam
879 3579 944 3630 ab
995 3578 1241 3642 imperito
1293 3577 1668 3640 iuterpolalore
1709 3575 1977 3638 additum;

415 3647 572 3711 idque
598 3648 668 3699 ob
696 3652 825 3699 duas
849 3648 1181 3714 potissimum
1215 3648 1446 3698 rationes
1477 3663 1490 3697 :
1527 3647 1579 3698 1"
1602 3647 1739 3712 quod
1764 3661 1790 3694 a
1819 3646 1975 3697 codd.

415 3717 575 3768 t.'orb.
608 3727 660 3770 et
682 3717 836 3770 Coll).
874 3719 1043 3776 absit;
1075 3719 1131 3770 “2"
1161 3717 1298 3784 qttod
1323 3716 1485 3768 multa
1517 3717 1567 3767 in
1595 3731 1661 3768 eo
1688 3716 1983 3768 habeantur

417 3786 547 3839 Vita:
579 3791 634 3842 δ.
663 3788 930 3851 Domnoli,
956 3788 1021 3838 ab
1044 3797 1258 3840 auctore
1284 3786 1428 3852 gravi
1451 3796 1502 3838 et
1530 3787 1716 3851 aequali
1748 3786 1980 3849 scriptze,

418 3857 638 3911 omnino
658 3859 947 3911 contraria.
966 3859 1159 3911 Verum
1185 3857 1322 3924 quod
1354 3865 1510 3920 caput
1533 3857 1671 3908 istud
1705 3857 1753 3907 iu
1783 3857 1985 3922 aliquot

416 3930 630 3996 scriptis
657 3929 1012 3996 desideretur,
1044 3929 1320 3980 nutrimus
1351 3927 1588 3987 inficias;
1633 3927 1722 3978 sed
1771 3942 1888 3978 eum
1933 3928 1982 3978 ιιι

417 3995 555 4060 aliis,
587 4008 641 4051 et
670 3995 884 4067 quidem
919 4001 1143 4052 vetustis
1169 4009 1224 4052 et
1255 3998 1469 4064 optima:
1505 4008 1644 4050 notse
1671 3997 1854 4059 codd.,
1880 3997 1985 4067 sei-

418 4069 540 4121 licet
582 4065 833 4122 Beccensi
862 4110 874 4128 ,
905 4069 1109 4124 Casin..
1157 4079 1287 4128 ctc.,
1332 4067 1610 4127 habeatur,
1653 4069 1886 4135 nihilque
1931 4065 1982 4118 in

417 4154 480 4193 eo
496 4148 746 4193 occurrat
766 4139 904 4206 quod
929 4155 955 4191 a
975 4139 1214 4204 Gregorii
1237 4138 1391 4204 genio
1410 4147 1497 4190 aut
1518 4140 1656 4205 Ston
1677 4138 1862 4190 abhor;
1878 4147 1981 4203 eat,

415 4210 586 4276 ipsum
620 4209 881 4277 Gregorio
926 4211 1218 4277 abjudicari
1253 4224 1355 4260 non
1387 4209 1580 4259 debere
1613 4210 1682 4258 ob
1729 4209 1862 4260 bane
1903 4219 1985 4260 ra-

419 4283 612 4342 tionem
643 4281 1039 4334 contendimus.
1069 4281 1218 4344 Quod
1255 4293 1381 4332 vero
1411 4279 1472 4329 ad
1510 4278 1642 4330 Vita:
1664 4279 1719 4332 S.
1744 4279 1984 4333 Domnoli

414 4345 730 4418 seriptorem
761 4353 970 4414 attinet,
999 4353 1208 4404 animus
1237 4365 1340 4400 non
1367 4361 1447 4401 est
1471 4348 1555 4400 hic
1580 4355 1644 4402 de
1669 4351 1784 4412 ejus
1806 4360 1987 4402 aucto-

415 4420 573 4473 ritate
618 4419 955 4486 disceptare,
1009 4437 1074 4473 au
1132 4428 1275 4473 tanta
1323 4422 1530 4472 censeri
1585 4419 1812 4479 debeat,
1869 4436 1986 4488 qua:

414 4489 654 4556 Gregorii
688 4500 918 4553 textum,
949 4492 1120 4558 qualis
1152 4505 1290 4543 nunc
1319 4498 1521 4549 eXstat,
1556 4492 1722 4554 possit
1751 4491 1980 4545 eleVare.

416 4559 469 4613 Id
501 4576 662 4613 unum
692 4561 940 4624 dicimus,
968 4563 1174 4614 diversa
1205 4563 1271 4612 ab
1300 4559 1380 4614 bis
1402 4560 1710 4612 auctoribus
1735 4559 1800 4613 de
1828 4562 1980 4614 Dom-

418 4629 540 4699 nolo
571 4631 836 4693 enarrari,
861 4632 954 4684 sed
989 4647 1092 4683 non
1124 4630 1414 4685 Contraria.
1451 4631 1514 4682 Et
1535 4630 1746 4699 quidem
1777 4647 1894 4696 qua:
1916 4635 1984 4687 de

417 4697 673 4752 Domnulo
710 4699 822 4768 jam
855 4702 1140 4768 episcopo,
1183 4707 1276 4752 aut
1313 4701 1379 4753 de
1425 4697 1759 4767 ejttsmtorte
1805 4713 1986 4758 narrat

417 4780 596 4824 noster
625 4770 944 4835 Gregorius,
978 4787 1006 4824 a
1041 4787 1171 4824 vero
1216 4786 1318 4821 non
1355 4771 1678 4830 abhorrent,
1721 4787 1817 4824 nec
1860 4782 1985 4827 sunt

403 4839 548 4911 ‘Vita:
571 4841 774 4894 auctori
804 4843 1071 4907 Opposita,
1102 4852 1159 4892 ut
1188 4841 1300 4906 ipse
1319 4841 1560 4911 Quintius
1584 4837 1797 4896 fatetur.
1820 4843 1982 4911 Equi-

420 4909 537 4963 dem
569 4911 707 4963 duos
743 4912 1083 4964 stilummoalo
1109 4927 1266 4972 supra
1298 4910 1478 4977 viginti
1509 4925 1678 4963 annos
1710 4909 1978 4980 episcopo.

418 4988 498 5033 tus
529 4981 789 5034 Dotnnolo
823 4981 1000 5034 tribuit
1032 4982 1315 5050 Gregorius
1335 5021 1348 5043 ,
1382 4981 1521 5048 quod
1551 4981 1739 5034 Cointii
1778 4983 1983 5035 calcu‘o

417 5065 516 5102 non
540 5052 792 5120 quadrat;
827 5061 878 5102 at
908 5052 956 5102 id
992 5051 1118 5104 Vtta:
1149 5054 1372 5114 auctori,
1405 5051 1544 5118 quod
1573 5067 1732 5104 unum
1765 5053 1975 5119 inquiri.

416 5134 559 5180 mus,
593 5137 695 5172 non
724 5121 1053 5185 adversatur,
1086 5121 1174 5188 qui
1224 5136 1320 5172 nec
1366 5128 1574 5188 tempus
1626 5122 1770 5173 inita:
1809 5125 1979 5188 sedis,

417 5204 510 5243 nec.
559 5191 800 5243 Domnoli
850 5191 1025 5243 obitus
1067 5207 1262 5243 aumun
1305 5190 1622 5257 designavit.
1657 5191 1769 5243 Non
1821 5195 1978 5247 etiam

417 5261 748 5327 refragantur
770 5271 944 5313 vetera
979 5263 1367 5324 instrumenta;
1402 5261 1562 5314 immo
1587 5262 1980 5328 l‘apebrocbius

415 5330 502 5393 qui
529 5333 593 5380 ad
620 5331 760 5383 diem
805 5331 869 5382 16
898 5331 1016 5383 Maii
1050 5331 1373 5383 liollandiani
1409 5334 1651 5382 eamdem
1690 5332 1858 5382 Vitam
1893 5351 1977 5383 ι-μ-

413 5398 531 5462 fert,
556 5410 610 5452 et
630 5400 943 5470 Gregorium
977 5402 1348 5466 interpolatum
1383 5401 1544 5452 fuisse
1588 5403 1883 5467 suspicatur
1912 5407 1979 5456 ob

414 5485 540 5522 mss.
568 5471 728 5523 codd.
754 5475 998 5524 Attamen
1027 5471 1335 5526 Domnulunt
1365 5483 1480 5537 post
1504 5472 1572 5522 ‘22
1590 5487 1758 5524 annos
1774 5473 1980 5532 episco-

414 5552 975 5609 patussuecesSoretn
1025 5542 1309 5605 impetrare
1356 5542 1589 5607 υυιιιὶςμρ
1642 5543 1865 5606 fatetur,
1914 5563 1978 5596 eo

414 5610 549 5678 quod
582 5609 722 5662 nulla
754 5611 952 5662 mentio
983 5611 1225 5663 Domnoli
1254 5611 1487 5678 episcopi
1518 5613 1978 5668 Geuomannensis

418 5677 469 5729 in
497 5679 629 5731 actis
659 5680 884 5743 publicis
921 5691 1163 5733 occurrat
1196 5690 1316 5732 ante
1348 5677 1465 5732 cont
1487 5680 1633 5733 ilium
1666 5684 1863 5734 'lurou.
1901 5701 1932 5736 ιι
1953 5725 1967 5745 ,

416 5761 553 5802 anno
585 5750 719 5814 5‘57,
753 5760 802 5803 et
825 5761 1024 5804 certum
1059 5755 1127 5803 sit
1163 5748 1651 5806 Cenotttanucnscm
1693 5756 1974 5808 etclcsiant

2084 3237 2261 3286 δίαινε,
2277 3228 2629 3292 nobiscumque
2646 3242 2847 3278 "torrere
2864 3242 2924 3277 ea:
2946 3225 3041 3277 Dct'
3056 3228 3367 3291 providentia
3373 3231 3402 3297 j
3408 3245 3555 3281 assus
3567 3243 3662 3286 est.

2084 3297 2218 3349 Eum
2251 3299 2425 3362 itaque
2456 3303 2572 3362 post
2604 3297 2792 3347 multas
2825 3297 3305 3366 peregrinationes,
3347 3310 3394 3350 et
3440 3299 3664 3366 quidem

2077 3369 2185 3435 jam
2215 3369 2520 3431 episeopum
2554 3376 2944 3427 consecratum,
2971 3364 3347 3420 Cenomanuos
3376 3364 3662 3422 advenisse

2085 3447 2286 3498 narrat,
2303 3437 2586 3502 statimque
2606 3452 2633 3487 a
2650 3437 2795 3488 clero
2815 3446 2866 3489 et
2882 3438 3076 3502 populo
3099 3437 3324 3489 electum
3350 3438 3531 3492 fuisse.
3554 3439 3659 3492 Sed

2085 3508 2215 3560 nihil
2261 3521 2476 3573 prorsn~
2517 3507 2679 3558 habet
2727 3507 2792 3558 de
2835 3508 3194 3559 anterior-ibus
3239 3509 3574 3576 gestis,qna:
3597 3525 3661 3564 ex

2087 3577 2325 3642 Gregorii
2374 3586 2529 3642 textu
2570 3586 2813 3640 repetere
2855 3579 2981 3629 nihil
3030 3589 3193 3630 vetat.
3229 3576 3396 3630 Immo
3428 3583 3660 3631 maxima

2086 3641 2222 3698 inter
2243 3656 2484 3698 sanetum
2506 3641 2826 3698 Germanum
2843 3647 3216 3702 Parisiensem.
3239 3657 3292 3701 et
3310 3651 3480 3715 ipsum
3509 3648 3673 3702 Dom-

2085 3719 2265 3768 nolmn
2299 3715 2666 3776 familiaritas,
2703 3731 2820 3781 qua:
2844 3731 3075 3783 semper,
3108 3717 3225 3784 ipso
3249 3721 3413 3770 etiam
3447 3731 3667 3772 auctore

2087 3787 2222 3841 Vita:
2268 3795 2587 3857 attestante,
2620 3787 2804 3852 viguit,
2835 3787 3097 3856 Gregorio
3149 3798 3331 3843 nostro
3378 3789 3554 3852 favet,
3582 3790 3668 3857 qui

2091 3858 2403 3910 Domnulum
2434 3856 2484 3909 ιιι
2518 3857 2626 3921 ipsa
2656 3857 2942 3909 l’arisiensi
2973 3857 3190 3911 civitate
3214 3862 3460 3912 abbatem
3501 3856 3666 3912 fuisse

2086 3929 2321 3995 scripsit,
2345 3943 2408 3978 eo
2431 3942 2560 3979 sane
2581 3937 2820 3993 tempore
2837 3943 2952 3995 quo,
2966 3928 3156 3982 beatus
3171 3928 3470 3982 Germanus
3493 3931 3667 3984 eid'cm

2088 3983 2210 4050 urbi
2234 3983 2519 4065 episcopus
2549 3983 2793 4062 timuerat.
2825 3983 2960 4051 lizec‘
2971 3998 3125 4064 paulo
3149 3999 3314 4051 fusius
3345 4001 3661 4065 necessitate

2086 4064 2311 4135 erigente
2358 4077 2698 4119 tractawmns
2737 4070 2800 4118 ad
2832 4069 3212 4120 vindicandum
3247 4064 3486 4134 Gregorii
3541 4080 3660 4122 tex-

2089 4147 2296 4189 tnm.-—
2325 4137 2382 4191 S.
2401 4137 2695 4190 Domnoltts
2709 4138 2919 4191 celebre
2944 4152 3128 4190 monas
3141 4138 3328 4190 terium
3345 4139 3393 4190 in
3411 4139 3668 4193 suburbio

2086 4206 2507 4260 Ceumuanueusi
2538 4207 2840 4258 condulitin
2873 4211 3130 4275 boum-em
3159 4209 3216 4262 S.
3254 4207 3538 4269 Viuecutii,
3575 4211 3664 4264 ubi

2088 4279 2327 4344 sepultus
2353 4285 2452 4330 est.
2483 4277 2634 4342 Quod
2668 4279 2987 4330 etiamnunc
3014 4288 3319 4344 perseverat
3344 4280 3444 4331 sub
3466 4281 3667 4332 Urdiue

2089 4350 2254 4420 sancti
2291 4347 2560 4420 Benedicti
2590 4361 2640 4400 et
2671 4350 2839 4420 (iung.
2868 4351 2934 4420 Si
2959 4348 3379 4420 Mauri,_abbatis
3410 4352 3668 4420 regularis

2091 4417 2368 4483 privilegio
2396 4419 2652 4485 gaudens.
2677 4416 2885 4484 Corpus
2905 4419 2962 4471 S.
2989 4417 3262 4471 antistitis
3286 4435 3316 4472 e
3346 4416 3492 4471 terra
3521 4421 3663 4472 leva-

2094 4496 2205 4540 tum
2235 4488 2332 4541 fuit
2360 4503 2500 4540 anno
2537 4487 2690 4548 1124,
2723 4489 2790 4541 ab
2816 4487 3130 4542 llildeberto
3155 4490 3322 4550 episc.
3349 4491 3655 4542 Cenoman-

2017 4533 2064 4589 ί)
2090 4560 2263 4623 nensi,
2297 4570 2562 4621 przcsente
2597 4533 2830 4611 Fnicone
2862 4557 3074 4626 juniore
3115 4533 3521 4612 Att'decavorum
3575 4574 3668 4614 co-

2092 4631 2251 4691 mite,
2299 4631 2447 4682 ut’ex
2495 4631 2678 4681 charta
2709 4631 2947 4694 ejusdem
3001 4630 3310 4682 monasterii
3361 4631 3668 4687 didicimus.

2088 4697 2260 4753 Hodie
2281 4709 2532 4770 servatur
2565 4699 2617 4749 in
2653 4697 2803 4750 theca
2828 4707 3234 4770 argenteaauro
3269 4701 3416 4752 liuita
3437 4741 3451 4764 ,
3485 4702 3669 4770 operis

2087 4768 2517 4836 exquisitissimi,
2555 4782 2712 4835 quam
2753 4768 3039 4822 cardinalis
3075 4769 3496 4840 Luxemburgius
3523 4768 3664 4826 dieri

2086 4842 2309 4891 Cttrttvil.
3082 4853 3086 4859 ’

2159 4909 2184 4945 δ
2221 4907 2456 4961 Claudus
2503 4907 2871 4977 appellabatur
2921 4910 3219 4977 Rainarius,
3271 4921 3325 4967 et
3370 4912 3458 4968 hic
3494 4926 3667 4967 caacus

2089 4980 2348 5043 Siagrins,
2376 4994 2441 5030 ex
2473 4975 2604 5032 Vita:
2634 4990 2872 5034 auctore.

2163 5059 2183 5086 ο
2217 5050 2424 5121 “egon,
2471 5047 2845 5102 Baldochi’um.
2887 5051 2932 5103 Is
2969 5061 3049 5105 cst
3098 5051 3453 5121 Badegisilns,
3490 5061 3547 5105 ut
3576 5053 3663 5103 ha-

2088 5119 2425 5191 butrChesu.,
2464 5121 2530 5172 de
2555 5135 2662 5186 quo
2693 5135 2795 5173 non
2823 5126 2985 5176 semel
3013 5124 3145 5176 infra
3179 5119 3486 5191 Gregorius.
3517 5124 3656 5177 Sub-

2089 5190 2300 5256 srripsit
2342 5203 2496 5241 conc.
2531 5191 2737 5243 Matisc.
2771 5207 2836 5256 ll,
2870 5210 2958 5246 an.
3151 5194 3337 5245 Mirum
3370 5203 3454 5246 est
3482 5203 3663 5248 autem

2086 5260 2154 5311 de
2179 5277 2242 5310 eo
2269 5259 2396 5312 nihil
2429 5275 2646 5326 prorsus
2679 5262 2857 5314 haberi
2893 5267 2942 5314 in
2985 5265 3120 5316 actis
3149 5265 3522 5328 episcoporum
3555 5264 3663 5319 Ce-

2087 5345 2368 5388 notuauu.,
2420 5346 2537 5393 qua:
2593 5341 2734 5383 Imm)
2795 5333 2855 5384 111
2901 5334 3139 5385 Aualeet.
3192 5333 3462 5388 Mabiliou.
3521 5333 3663 5390 edita

2089 5410 2230 5472 sunt.
2277 5398 2404 5451 Vide
2428 5400 2516 5472 lib_.
2557 5416 2611 5454 ιιι
2644 5403 2824 5453 Mirac.
2867 5403 2922 5454 S.
2968 5401 3171 5454 Martini
3197 5443 3212 5466 ,
3246 5417 3363 5472 cap.
3417 5405 3506 5460 55.
3545 5407 3666 5462 llazc

2093 5470 2258 5532 prima
2285 5476 2388 5532 est,
2413 5475 2460 5520 ni
2491 5470 2664 5534 fallor,
2691 5473 2889 5525 mentio
2914 5473 3130 5537 majoris
3151 5470 3336 5526 domus
3365 5479 3503 5544 apud
3533 5482 3663 5530 Gre-

2087 5555 2310 5606 gurtum.

2159 5607 2183 5644 (ι
2219 5609 2326 5663 Hoc
2357 5624 2474 5676 Cap.
2509 5611 2653 5663 dceSI
2681 5611 2730 5662 in
2763 5611 2924 5665 Corlv.
2959 5623 3008 5668 et
3039 5613 3190 5668 (1011).
3219 5630 3232 5679 ;
3283 5625 3456 5669 exstat
3484 5625 3661 5669 t~tnen

2087 5680 2220 5748 apud
2257 5679 2504 5748 Frrdeg.,
2537 5695 2653 5747 cap.
2688 5682 2773 5735 εἴ.
