3974 6174
265 259 375 316 δελ
1305 234 1364 292 s.
1404 229 1735 290 cneconu
1777 219 2078 278 EPISCOPI
2121 217 2544 273 Tunonsnszs
3432 205 3537 261 sat

266 357 333 414 de
363 352 610 424 hospitali
632 365 815 408 eorum
839 349 1003 420 236
1023 354 1298 416 argentum
1321 345 1708 400 comminutum
1737 349 1762 376 ⁸
1793 345 1845 392 et
1878 335 1928 392 Δ
1955 332 2128 385 sitiam
2158 329 2388 399 ingredi,
2414 327 2710 380 obsistente
2735 321 3152 424 Dynamiolnon
3176 319 3407 424 valebat.
3431 319 3540 375 Sed

267 449 422 517 pallia
451 414 573 500 sunt
603 451 860 497 extracta.
884 439 1038 506 Quod
1055 453 1174 491 cum
1205 437 1317 506 regi
1341 435 1644 504 Chilperico
1665 433 1691 469 δ
1715 448 1849 498 nun-

2008 441 2054 478 :c
2097 423 2403 492 episcopus,
2439 423 2526 490 qui
2553 420 2663 489 jam
2696 427 2820 472 tunc
2846 431 2967 472 cum
2998 414 3268 470 Gundulfo
3297 421 3540 479 venerat,

269 506 455 591 iiatum
510 535 715 596 fuisset,
764 531 921 600 jussit
967 545 1062 583 eos
1103 527 1306 598 alligari
1359 526 1609 592 vinculis,
1659 533 1712 578 et
1754 537 1851 576 suo
1957 514 2009 568 in
2041 515 2269 568 θιόινεῖε
2319 526 2414 566 sua
2460 509 2837 578 τεοίνίθικιιυτ-
2873 506 3172 600 θῐηκηίυῖ
3212 514 3390 584 δείδω
3441 520 3545 600 Ψιι

269 627 580 695 conspectui
613 599 945 692 praesentari.
980 620 1130 674 Tunc
1160 634 1260 687 ego
1291 627 1559 683 metuens,
1593 631 1657 669 ne
1687 614 1758 669 ob
1785 613 1853 666 il-
1955 621 2077 660 cum
2108 605 2322 659 clericis
2364 613 2546 695 portas
2563 603 2812 695 obserat
2836 599 3003 664 urbis,
3036 599 3303 695 insultans
3349 599 3548 695 pii-riter

273 721 377 774 lius
408 689 626 771 causam
657 715 907 768 homines
940 720 1298 775 morerentur,
1325 709 1414 779 qui
1445 709 1628 762 vivens
1653 707 1704 760 in
1731 719 1856 759 cor-
1957 709 2019 750 ³ο
2046 705 2333 764 υῑτυηιίιιιθ
2373 692 2699 763 άθεΡίοίθηεν
2732 693 3041 760 episcopum
3070 690 3280 745 κῖιίοοῑ
3307 700 3359 745 οι
3390 689 3546 744 ϐου·

273 823 404 878 pore
458 821 557 874 pro
604 805 930 873 perditorum
983 803 1090 857 vita
1137 803 1332 870 saepius
1380 801 1696 869 deprecatus
1749 803 1855 862 est,
1966 789 2202 848 dulfutn.
2234 788 2475 842 Tandem
2500 786 2564 878 ad
2587 785 2912 878 colloquium
2939 782 3094 878 ducis
3123 783 3342 878 ascitus,
3374 783 3426 836 in
3458 783 3554 878 ba-

276 873 558 968 epistolam
599 898 710 966 regi
761 897 1082 966 precationis
1135 895 1434 956 transmisi,
1490 907 1557 946 ne
1612 890 1808 945 nostris
1834 898 1856 927 α
1960 880 2166 936 Silicam
2195 880 2333 933 beati
2371 876 2803 968 Stephanipqum
2834 875 2951 968 urbi
2983 883 3066 968 est
3095 874 3356 943 proxima,
3383 873 3551 968 venit.

278 964 386 1049 non
420 964 823 1054 accusantibus.
857 993 923 1045 ad
952 1006 1086 1060 quos
1117 989 1424 1060 prosecutio
1455 986 1776 1054 pertinebat,
1809 983 1860 1037 hi

2013 970 2182 1024 stiarii
2223 970 2367 1024 enim
2411 967 2787 1022 custodiebant
2831 964 2961 1020 aedis
3010 966 3330 1036 ingressum,
3380 975 3436 1020 ut
3475 967 3558 1020 in-

281 1084 736 1139 interflcerentur.
792 1081 944 1147 Quod
973 1058 1065 1134 ille
1115 1058 1343 1147 benigne
1372 1077 1700 1144 suscipiens,
1743 1074 1864 1126 vitae

2008 1072 2223 1118 'oeunte
2255 1062 2517 1131 Dynamio
2537 1061 2705 1114 valvae
2733 1061 2976 1128 protinus
3007 1058 3405 1114 clauderentur.
3440 1060 3558 1126 Quo

279 1175 534 1230 restituit.
566 1174 789 1243 Species
809 1188 936 1228 vero
961 1187 1076 1239 qua:
1106 1170 1376 1238 dissipata:
1399 1166 1629 1230 fuerant,
1661 1165 1866 1219 studio-
1969 1157 2111 1211 facto
2137 1160 2374 1212 exclusae
2401 1167 2732 1210 armatorum
2779 1155 2950 1209 turba:
2981 1163 3097 1222 post
3128 1153 3445 1225 Dynamium
3478 1155 3559 1207 in-

282 1266 498 1320 sissime
529 1279 878 1331 componens,
914 1263 1028 1316 loco
1057 1271 1244 1315 sancto
1271 1258 1421 1313 reddi
1453 1255 1725 1326 praecepit.
1966 1248 2121 1316 gredi
2167 1249 2542 1316 nequiverunt.
2585 1248 2701 1312 Quo
2739 1261 2844 1300 non
2901 1244 3251 1314 intelligente,
3304 1244 3430 1298 dum
3471 1244 3560 1299 di-
3603 1264 3609 1271 ·

356 1357 450 1410 χι,
502 1357 654 1419 Apud
686 1352 711 1390 ὰ
739 1353 1125 1408 Μηδείιίρηεθτη
1175 1364 1300 1403 νει-ο
1341 1349 1527 1402 urbem
1579 1346 1868 1417 Dynamius
1969 1352 2123 1392 versa
2173 1339 2315 1391 inter
2341 1351 2401 1390 se
2430 1350 2592 1405 super
2615 1336 2862 1389 altarium
2893 1334 3197 1399 conferunt,
3247 1333 3563 1388 recedentes

286 1456 464 1501 rector
487 1445 781 1498 Provinciae
803 1443 1039 1511 graviter
1062 1439 1872 1505 insidiariTln-odoroepiscopo
1970 1432 2039 1484 ab
2064 1432 2272 1492 altariO.
2321 1429 2694 1484 salutatorium
2747 1427 3138 1498 ingrediuntur-
3191 1428 3556 1484 lnlroelﬂllem

285 1537 468 1604 carpit.
501 1538 567 1589 At
606 1535 696 1588 ille
723 1534 788 1586 ad
828 1548 1006 1601 regem
1037 1545 1325 1601 preperare
1357 1529 1673 1597 disponens,
1721 1543 1870 1582 com-

289 1626 588 1694 prehensus
619 1624 685 1676 ab
715 1638 780 1678 eo
806 1624 857 1676 in
889 1623 1066 1676 medio
1087 1623 1318 1676 civitatis
1347 1630 1578 1685 tenetur,
1612 1631 1663 1675 et
1692 1622 1872 1690 gravi-

1973 1537 2095 1576 cum
2125 1522 2207 1576 his
2243 1521 2584 1591 Dynaminm,
2619 1521 2985 1589 nudatumque
3012 1520 3118 1588 jam
3165 1536 3194 1573 a
3220 1534 3440 1576 suorum
3479 1536 3568 1576 so-

1976 1612 2103 1666 latio
2147 1610 2222 1683 [1.
2263 1609 2506 1681 auxilio],
2552 1610 2863 1666 terribiliter
2900 1612 3196 1679 increpant.
3233 1609 3558 1682 Fugatisque

293 1727 376 1770 ter
425 1716 729 1785 injuriatus,
782 1716 994 1768 tandem
1043 1715 1253 1768 laxatus
1301 1724 1403 1768 est.
1456 1713 1650 1768 Clerici
1697 1721 1873 1768 autem
1907 1713 1955 1773 Β
1981 1705 2319 1768 Satellitibus,
2353 1705 2440 1773 qni
2470 1719 2588 1757 eum
2618 1704 2782 1758 armis
2807 1719 2872 1758 eo
2902 1704 3132 1759 abducto
3161 1700 3188 1739 ιι
3215 1704 3561 1759 circumstre-

289 1807 649 1864 Massilienses
677 1809 855 1864 dolum
886 1822 1006 1860 cum
1041 1807 1299 1876 Dynamio
1325 1807 1702 1872 moliebantur,
1724 1815 1780 1862 ut
1809 1807 1875 1862 ab

291 1902 599 1970 episc0patu
629 1899 939 1968 ejiceretur.
972 1897 1079 1953 Sed
1106 1898 1232 1952 dum
1260 1897 1326 1952 ad
1353 1912 1531 1967 regem
1558 1897 1878 1952 Cbildeber—

295 2000 407 2046 tum
465 1991 786 2058 ambularet,
835 2006 956 2046 cum
997 1989 1191 2046 Jovino
1238 2005 1308 2045 ex
1343 1992 1598 2059 praefecto
1642 2005 1672 2044 a
1700 1990 1875 2046 Gunt-

294 2085 556 2137 chramno
586 2099 710 2152 rege
733 2083 959 2137 detineri
980 2082 1216 2150 jubetur.
1251 2081 1404 2148 Quod
1433 2082 1711 2136 audientes
1743 2081 1879 2136 llas-

299 2174 547 2228 silienses
569 2173 771 2238 clerici,
806 2171 1002 2241 gaudio
1032 2187 1223 2240 magno
1247 2171 1434 2239 repleti
1481 2170 1620 2240 quod
1658 2170 1768 2239 jam
1800 2179 1881 2226 te-

297 2274 536 2329 neretur,
585 2265 693 2333 jam
742 2264 1092 2332 deputaretur
1125 2263 1332 2325 exsilio,
1376 2263 1516 2331 quod
1545 2263 1653 2333 jam
1688 2264 1738 2316 in
1781 2264 1883 2318 hoc

301 2369 394 2410 res
423 2355 762 2424 perstitisset,
799 2363 857 2408 ut
879 2368 1149 2421 nunquam
1183 2353 1468 2407 Massiliam
1499 2363 1882 2419 reverteretur,

301 2446 489 2500 domos
539 2448 782 2501 ecclesia:
830 2445 1255 2514 apprehendunt,
1305 2447 1596 2501 mioi~teria
1627 2457 1651 2485 ο
1682 2447 1887 2502 descri-

302 2537 457 2602 bunt,
495 2538 786 2602 regestoria
835 2544 1098 2599 reserant,
1145 2539 1506 2606 promptuaria
1555 2541 1885 2608 exspoliant,

308 2641 604 2696 omnesque
636 2643 718 2680 res
743 2624 1008 2690 ecclesim,
1042 2636 1290 2694 tanquam
1323 2629 1366 2680 si
1393 2628 1500 2695 jam
1534 2639 1776 2684 mortuus
1802 2646 1890 2684 es-

305 2727 391 2771 set
419 2717 726 2786 episcopus,
763 2718 1080 2785 pervadunt.
1130 2718 1340 2772 diversa
1375 2717 1599 2774 crimina
1626 2721 1693 2774 de
1717 2722 1892 2789 ponti-

307 2808 409 2863 ﬁre
438 2808 835 2874 proloquentes,
864 2824 982 2876 qua:
1006 2808 1158 2870 falsa,
1187 2808 1402 2863 Christo
1429 2812 1666 2878 auspice,
1693 2810 1891 2879 depre—

310 2899 614 2955 henduntur
640 2899 748 2971 [ΑΙ.
779 2898 1170 2969 deprehendit].
1201 2899 1573 2954 Cbildebertus
1596 2916 1724 2955 vero
1745 2909 1892 2970 post-

311 3004 468 3058 quam
518 3005 638 3044 cum
690 2990 996 3058 Chilperico
1054 2991 1362 3056 pacificatus
1413 2999 1518 3052 est.
1576 2991 1778 3062 legatos
1827 2991 1893 3046 ad

1982 1797 2202 1866 pebant,
2235 1797 2477 1850 seniores
2498 1796 2692 1850 civium
2716 1795 2781 1849 ad
2812 1809 2872 1850 se
2899 1794 3006 1848 dux
3033 1811 3132 1848 una
3162 1792 3282 1850 cu'm
3314 1796 3572 1866 episcopo

1981 1889 2221 1955 collegit,
2255 1896 2314 1942 ut
2342 1886 2611 1943 civitatem
2653 1887 3043 1951 ingrederetur.
3095 1888 3244 1942 Tunc
3281 1888 3573 1959 Dynamius

1984 1981 2101 2036 haec
2122 1985 2299 2034 omnia
2327 1995 2579 2047 cernens,
2607 1980 2816 2034 veniam
2849 1992 3057 2049 petens,
3081 1981 3217 2035 datis
3243 1980 3363 2035 duci
3389 1980 3574 2036 multis

1984 2074 2333 2139 muneribus,
2391 2073 2600 2127 reddito
2647 2073 2806 2126 etiam
2855 2082 3188 2126 sacramento
3239 2087 3299 2128 se
3357 2073 3572 2128 fidelem

1986 2169 2241 2237 episcopo
2289 2168 2543 2236 deinceps
2592 2167 2808 2236 regique
2862 2169 3118 2230 futurum,
3168 2170 3282 2221 suis
3333 2168 3574 2222 induitur

1987 2260 2338 2316 indumentis.
2373 2259 2524 2313 Tune
2571 2259 2821 2312 reseratis
2855 2268 2959 2311 tam
2995 2268 3263 2326 portarum
3296 2274 3454 2328 quam
3488 2274 3577 2314 sa-

1988 2367 2201 2406 crarum
2253 2349 2447 2403 mdium
2480 2351 2667 2415 Valvis,
2717 2351 3086 2420 ingvediuntur
3127 2350 3342 2420 utrique
3387 2351 3579 2406 civita-

1991 2452 2124 2509 tem,
2157 2442 2263 2495 dux
2302 2441 2505 2495 scilicet
2539 2451 2592 2496 et
2625 2444 2929 2510 episeopus.
2973 2458 3093 2496 cum
3132 2441 3299 2509 signis
3327 2453 3378 2497 et
3407 2443 3578 2497 laudi-

1992 2536 2117 2601 bus,
2166 2536 2500 2604 diversisque
2555 2533 2818 2587 bonorum
2873 2534 3100 2588 vexillis.
3160 2531 3350 2588 Clerici
3391 2545 3572 2591 autem

1993 2629 2084 2696 qui
2114 2629 2301 2682 sceleri
2336 2627 2457 2680 huic
2483 2626 2621 2679 misti
2651 2625 2863 2680 fuerant
2911 2641 3134 2694 quorum
3166 2637 3324 2693 caput
3352 2628 3582 2680 Anasta-

1994 2720 2105 2776 sius
2127 2721 2291 2773 abbas
2315 2729 2368 2772 et
2400 2718 2656 2772 Proculus
2701 2719 2980 2788 presbyter
3011 2719 3022 2754 ί
3051 2727 3224 2782 erant,
3251 2721 3415 2790 288
3445 2720 3582 2775 intra

1997 2812 2244 2882 Dynamii
2275 2820 2410 2865 tecta
2440 2809 2752 2878 confugiunt
2773 2851 2786 2872 ,
2822 2817 3062 2876 petentes
3095 2808 3163 2863 ab
3193 2824 3259 2864 eo
3299 2825 3454 2880 opem
3495 2825 3584 2864 re-

1999 2905 2152 2976 fugii,
2185 2919 2214 2959 a
2245 2920 2352 2974 quo
2382 2905 2592 2956 fuerant
2637 2903 2861 2955 incitati.
2898 2902 3047 2956 Multi
3079 2913 3253 2956 tamen
3286 2917 3469 2957 eorum
3495 2919 3585 2971 per

2001 2995 2221 3051 idoneos
2274 2994 2621 3064 fideiussores
2666 2994 2793 3046 dimi
2825 2995 2891 3057 si,
2938 2993 3002 3046 ad
3051 3008 3230 3062 regem
3267 2993 3400 3063 jussi
3453 3005 3583 3049 sunt

317 3078 779 3133 Guntehramnum
814 3095 992 3146 regem
1025 3080 1181 3134 mittit
1206 3121 1220 3143 ,
1251 3091 1306 3134 ut
1334 3080 1677 3135 medietatem
1706 3082 1895 3136 Massi-
1925 3084 1971 3146 C
2002 3088 2298 3142 ambulare.
2359 3089 2564 3141 Interea
2610 3086 2909 3140 Cundulfus
2955 3084 3236 3154 subjugata
3281 3086 3496 3140 civitate
3536 3087 3589 3140 in

321 3172 424 3235 liae,
458 3187 612 3238 quam
637 3171 686 3224 ei
718 3181 840 3239 post
867 3171 1068 3224 obitum
1101 3172 1264 3238 patris
1287 3172 1366 3225 sui
1400 3173 1639 3236 dederat,
1676 3174 1904 3229 reddere

322 3263 561 3316 deberet.
586 3261 736 3326 Quod
771 3263 814 3314 si
841 3262 1025 3324 nollet,
1060 3263 1268 3317 noverit
1296 3277 1354 3316 se
1386 3264 1551 3317 multa
1575 3264 1903 3334 perditurum

323 3365 419 3420 pro
445 3351 606 3419 partis
641 3350 794 3405 istius
839 3352 1158 3406 retentione.
1208 3352 1313 3407 Sed
1351 3352 1439 3407 ille
1479 3367 1599 3406 cum
1627 3353 1741 3408 haec
1779 3355 1903 3408 red-

325 3444 452 3497 dere
507 3443 696 3506 nollet,
727 3444 841 3496 vias
884 3443 1060 3497 claudi
1095 3444 1370 3512 praecepit,
1408 3454 1463 3498 ut
1505 3445 1638 3499 nulli
1687 3461 1780 3516 per
1823 3462 1908 3502 re-

331 3550 490 3604 gnum
522 3535 638 3601 ejus
668 3536 975 3589 transeundi
1023 3536 1196 3589 aditus
1245 3537 1587 3605 panderetur.
1643 3538 1767 3592 “330
1793 3555 1912 3593 cer-

329 3639 460 3680 nens
488 3623 882 3688 Cbildebertus,
916 3626 1240 3681 Gundulfum
1272 3642 1336 3681 ex
1367 3629 1661 3684 domest'co
1698 3627 1716 3666 τ
1749 3631 1907 3701 287

329 3715 518 3770 durem
548 3716 762 3781 factum,
815 3716 883 3771 de
909 3731 1107 3785 genere
1135 3718 1435 3781 senatorio,
1468 3718 1752 3773 Massiliam
1783 3720 1912 3773 diri-

330 3809 428 3872 git.
470 3809 568 3874 Qui
617 3823 740 3861 cum
773 3825 874 3863 non
917 3808 1136 3863 auderet
1179 3809 1455 3864 ambulare
1478 3810 1587 3879 jam
1621 3826 1716 3878 per
1744 3811 1913 3866 Cunt-

331 3901 571 3954 chramni
601 3915 844 3968 regnum,
872 3900 1105 3954 Turonis
1132 3902 1298 3954 venit.
1331 3900 1498 3966 Quem
1529 3901 1760 3972 benigne
1789 3916 1913 3957 sus-

332 4002 569 4061 ceptum,
595 4007 922 4059 recognosco
963 3993 1146 4046 matris
1176 4007 1309 4046 meae
1346 3994 1667 4049 avunculum
1701 4004 1726 4041 ε
1761 4009 1911 4062 esse,

337 4096 714 4154 retentumque
761 4101 966 4138 meeum
1008 4085 1244 4154 quinque
1284 4084 1495 4150 diebus,
1549 4085 1917 4155 impositisque

346 4180 683 4244 necessariis,
710 4178 856 4232 abire
881 4177 1117 4248 permisi.
1155 4176 1245 4231 Ille
1263 4192 1390 4231 vero
1418 4193 1754 4248 progressus,
1783 4179 1918 4234 Mas-

409 4347 433 4375 ⁸
459 4339 548 4393 Sic
577 4338 742 4405 Regm
799 4344 852 4387 et
873 4334 1038 4400 Bad.;
1073 4335 1190 4400 alii,
1222 4337 1610 4388 communitum.

413 4408 438 4445 ἱ»
473 4410 681 4473 llegm..
715 4405 995 4459 Chlotario.

415 4491 435 4515 ο
456 4483 540 4532 δὶς
564 4477 746 4530 (Iasio.
770 4487 823 4532 et
846 4476 1032 4542 Regm.
1057 4475 1191 4529 Editi
1212 4489 1340 4528 vero
1361 4489 1480 4528 cum
1507 4475 1655 4541 Bec.,
1673 4492 1734 4530 ne
1750 4477 1914 4533 nobis.

407 4546 431 4583 ἀ
463 4550 616 4602 Deest
647 4548 699 4600 in
737 4547 899 4600 Cori).
930 4557 982 4598 et
1008 4545 1158 4599 Colb.
1186 4563 1200 4610 ;
1236 4561 1338 4598 non
1373 4555 1550 4599 tamen
1576 4547 1643 4600 ab
1675 4548 1914 4615 interpo-

340 4620 507 4672 latore
530 4619 765 4688 additum
794 4627 895 4670 est.
928 4616 1062 4671 Vide
1093 4627 1243 4672 notas
1270 4615 1320 4670 in
1347 4631 1464 4684 cap.
1491 4631 1606 4685 seq.
1637 4626 1692 4672 et
1718 4619 1769 4672 in
1792 4633 1913 4688 cap.

338 4689 406 4742 ΞΗ
440 4688 593 4751 huius
623 4687 763 4739 libri.

412 4767 434 4794 ο
461 4757 511 4809 Id
540 4765 623 4811 est
653 4770 771 4806 vasa
798 4769 970 4816 sacra,
1004 4756 1089 4808 ubi
1122 4756 1511 4809 observandum
1542 4759 1652 4822 jam
1682 4773 1914 4812 consue-

341 4827 576 4881 tudinem
611 4837 735 4878 tnnc
768 4825 1072 4884 invaluisse,
1107 4835 1156 4897 ut
1185 4826 1440 4897 defuncto
1479 4829 1756 4897 episcopo,
1803 4830 1913 4884 cle-

340 4900 435 4954 rici
468 4910 794 4962 qnmcinqnc
826 4903 1069 4959 poterant
1097 4895 1408 4959 diriperent.

418 4968 435 5006 ί
468 4966 748 5021 Domestici
781 4973 953 5025 erant,
985 4965 1071 5031 qui
1104 4964 1433 5017 excubabant
1465 4967 1514 5018 in
1544 4966 1738 5030 palatio
1769 4970 1913 5035 prin-

340 5039 496 5109 cipis,
527 5035 1176 5109 eorumqueprzep‘usitus
1205 5036 1570 5109 appellabatur
1594 5052 1774 5109 omnes
1815 5041 1913 5093 do-

341 5105 705 5164 ...‘e.ti00rtnn.
757 5105 866 5161 Sub
906 5106 1120 5170 regibus
1169 5107 1365 5158 nostris
1415 5106 1648 5169 przri'ecti
1703 5107 1914 5162 fuerunt

348 5181 487 5232 villis
516 5181 696 5249 regiis,
732 5186 787 5249 ut
817 5184 960 5249 patet
988 5189 1053 5228 ex
1089 5175 1100 5226 Ι
1131 5175 1180 5227 b.
1217 5189 1254 5249 tt
1292 5175 1524 5249 blarrulli
1568 5175 1789 5249 formula
1819 5180 1910 5243 52,

345 5264 463 5314 qnze
487 5245 811 5306 domesticis.
843 5245 932 5312 qui
967 5261 1122 5312 supra
1149 5245 1286 5310 regis
1321 5247 1471 5297 villas
1497 5257 1670 5313 erant,
1711 5248 1910 5303 directa

345 5329 446 5380 est,
473 5325 529 5370 ut
554 5320 835 5371 occasione
863 5315 950 5368 tilii
981 5316 1121 5384 regis
1151 5330 1219 5368 rei
1239 5329 1334 5368 ens
1367 5317 1472 5367 nati
1500 5331 1686 5369 servos
1714 5319 1914 5381 aliquot

343 5389 586 5442 libertate
630 5388 905 5438 donarent.
959 5386 1184 5456 Eosdem
1241 5386 1346 5452 regi
1398 5386 1465 5456 ad
1499 5388 1685 5452 placita
1728 5404 1918 5456 prope-

344 5459 480 5512 ranti
508 5471 766 5524 expensas
791 5470 1001 5522 parasse
1027 5455 1196 5508 innuit
1227 5467 1404 5508 noster
1428 5455 1715 5524 Gregorius
1737 5455 1836 5510 lib.
1858 5476 1914 5524 χ,

343 5545 463 5589 cap.
493 5529 583 5583 98.
620 5524 903 5578 Dutnestici
924 5526 1058 5577 inter
1083 5526 1227 5592 regni
1256 5525 1540 5591 optimates
1571 5537 1918 5582 recensentur

345 5601 399 5652 in
422 5597 569 5664 pra-ll
598 5597 768 5661 legum
796 5594 1133 5664 Burgund.et
1157 5596 1254 5660 leg.
1279 5597 1647 5661 llipuariuruin
1675 5614 1791 5663 cap.
1811 5599 1912 5652 9t):

345 5663 453 5736 regi
484 5667 790 5721 insidebant
834 5678 898 5716 ex
933 5663 1164 5717 blarculli
1214 5667 1474 5721 formu'is.
1515 5666 1720 5722 Videsis
1749 5669 1916 5736 placi-

2008 3180 2343 3234 Cbildeberti
2390 3179 2529 3247 regis
2579 3178 2860 3241 ditionem,
2919 3176 3272 3245 restitutoque
3315 3176 3366 3230 in
3414 3177 3591 3233 locum

2007 3287 2161 3326 suum
2212 3272 2473 3334 antistite,
2522 3269 2586 3323 ad
2645 3285 2825 3339 regem
2873 3267 3270 3322 Cbildebertum
3319 3284 3594 3339 regressus

2009 3372 2111 3417 est.
2164 3362 2269 3416 Sed
2325 3361 2616 3431 Dynamius
2665 3361 2948 3413 immemor
3002 3358 3120 3413 fidei
3177 3376 3336 3426 quam
3377 3360 3596 3417 Childe-

2012 3453 2164 3507 berto
2217 3452 2327 3518 regi
2386 3450 2734 3520 promiserat,
2787 3449 2853 3502 ad
2904 3447 3364 3504 Guntcbramnum
3412 3465 3594 3520 regem

2013 3543 2227 3597 nuntios
2253 3542 2457 3611 dirigit,
2498 3539 2682 3594 dicens
2710 3539 2848 3607 quod
2884 3549 3086 3606 partem
3121 3539 3220 3593 sibi
3250 3539 3485 3594 debitam
3514 3542 3594 3598 ci-

2014 3637 2190 3690 vitatis
2223 3650 2316 3700 per
2346 3633 2653 3700 episcopum
2700 3630 2967 3699 perderet,
3002 3645 3102 3684 nec
3149 3646 3380 3700 unquam
3409 3632 3599 3688 Massi-

2015 3727 2236 3781 liensem
2271 3724 2454 3777 urbem
2483 3737 2581 3775 suo
2613 3722 2873 3789 potiretur
2902 3721 3164 3784 dominio,
3201 3721 3303 3775 nisi
3335 3720 3421 3776 hic
3449 3723 3601 3778 evel-

2017 3819 2156 3872 latur
2186 3819 2252 3869 ab
2279 3831 2364 3870 ea.
2396 3816 2465 3868 At
2495 3815 2582 3868 ille
2612 3814 2693 3866 ira
2723 3823 3042 3877 commotus,
3091 3812 3263 3880 jubet,
3296 3822 3479 3868 contra
3520 3814 3600 3869 fas

2016 3909 2310 3977 religionis,
2361 3915 2417 3960 ut
2459 3904 2694 3974 pontifex
2741 3904 2934 3958 summi
2963 3903 3055 3957 Dei
3099 3913 3334 3960 aretatus
3378 3906 3601 3961 vinculis

2015 4001 2116 4056 sibi
2147 3999 2509 4063 exhiberetur,
2559 3997 2743 4050 dicens
2772 4013 2783 4046 :
2810 3994 3081 4049 Trudatur
3125 3997 3316 4049 exsilio
3357 3979 3604 4054 inimicus

2017 4094 2167 4164 regni
2219 4091 2410 4156 nostri,
2459 4105 2526 4146 ne
2570 4089 2726 4144 nobis
2776 4103 2970 4143 nocere
3011 4088 3240 4158 amplius
3269 4090 3464 4145 valeat.
3495 4091 3604 4148 Sed

1967 4261 1984 4265 _
2018 4201 2136 4242 cum
2161 4186 2444 4255 episcopus
2473 4183 2540 4238 de
2564 4183 2648 4237 bis
2678 4192 2960 4249 suspectus
2986 4190 3150 4249 esset,
3186 4197 3284 4238 nec
3306 4183 3459 4240 facile
3482 4199 3602 4254 pos-

2025 4345 2131 4389 tnm
2165 4334 2456 4388 Cblodovei
2490 4333 2576 4398 ill,
2611 4333 2704 4386 lib.
2736 4348 2787 4385 vt
2810 4332 2876 4386 de
2917 4347 2975 4387 re
3005 4331 3312 4401 Diplomat.,
3339 4351 3393 4389 n.
3429 4335 3516 4400 19,
3546 4346 3604 4390 et

2022 4407 2346 4460 Childeln-rti
2393 4405 2479 4469 III,
2524 4421 2579 4456 n.
2607 4402 2696 4455 ‘24.
2728 4403 2951 4457 Generis
2983 4414 3158 4457 autem
3207 4406 3459 4458 senatorii
3510 4421 3606 4459 no-

1949 4448 1996 4508 D
2025 4479 2187 4538 mine,
2219 4477 2284 4529 de
2307 4490 2410 4542 quo
2444 4448 2529 4528 liic
2559 4483 2612 4527 et
2643 4473 2834 4542 passim
2865 4473 3176 4542 Gregorius,
3207 4472 3422 4529 familia:
3449 4475 3599 4530 desi-

2019 4556 2269 4616 gnantur,
2324 4560 2441 4611 qua:
2486 4556 2725 4616 tempore
2767 4543 3130 4616 Romanorum
3163 4547 3213 4616 in
3238 4555 3479 4598 senatum
3507 4545 3607 4600 ad-

2023 4613 2198 4670 inissm
2240 4616 2473 4669 fuerant.
2526 4614 2673 4667 Multi
2706 4615 2850 4667 enim
2894 4613 3266 4680 provinciales,
3314 4616 3546 4670 maxime
3572 4631 3604 4672 e

2021 4688 2214 4751 Gallia,
2247 4687 2464 4739 civitate
2491 4684 2672 4737 donati
2717 4685 2945 4745 fuerant,
2984 4683 3188 4749 aliquot
3231 4684 3394 4738 etiam
3425 4686 3479 4739 in
3508 4701 3602 4741 se-

2023 4769 2203 4810 natum
2232 4758 2430 4808 allecti.
2484 4753 2765 4822 Ejusmodi
2797 4753 3113 4823 dicebantur
3144 4764 3422 4809 senatores
3452 4769 3614 4823 pere-

2019 4827 2176 4896 grini,
2206 4828 2294 4895 qui
2329 4832 2388 4878 ut
2415 4826 2700 4896 plurimum
2735 4838 2799 4896 ne
2829 4822 3204 4896 facie_quidem
3234 4822 3460 4896 Romam
3501 4841 3601 4881 no-

2026 4892 2238 4951 verant;
2278 4896 2448 4949 Nolim
2479 4903 2657 4947 tamen
2686 4895 2911 4946 inliciari
2944 4892 3258 4964 Gregorium
3291 4895 3613 4964 quandoque

2018 4977 2271 5021 senatores
2303 4965 2584 5018 nonnullos
2605 4965 2897 5031 appellare,
2944 4963 3084 5028 quod
3119 4964 3195 5017 illi
3221 4981 3286 5017 ex
3314 4963 3426 5021 suae
3457 4963 3610 5022 urbis

2027 5038 2350 5108 primoribus
2381 5049 2583 5108 essent.
2623 5035 2750 5108 Vide
2781 5031 3355 5108 tia-igiiGlossarium.

2095 5119 2117 5154 6
2154 5107 2393 5175 Fratrem
2448 5105 2654 5158 scilicet
2698 5106 2754 5157 S.
2801 5105 2988 5156 Ncetii
3020 5105 3188 5171 episc.
3242 5105 3510 5175 Lngdun.,
3553 5114 3614 5162 ut

2022 5179 2273 5233 oluervat
2297 5174 2563 5228 Cointius.

2095 5248 2118 5284 ιι
2146 5249 2234 5300 Sic
2267 5247 2449 5313 llegm.
2479 5254 2534 5297 et
2558 5245 2708 5306 Bec.,
2739 5242 2850 5308 alii,
2879 5245 3122 5297 adducto.

2100 5319 2114 5356 ί
2150 5322 2418 5384 Itegtn.,e:
2448 5313 2699 5366 Proculus
2720 5313 2870 5365 abba.
2895 5315 3044 5379 Itad.,
3073 5314 3287 5384 Proculi
3311 5314 3616 5384 presbyteri.

2019 5391 2189 5444 Porro
2221 5383 2534 5440 Anastasms
2565 5385 2731 5435 abbas
2761 5392 2878 5434 erat
2919 5385 3089 5438 Sancti
3133 5383 3384 5447 Victoris,
3431 5383 3620 5438 mona-

2021 5460 2166 5513 Slt't‘il
2203 5458 2365 5510 etiam
2410 5469 2548 5508 nunc
2578 5453 2715 5520 apud
2752 5452 3035 5507 Massiliam
3068 5453 3450 5517 celeberrimi,
3477 5454 3612 5508 0rd.

2022 5532 2081 5585 S.
2111 5527 2400 5588 Benedicti,
2433 5525 2576 5594 quod
2606 5540 2635 5576 a
2666 5522 2871 5578 Joanne
2895 5523 3158 5581 Cassiano
3188 5524 3391 5581 smculo
3419 5523 3616 5594 quinto

2022 5599 2290 5655 Conditum
2325 5597 2443 5652 fuit.
