3974 6174
387 364 488 389 -..γρ
1314 360 1352 377 ιι
1383 357 1625 380 υουιιιη

1670 363 1688 380 ι
1718 348 2114 381 ιιιιιὶυύιιυηιο

2157 362 2195 379 ⁸4
2228 363 2356 379 ιαμβι
2398 363 2527 380 νοιιι
2546 365 2562 380 ι
2582 358 2685 382 υς).

380 444 465 490 set
489 434 559 489 ab
592 433 725 489 urbe
752 432 888 493 erui.
924 431 1138 488 advenit
1170 433 1433 490 feStivitas
1459 438 1811 493 dedicationis
1840 454 1961 492 ora-
1988 452 2037 504 Α
2068 438 2418 493 lsiodorensis
2454 438 2469 475 ί
2502 455 2565 493 ac
2608 441 2947 495 Berravensis
2992 443 3138 499 urbis
3167 445 3447 503 'l'urouicae
3482 448 3645 505 deva-

383 524 505 578 torii
537 525 681 578 ruris
710 524 1020 578 subuibnni.
1046 527 1284 590 Cumque
1314 531 1377 578 ait
1408 530 1520 581 haec
1556 531 1683 582 testa
1707 544 1962 597 egressus

381 614 652 667 civitatem
700 623 1031 681 properaret,
1061 613 1236 667 subito
1267 618 1454 669 armati
1487 630 1606 668 cum
1639 631 1835 685 magno
1860 617 1963 670 fre-

383 706 514 756 mitu
542 704 611 757 ab
636 703 864 757 occultis
905 703 1115 757 insidiis
1146 714 1434 767 scatentes,
1480 720 1723 760 sanctum
1766 707 1963 759 va'lant

381 794 703 858 antistitem,
747 794 1123 860 di-jrctumque
1166 793 1234 847 ab
1263 808 1401 862 equo
1447 793 1629 862 fugant
1658 811 1845 849 omnes
1872 811 1964 849 co-

383 885 541 938 mites
564 885 704 952 ejus,
737 884 1035 938 servientes
1063 884 1317 953 alligant,
1364 886 1592 940 clericos
1620 888 1852 952 caedunt,
1885 888 1955 955 ip-

380 989 607 1044 sumque
658 989 820 1041 super
868 972 1223 1029 miserabilem
1280 975 1620 1045 imponentes
1672 976 1961 1041 caballum,

385 1068 591 1122 nullum
619 1066 687 1121 de
720 1069 832 1121 suis
869 1072 1019 1135 sequi
1069 1068 1457 1135 permittentes,
1505 1070 1569 1121 ad
1616 1069 1759 1138 regis
1796 1068 1964 1123 dedu-

381 1170 515 1217 cunt
561 1160 926 1229 praesentiam.
958 1158 1196 1228 Cumque
1242 1176 1337 1228 per
1377 1161 1679 1229 Aquensem
1721 1163 1963 1230 pimteri-

385 1263 509 1307 rent
553 1252 776 1319 urbem,
823 1251 1062 1306 Pientins
1091 1261 1115 1288 ι
1147 1252 1431 1321 episcopus
1482 1254 1621 1316 loci,
1669 1255 1964 1309 conilolens

386 1343 558 1407 fmtri,
583 1343 723 1397 datis
750 1344 965 1398 clericis
992 1342 1058 1396 ad
1088 1343 1358 1407 solatium,
1392 1343 1759 1412 iinpositisqne
1780 1359 1966 1398 neces-

381 1433 566 1499 saiiis,
599 1433 747 1489 abire
795 1433 1057 1502 permisit.
1102 1432 1235 1487 Dum
1283 1434 1397 1487 haec
1439 1448 1748 1501 agerentur,
1778 1434 1962 1488 clerici

385 1526 576 1578 iterum
601 1522 960 1578 MaSsilienses
986 1523 1174 1577 domos
1202 1524 1443 1578 ecclesia:
1468 1537 1732 1589 reserani,
1762 1539 1956 1578 arcana

386 1619 672 1680 rimantur,
701 1624 756 1670 et
782 1616 883 1670 alia
914 1615 1247 1679 describunt,
1273 1616 1376 1669 alia
1406 1616 1518 1670 suis
1547 1616 1798 1671 domibus
1830 1616 1965 1670 infe-

382 1718 531 1762 runt.
558 1708 851 1777 Episcopus
874 1723 1004 1762 vero
1031 1707 1098 1761 ad
1132 1723 1309 1776 regem
1340 1707 1621 1773 deductus,
1658 1727 1751 1764 nec
1783 1711 1963 1778 culpa-

2064 530 2186 581 stati
2214 540 2357 581 sunt.
2413 528 2517 583 Sed
2548 538 2601 582 et
2639 543 2817 596 postea
2853 531 3142 588 crudeliter
3171 538 3257 602 qui
3291 539 3344 590 in
3377 540 3474 593 hac
3500 542 3645 595 obsi-

2065 617 2223 670 dione
2251 618 2438 671 adesse
2467 635 2569 671 non
2600 632 2861 689 paterant,
2894 634 3015 675 sunt
3038 625 3293 682 damnati.
3318 629 3587 686 Bladastes
3611 642 3637 679 ϐ

2066 719 2192 758 vero
2218 707 2326 757 dux
2374 707 2425 758 in
2481 707 2787 761 Vascimiaui
2817 710 2975 775 abiit,
3009 715 3402 785 maximamque
3433 732 3640 787 partem

2064 809 2332 849 θχετοιιιιε
2364 813 2445 849 Slll
2470 810 2667 852 allllSll.

2136 884 2270 939 Xlll.
2305 886 2485 952 Lupus
2531 884 2560 924 ιι
2606 904 2733 943 vero
2778 891 2923 945 urbis
2964 891 3243 949 Turonicm
3288 896 3448 964 civis,
3498 914 3642 965 cum,

2073 990 2241 1029 uxore
2288 979 2490 1043 perdita
2534 992 2596 1030 ac
2649 978 2869 1045 liberis,
2922 981 3229 1037 clericatum
3277 997 3580 1053 expeteret,
3613 1004 3643 1045 a

2064 1064 2229 1117 fratre
2256 1065 2544 1119 Ambrosio
2576 1067 2873 1133 prohibitus
2902 1078 3013 1133 est,
3045 1073 3239 1127 timens
3268 1090 3334 1127 ne
3377 1075 3642 1132 hmredem

2068 1151 2371 1206 institueret
2400 1152 2492 1207 Dei
2526 1156 2842 1220 ecclesiam,
2894 1158 2941 1211 si
2984 1161 3031 1212 ei
3055 1158 3499 1231 eonjungeretur;
3529 1181 3646 1220 rur-

2064 1256 2286 1307 sumque
2317 1241 2392 1294 illi
2422 1259 2641 1296 uxorem
2665 1248 2914 1313 providit,
2935 1261 2985 1302 et
3008 1250 3149 1303 diem
3182 1252 3234 1304 iii
3261 1267 3365 1321 quo
3391 1253 3457 1307 ad
3486 1270 3645 1322 spon-

2064 1329 2193 1382 salia
2216 1330 2458 1383 donanda
2488 1336 2957 1402 coniungerentur,
2984 1338 3123 1391 male
3149 1354 3339 1393 suasus
3358 1343 3522 1413 290
3542 1347 3646 1398 l'ra-

2067 1428 2145 1472 ter
2199 1421 2405 1474 indicit.
2476 1423 2678 1479 Dehinc
2727 1427 2793 1479 ad
2842 1428 3178 1484 Caiuonense
3227 1442 3496 1498 castrum,
3555 1438 3644 1491 ubi

2066 1508 2352 1579 hosptium
2401 1512 2669 1567 habebant
2694 1556 2707 1578 ,
2744 1517 2941 1585 pariter
2966 1518 3312 1577 advenerunt.
3378 1523 3483 1578 Sed
3513 1541 3647 1581 uxor

2067 1599 2336 1655 Ambrosii
2369 1617 2488 1656 cum
2516 1614 2657 1658 esset
2687 1608 2928 1660 adultera
2952 1649 2968 1673 ,
3009 1619 3062 1663 et
3090 1612 3253 1664 alium
3286 1629 3467 1668 amore
3496 1616 3648 1683 lupa—

2068 1708 2241 1757 nario,
2276 1709 2439 1747 exoso
2466 1697 2677 1763 marito,
2710 1696 2973 1766 diligeret,
3001 1701 3219 1757 insidias
3251 1706 3365 1759 viro
3396 1709 3643 1762 tetendit.

384 1798 512 1854 bilis
557 1799 827 1864 inventus,
860 1798 926 1852 ad
970 1798 1234 1853 civitatem
1266 1814 1415 1852 suam
1445 1802 1621 1855 redire
1651 1802 1962 1869 permissus,

2080 1783 2308 1855 Dunique
2355 1788 2405 1840 lii
2452 1792 2691 1858 germani
2743 1794 2942 1859 pariter
2988 1796 3345 1861 epularentur,
3393 1809 3448 1853 et
3492 1814 3647 1856 nocte

384 1904 506 1943 cum
546 1888 734 1957 grandi
773 1898 854 1943 est
898 1901 929 1941 a
964 1888 1168 1942 civibus
1205 1888 1361 1944 laude
1400 1903 1703 1958 susceptus.
1739 1893 1816 1945 Ex
1866 1892 1966 1946 hoc

383 1990 561 2035 autem
593 1981 756 2052 289
793 1981 971 2048 gravis
1013 1981 1289 2037 inimicitia
1337 1984 1472 2037 inter
1502 1983 1964 2038 Guntcbramnum

386 2088 567 2143 regem
598 2086 650 2126 et
677 2072 1077 2128 Cbildebertum
1108 2085 1360 2143 nepotem
1389 2090 1541 2137 suum
1565 2076 1823 2142 exoritur,
1856 2075 1968 2130 dis—

389 2176 655 2233 ruptoque
682 2164 885 2218 findere
907 2164 1009 2218 sibi
1036 2164 1266 2220 invicem
1300 2165 1708 2222 insidiabantur.

462 2254 572 2308 ΧΠ.
612 2254 773 2325 Igitur
817 2254 1153 2325 Chilpericus
1206 2272 1297 2312 rex
1356 2272 1583 2311 cernens
1630 2258 1725 2311 bas
1764 2258 1966 2313 discor-

392 2344 510 2398 dias
556 2343 586 2383 ιι
640 2346 775 2399 inter
804 2344 1024 2400 fratrem
1071 2362 1133 2401 ac
1181 2355 1427 2417 nepotem
1469 2364 1620 2401 suum
1669 2348 1962 2417 pullulare,

392 2436 722 2492 Desiderium
763 2438 963 2513 ducetur
996 2448 1224 2505 evocat,
1261 2438 1519 2508 iubetque
1565 2448 1623 2493 ut
1647 2439 1843 2509 aliquid
1874 2456 1969 2496 ne-

388 2529 574 2597 quitiae
603 2528 797 2584 inferat
825 2529 997 2585 fratri.
1027 2531 1235 2595 Atille,
1267 2540 1535 2584 commoto
1563 2530 1832 2594 exercitu,
1866 2531 1969 2586 [ta-

388 2620 656 2689 gnovaldo
705 2630 729 2659 ε
777 2621 912 2674 ἀνι-ε
971 2619 1191 2690 fugato,
1252 2619 1648 2689 Petrogoricum
1703 2621 1967 2689 pervadit,

387 2720 684 2779 exactoque
704 2721 1039 2767 saerainento
1060 2711 1325 2780 Aginnum
1353 2713 1543 2778 pergit.
1599 2710 1726 2765 Haec
1745 2712 1969 2765 audiens

392 2813 527 2853 uxor
550 2798 903 2869 Ragnovaldi,
932 2802 1075 2870 quod
1105 2801 1327 2869 scilicet,
1356 2799 1677 2870 fugatoviro
1703 2815 1822 2867 suo,
1855 2802 1970 2858 huic

393 2902 450 2946 et
468 2890 659 2946 civitas
680 2892 733 2946 in
762 2903 1077 2962 potestatem
1095 2895 1237 2964 regis
1263 2892 1547 2965 Chilperici
1574 2894 1902 2964 redigeretur
1916 2890 1965 2961 ά,

396 2982 669 3037 basilicam
706 2984 876 3037 sanCti
914 2983 1161 3053 martyris
1199 2982 1436 3053 Caprasii
1468 2985 1704 3053 expetiit.
1738 2984 1842 3040 Sed
1871 3000 1969 3039 ex-

397 3083 563 3128 tracta
586 3074 781 3129 exinde
807 3115 822 3139 ,
869 3085 923 3129 et
965 3075 1189 3143 spoliata
1218 3076 1467 3130 facultate
1490 3090 1553 3128 ac
1579 3076 1770 3129 solatio
1798 3075 1968 3129 famu-

397 3164 752 3231 lorum,datis
775 3165 1173 3232 lidejussoribus
1198 3165 1445 3219 Tolosam
1477 3166 1721 3235 dirigitur
1745 3183 1758 3217 :
1789 3166 1966 3233 ibique
1995 3180 2039 3243 ο

397 3256 589 3310 iterum
618 3258 670 3309 in
719 3257 933 3310 basilica
978 3255 1148 3310 sancti
1181 3256 1447 3312 Saturnini
1494 3257 1730 3325 ii.gressa
1768 3260 1971 3311 reside-

401 3348 488 3400 bat
539 3347 847 3402 Desidcrius
873 3363 1001 3403 vero
1034 3357 1254 3402 cunctas
1283 3348 1556 3413 civitates,
1591 3363 1710 3418 quae
1740 3349 1791 3401 in
1825 3360 1970 3417 parte

396 3438 484 3494 ilia
510 3431 575 3493 ad
606 3455 784 3509 regem
830 3440 1290 3495 Guntchranmum
1329 3440 1690 3509 aspiciebant,
1723 3442 1967 3513 abstulit,

397 3543 449 3587 et
474 3532 764 3588 ditionibus
811 3535 953 3602 regis
978 3532 1262 3601 Cbilperici
1293 3534 1520 3602 subegit.
1569 3532 1811 3586 Berulfus
1841 3548 1971 3587 vero

399 3620 500 3675 dux
523 3662 538 3687 ,
586 3638 706 3676 cum
756 3622 1016 3691 Bituriges
1049 3632 1072 3660 ι·
1103 3624 1385 3678 mussitare
1410 3665 1424 3689 ,
1470 3623 1611 3689 quod
1646 3622 1968 3677 Turonicum

401 3713 692 3766 terminum
727 3713 1151 3781 ingrederentur,
1183 3713 1379 3766 audissi
1400 3720 1419 3766 t
1443 3750 1460 3777 ,
1508 3714 1798 3767 exercitum
1824 3726 1970 3766 com-

403 3811 606 3870 movet,
626 3814 678 3856 et
706 3816 766 3857 se
794 3802 846 3857 in
872 3804 1015 3871 ipsos
1038 3803 1170 3857 fines
1195 3803 1399 3858 statuit.
1430 3803 1674 3859 Graviter
1703 3813 1827 3857 tunc
1852 3801 1971 3872 pagi

470 3985 494 4013 ⁸
522 3975 611 4032 Sic
632 3977 756 4032 nec.
786 3987 838 4032 et
859 3976 1047 4045 Regm.
1072 3992 1190 4031 cum
1225 3976 1353 4031 Bad.
1384 3976 1509 4044 Alii,
1544 3975 1787 4029 Piencus.
1814 3974 1972 4029 Pien-

405 4048 459 4099 tii
491 4048 656 4116 episc.
690 4048 973 4117 Aquensis,
1005 4048 1053 4101 id
1083 4058 1167 4101 est
1197 4050 1464 4116 Aquarum
1505 4047 1834 4117 Sextiarum,
1874 4046 1974 4099 Ai:

403 4132 460 4170 en
487 4117 765 4239 Proggtstce,
790 4132 986 4173 missus
1011 4118 1321 4186 subscripsit
1349 4117 1579 4172 concilio
1611 4116 1886 4171 Matiscou.
1911 4126 1969 4181 tt,

403 4203 539 4239 anno
686 4224 702 4239 .

402 4203 539 4240 anno
577 4190 702 4243 585.

469 4256 497 4295 δ
534 4259 663 4323 Quae
693 4257 898 4312 scilicet
934 4257 1107 4325 capite
1147 4257 1463 4324 praecedenti
1509 4264 1890 4319 memorantur,
1919 4265 1975 4309 ut

404 4324 597 4383 fatetur
640 4327 902 4382 Cointius.
956 4324 1020 4379 Et
1064 4339 1238 4380 tamen
1270 4338 1427 4394 caput
1467 4329 1604 4381 istud
1645 4325 1712 4380 12
1753 4328 1973 4393 rejicere

405 4412 505 4450 non
538 4406 730 4464 potest,
760 4397 899 4466 quod
930 4397 979 4450 in
1006 4398 1250 4451 omnibus
1280 4398 1437 4452 codd.
1470 4398 1750 4458 habeatur;
1779 4397 1973 4449 admit-

406 4475 482 4520 tat
508 4468 683 4536 itaque
703 4478 757 4521 et
783 4468 1086 4534 prmcedens
1117 4482 1336 4521 necesse
1376 4478 1495 4530 est,
1538 4466 1660 4520 licet
1689 4467 1741 4536 in
1764 4466 1971 4519 duobus

404 4535 612 4605 scriptis
641 4538 1002 4614 desideretur;
1028 4552 1127 4591 nec
1164 4536 1351 4614 inferat
1389 4552 1455 4614 eo
1478 4538 1599 4614 ipso
1634 4535 1850 4614 aliquod
2005 4554 2054 4614 υ

408 4617 495 4673 put
522 4622 643 4662 esse
674 4607 1046 4674 interpolatum
1067 4647 1083 4670 ,
1111 4609 1249 4677 quod
1279 4608 1329 4660 in
1356 4607 1512 4677 codd.
1543 4606 1703 4677 Corb.
1735 4615 1789 4659 et
1814 4605 1971 4677 Golb.

406 4677 594 4747 desint.
631 4677 695 4732 Et
739 4678 951 4745 quidem
1002 4675 1275 4747 utriusque
1318 4675 1504 4745 Capitis
1543 4675 1813 4744 epitonien
1853 4676 1975 4729 fecit

408 4744 897 4816 Fredegarius’t-a'p.
914 4747 1017 4816 787.
1188 4744 1203 4747 ⁷
1386 4744 1395 4789 ἶ

479 4827 501 4887 ἐ
541 4812 630 4871 Sic
672 4812 869 4887 Corb.._
905 4815 1030 4871 Bec.
1080 4824 1134 4871 et
1179 4817 1366 4887 Regm.
1394 4830 1513 4868 cum
1545 4814 1756 4887 _aliqnot
1797 4812 1974 4887 editis.

407 4885 556 4957 Colb.
584 4902 710 4941 vero
731 4898 787 4957 et
814 4885 1035 4949 Chesn..
1070 4884 1426 4957 Regnov'aldo,
1450 4884 1900 4957 etglleginovtrldo.

475 4954 502 4993 ⁸
540 4957 629 5012 Sic
658 4956 854 5019 Corb.;
885 4956 971 5009 alii
1002 4953 1236 5017 vermina
1263 4956 1485 5009 civitates
1512 4954 1655 5009 in....
1685 4953 1976 5022 redigeren-

410 5027 699 5094 tur.Cotb.
753 5026 1036 5082 lectionem
1088 5025 1440 5094 prtetulimus.
1500 5022 1642 5094 Nam,
1666 5034 1789 5077 tunc
1823 5034 1978 5091 capto

412 5086 639 5163 Agit-uo,
673 5112 807 5152 uxor
838 5086 1160 5163 Ragnovaldi
1186 5137 1202 5159 ,
1243 5111 1361 5165 qua:
1396 5094 1461 5147 ad
1496 5093 1763 5165 basilicam
1787 5094 1842 5146 S.

413 5167 570 5232 prasii
594 5207 611 5231 ,
643 5168 696 5219 in
738 5167 836 5220 hac
864 5166 995 5220 urbe
1037 5165 1191 5219 sitam
1218 5205 1233 5227 ,
1263 5163 1587 5227 confugerat
1611 5206 1626 5228 ,
1662 5163 1715 5215 in
1746 5164 1976 5216 hostium

412 5251 597 5290 manus
626 5235 859 5290 devenit.
910 5236 966 5288 S.
1008 5234 1291 5302 Caprasius
1328 5233 1520 5302 Aginni
1549 5232 1829 5302 cpiscopus
1858 5248 1977 5302 cum

415 5305 541 5359 Fide
569 5307 773 5372 virgine
801 5299 1110 5375 martyrium
1143 5303 1355 5370 pi-rtnlit
1381 5299 1849 5375 ὲίυιιβιιίιιίιιιὶιιιιοἶ
1878 5299 1978 5375 _Ca-

414 5371 904 5442 prasium’diximus
943 5371 1249 5442 episcopum
1296 5388 1358 5426 ex
1405 5372 1657 5442 hodierna
1687 5381 1738 5425 et
1765 5371 1977 5442 quidem

415 5440 697 5499 recentiori
744 5440 1123 5512 Aginuenﬁsium
1167 5443 1486 5503 traditione,
1521 5440 1602 5494 cui
1653 5455 1825 5508 neque
1849 5440 1980 5494 Acta

416 5529 583 5581 neque
622 5515 726 5568 alia
769 5528 1107 5567 monumenta
1135 5518 1348 5581 antiqua
1382 5514 1575 5565 favent.
1602 5512 1853 5577 Soperrst
1884 5512 1979 5564 lio-

417 5585 602 5652 dieque
635 5583 851 5638 basilica
892 5586 990 5639 sub
1014 5585 1249 5650 ejusdem
1282 5586 1447 5636 sancti
1475 5586 1717 5644 nomine,
1750 5594 1867 5647 qum
1894 5596 1982 5634 ca-

418 5658 724 5709 uonicorunt
757 5654 978 5722 collegio
1006 5655 1335 5713 nobilitatur,
1371 5652 1546 5716 ibique
1576 5652 1980 5722 sacrum-ipsius

418 5732 576 5793 caput
601 5719 930 5779 asservatur.
960 5723 1086 5789 Ejus
1107 5738 1233 5777 vero
1264 5722 1520 5776 festivitas
1552 5723 1602 5773 iii
1628 5728 1735 5772 tota
1761 5719 1979 5774 diiecesi

2072 1888 2241 1943 usque
2272 1876 2336 1928 ad
2369 1877 2683 1931 ebrietatem
2715 1880 2838 1931 vitio
2867 1882 3227 1947 maduissetit,
3257 1884 3309 1937 in
3345 1902 3447 1940 uno
3476 1900 3647 1943 strato

2072 1966 2270 2033 pariter
2300 1970 2636 2034 quieverunt.
2691 1969 2839 2022 Tunc
2870 1971 3109 2024 mmrhus
3143 1975 3324 2027 uxoris
3353 1977 3644 2045 Auibmsii,

2071 2065 2228 2107 nocte
2257 2056 2509 2119 veniens,
2535 2059 2930 2123 quiescentibus
2960 2063 3162 2116 eunetis
3191 2075 3245 2117 et
3277 2065 3398 2118 vino
3423 2068 3643 2135 depres-

2069 2147 2144 2197 sis
2169 2182 2187 2208 ,
2243 2145 2483 2197 accensis
2511 2147 2631 2213 igne
2662 2148 2864 2215 paleis,
2916 2160 2972 2203 ut
3020 2154 3219 2207 videret
3267 2155 3392 2223 quid
3428 2175 3646 2226 agerent

2071 2234 2178 2306 [ΑΙ.
2208 2234 2411 2307 ageret]
2437 2278 2452 2302 ,
2485 2250 2730 2292 extracto
2756 2241 2933 2309 gladio
2957 2281 2972 2306 ,
3014 2244 3351 2299 Ambrosium
3394 2249 3445 2302 in
3475 2253 3646 2318 Capite

2072 2326 2260 2391 librat,
2295 2329 2363 2381 ita
2397 2337 2456 2381 ut
2475 2329 2807 2384 descendens
2839 2348 2930 2399 per
2960 2334 3146 2388 oculos
3174 2338 3383 2405 gladios
3409 2344 3644 2397 Cervical

2070 2423 2261 2490 capitis
2290 2433 2623 2492 aniputaret;
2656 2426 2706 2478 in
2735 2442 2839 2493 quo
2867 2429 2971 2480 ictu
3001 2431 3407 2499 expergefactus
3439 2436 3645 2503 Lupus,

2071 2524 2125 2567 et
2171 2529 2229 2567 se
2276 2516 2325 2566 in
2372 2516 2681 2584 sanguinem
2725 2518 2951 2572 volutari
2995 2520 3291 2577 decernens
3319 2564 3333 2586 ,
3383 2529 3649 2583 exclamat

2072 2616 2201 2655 voce
2254 2618 2438 2671 magna
2465 2645 2480 2666 ,
2530 2606 2712 2659 dieens
2740 2625 2751 2659 :
2781 2608 2916 2676 Ileu,
2946 2609 3075 2663 heu!
3121 2612 3416 2669 succurrite
3437 2657 3452 2681 ,
3488 2617 3652 2673 frater

2071 2706 2222 2745 meus
2251 2692 2561 2748 inter'ectus
2599 2708 2700 2749 est.
2756 2696 2989 2752 bitecbus
3032 2714 3178 2764 vero,
3207 2702 3294 2770 qui
3320 2702 3429 2771 jam
3465 2720 3650 2774 perpe-

2072 2791 2211 2836 trato
2235 2786 2439 2838 scelere
2483 2786 2787 2841 discedebat
2807 2828 2823 2851 ,
2858 2791 2970 2843 lucc
3001 2790 3243 2859 audiens,
3280 2810 3551 2863 regressus
3581 2800 3648 2851 ad

2072 2872 2290 2933 lectum,
2326 2872 2528 2940 Lupum
2551 2876 2679 2929 adit.
2733 2880 2848 2944 Quo
2873 2890 3230 2949 repugnante,
3265 2885 3442 2937 tnultis
3473 2888 3644 2956 plagis

2073 2961 2363 3017 laceratum
2397 2967 2685 3033 oppressit,
2734 2977 2789 3022 et
2825 2972 3031 3023 mortali
3075 2973 3181 3025 ictu
3217 2976 3533 3040 sauciatam,
3562 2994 3647 3033 se-

2073 3051 2323 3104 mivivum
2353 3054 2597 3121 reliquit;
2629 3058 2720 3108 sed
2753 3057 2927 3110 nullus
2952 3058 3019 3112 do
3048 3058 3242 3113 familia
3268 3064 3454 3117 sensit.
3495 3066 3647 3121 Mane

2072 3150 2247 3194 autem
2276 3140 2435 3206 facto,
2461 3142 2747 3209 stupebant
2776 3161 2961 3199 omnes
2988 3148 3055 3201 de
3091 3156 3236 3203 tanto
3265 3155 3492 3207 scelere.
3543 3155 3647 3208 Lu-

2071 3246 2169 3301 pus
2195 3243 2369 3286 tamen
2402 3233 2575 3287 alliuc
2604 3234 2785 3288 vivens
2820 3239 3086 3303 inventus,
3109 3239 3244 3294 sicut
3272 3253 3444 3295 aetum
3476 3243 3644 3299 fuerat

2070 3322 2337 3389 referens,
2372 3328 2615 3393 spiritum
2644 3325 2931 3381 exhalavit.
2966 3329 3068 3382 Sed
3103 3345 3203 3384 nec
3230 3332 3441 3402 longum
3471 3350 3645 3390 mere—

2070 3415 2170 3468 trix
2203 3416 2414 3481 lugrndi
2448 3418 2675 3486 Sumpsit
2719 3418 2980 3486 spatium:
3015 3421 3109 3473 sed
3156 3425 3336 3490 paucis
3364 3424 3553 3479 diebus
3577 3429 3647 3480 in-

2072 3509 2342 3577 terpOsitis
2369 3509 2651 3578 Conjnncta
2684 3515 2893 3565 triteclio
2920 3512 3166 3567 discessit
3199 3511 3239 3569 ί.

2140 3617 2281 3675 XIV.
2322 3620 2476 3672 Anno
2504 3619 2520 3670 l
2563 3621 2719 3690 igitur
2747 3624 2974 3691 septimo
3000 3624 3323 3679 Childeberti
3357 3626 3524 3695 regis,
3556 3629 3645 3695 qui

2070 3720 2190 3764 erat
2218 3708 2508 3777 Cliilperici
2542 3723 2595 3765 et
2626 3712 3009 3767 Guntcliratuni
3042 3715 3327 3770 vicesimus
3349 3727 3402 3771 et
3426 3735 3645 3787 prunus,

2071 3817 2256 3857 mense
2295 3801 2548 3856 Januario
2572 3843 2586 3867 ,
2621 3803 2806 3870 pluviae
2830 3843 2847 3870 ,
2895 3809 3289 3862 coruscationes
3321 3817 3477 3878 atque
3511 3813 3647 3864 toni-

2073 3979 2376 4033 celebratur
2427 3978 2514 4034 die
2560 3979 2630 4033 ΞΟ
2685 3979 2948 4034 Octobris.
3006 3979 3226 4034 Basilica
3275 3979 3333 4035 S.
3377 3982 3647 4040 Saturnini

2073 4049 2211 4120 apud
2265 4049 2511 4120 Tolosam
2537 4091 2554 4120 ,γ
2606 4066 2711 4118 quo
2761 4066 2942 4116 puswa
2988 4051 3224 4120 Confugit
3270 4056 3382 4120 hanc
3432 4056 3645 4117 lllllllel',

2074 4118 2281 4187 insigne
2331 4126 2415 4172 est
2457 4117 3034 4174 hodiecanonicorurn
3098 4117 3432 4175 siccularium
3481 4127 3645 4177 colle-

2111 4205 2235 4240 ιυιιι.

2072 4204 2459 4329 glug'ljolbret
2503 4257 2715 4329 Begu)"
2746 4255 3033 4329 Bituricos;
3076 4256 3229 4322 Bad.,
3258 4258 3548 4329 Bituriges;
3595 4272 3648 4316 et

2075 4326 2288 4396 quidem
2348 4327 2433 4381 hic
2482 4328 2824 4396 designantur
2875 4327 3116 4380 homines
3174 4326 3649 4397 regionis'lsituri-

2076 4412 2271 4451 εειιδιε.

2153 4465 2171 4503 τ
2215 4466 2399 4532 Corb.,
2436 4482 2597 4535 pagus
2627 4458 2977 4518 Siodunensis.
3011 4465 3198 4534 chm.
3235 4469 3517 4533 mendose,
3546 4470 3649 4520 Au-

2080 4536 2427 4589 lisiodorensis
2447 4545 2559 4590 aut.
2611 4537 2722 4597 ,Sed
2758 4537 3028 4588 retinenda
3063 4538 3268 4601 vulgata
3303 4537 3495 4601 lectio;
3526 4555 3646 4590 nam

2080 4605 2375 4660 lciodorum
2417 4621 2509 4657 St'll
2561 4605 2834 4657 lsidiorum
2875 4616 2957 4657 est
3005 4620 3150 4658 VICUS
3198 4606 3263 4658 ad
3304 4606 3523 4659 Crosam
3554 4607 3650 4660 llu-

2083 4677 2245 4741 \lutll,
2288 4676 2441 4745 vulgo
2473 4674 2766 4745 lserreiaut
2789 4671 3131 4745 [sureilictus
3151 4714 3165 4735 ,
3198 4679 3284 4744 qui
3313 4678 3539 4729 cnnlinis
3570 4687 3652 4732 est

2082 4743 2405 4813 Biturigibus
2431 4745 2613 4797 (lubis.
2647 4743 2988 4797 Berravensis
3019 4758 3145 4797 vero
3177 4743 3324 4800 vicus
3365 4759 3445 4799 est
3478 4745 3651 4801 Barca

2085 4829 2246 4882 prope
2281 4816 2525 4867 entntletu
2575 4814 2827 4873 fluvium,
2875 4814 3011 4866 haud
3062 4818 3240 4879 procul
3289 4817 3355 4867 ab
3389 4816 3651 4883 lciodoro,

2081 4894 2137 4954 ut
2161 4886 2412 4937 observat
2441 4883 2676 4937 Valesius
2707 4884 2757 4935 iii
2786 4884 2978 4954 Notitia
3004 4883 3313 4937 Galliarum.
3346 4886 3400 4939 In
3428 4899 3653 4954 utroque

2080 4953 2200 5008 loco
2221 4953 2502 5017 ecclesiam
2535 4954 2697 5007 fuisse
2719 4952 3030 5007 aedificuatu
3062 4963 3210 5008 notat
3241 4956 3527 5025 Gregorius
3555 4952 3653 5009 lib.

2081 5038 2136 5087 Χ,
2164 5038 2280 5090 Cap.
2311 5025 2513 5074 ultimo.

2152 5102 2177 5138 κ
2220 5093 2339 5151 Alii.
2365 5092 2688 5157 Itlandastes,
2713 5104 2801 5147 aut
2828 5093 3111 5153 Bladastis.
3141 5093 3323 5156 Corb.,
3357 5092 3653 5150 Baudustt'r.

2086 5161 2395 5215 Vasconiatti
2430 5165 2512 5215 hic
2532 5164 2765 5231 intellige
2793 5170 3030 5218 veterum
3057 5164 3352 5216 Vasconum
3381 5166 3560 5215 sedent
3599 5167 3649 5216 iu

2086 5234 2351 5300 Pyrenaeis
2378 5236 2518 5301 jugzs
2542 5272 2557 5295 ,
2606 5249 2705 5297 qua
2744 5236 2957 5288 dimissa
2993 5242 3172 5303 postea
3212 5232 3649 5302 Novetnpopnla-

2087 5303 2226 5369 niam
2252 5313 2668 5369 occupaverunt.

2160 5367 2187 5440 ll
2232 5367 2401 5425 Dce~t
2418 5378 2517 5425 hoc
2536 5383 2698 5440 Caput
2726 5373 2776 5424 iu
2812 5373 2969 5425 (ἔστι).
3002 5380 3051 5424 et
3076 5369 3224 5424 Coll).

2167 5437 2181 5476 λ
2229 5442 2343 5506 ipse
2373 5437 2643 5507 maschus',
2679 5458 2891 5494 nomine
2936 5440 3185 5494 Vedastes
3231 5444 3364 5505 Avo,
3398 5443 3535 5496 male
3566 5460 3652 5510 pe-

2089 5511 2172 5563 riil
2205 5528 2266 5563 ex
2302 5512 2438 5564 libro
2466 5528 2557 5575 VII,
2588 5529 2703 5579 i-ap.
2730 5511 2781 5564 5.

2162 5579 2175 5629 t'
2229 5580 2337 5635 Hoc
2370 5595 2525 5649 caput
2553 5577 2813 5647 in;e’grutn
2845 5581 3005 5633 refert
3036 5577 3316 5641 Fulbertus
3353 5581 3404 5634 in
3434 5582 3661 5649 epistula

2086 5648 2173 5712 97,
2210 5667 2329 5717 quae
2370 5648 2447 5706 est
2468 5652 2532 5705 ad
2569 5652 2853 5704 ltobertum
2895 5666 3070 5720 regem
3093 5692 3108 5719 ,
3144 5651 3230 5705 ubi
3277 5648 3479 5716 habet,
3515 5652 3664 5702 Amic

2087 5731 2246 5783 sexto,
2278 5731 2362 5773 ctc
