3974 6174
343 357 448 412 581)

1295 349 1611 404 HISTORIA
1653 345 2096 402 FRANCOHUM.
2141 345 2337 399 LIBER
2381 347 2671 402 SEXTUS.

3498 344 3602 399 399

342 475 528 529 Juda-o
555 483 876 524 conv'crsum
905 509 919 534 ,
954 468 1041 537 qui
1071 469 1177 536 jam
1206 469 1346 538 regis
1385 469 1525 521 lilius
1552 478 1664 521 erat
1695 482 1757 520 cx
1783 465 1920 518 Iava-
1953 465 1998 523 Α
2029 473 2131 516 tum
2163 466 2298 530 (Act.
2348 483 2397 530 ν,
2421 468 2514 537 3)?
2547 468 2666 520 Non
2697 483 2745 520 es
2775 465 3058 520 hominibus
3090 465 3348 526 mentitus,
3377 463 3463 516 sed
3499 464 3605 518 nec;

338 579 453 619 cru.
489 561 738 628 Cumque
768 561 854 613 die
884 559 1093 612 sabbati
1129 559 1338 612 Priscus
1377 558 1694 626 prwcinctus
1725 556 1922 618 orario,

344 653 550 709 nullum
583 653 636 704 in
685 666 871 704 manus
912 650 1084 704 ferens
1115 651 1490 704 ferramentum
1517 689 1532 714 ,
1566 648 1825 701 Mosaicas
1852 649 1926 700 le-

343 760 438 814 ges
464 745 616 811 quasi
646 744 960 809 impleturus
986 781 1001 805 ,
1032 741 1317 794 secretiora
1359 747 1716 805 competeret,
1748 736 1926 789 subito

343 833 528 890 Pbatir
549 831 840 885 adveniens
864 873 877 893 ,
913 832 1084 898 ipsum
1132 828 1308 897 gladio
1337 843 1456 881 cum
1487 828 1649 881 sociis
1678 826 1764 894 qui
1799 825 1926 878 ade-

347 933 469 979 rant
492 920 776 992 iugulavit.
816 921 1019 988 Quibus
1048 915 1374 984 interfectis,
1405 919 1471 973 ad
1504 919 1775 971 basilicam
1805 933 1926 970 san-

342 1017 412 1068 cti
455 1011 657 1067 Juliani
690 1019 717 1048 ι
747 1025 869 1063 cum
919 1009 1098 1078 pueris
1143 1008 1287 1072 suis,
1334 1007 1426 1076 qui
1474 1007 1540 1059 ad
1575 1010 1923 1074 propinquum

341 1105 571 1170 plateam
593 1109 748 1154 erant
770 1139 785 1166 ,
809 1099 1068 1168 confugit.
1108 1098 1349 1164 Cumque
1378 1097 1572 1151 ibidem
1605 1096 1923 1160 residerent,

340 1192 570 1246 audiunt
596 1189 738 1259 quod
768 1205 858 1243 rex
879 1229 894 1252 ,
925 1187 1199 1242 dominum
1235 1187 1339 1239 vita
1367 1202 1644 1240 excessum
1675 1187 1725 1250 δ,
1757 1186 1924 1239 fatuu-

349 1285 432 1336 los
463 1293 712 1349 tanquam
753 1278 1130 1332 malefactores
1158 1293 1186 1330 a
1217 1277 1436 1330 basilica
1469 1286 1697 1340 tractos,
1718 1277 1920 1343 juberet

342 1370 598 1426 inletlici.
625 1369 777 1422 Tunc
808 1380 945 1419 unus
972 1381 1035 1418 ex
1071 1365 1152 1423 his
1182 1366 1457 1432 evaginato
1484 1365 1679 1432 gladio,
1704 1364 1923 1417 domino

342 1475 444 1514 suo
463 1468 486 1494 α
512 1458 623 1528 jam
659 1458 860 1526 fugato,
885 1453 1060 1508 socios
1087 1467 1212 1507 suos
1242 1453 1512 1516 interlicit,
1550 1455 1662 1520 ipse
1688 1465 1926 1520 posuno-

341 1553 472 1605 dum
503 1564 624 1604 cum
672 1547 849 1618 gladio
877 1546 946 1600 de
984 1544 1206 1598 basilica
1245 1557 1530 1613 egressos;
1562 1545 1654 1598 sed
1688 1545 1925 1598 irruente

340 1659 505 1710 super
533 1659 593 1697 se
626 1639 819 1710 pepulo
842 1679 856 1701 ,
887 1637 1173 1692 crudeliter
1206 1635 1519 1690 interfectus
1547 1645 1647 1690 est.
1682 1635 1866 1689 Phatir
1896 1633 1922 1672 ἀ

341 1747 522 1786 autem
571 1738 789 1795 accepta
849 1727 1062 1781 licentia
1089 1765 1104 1790 ,
1153 1724 1218 1777 ad
1251 1739 1471 1792 regnum
1505 1722 1921 1787 Cuntchramui,

2035 555 2172 622 (Act.
2203 557 2366 625 v,4).
2411 557 2509 611 Ubi
2558 569 2638 610 est
2681 567 2732 610 et
2779 557 2937 619 illud,
2971 555 3110 624 quod
3156 556 3346 607 Paulus
3378 554 3601 623 mystica

2028 646 2165 701 dona
2205 663 2664 712 commemorans,
2707 649 2776 700 ait
2810 665 2823 699 :
2867 647 2995 700 ch
3027 647 3158 698 enim
3189 657 3431 714 aperatur
3470 661 3603 696 unus

2027 748 2178 806 atque
2223 740 2356 792 idem
2407 739 2661 808 Spiritus,
2717 740 2948 791 dit-idem;
2978 737 3248 805 unicuique
3303 745 3449 804 prout
3499 715 3605 786 vult

2029 824 2089 894 (Ι
2120 826 2241 880 Car.
2309 843 2403 890 xu,
2451 830 2569 896 11).
2630 830 2730 893 Qui
2788 809 2927 881 enim
2972 839 3222 896 Operatur
3265 827 3403 891 qttod
3455 825 3605 889 vult,

2028 917 2157 969 nulli
2203 918 2539 986 cognoscitur
2584 932 2702 972 esse
2746 918 3037 986 subjectus.
3087 917 3388 972 Accedente
3427 928 3606 969 autem

2025 1006 2333 1060 Ausoualdo
2353 1007 2419 1060 ad
2443 1007 2798 1076 Chilpericutn
2837 1022 3043 1076 regem,
3073 1007 3266 1074 legatio
3293 1004 3312 1043 ί
3341 1006 3607 1072 Hispano-

2027 1109 2146 1148 rum
2175 1105 2258 1149 est
2304 1096 2618 1161 subsecuta;
2659 1112 2779 1166 quae
2825 1098 2893 1150 de
2931 1097 3234 1165 Chilperico
3283 1096 3348 1150 ad
3391 1096 3608 1150 Cltilde—
3690 1158 3696 1162 ,

2028 1184 2234 1236 bertum
2261 1185 2554 1252 accedens,
2583 1187 2634 1239 in
2665 1186 2944 1255 Hispanias
2971 1199 3052 1240 est
3091 1200 3351 1254 regressa.

2099 1274 2238 1329 XIX.
2281 1275 2432 1343 Apud
2465 1277 2683 1328 Pontem
2713 1291 2838 1330 vero
2865 1275 3175 1330 Urbieusem
3202 1285 3225 1322 ε
3257 1275 3485 1329 civitatis
3511 1275 3607 1326 Pa-

2026 1364 2268 1428 risiacae,
2305 1367 2635 1434 Chilpericus
2667 1382 2759 1421 rex
2791 1365 3040 1422 custodes
3081 1382 3146 1435 po
3178 1376 3360 1426 uerat,
3391 1375 3451 1418 ut
3480 1366 3610 1418 iusi-

2025 1453 2262 1508 diatores
2293 1457 2452 1527 295
2481 1456 2548 1510 de
2588 1472 2752 1525 regno
2792 1456 2970 1510 fratris
3013 1458 3096 1510 sui
3127 1473 3191 1511 ue
3223 1468 3482 1511 nocerent
3511 1456 3609 1510 ali-

2025 1543 2181 1612 quid,
2211 1555 2543 1600 arcerentur.
2591 1547 2706 1613 Quo
2748 1547 2774 1582 ιι
2805 1547 3078 1614 Asclepius
3109 1563 3168 1600 ex
3213 1547 3349 1602 duce
3397 1561 3602 1615 pero-

2025 1637 2207 1704 gnito,
2254 1645 2410 1690 nocte
2457 1637 2703 1702 irruens,
2752 1637 3017 1689 interfecit
3047 1652 3264 1700 omnes,
3314 1653 3611 1707 pagum-pte

2031 1727 2173 1791 ponti
2205 1727 2500 1792 proximum
2551 1729 2780 1795 graviter
2824 1727 3175 1795 depopulatus
3220 1738 3322 1781 εει.
3370 1728 3613 1795 Cumque

342 1825 484 1876 unde
513 1829 732 1875 venerat
759 1860 773 1884 ,
807 1829 898 1872 est.
934 1830 1210 1885 regressus
1229 1799 1251 1866 ἓ
1273 1815 1364 1868 sed
1419 1831 1522 1867 non
1571 1797 1689 1883 post
1729 1817 1922 1869 multos
1951 1817 2001 1877 Β
2030 1817 2142 1870 hare
2167 1817 2274 1883 regi
2305 1817 2606 1880 Chilperico
2638 1817 2875 1868 nuntiata
2911 1817 3162 1877 fuissent,
3193 1817 3354 1868 mittit
3396 1818 3610 1870 nuntios

343 1915 456 1968 dies
479 1927 506 1964 a
541 1910 850 1978 parentibus
878 1906 1046 1961 Prisci
1070 1905 1382 1959 interfectus
1410 1913 1508 1958 est.

417 2003 600 2057 XVIII.
642 2000 803 2071 Igitur
847 1998 1002 2067 legati
1046 1995 1329 2062 Cbilperici
1367 1993 1536 2063 regis,
1588 1993 1639 2047 id
1680 2003 1758 2047 cst
1803 1997 1916 2048 Anq

343 2096 602 2151 soualdus
625 2104 677 2148 et
709 2089 1072 2160 Domegiselus
1098 2096 1142 2152 θ,
1175 2086 1262 2155 qui
1288 2084 1354 2138 ad
1382 2085 1807 2153 conspiciendam
1832 2087 1927 2141 do-

344 2197 452 2240 tem
481 2186 534 2238 in
566 2183 846 2252 Hispanias
871 2181 1078 2234 fuerant
1107 2177 1287 2240 missi,
1318 2176 1546 2244 regressi
1590 2185 1735 2230 sunt.
1767 2177 1928 2249 294

322 2266 439 2336 Illis
461 2280 654 2336 diebus
685 2277 1058 2334 Leuvichildus
1088 2291 1180 2330 rex
1226 2277 1277 2328 in
1309 2274 1545 2329 exercitu
1583 2283 1768 2328 contra
1797 2271 1926 2325 Iler-

347 2373 704 2442 tueucgildum
741 2370 906 2424 lilium
921 2365 1070 2422 suum
1087 2366 1371 2429 residebat,
1387 2367 1470 2421 cui
1487 2374 1541 2418 et
1555 2364 1837 2418 Emeritam
1851 2361 1927 2416 ci-

346 2465 568 2517 vitatem
597 2463 686 2515 abs
696 2462 831 2513 tulit.
848 2459 975 2512 Nam
995 2459 1078 2512 bic
1093 2457 1317 2527 qualiter
1333 2471 1452 2510 cum
1465 2455 1684 2509 ducibus
1702 2454 1926 2522 impera-

348 2557 483 2608 toris
503 2552 700 2606 Tibetii
733 2547 890 2604 fuerit
917 2549 1248 2617 conjunctus,
1269 2547 1379 2616 jam
1410 2546 1652 2614 superius
1673 2537 1923 2612 exposui-

345 2658 484 2698 mus.
500 2642 636 2711 (Lib.
653 2658 704 2706 v,
729 2657 842 2709 cap.
863 2638 1095 2709 59)Nam
1112 2637 1360 2704 etlegatis
1376 2638 1484 2689 haec
1507 2651 1663 2690 causa
1685 2634 1928 2688 innexuit

352 2751 533 2788 utor-as
550 2778 564 2799 ,
586 2744 640 2787 ut
657 2733 856 2786 tardius
878 2730 1302 2798 regredereutur.
1323 2729 1522 2792 Quibus
1535 2729 1682 2791 visis,
1697 2742 1795 2795 ego
1817 2725 1922 2779 sol-

353 2826 531 2879 licitus
560 2839 706 2878 cram
727 2863 742 2888 ,
775 2822 1000 2890 qualiter
1031 2821 1078 2873 iu
1111 2820 1239 2888 ipsis
1278 2816 1625 2882 Christianis,
1658 2817 1746 2884 qui
1777 2814 1925 2883 pauci

349 2918 406 2971 in
433 2931 498 2970 eo
525 2917 640 2969 loco
665 2921 1060 2976 remanserant,
1093 2910 1222 2964 ﬁdes
1251 2910 1444 2963 Citriin
1483 2910 1730 2964 ferveret.
1778 2906 1927 2960 Tunc

343 3009 476 3064 mihi
511 3009 625 3060 ha-c
652 3005 988 3061 Ausoualdus
1018 3002 1291 3070 reSpondit
1323 3018 1335 3054 :
1369 3000 1651 3054 Christiani
1681 2999 1767 3068 qui
1789 3013 1929 3052 nunc

343 3100 486 3167 apud
519 3098 800 3164 Hispanias
844 3104 1266 3155 commorantur,
1305 3093 1620 3146 catholicam
1661 3092 1817 3146 Iidem
1849 3093 1927 3145 in-

2029 1907 2341 1970 comitibus,
2388 1907 2745 1973 ducibusque,
2780 1916 2832 1959 et
2875 1907 3090 1972 reliquis
3149 1910 3424 1973 agentibus
3475 1906 3516 1971 ί,
3554 1918 3607 1961 ut

2028 1998 2255 2051 collecto
2296 1999 2530 2051 exercitu
2565 1998 2614 2049 in
2647 2012 2864 2065 reguqu
2912 1998 3150 2064 germani
3188 2002 3266 2050 sui
3317 2000 3406 2051 it-r.
3431 2010 3607 2053 ercut.

2027 2088 2131 2143 Sed
2173 2088 2466 2156 prohibitus
2498 2097 2580 2142 est
2629 2089 2852 2142 consilio
2901 2089 3158 2142 bonorum
3207 2090 3509 2155 hominum,
3544 2108 3610 2145 ne

2030 2178 2250 2243 faceret,
2276 2177 2564 2231 dicentium
2591 2179 2692 2232 sibi
2719 2195 2732 2230 :
2765 2178 2840 2231 llli
2865 2193 3114 2247 perverse
3137 2191 3380 2248 egerunt,
3406 2191 3460 2234 tu
3485 2198 3614 2236 vero

2027 2268 2295 2336 sapienter
2335 2284 2450 2336 age.
2485 2269 2631 2323 Mitte
2674 2269 2820 2322 fratri
2871 2270 3119 2336 nuntios,
3171 2280 3226 2325 et
3269 2271 3316 2325 si
3363 2273 3608 2337 iujuriam

2029 2367 2172 2413 tuattt
2199 2361 2484 2413 emendare
2505 2360 2762 2425 voluerit,
2789 2359 2918 2412 nihil
2938 2360 3060 2413 mali
3085 2377 3292 2430 qumras
3318 2360 3332 2413 l
3371 2379 3382 2415 :
3411 2362 3454 2416 si
3485 2379 3613 2418 vero

2032 2448 2265 2514 noluerit
2282 2489 2297 2514 ,
2327 2449 2577 2503 tractabis
2608 2449 2863 2518 deinceps
2893 2449 3016 2519 quid
3047 2453 3305 2518 sequaris.
3341 2453 3402 2506 Et
3432 2452 3508 2508 sic
3532 2471 3612 2506 ra-

2033 2539 2175 2592 tione
2215 2550 2460 2608 accepta,
2516 2539 2782 2608 prohibito
2811 2543 3048 2595 exercitu
3102 2543 3419 2611 legationem
3463 2543 3614 2603 fratri

2030 2630 2232 2698 dirigit.
2279 2632 2381 2684 Sed
2430 2632 2520 2685 ille
2549 2643 2737 2686 cuncta
2779 2633 3100 2700 emendatis,
3151 2635 3326 2690 fratris
3371 2637 3611 2706 quaesivit

2033 2718 2236 2786 integre
2262 2719 2598 2774 charilatem.

2105 2808 2221 2862 XX.
2267 2809 2342 2862 Eo
2366 2826 2507 2862 anno
2538 2811 2836 2865 Chro.linus
2867 2810 3024 2876 obiit,
3070 2813 3151 2866 vir
3190 2815 3485 2882 magnifica:
3515 2815 3611 2869 bo-

2033 2901 2210 2954 nitatis
2237 2911 2291 2954 ct
2320 2902 2558 2968 pietatis,
2588 2905 3035 2973 elecmosyuarius
3075 2905 3254 2970 valde,
3288 2922 3611 2974 pauperum-

2031 3006 2135 3060 que
2165 2991 2412 3054 rel'ector,
2460 2993 2692 3058 proﬂuus
2721 2993 2914 3048 dltalor
2952 2996 3333 3062 ecclesiarum,
3379 2998 3606 3052 clerico-

2033 3097 2258 3151 rumque
2295 3084 2538 3136 nutritor.
2590 3083 2719 3135 Nam
2747 3099 2890 3152 saepe
2919 3101 2946 3138 a
2977 3102 3114 3140 novo
3154 3087 3380 3141 fundans
3425 3091 3607 3156 villas,

345 3200 496 3258 tegre
534 3195 772 3240 servant.
805 3186 907 3238 Sed
944 3199 1032 3236 rex
1069 3197 1206 3235 novo
1236 3197 1375 3236 nunc
1423 3181 1634 3248 ingenio
1663 3197 1779 3234 eam
1810 3176 1931 3234 niti-
1960 3180 2006 3244 C
2041 3189 2240 3242 ponens
2266 3190 2478 3242 vtncas,
2528 3173 2798 3232 aedificaus
2839 3176 3054 3247 domos,
3095 3177 3328 3236 culturas
3369 3182 3612 3249 erigens,

344 3289 433 3332 tttr
459 3279 774 3341 exturbare,
809 3275 930 3327 dum
957 3273 1140 3326 dolose
1161 3281 1215 3325 et
1260 3271 1324 3324 ad
1355 3271 1596 3338 sepulcra
1631 3279 1926 3340 martyrum

342 3382 400 3427 et
429 3373 480 3425 in
525 3369 768 3425 ccclesiis
800 3366 1068 3436 religionis
1098 3375 1296 3418 nostra:
1324 3377 1480 3416 orare
1511 3364 1787 3432 confingit.
1841 3363 1934 3416 Di-

341 3464 416 3516 cit
441 3461 584 3517 enim
616 3481 628 3512 :
661 3457 939 3513 Illanifeste
984 3455 1206 3523 cognOvi
1255 3468 1374 3507 esse
1417 3453 1690 3507 Christum
1735 3452 1932 3506 Filium

343 3553 440 3608 Dei
473 3552 735 3621 aequalem
784 3548 960 3613 Patri;
1015 3546 1106 3600 sed
1156 3545 1412 3615 Spiritum
1457 3556 1730 3610 sanctum,
1766 3545 1930 3599 Deum

343 3643 556 3712 penitus
585 3655 704 3696 esse
756 3655 860 3696 non
904 3641 1101 3705 credo,
1148 3655 1213 3694 eo
1252 3639 1393 3708 quod
1445 3640 1495 3693 in
1527 3640 1684 3694 nullis
1730 3639 1934 3709 legatur

343 3735 619 3790 codicibus
648 3734 791 3788 Deus
819 3748 962 3787 esse.
1009 3733 1151 3786 Heu!
1185 3731 1318 3788 heu!
1363 3748 1521 3798 quam
1549 3732 1781 3800 iniquam
1811 3747 1928 3804 sen-

345 3826 599 3889 tentiam,
639 3839 799 3894 quam
831 3839 1154 3878 venenosum
1200 3837 1449 3885 sensum,
1500 3837 1663 3890 quam
1717 3837 1931 3891 pravam

344 3920 612 3974 utentem!
653 3918 718 3971 Et
749 3916 839 3970 ubi
862 3924 946 3971 est
971 3915 1097 3970 illud
1125 3915 1264 3985 quod
1290 3915 1545 3969 Dominus
1570 3915 1674 3981 ait,
1706 3915 1932 3983 Spiritus

344 4010 484 4064 Deus
523 4020 596 4063 est
627 4009 812 4076 (Joan.
836 4022 917 4072 tv,
942 4004 1056 4072 24).
1090 4006 1156 4059 Ει
1184 4005 1312 4058 illud
1341 4005 1516 4069 Petri,
1545 4005 1684 4073 quod
1707 4005 1772 4058 ad
1793 4006 1928 4057 Aua—

345 4101 488 4155 niam
529 4101 608 4154 ait
639 4117 652 4151 :
688 4097 828 4163 Quid
862 4097 949 4150 tibi
978 4096 1142 4150 visum
1163 4104 1238 4149 est
1267 4102 1462 4148 tentare
1499 4093 1745 4162 Spiritum
1782 4111 1934 4148 sauc-

415 4225 441 4250 ι
460 4214 534 4268 Ea
562 4223 644 4267 est
675 4224 796 4280 qua:
826 4226 967 4266 nunc
998 4209 1194 4266 dicitur
1215 4209 1442 4265 ecclesia
1475 4209 1534 4263 S.
1567 4208 1766 4280 Iuliani
1795 4210 1930 4264 Pau-

350 4284 494 4354 peris
523 4298 618 4337 seu
646 4277 886 4354 veteris,
925 4281 993 4335 de
1022 4295 1123 4350 qua
1154 4281 1286 4354 iufra
1315 4281 1404 4354 lib.
1437 4293 1657 4354 ix,_cap.
1695 4277 1726 4332 6
1739 4295 1768 4354 Ξ
1791 4281 1928 4348 quod

351 4320 474 4407 53m
508 4356 562 4407 in
589 4352 808 4406 dubium
838 4320 1143 4404 revocasset
1175 4350 1438 4403 Launoius
1459 4389 1473 4411 ,
1498 4320 1692 4402 ,diceits
1731 4320 1930 4418 (1]ιῖςοῖ

342 4425 483 4476 rium
543 4423 682 4477 forte
726 4421 958 4474 locutum
1003 4421 1071 4474 de
1116 4421 1278 4473 altera
1333 4421 1388 4474 S.
1431 4419 1622 4472 Iuliani
1667 4419 1924 4485 ecclesia,

341 4509 460 4560 quae
481 4493 682 4548 dicitur
709 4492 986 4545 Mimorum
1018 4506 1110 4544 seu
1144 4489 1443 4543 Fidicinum
1464 4531 1477 4555 ,
1504 4489 1582 4542 via
1617 4489 1924 4560 lliartmiaua

341 4559 530 4629 sitam,
565 4579 596 4616 a
630 4562 843 4615 Valesio
872 4561 1093 4614 inscitia:
1123 4563 1436 4626 redargutus
1479 4568 1592 4621 est,
1624 4559 1763 4626 quod
1795 4575 1913 4612 ues-

343 4634 504 4686 cisset
525 4634 664 4686 hanc
686 4640 1003 4699 postremam
1030 4629 1309 4683 ecclesiam
1334 4645 1362 4681 a
1387 4629 1597 4699 duobus
1619 4630 1926 4699 cantoribus

342 4717 483 4754 anno
543 4697 698 4756 1550⁷
729 4701 887 4753 fuisse
934 4701 1337 4752 cxaalilicatam.
1391 4698 1523 4752 Vide
1555 4697 1714 4750 Urolii
1758 4703 1926 4754 uoslri

345 4773 704 4841 Antiquitates
739 4771 931 4841 Paris.,
966 4769 1101 4822 libro
1134 4783 1210 4841 ut.

418 4840 444 4878 δ
484 4836 574 4896 Sic
599 4841 758 4894 Corb.
786 4854 834 4893 et
868 4839 1016 4902 Bee.,
1040 4853 1136 4901 pro
1159 4837 1370 4890 domino
1387 4836 1489 4890 vita
1515 4852 1738 4890 (arcesso.
1772 4836 1924 4892 Colb.

347 4911 505 4964 habet
536 4912 804 4963 dominum
851 4909 967 4961 vitae
995 4923 1180 4960 caesum
1201 4947 1214 4968 ,
1249 4917 1302 4960 et
1349 4907 1510 4960 altera
1541 4922 1696 4960 manu
1719 4947 1734 4970 ,
1763 4909 1928 4960 domi-

346 4996 467 5032 num
488 4978 1048 5047 illorum‘pmcipiebat
1078 4978 1234 5041 caedi,
1265 4975 1490 5044 famulor
1511 4991 1647 5041 vero,
1679 4987 1806 5041 etc.;
1838 4979 1927 5031 alii

344 5052 554 5103 domino
585 5053 700 5103 vitre
727 5063 876 5102 caeso.
930 5047 1204 5108 (Zoiutius,
1234 5048 1323 5116 qui
1377 5048 1476 5100 hac
1520 5054 1679 5113 caput
1729 5048 1923 5110 refert,

344 5123 605 5172 dominum
630 5120 951 5185 interfectum
973 5157 986 5178 ,
1016 5133 1130 5184 pro,
1165 5117 1366 5186 inquit,
1397 5118 1602 5169 domina
1635 5119 1922 5185 interfecto.

345 5193 412 5240 At
441 5205 501 5241 ex
553 5191 666 5257 ipsa
698 5189 1002 5243 narratione
1042 5195 1243 5240 certum
1292 5197 1373 5240 est
1415 5186 1689 5252 Priscum,
1721 5187 1811 5256 qui
1844 5187 1927 5240 hic

343 5259 595 5312 murrinus
621 5259 939 5328 appellatur,
959 5257 1279 5328 incolumem
1295 5257 1564 5328 evasisse.

425 5339 445 5366 ε
487 5326 833 5391 Corb.,llec.
867 5336 921 5381 et
949 5327 1150 5393 aliquot
1179 5327 1303 5379 editi
1333 5341 1436 5378 non
1473 5326 1663 5380 habent
1695 5345 1810 5380 suo.

417 5395 444 5434 ἀ
479 5400 610 5464 Qua:
631 5407 922 5468 sequuntur
947 5397 1012 5450 ad
1045 5397 1201 5448 linem
1232 5397 1422 5463 capitis
1452 5395 1646 5451 desunt
1671 5399 1722 5451 in
1754 5396 1910 5452 Culb.

425 5548 448 5573 ⁸
486 5539 589 5592 Alii
616 5538 906 5592 Amoaldus
935 5545 982 5588 ct
1009 5535 1391 5587 Domichirilus.
1451 5535 1543 5588 llic
1594 5552 1750 5602 porro
1782 5547 1917 5592 vute.

345 5622 461 5660 rcm
495 5608 817 5662 Fraucormu
859 5607 909 5660 iu
940 5607 1108 5661 Gallia
1142 5613 1196 5658 ct
1228 5603 1542 5659 Gutthorum
1578 5606 1626 5658 itt
1673 5606 1921 5674 Hispania

347 5693 582 5740 tuon-tu,
614 5679 706 5748 qui
730 5690 809 5732 est
839 5679 1177 5741 antiquorum
1209 5675 1597 5748 Germanorum
1627 5716 1640 5737 ,
1673 5692 1791 5728 cum
1825 5678 1920 5748 Va:

349 5749 479 5800 ieeio
503 5764 548 5802 et
571 5745 694 5803 aliis
716 5749 934 5802 obserVa
957 5789 973 5813 ,
1003 5757 1060 5798 ut
1084 5761 1187 5798 non
1215 5759 1344 5796 uxor
1371 5746 1484 5796 viro
1503 5788 1515 5809 ,
1548 5748 1636 5798 sed
1669 5762 1743 5799 νη·
1773 5745 1924 5800 uxori

2039 3263 2246 3318 vocatis
2277 3265 2540 3334 cpiscopis
2571 3283 2794 3336 quorum
2835 3282 2950 3323 erat
2991 3286 3150 3339 parva
3186 3273 3442 3340 facultas,
3489 3275 3612 3326 datu

2035 3357 2212 3424 epulo,
2255 3358 2396 3425 ipsas
2435 3360 2622 3414 domos
2660 3377 2779 3414 cum
2810 3361 3099 3418 cultoribus
3120 3373 3173 3417 et
3200 3366 3456 3431 culturis,
3489 3383 3608 3420 cum

2035 3460 2287 3519 argento,
2339 3452 2832 3518 peri5tromatibus,
2867 3456 3213 3524 utensilibus,
3260 3457 3515 3513 ministris
3558 3471 3611 3512 et

2035 3541 2244 3598 famulis
2274 3546 2500 3614 benigne
2529 3546 2910 3612 distribuebat,
2940 3547 3122 3602 dicens
3156 3566 3168 3600 :
3204 3549 3322 3604 Sint
3361 3548 3474 3603 haec
3515 3551 3614 3604 Ec-

2035 3636 2211 3690 clesiar
2241 3637 2393 3702 data,
2454 3647 2510 3690 ut
2555 3638 2678 3692 dum
2721 3638 2788 3691 de
2845 3639 2924 3692 Itis
2974 3655 3230 3708 pauperes
3278 3643 3609 3710 reficiuntur,

2035 3733 2166 3786 mihi
2209 3734 2419 3786 veniam
2447 3733 2723 3787 obtineant
2752 3735 2890 3802 apud
2923 3735 3110 3789 Deum.
3157 3736 3316 3790 Muita
3350 3748 3527 3792 autem
3560 3748 3613 3793 ct

2035 3826 2135 3878 alia
2168 3826 2303 3880 bona
2343 3828 2408 3879 de
2439 3827 2539 3880 hoc
2565 3829 2678 3879 viro
2717 3825 3049 3892 audivimus,
3083 3843 3202 3897 quae
3247 3829 3452 3900 insequi
3495 3831 3612 3885 Ion-

2043 3933 2166 3987 gum
2197 3929 2280 3972 est
2336 3918 2569 3970 Transiit
2601 3926 2774 3970 autem
2805 3927 2962 3972 mtate
2989 3921 3390 3988 septuagenaria
3423 3919 3471 3975 ι.

2110 4012 2249 4064 XXI.
2294 4011 2419 4065 Haec
2449 4011 2503 4064 in
2533 4011 2634 4064 hoc
2663 4026 2804 4066 anno
2831 4011 3021 4065 iterato
3051 4012 3199 4080 signa
3233 4025 3611 4082 apparuerunt.

2035 4100 2182 4154 Luna
2229 4101 2466 4168 eclipsim
2518 4115 2669 4169 passa
2711 4109 2822 4164 est;
2867 4101 3000 4153 infra
3031 4100 3352 4156 Turutticutn
3406 4105 3613 4158 territo-
3705 4148 3712 4154 .

2033 4213 2212 4268 dotem
2245 4212 2450 4266 oII‘erat.
2485 4212 2632 4265 Hunc
2659 4227 2861 4266 morem
2891 4212 3068 4264 laudat
3095 4213 3376 4266 Cornelius
3399 4215 3614 4270 Tacitus

2035 4284 2086 4336 in
2117 4284 2250 4337 libro
2295 4284 2361 4336 de
2403 4282 2633 4334 Moribus
2659 4281 3078 4345 Germanorum,
3111 4296 3230 4349 cap.
3284 4287 3350 4345 ti,
3393 4287 3479 4337 ulu
3519 4302 3613 4340 ex—

2034 4354 2178 4421 ponit
2201 4367 2303 4422 quo
2331 4353 2380 4405 id
2413 4353 2515 4405 ritu
2543 4353 2720 4417 Iieret,
2753 4367 2951 4421 quasve
2974 4366 3056 4406 res
3086 4351 3154 4406 a‘b
3186 4369 3348 4406 uxore
3388 4357 3612 4410 maritus

2035 4424 2271 4490 recipere
2300 4423 2513 4477 soleret.

2108 4491 2127 4529 ί
2171 4494 2282 4548 Hac
2315 4494 2607 4562 legatione,
2655 4502 2709 4545 ut
2737 4491 2949 4562 Coiutio
2996 4491 3224 4562 videtur,
3281 4491 3442 4546 fuuei
3489 4507 3613 4550 sunt

2038 4563 2341 4631 Florentius
2369 4560 2420 4615 et
2451 4562 2807 4631 Exsuperius,
2849 4560 2915 4616 de
2950 4561 3142 4631 quibus
3198 4563 3248 4616 in
3292 4564 3383 4618 ltb.
3416 4579 3470 4617 tu
3513 4566 3610 4620 Ali-

2039 4649 2149 4688 rac.
2179 4630 2248 4686 S.
2275 4632 2514 4694 Martini,
2547 4647 2663 4695 cap.
2698 4630 2751 4683 8.
2969 4630 2978 4631 “
3457 4655 3474 4658 -ν

2111 4712 2135 4749 s
2179 4703 2230 4755 Id
2257 4715 2337 4756 est
2375 4705 2460 4770 qui
2493 4701 2666 4755 Urbim
2691 4702 2849 4753 Iluvio
2882 4701 3079 4769 positus
3109 4711 3252 4768 erat;
3289 4702 3408 4757 hinc
3441 4706 3491 4759 iu
3533 4706 3615 4758 ln-

2036 4773 2152 4844 dice
2177 4774 2254 4825 sic
2282 4781 2438 4844 caput
2466 4773 2602 4824 istud
2630 4772 2965 4844 exprimitur,
2993 4771 3066 4824 De
3088 4770 3443 4844 Itoiuiuibus...
3475 4778 3613 4844 apud

2039 4843 2261 4914 Urbiam
2295 4842 2539 4914 ﬂuvium,
2612 4844 2699 4914 qui
2754 4841 3336 4914 nimirumuscparabat
3391 4841 3613 4914 regnum

2033 4909 2319 4980 Cbilperici
2350 4928 2379 4965 a
2429 4925 2597 4975 regno
2641 4909 2976 4966 Guntramui.
3029 4911 3241 4967 Urbtam
3297 4928 3425 4967 vero
3453 4909 3616 4971 'lmuc

2035 4999 2154 5055 esse
2175 4997 2411 5041 atuncm,
2431 4981 2699 5055 quiltodie
2717 4981 2883 5055 Urdea
2908 4997 3000 5035 seu
3022 4982 3180 5055 Orgia
3195 5023 3210 5046 ,
3237 4982 3610 5055 vulgogl‘Orgc,

2033 5053 2243 5117 dicitur,
2291 5045 2474 5107 censet
2505 5050 2767 5105 Valesius.
2818 5051 2912 5104 Hic
2943 5045 3244 5121 complures
3293 5045 3410 5121 pagi
3463 5045 3611 5106 Part;

2031 5123 2231 5176 sicusis
2254 5123 2398 5176 vicos
2423 5121 2608 5185 alluit,
2638 5132 2692 5176 et
2717 5137 2879 5191 prope
2907 5121 3244 5176 chisiacum
3275 5123 3532 5186 mergitur
3555 5126 3611 5178 in

2029 5192 2348 5260 Sequanam.

2101 5259 2127 5298 Η
2166 5264 2326 5316 Corb.
2360 5271 2413 5315 et
2451 5261 2596 5327 Bec.,
2634 5261 2788 5328 Quod
2814 5262 3098 5332 Asclcptus.
3135 5259 3286 5325 Bad.,
3321 5259 3499 5326 Quo...
3542 5281 3608 5319 cs

2027 5332 2154 5402 duce
2180 5335 2401 5402 cognito.

2105 5401 2120 5437 ί
2165 5404 2216 5454 Id
2241 5399 2324 5456 est
2352 5401 2665 5456 oflicialibus
2697 5401 2871 5468 regiis.
2900 5399 3048 5467 Apud
3083 5399 3348 5454 Rotuanos
3369 5400 3606 5459 frumen-

2030 5472 2173 5525 tariis
2197 5482 2583 5526 successerant.
2616 5471 2743 5523 Vide
2765 5469 2975 5523 Cotholi
2990 5469 3076 5522 ed.
3110 5469 3164 5523 itt
3196 5471 3314 5526 (od.
3343 5472 3609 5530 'l'heodos.

2106 5541 2120 5592 i
2168 5543 2257 5595 Cu:
2277 5543 2351 5600 b..
2383 5541 2510 5593 nihil
2537 5544 2669 5593 mafe
2695 5541 2848 5610 geris.

2099 5611 2124 5648 ¹ί
2165 5612 2315 5665 Colb.
2350 5628 2400 5664 a.
2435 5623 2486 5664 ct
2529 5609 2725 5664 Chcsu.
2761 5626 2772 5660 :
2802 5609 2896 5673 al.,
2932 5611 3312 5677 ocluagcuaria.
3345 5611 3612 5667 Chrozliui

2029 5681 2177 5738 ducis
2221 5682 2402 5736 laudes
2428 5680 2715 5735 celebravit
2748 5679 3067 5734 Fortunatus
3096 5682 3181 5738 lib.
3221 5698 3288 5746 ις,
3322 5698 3488 5736 eum.
3518 5685 3612 5738 HL
