3974 6174
298 392 395 447 39!

1291 384 1350 442 S.
1392 377 1717 440 GREGORII
1760 374 2066 434 EPISCOPI
2107 370 2545 430 TL‘RONENSIS

3399 363 3570 421 ,δοῦ

304 484 444 541 rium
472 495 633 537 verus
677 481 745 536 de
784 480 1001 537 eiI‘racto
1040 492 1177 549 pane
1214 476 1426 545 sanguis
1457 473 1697 538 efﬂuxit;
1744 471 1881 525 muri
1912 477 1963 535 Α
1989 468 2117 523 Post
2147 467 2282 520 duos
2315 481 2442 520 vero
2472 475 2683 517 menses
2728 459 3058 515 Nonnicbius
3087 472 3302 526 comes,
3348 460 3438 529 qui
3471 460 3573 517 hoe

226 567 232 573 ’
298 573 448 628 urbis
485 572 838 626 Suessionime
870 576 1217 633 corruerunt;
1250 566 1386 635 apud
1413 565 1754 632 Andegavam
1797 577 1887 613 ur-

298 659 420 717 bem
454 671 594 716 terra
616 664 885 725 tremuit;
936 659 1069 714 intra
1102 672 1284 712 muros
1314 670 1441 710 vero
1483 653 1888 723 Burdegalensis

302 754 483 823 oppidi
510 754 735 821 ingressi
766 750 876 819 lupi
912 766 1073 807 canes
1102 753 1522 810 devoraverunt,
1555 758 1887 815 nequaquam

309 844 557 900 homines
587 855 915 910 metuentes;
957 859 1052 911 per
1088 844 1283 899 malum
1314 842 1452 912 ignis
1489 842 1790 894 discurrere
1814 839 1889 892 vi-

305 949 397 989 sus
426 945 528 989 est.
562 936 667 990 Sed
712 945 766 989 et
808 935 1113 989 Vasatensis
1157 934 1345 987 civitas
1394 932 1643 985 incendio
1672 943 1891 984 concre-

307 1037 449 1082 mata
479 1030 640 1099 296
664 1037 775 1094 est,
805 1029 874 1081 ita
920 1038 977 1081 ut
1002 1026 1246 1081 ecclesia:
1285 1027 1367 1079 vel
1396 1025 1584 1079 donius
1613 1021 1894 1076 ecclesias-

308 1118 427 1172 tica;
458 1116 814 1172 vastarentur.
857 1117 1205 1172 MiniSterium
1251 1124 1428 1170 tamen
1468 1127 1627 1167 omne
1650 1119 1891 1179 ereptum

307 1210 473 1264 fuisse
505 1194 870 1277 cognovimus.
1428 1214 1431 1217 '

380 1299 544 1353 XXII.
586 1299 698 1353 Rex
739 1308 765 1334 α
798 1299 957 1367 igitur
998 1296 1331 1364 Chilpericus
1378 1294 1615 1362 pervasis
1661 1290 1895 1345 civitati-

310 1393 410 1445 bus
439 1390 618 1444 fratris
638 1389 753 1454 sui,
782 1403 950 1443 novos
979 1386 1207 1441 comites
1238 1386 1481 1447 ordinat,
1509 1394 1563 1437 et
1592 1392 1781 1435 cuncta
1809 1380 1897 1449 jn-

311 1480 398 1534 bet
424 1477 524 1534 sibi
557 1480 763 1532 urbium
812 1477 1005 1531 tributa
1040 1476 1235 1531 deferri
1269 1492 1282 1528 :
1332 1476 1471 1541 quod
1505 1474 1575 1527 ita
1622 1472 1896 1542 impletum

314 1571 482 1625 fuisse
506 1570 881 1639 cognovimus.
918 1569 1010 1622 llis
1048 1569 1236 1622 diebus
1276 1563 1599 1635 apprehensi
1642 1570 1768 1617 sunt
1793 1563 1898 1616 duo

315 1661 562 1715 homines
606 1676 637 1712 a
682 1660 983 1715 Nonnichio
1012 1656 1039 1696 ιι
1079 1658 1438 1712 Lemovicum
1478 1654 1628 1707 urbis
1667 1650 1894 1719 comite,

313 1750 617 1806 deterentes
644 1764 711 1804 ex
765 1749 980 1803 nomine
1032 1746 1297 1802 Cbarlerii
1348 1746 1707 1814 Petrogoricaa
1753 1744 1900 1797 urbis

1990 560 2304 613 scandalum
2348 556 2734 619 seminaverat,
2784 554 2941 624 297
2983 552 3242 620 sanguine
3286 566 3575 621 percussus

1991 651 2221 717 interiit;
2256 664 2447 719 resque
2493 650 2641 717 ejus,
2691 649 2811 716 quia
2841 648 3044 715 absque
3073 638 3279 701 liberis‘
3302 654 3448 714 erat,
3488 645 3575 701 di-

1991 740 2159 795 versis
2186 757 2212 791 a
2248 754 2372 807 rege
2399 752 2670 792 concessa:
2715 746 2862 790 sunt.

2066 830 2252 884 XXIII.
2287 829 2492 884 Dehinc
2522 826 2826 895 Chilperico
2853 824 2987 894 regi,
3025 835 3155 894 post.
3196 831 3363 880 multa
3389 826 3579 882 l’unera

1996 918 2248 984 liliorum,
2301 918 2442 977 [ilius
2484 919 2738 971 nascitur.
2777 918 2849 970 Ex
2910 916 3012 969 hoc
3055 916 3207 983 jubet
3249 932 3338 970 rex
3390 932 3581 973 omnes

1995 1011 2268 1064 custodias
2322 1010 2573 1073 relaxari,
2604 1011 2810 1061 vinctos
2866 1008 3092 1069 absolvi,
3138 1008 3584 1075 compositiones-

1995 1117 2099 1169 que
2123 1102 2482 1170 negligentum
2525 1102 2656 1154 tisco
2704 1100 2914 1153 debitas
2947 1098 3203 1166 praecepit
3226 1104 3446 1151 omnino
3472 1114 3580 1153 non

1995 1194 2160 1262 exigi.
2188 1194 2292 1248 Sed
2322 1192 2340 1231 ί
2366 1209 2614 1262 magnum
2653 1193 2909 1260 deinceps
2938 1190 3120 1243 dolum
3177 1189 3263 1245 hic
3294 1190 3583 1247 intulitin-

1998 1284 2138 1340 fans.
2298 1274 2321 1291 ’

2073 1375 2262 1429 XXIV.
2306 1375 2451 1429 Nova
2484 1384 2508 1422 8
2538 1376 2731 1430 iterum
2778 1381 2961 1427 contra
2992 1372 3331 1426 Theodorum
3373 1371 3586 1440 cpisco-

2002 1482 2126 1535 putn
2176 1465 2313 1519 bella
2345 1473 2692 1536 consurgunt.
2726 1471 2853 1516 .\ant
2886 1463 3285 1526 Gundnvaldus,
3317 1463 3406 1531 qui
3436 1476 3493 1516 se
3527 1461 3585 1514 lio

2002 1557 2130 1610 lium
2161 1555 2563 1610 Chlmhacharii
2593 1557 2731 1624 regis
2758 1569 2877 1609 esse
2917 1554 3154 1615 dicebat,
3183 1554 3252 1607 de
3279 1554 3587 1606 Constanti-

2003 1649 2448 1717 nopoliveniens,
2482 1648 2768 1702 Massiliam
2827 1654 2910 1700 est
2957 1647 3211 1699 advectus
3263 1662 3277 1697 :
3330 1645 3397 1700 de
3434 1645 3589 1714 Cujus

2003 1741 2210 1810 origine
2232 1742 2475 1808 quaedam
2525 1740 2751 1794 strictim
2786 1736 2938 1791 libuit
2972 1751 3291 1790 memorare.
3327 1737 3420 1791 llic
3464 1753 3586 1791 cum
3666 1784 3667 1787 η

312 1841 548 1911 episcopi
580 1842 812 1905 litteras,
841 1854 962 1909 quae
992 1839 1154 1893 multa
1188 1838 1508 1906 improperia
1544 1837 1898 1906 loquebantur
1930 1833 1976 1892 Β
2002 1841 2158 1885 natus
2186 1840 2333 1886 esset
2354 1831 2407 1884 in
2449 1827 2653 1894 Galliis,
2686 1840 2740 1883 et
2782 1827 3021 1897 diligenti
3073 1841 3200 1879 cura
3250 1828 3499 1893 nutritus,
3528 1839 3589 1879 ut

314 1932 367 1985 in
401 1946 577 2000 regem
628 1948 641 1983 :
696 1931 747 1983 in
794 1931 984 1997 quibus
1024 1930 1161 1983 inter
1190 1929 1396 1995 reliqua
1441 1935 1558 1980 erat
1610 1929 1899 1993 insertum,

315 2022 466 2087 quasi
497 2031 814 2089 quereretur
841 2018 1094 2072 sacerdos
1134 2033 1193 2072 se
1222 2032 1251 2070 a
1304 2017 1550 2086 paradiso
1594 2016 1660 2069 ad
1705 2017 1905 2069 inl‘eros

318 2111 700 2174 descendisse;
747 2107 955 2163 scilicet
993 2109 1136 2175 quod
1164 2122 1196 2161 a
1228 2123 1393 2176 regno
1432 2106 1820 2160 Guntcbramni
1852 2105 1904 2157 in

320 2200 607 2269 Cliilperici
661 2200 818 2254 fuerit
848 2202 1076 2255 ditiones
1123 2208 1503 2254 commutatus.
1557 2200 1659 2251 llas
1703 2198 1905 2251 litteras

327 2290 557 2357 cmuhis
588 2291 891 2344 hominibus
918 2306 1025 2358 jam
1054 2288 1227 2344 dictus
1251 2304 1433 2343 comes
1461 2288 1562 2342 sub
1600 2289 1765 2341 ardua
1785 2301 1909 2341 cus-

328 2382 470 2434 todia
513 2381 625 2450 regi
654 2380 869 2435 direxit.
916 2379 1029 2434 iiex
1068 2393 1194 2433 vero
1238 2378 1499 2448 patienter
1551 2387 1767 2447 prapter
1793 2378 1907 2447 epi-

323 2486 547 2540 scopum
572 2473 755 2537 mittit,
781 2473 868 2542 qui
899 2487 1022 2526 eum
1052 2486 1150 2525 suo
1176 2471 1481 2540 conspectui
1502 2480 1905 2539 praesentarent,

326 2564 671 2617 discussurus
702 2563 882 2630 utique
904 2563 946 2615 si
968 2576 1091 2617 vera
1122 2572 1306 2616 essent
1341 2578 1461 2632 qua:
1487 2565 1537 2616 ei
1564 2563 1908 2632 opponeban-

327 2664 436 2721 tur,
466 2668 532 2707 an
556 2668 683 2707 non.
712 2653 1045 2708 Adveniente
1071 2668 1197 2708 vero
1218 2655 1494 2723 episcopo,
1527 2669 1621 2707 rex
1664 2654 1907 2707 homines

323 2747 446 2800 illos
469 2760 589 2799 cum
612 2746 802 2799 litteris
824 2756 1203 2814 repraesentat;
1235 2746 1525 2815 interrogat
1547 2744 1909 2813 sacerdotem,

321 2835 369 2890 si
398 2826 466 2890 ab
493 2850 559 2891 eo
584 2835 799 2890 directae
824 2835 1042 2890 fuerint.
1073 2837 1242 2905 Negat
1267 2836 1357 2891 ille
1385 2850 1415 2889 a
1444 2850 1504 2890 se
1546 2837 1801 2891 directas.
1828 2836 1911 2889 In-

334 2937 676 2997 terrogantur
723 2942 849 2981 vero
898 2927 1141 2981 homines
1200 2941 1230 2979 a
1286 2943 1391 2994 quo
1438 2942 1531 2980 cas
1580 2927 1908 2996 acceperint.

325 3018 678 3074 Frontuninm
716 3029 738 3057 ο
768 3021 1053 3072 diaconum
1104 3018 1396 3088 proferunt.
1440 3018 1801 3089 lnterrogatur
1828 3032 1911 3071 sa-

326 3110 516 3164 cerdos
542 3111 607 3164 de
633 3110 881 3163 diacono.
929 3108 1226 3178 Respondit
1264 3108 1365 3163 sibi
1398 3123 1519 3163 eum
1559 3124 1678 3163 esse
1725 3107 1915 3177 pracci-

2004 1939 2189 1993 reguin
2219 1926 2438 1978 istorum
2488 1938 2603 1977 mos
2625 1932 2708 1976 est
2739 1918 2789 1986 ⁸³,
2814 1921 3038 1975 crinium
3069 1920 3287 1989 ﬂagellis
3317 1933 3408 1987 per
3439 1927 3588 1987 terga

2004 2016 2288 2081 demissis,
2323 2016 2512 2069 litteris
2541 2014 2799 2078 eruditus,
2837 2013 3185 2068 Childeherto
3222 2012 3328 2080 regi
3366 2010 3381 2048 ί
3416 2027 3446 2064 a
3477 2027 3589 2065 ma-

2007 2116 2087 2161 tre
2113 2115 2546 2175 repmsentatur,
2577 2106 2790 2160 dicente
2811 2120 2869 2158 ea
2906 2122 2918 2156 :
2946 2102 3099 2168 Eet-e,
3129 2103 3318 2171 inquit,
3342 2114 3587 2171 nepotem

2009 2207 2178 2261 tuum,
2211 2197 2608 2251 Clilothacharii
2643 2199 2782 2265 regis
2814 2196 2997 2250 lilium.
3027 2196 3092 2249 Et
3120 2198 3239 2263 quia
3272 2195 3472 2248 invisus
3495 2194 3589 2248 ha-

2009 2289 2165 2343 betur
2211 2290 2366 2357 patri,
2397 2288 2609 2355 suscipe
2631 2304 2751 2342 eum
2772 2327 2787 2353 ,
2819 2291 2940 2357 quia
2963 2301 3087 2340 caro
3138 2295 3225 2339 tua
3282 2296 3384 2340 est.
3416 2284 3585 2352 Quem

2009 2381 2125 2445 ille,
2150 2396 2214 2434 t-o
2232 2381 2375 2449 quod
2414 2380 2463 2434 ei
2497 2380 2589 2433 lilii
2620 2395 2725 2433 non
2765 2390 2942 2433 essent
2961 2376 3296 2446 ,‘accipiens,
3324 2362 3615 2432 retinebat,

2008 2486 2213 2528 secum.
2247 2472 2565 2525 Nuntiantur
2592 2470 2705 2523 haec
2736 2471 2846 2538 regi
2872 2468 3304 2533 Chlotliachario,
3339 2469 3589 2537 misit-{ue

2018 2562 2170 2616 fratri
2198 2563 2433 2627 nuntios,
2462 2561 2682 2616 dicens:
2716 2560 2934 2614 Dimitte
2963 2574 3184 2630 puerum
3231 2572 3287 2613 ut
3318 2560 3497 2614 veniat
3519 2562 3587 2613 ad

2012 2668 2117 2708 me.
2146 2652 2257 2709 Nec
2280 2660 2513 2705 moratus
2532 2651 2623 2706 ille
2638 2652 2891 2721 juvenem
2904 2650 3052 2705 fratri
3075 2648 3289 2705 direxit.
3316 2649 3431 2718 Quo
3447 2650 3585 2715 viso,

2010 2745 2455 2802 Chlothacharius
2471 2745 2631 2814 jussit
2659 2744 2870 2798 tonderi
2896 2758 3103 2798 comam
3125 2742 3315 2811 capitis
3345 2743 3480 2811 ejus,
3509 2743 3589 2797 di-

2013 2850 2178 2893 cens:
2212 2838 2360 2890 Hunc
2388 2850 2489 2903 ego
2518 2850 2623 2889 non
2669 2836 2939 2904 generavi.
2974 2834 3137 2904 Igitur
3168 2842 3291 2903 post
3334 2833 3589 2888 Chlotha~

2012 2928 2180 2983 charii
2211 2928 2350 2996 regis
2376 2926 2602 2990 obitum,
2622 2941 2650 2978 a
2673 2926 2985 2980 Chariberto
3009 2938 3132 2994 rege
3157 2934 3434 2994 susceptus
3457 2934 3539 2979 est
3571 2941 3586 2976 ε

2015 3033 2170 3089 quem
2217 3018 2515 3088 Sigibertus
2570 3019 2911 3083 arcessitum,
2944 3016 3134 3071 iterum
3182 3017 3472 3084 amputavit
3500 3033 3590 3071 co-

2016 3124 2156 3163 mam
2184 3110 2379 3178 capitis
2407 3108 2547 3176 ejus,
2579 3116 2633 3161 et
2654 3108 2796 3161 misit
2818 3122 2938 3161 eum
2970 3109 3020 3160 in
3048 3106 3487 3176 Agrippinensem
3516 3109 3591 3161 ci-

329 3215 491 3271 puum
525 3201 825 3263 inimicum,
852 3214 953 3254 nec
976 3200 1210 3254 dubitari
1242 3199 1441 3255 debere
1472 3200 1638 3269 ipsius
1664 3213 1784 3254 esse
1817 3214 1907 3253 ne.
1939 3202 1986 3266 α
2016 3203 2230 3257 vitalem
2252 3240 2267 3265 ,
2291 3215 2411 3269 qua!
2443 3214 2584 3253 nunc
2613 3198 2835 3253 Colonia
2866 3198 2881 3247 l
2916 3198 3128 3251 dicitur.
3161 3197 3254 3251 Itle
3280 3211 3490 3266 quoque
3524 3198 3591 3252 ab

328 3291 552 3361 quitias,
584 3292 672 3360 qtti
702 3302 888 3346 contra
917 3307 1040 3346 eum
1086 3290 1279 3361 smpius
1311 3284 1501 3346 causas
1532 3293 1913 3346 commovisset

330 3383 557 3450 iniquas.
600 3381 897 3436 Adducitur
919 3382 1176 3437 diaconus
1196 3382 1312 3437 sine
1331 3397 1515 3446 mora;
1551 3384 1913 3453 interrogatur

330 3487 359 3525 a
405 3486 567 3541 rege,
616 3473 898 3526 conﬁtetur
926 3488 1088 3540 super
1117 3473 1466 3542 episcopum,
1511 3475 1695 3529 dicens
1739 3491 1753 3526 :
1806 3475 1915 3542 Ego

332 3560 471 3615 hanc
497 3562 776 3630 epistolam
826 3567 1083 3632 episcopo
1125 3562 1348 3632 jubente
1378 3564 1571 3617 dictavi
1602 3562 1652 3617 ά.
1700 3564 1912 3619 Procla-

338 3658 520 3705 mante
554 3666 685 3703 vero
714 3652 999 3720 episcopo,
1051 3660 1107 3707 et
1145 3653 1355 3707 dicente
1395 3656 1538 3721 quod
1590 3656 1784 3722 saepius
1833 3655 1918 3709 hic

334 3742 546 3809 ingenia
581 3750 604 3778 ο
632 3751 925 3811 quaereret,
973 3743 1202 3810 qualiter
1228 3760 1349 3799 eum
1396 3745 1463 3797 ab
1490 3756 1796 3813 episc0patu
1825 3747 1918 3799 de-

336 3831 553 3900 jiceret,
602 3846 698 3885 rex
729 3831 1093 3887 misericordia
1143 3843 1348 3901 motus,
1392 3838 1777 3887 commendans
1811 3835 1918 3888 Deo

335 3936 553 3977 causam
582 3937 765 3990 suam,
796 3925 960 3977 cessit
1000 3926 1267 3990 utrisque,
1304 3924 1601 3991 deprecans
1626 3926 1921 3980 clementer

339 4014 652 4081 episcopum
688 4028 781 4080 pro
820 4012 1077 4079 diacono,
1108 4022 1165 4067 et
1189 4014 1493 4082 supplicans
1524 4024 1582 4068 ut
1617 4031 1710 4081 pro
1748 4032 1806 4071 se
1834 4032 1921 4083 sa-

264 4180 267 4181 ν
338 4106 531 4159 cerdos
560 4114 742 4159 oraret
767 4121 780 4158 :
811 4114 867 4158 et
904 4107 981 4159 sic
1005 4121 1124 4160 cum
1160 4105 1360 4160 honore
1391 4107 1507 4159 urbi
1540 4105 1795 4160 remissus
1815 4085 1918 4162 eat.

414 4268 444 4329 9
490 4260 600 4315 Iloc
632 4268 793 4329 caput
820 4260 969 4315 deest
1004 4259 1057 4314 in
1094 4260 1253 4314 Corb.
1286 4271 1339 4313 et
1367 4260 1521 4316 Colb.
1548 4277 1602 4317 a.

418 4327 445 4367 ιι
484 4331 636 4384 Colb.
693 4327 792 4391 in.,
848 4329 1309 4395 Nuuri4cltiolemo;
1365 4333 1497 4383 intra
1546 4344 1719 4386 tamen
1765 4332 1925 4390 habet

347 4397 693 4454 Nonnicliius.
725 4400 998 4455 Carterius
1047 4412 1223 4455 autem
1254 4400 1568 4470 subscripsit
1614 4418 1769 4458 conc.
1814 4405 1925 4460 Ma-

338 4474 461 4524 tisc.
487 4487 525 4525 ιι
548 4510 564 4534 ,
606 4486 695 4525 an.
725 4470 849 4524 $.85.

417 4553 445 4577 -ε
488 4544 623 4595 Editi
647 4550 699 4594 et
727 4542 872 4605 Bcc.,
905 4539 1267 4595 Frontonium.

421 4608 449 4645 ⁸⁸
488 4612 542 4665 Id
547 4622 655 4684 ,ρει
682 4614 884 4683 scripsi.
920 4613 1045 4667 Vide
1069 4612 1337 4667 Mabillon.
1371 4622 1522 4667 notas
1549 4611 1603 4666 in
1632 4612 1787 4681 epist.
1819 4613 1923 4670 504

338 4685 516 4736 salicti
550 4684 819 4735 Ucrnat'di.

428 4760 452 4788 ε
493 4752 565 4803 Ea
600 4765 727 4804 voce
753 4752 907 4804 dolus
934 4766 1027 4806 seu
1067 4751 1318 4821 qurelibet
1348 4767 1434 4807 ars
1460 4752 1526 4806 ad
1565 4752 1790 4808 alterum
1821 4756 1925 4809 cir-

348 4821 798 4876 cumveniendum
835 4823 1141 4890 designatur
1168 4823 1307 4892 apud
1349 4824 1664 4892 Gregorium
1696 4835 1751 4879 et
1777 4834 1922 4880 vete-

352 4906 444 4946 res
470 4892 639 4962 gentis
686 4901 1177 4962 posin-auctores.
1213 4891 1342 4946 Vide
1386 4891 1613 4962 Bignon.
1662 4911 1713 4948 in
1752 4896 1851 4962 lib.
1888 4910 1925 4950 Il

355 4960 591 5034 Marrculli
619 4960 699 5034 ad
739 4974 860 5028 cap.
888 4961 985 5027 36,
1014 4973 1067 5016 ct
1106 4964 1428 5016 Alteserram
1456 4960 1526 5017 ἰιι
1556 4978 1677 5033 cap.
1702 4960 1795 5034 28,
1831 4966 1925 5021 lib.

348 5049 404 5088 av
433 5029 589 5100 hujus
616 5032 879 5084 llistortze.

433 5100 449 5139 ί
483 5099 787 5171 ιᾷιοεειιάιιιη
834 5106 958 5175 puto
984 5099 1236 5155 dolorem.
1290 5101 1422 5175 Vide
1448 5102 1580 5175 infra
1633 5120 1754 5175 cap.
1788 5106 1847 5161 5i
1876 5114 1931 5162 et

348 5171 458 5236 .55;
484 5176 661 5224 dolum
707 5185 880 5224 tntltett
934 5174 1075 5224 hunc
1116 5173 1336 5238 exponit
1371 5174 1611 5228 Valesius
1651 5171 1719 5230 de
1759 5186 1932 5232 morte

354 5243 656 5307 Mummoti,
688 5258 846 5311 quam
901 5244 1055 5309 hujus
1079 5242 1173 5295 lilii
1196 5244 1372 5296 obitus
1428 5245 1709 5300 occasione
1740 5248 1935 5302 Frede-

352 5315 548 5381 gnndis
574 5316 670 5380 ipsi
703 5326 904 5366 tnzensa
923 5324 1245 5379 procuravtt,
1268 5312 1402 5366 intra
1425 5329 1541 5382 cap.
1558 5313 1645 5367 55.
1671 5316 1933 5372 therutn

360 5392 537 5456 exstat
567 5386 616 5433 in
656 5385 885 5456 MIICIIIII
918 5385 1008 5435 lib.
1039 5397 1055 5435 I
1086 5386 1333 5446 tortnula,
1376 5401 1495 5452 qua:
1516 5395 1600 5439 est
1632 5384 1720 5453 39,
1750 5387 1816 5441 Ut
1839 5404 1932 5456 pro

358 5454 623 5503 trutinam
650 5454 803 5520 regis,
832 5468 972 5505 81cm
1007 5456 1119 5520 ipso
1152 5463 1270 5506 ortu
1298 5469 1480 5520 regum
1508 5466 1806 5511 nostrarum
1838 5454 1929 5512 lilii

360 5535 516 5597 reges
541 5524 961 5597 appellabantur,
994 5524 1200 5593 ingenui
1226 5525 1541 5581 relaxentur.
1577 5525 1776 5595 Decjus
1805 5528 1935 5597 bap-

360 5591 520 5643 ιίειιιο
553 5592 681 5642 inira
708 5605 826 5654 cap.
852 5593 943 5646 ‘27.

435 5666 462 5707 σ
492 5660 643 5733 Quod
664 5660 811 5729 plura
842 5664 907 5715 de
935 5663 1013 5716 his
1054 5681 1170 5732 qua:
1201 5665 1491 5732 pertulerat
1526 5681 1553 5717 a
1585 5664 1842 5733 Dynamio
1879 5666 1931 5721 in

362 5744 483 5809 cap.
516 5729 571 5784 11
600 5744 761 5809 supra
809 5729 1250 5809 retulerit.:Unde
1279 5738 1400 5790 licet
1423 5740 1475 5789 in
1498 5729 1656 5809 codd.
1687 5735 1847 5788 Corb.
1875 5746 1934 5809 et

364 5801 517 5859 Colb.
552 5801 891 5857 undecimum
920 5818 1027 5858 non
1080 5805 1359 5866 habeatur,
1389 5821 1455 5863 ex
1494 5806 1597 5861 hoc
1653 5816 1831 5862 tamen
1867 5807 1933 5860 12

2016 3310 2083 3350 eo
2105 3297 2221 3348 loco
2242 3293 2511 3361 delapsus,
2545 3290 2780 3345 dimissis
2831 3291 3020 3343 iterum
3052 3289 3278 3359 capillis,
3309 3290 3373 3342 ad
3401 3289 3592 3344 Narse-

2019 3397 2122 3440 tent
2153 3384 2306 3451 abiit,
2340 3385 2429 3452 qui
2458 3383 2621 3454 298
2652 3393 2773 3435 tunc
2802 3381 3201 3450 Italmprmerat
3225 3382 3402 3451 ibique
3425 3398 3593 3437 uxore

2016 3486 2254 3545 accepta,
2307 3476 2443 3529 ﬁlios
2504 3475 2821 3546 procreavit,
2867 3486 2920 3528 ct
2964 3474 3030 3528 ad
3079 3476 3594 3546 Constantinopolim

2017 3567 2260 3623 accessit.
2297 3566 2444 3633 Inde,
2472 3576 2527 3620 ut
2558 3568 2753 3632 lerunt,
2778 3574 2895 3633 post
2921 3565 3085 3619 multa
3112 3574 3370 3635 tempora,
3402 3580 3431 3619 a
3463 3582 3595 3636 quo-

2019 3663 2140 3715 dam
2166 3662 2419 3715 invitatns
2450 3670 2503 3714 ut
2534 3660 2742 3727 veniret
2770 3659 2821 3713 in
2840 3658 3060 3723 Gallias,
3090 3658 3377 3711 Massiliam
3406 3658 3598 3726 appul-

2020 3768 2133 3823 sus,
2167 3770 2195 3806 a
2220 3751 2503 3817 Theodoro
2532 3751 2784 3819 episcopo
2812 3760 3095 3817 susceptus
3129 3757 3231 3802 est.
3267 3748 3333 3801 Et
3354 3749 3378 3784 ι
3410 3750 3478 3800 ab
3505 3761 3598 3800 eo-

2020 3846 2143 3899 dem
2190 3847 2351 3898 etiam
2405 3842 2637 3912 acceptis
2674 3841 2942 3911 equitibus
2971 3839 3045 3912 [1.
3088 3838 3283 3912 cquis],
3315 3839 3600 3894 Mummolu

2023 3941 2144 3995 duci
2172 3940 2493 4009 canjunctus
2523 3950 2625 3994 est.
2662 3937 2786 3991 Erat
2821 3947 2999 3991 autem
3033 3944 3157 3989 tunc
3196 3934 3513 3989 Mummolus
3543 3936 3601 3991 in

2024 4034 2247 4087 civitate
2268 4030 2563 4095 Avennica,
2594 4031 2732 4084 sicut
2757 4043 2915 4098 supra
2943 4028 3054 4098 jam
3080 4027 3309 4082 diximus
3341 4025 3493 4098 (Cap.
3522 4028 3601 4095 1).

2025 4124 2456 4180 Guntchramnus
2487 4136 2613 4178 vero
2656 4120 2763 4176 dux
2810 4122 3206 4191 apprehensum
3260 4119 3603 4177 Theodorum

2027 4278 2221 4343 capite,
2252 4276 2392 4345 quod
2422 4275 2475 4331 in
2499 4284 2725 4344 utroque
2745 4274 2930 4330 codice
2954 4282 3149 4345 exstat,
3184 4282 3324 4345 patet
3352 4274 3419 4328 ab
3448 4274 3591 4328 inter

2029 4343 2393 4416 polatoienon
2417 4349 2578 4400 tuisse
2598 4343 2857 4399 additum.
2880 4345 3043 4399 Porro
3056 4343 3449 4416 Gundomadum
3471 4360 3587 4399 sem

2034 4415 2126 4486 per
2150 4417 2489 4485 seripsimus,
2518 4430 2636 4486 qua:
2683 4416 2841 4469 lectio
2869 4424 2953 4470 est
2995 4416 3155 4470 codd.
3181 4427 3338 4482 mss.,
3370 4415 3498 4469 licet
3548 4416 3605 4470 in

2030 4485 2189 4541 editis
2215 4486 2584 4540 Gundobaldus
2604 4485 2831 4539 dicatur.

1957 4571 2009 4629 ι)
2106 4556 2131 4629 ’ἦ
2166 4558 2296 4629 Ilide
2324 4558 2457 4610 inl'ra
2479 4557 2582 4629 lib.
2612 4569 2882 4629 viti,_‘cap.
2907 4557 2993 4618 10,
3016 4565 3071 4610 et
3099 4556 3317 4624 passim.

2122 4625 2137 4665 ί
2164 4628 2374 4683 Seniori
2414 4627 2651 4693 scilicet,
2681 4623 3011 4682 Chiliteberti
3050 4623 3176 4681 tunc
3205 4623 3479 4695 regnantis
3508 4638 3607 4694 pa.

2030 4707 2171 4754 truo.

2107 4769 2121 4819 i
2152 4767 2431 4823 Coloniam
2456 4779 2485 4819 a
2512 4764 2728 4820 Francis
2757 4768 2835 4822 sic
2854 4764 3171 4836 appellatam
3187 4764 3371 4819 volunt
3387 4762 3592 4836 Borico

2034 4839 2376 4904 Hincmarns,
2428 4835 2625 4906 aliique
2683 4838 2845 4891 etiam
2891 4834 3247 4906 ‘vetustiores
3294 4834 3611 4906 scriptores,

2033 4909 2175 4978 quod
2206 4908 2345 4963 forte
2364 4903 2482 4963 eam
2509 4903 2826 4978 simpliciter
2853 4906 3131 4978 Coloniam
3167 4904 3326 4978 primi
3372 4903 3612 4978 appella~

2034 4973 2114 5033 vei
2132 4979 2230 5042 int,
2261 4981 2462 5033 omisso
2498 4973 2804 5046 Agrippina:
2832 4977 3115 5046 vocabulo,
3149 4973 3366 5044 proprio
3389 4973 3527 5043 ejus,
3560 4982 3616 5031 ut

2034 5049 2264 5112 videtur,
2288 5047 2505 5102 nomine
2523 5064 2537 5105 :
2557 5045 2690 5101 cum
2721 5045 3057 5101 solummodo
3083 5046 3233 5115 quasi
3272 5046 3616 5115 per_tnodutn

2033 5119 2268 5187 adjuncti
2299 5126 2453 5172 antea
2474 5117 2693 5171 Colonia
2709 5117 2998 5179 diceretur,
3028 5124 3085 5169 ut
3102 5112 3327 5187 Colonia
3358 5112 3614 5187 Trajana,

2034 5184 2255 5243 Colonia
2283 5190 2540 5256 Angusta,
2565 5190 2787 5256 aliaeque
2809 5187 2989 5249 urbes,
3022 5189 3076 5239 in
3108 5184 3493 5256 quasﬁomani
3521 5198 3617 5256 co-

2038 5260 2212 5312 lonias
2240 5253 2591 5312 deduxerant.
2627 5253 2714 5310 Ea'
2736 5266 2913 5311 autem
2949 5256 3046 5310 luit
3075 5258 3203 5310 urbs
3246 5253 3527 5319 Ubiorum,
3560 5255 3616 5308 in

2039 5344 2140 5395 qua
2173 5339 2292 5382 nata
2321 5328 2551 5382 estJulia
2579 5328 2864 5397 Agrippina
2892 5326 3115 5380 Neronis
3130 5335 3319 5391 mater,
3352 5338 3471 5390 qua:
3490 5338 3617 5397 cum

2037 5392 2260 5453 Claudio
2292 5401 2421 5465 imp.
2453 5392 2759 5466 nupsrs'set,
2790 5399 3051 5450 coloniam
3099 5399 3457 5466 Romanorum
3477 5392 3621 5466 illuc

2039 5470 2229 5523 deduci
2260 5464 2561 5536 imperavit,
2610 5470 2839 5537 indeque
2860 5469 2927 5519 ab
2971 5467 3087 5536 ejus
3145 5466 3355 5537 nomine
3398 5464 3621 5537 Colonia

2040 5535 2500 5608 Agrippina’dicm
2531 5549 2646 5603 est,
2680 5535 2944 5591 ut'narrat
2964 5535 3184 5591 Tacitus
3216 5535 3310 5588 lib.
3338 5549 3409 5586 sit
3432 5535 3621 5587 Anna-

2038 5611 2187 5662 lium.

2041 5749 2081 5805 c
2113 5678 2237 5801 kbEt
2269 5678 2353 5745 ab,
2380 5686 2508 5745 etc.,
2553 5693 2721 5749 usque
2762 5677 2827 5732 ad
2869 5679 3167 5747 conjuncta;
3188 5684 3259 5731 est
3280 5713 3297 5740 ,
3329 5675 3526 5730 desunt
3570 5674 3621 5728 in

2087 5764 2146 5805 or
2185 5786 2200 5804 .

2087 5764 2200 5807 ΟΠ).

3629 3090 3659 3115 ο
