3974 6174
482 305 588 359 335

1471 297 1531 352 s.
1573 293 1899 350 cnecontt
1943 292 2246 348 EI’ISt;Ol‘I
2292 273 2728 348 Iunones-sis

3646 297 3757 352 εδδ

479 417 657 471 vernis
685 412 890 467 .dduxit
917 426 933 468 :
959 410 1052 466 sed
1084 417 1205 478 post
1231 423 1426 480 paucos
1467 407 1584 462 dies
1614 408 1940 461 Avenionem
1970 419 2052 459 re—
2083 409 2128 464 Α
2161 405 2350 473 puellze
2379 404 2596 459 Michael
2643 405 2860 475 angelus
2888 408 3146 474 suscepit.
3172 416 3226 460 et
3248 408 3361 477 ipse
3389 423 3509 462 eam
3541 412 3605 462 ad
3637 426 3758 466 ece-

481 523 695 578 gressus
726 514 828 560 est.

553 594 766 652 XXVII.
795 595 1129 661 Chilpericus
1155 609 1244 647 rex
1277 593 1436 663 301
1467 590 1642 661 pridie
1667 605 1822 658 quam
1856 587 2056 643 Pascha
2115 662 2126 666 _

473 680 864 752 celebraretur,
890 686 1120 741 Parisios
1145 686 1295 738 abiit.
1331 685 1394 738 Et
1423 695 1479 737 ut
1511 681 1814 746 maledicto,
1840 679 1978 748 quod
2005 680 2056 734 in

482 780 724 852 pactione
751 795 842 831 sua
867 785 920 831 et
950 776 1168 829 fratrum
1198 789 1414 827 suorum
1446 772 1805 841 conscriptum
1834 778 1970 835 erat,
2001 777 2058 822 ut

478 873 655 928 nullus
684 885 873 926 eorum
903 869 1135 923 Parisios
1167 869 1282 920 sine
1329 868 1547 920 alterius
1576 864 1843 917 voluntate
1885 862 2059 928 ingre-

479 965 695 1018 deretur
745 961 842 1026 (γ.
868 959 955 1016 lib.
981 975 1076 1023 vn,
1107 975 1154 1012 ε.
1205 957 1284 1028 6),
1334 971 1518 1010 carexe
1571 965 1771 1024 posset,
1818 951 2057 1019 reliquiis

475 1065 779 1108 sanctorum
797 1055 1089 1105 ntultorum
1108 1047 1549 1117 pra-cedentibus,
1576 1045 1761 1098 urbem
1785 1044 2058 1110 ingressus

477 1147 846 1215 cst;diesque
871 1143 1090 1198 Pascha:
1140 1156 1260 1193 cum
1294 1139 1457 1192 multa
1502 1136 1834 1206 jocunditate
1865 1134 2053 1196 tenuit,

478 1243 750 1309 ftliumque
771 1251 924 1290 suum
979 1229 1506 1300 baptismotradidit.
1550 1243 1705 1297 quem
1753 1225 2058 1293 Ragnemo—

473 1336 573 1388 dus
603 1331 769 1402 ipsius
793 1327 939 1381 urbis
969 1324 1218 1379 sacerdos
1247 1322 1313 1375 de
1340 1321 1549 1375 lavacro
1580 1327 1767 1373 sancto
1793 1316 2051 1384 suscepit,

472 1410 752 1494 ipsumque
792 1416 1183 1472 Theodericum
1215 1413 1432 1466 vocitari
1463 1412 1734 1479 pra-cepit.

545 1508 780 1566 XXVIII.
805 1507 1011 1560 Marcus
1039 1517 1248 1573 quoque
1275 1500 1686 1562 referendarius,
1712 1497 1864 1566 cujus
1890 1508 2050 1562 supra

472 1605 816 1662 meminimus
861 1599 977 1670 (lib.
1020 1613 1070 1661 v,
1105 1613 1218 1666 cap.
1253 1593 1370 1660 29),
1421 1602 1539 1661 post
1587 1600 1933 1658 congregatos
1984 1585 2052 1639 de

471 1695 665 1763 iniquis
710 1687 1160 1756 descriptionibus
1201 1684 1480 1737 thesauros
1502 1723 1516 1746 ,
1542 1680 1716 1733 subito
1745 1680 1926 1733 lateris
1956 1681 2052 1731 do-

2165 497 2245 550 los
2273 497 2473 552 evehit.
2507 497 2761 566 Princeps
2790 514 2916 553 vero
2944 509 3146 560 noster,
3175 516 3328 569 quem
3363 517 3455 555 vos
3477 503 3544 555 di.
3563 501 3754 559 bolum

2161 589 2449 643 nominatis
2493 589 2624 642 nihil
2659 590 2708 640 in
2740 604 2802 644 ea
2850 590 3218 658 partieipatnr.
3246 593 3368 645 Post
3394 593 3509 646 haec
3550 608 3752 662 corpus

2159 679 2310 747 aquis
2363 679 2601 733 ablutum
2633 680 2704 734 ita
2750 680 2775 716 ει
2819 682 3054 736 candore
3109 683 3266 737 niveo
3318 685 3638 754 refulgebat,
3689 697 3754 740 ut

2162 772 2367 826 nullum
2440 773 2661 826 linteum
2743 775 2981 842 reperire
3043 776 3310 830 abbatissa
3388 777 3649 843 potuisset
3692 780 3748 832 in

2165 872 2434 932 promptu,
2459 864 2598 932 quod
2631 878 2855 932 corpore
2877 863 3156 919 candidius
3182 875 3495 920 cerneretur
3516 909 3532 933 ,
3560 868 3746 921 induta

2161 965 2333 1008 tamen
2359 956 2536 1010 linteis
2568 957 2802 1021 mundis,
2829 957 3118 1025 sepulturae
3158 961 3403 1013 mandata
3451 971 3554 1014 est.
3610 962 3746 1015 Nam

2157 1055 2211 1099 et
2265 1047 2368 1098 alia
2408 1046 2581 1114 puella
2617 1046 2775 1116 hujus
2821 1049 3132 1119 monasterii
3179 1051 3348 1104 visum
3380 1052 3552 1117 vid-t,
3597 1052 3747 1118 quod

2155 1135 2426 1188 sororibus
2461 1137 2662 1189 retulit.
2716 1136 2960 1200 Putabat,
3007 1139 3220 1206 inquit,
3265 1155 3324 1193 se
3373 1139 3478 1192 iter
3525 1142 3746 1208 aliquod

2154 1224 2421 1279 conficere
2445 1265 2458 1287 ,
2492 1234 2544 1279 et
2569 1236 2683 1280 erat
2709 1228 2756 1280 ei
2790 1238 2968 1280 votum
3001 1237 3059 1281 ut
3088 1231 3153 1281 ad
3188 1230 3387 1284 fontem
3417 1232 3592 1286 vivum
3616 1248 3746 1299 gra-

2151 1314 2305 1366 'diens
2337 1315 2668 1381 perveniret.
2704 1308 2940 1394 (\Lumque
2970 1319 3106 1373 viam
3132 1322 3384 1385 nesciret,
3418 1321 3498 1375 vir
3527 1325 3744 1390 quidam

2155 1420 2214 1458 se
2243 1405 2454 1459 obviam
2485 1409 2694 1472 obtulit,
2724 1409 2907 1462 dicens
2933 1425 2947 1462 :
2981 1412 3034 1462 Si
3063 1452 3077 1472 ,
3103 1412 3306 1478 inquit,
3335 1415 3418 1467 vis
3443 1417 3507 1466 ad
3541 1417 3742 1469 fontem

2155 1500 2334 1552 vivum
2358 1503 2615 1553 acoedere
2639 1539 2656 1564 ,
2689 1516 2786 1568 ego
2810 1515 2902 1554 ero
2931 1504 3157 1568 pnevins
3190 1504 3396 1558 it-neris
3429 1507 3525 1560 tui.
3553 1510 3620 1559 At
3653 1510 3741 1562 ilia

2153 1592 2347 1657 gratias
2377 1607 2474 1660 age
2499 1606 2560 1656 IS,
2589 1592 2909 1660 sequebatur
2938 1594 3346 1658 ιιι-Α-(οθιιειιιιεηι.
3393 1597 3598 1661 Quibus
3625 1610 3741 1648 am-

2153 1680 2458 1734 bulantibns
2493 1723 2507 1745 ,
2543 1693 2900 1746 pervenerunt
2939 1683 3001 1733 ad
3037 1683 3232 1737 fontem
3267 1702 3510 1753 maguum
3539 1729 3553 1746 .
3586 1689 3741 1753 cujus

472 1785 587 1839 lore
609 1783 859 1836 detentus
885 1818 900 1842 ,
952 1786 1111 1846 caput
1155 1773 1425 1838 totondit,
1475 1782 1632 1841 atque
1683 1771 2047 1839 pmnitentiam
2082 1785 2129 1844 Β
2158 1789 2309 1842 aqua:
2341 1781 2591 1840 tanquam
2625 1789 2812 1825 attrttttt
2846 1773 3198 1840 splendebant
3227 1785 3251 1811 ε
3278 1815 3291 1836 ,
3327 1777 3506 1830 herba:
3535 1794 3660 1831 vero
3686 1779 3740 1832 in

465 1879 733 1947 accipiens
755 1883 780 1911 ιι
803 1873 1047 1941 Spiritum
1079 1867 1370 1932 exhalavit,
1413 1880 1606 1934 resque
1633 1865 1749 1931 ejus
1785 1865 1910 1918 fisco
1937 1865 2048 1918 co'-

467 1972 590 2026 Iata:
632 1974 795 2027 sunt;
827 1978 946 2016 nam
978 1958 1156 2030 magni
1180 1957 1376 2012 ibidem
1423 1955 1664 2010 thesauri
1689 1969 1752 2008 ex
1784 1968 1915 2007 auro
1962 1968 2048 2009 ar-

463 2048 752 2130 gentoque,
777 2065 831 2109 et
855 2051 1139 2106 multarmn
1171 2048 1471 2117 specierum
1517 2044 1715 2114 reperti
1745 2053 1888 2110 sunt,
1915 2043 2047 2098 nihil

463 2155 653 2211 exinde
676 2167 856 2208 secum
881 2148 1021 2202 aliud
1048 2155 1285 2216 portans,
1306 2145 1404 2198 nisi
1434 2143 1625 2196 anima:
1645 2141 2043 2194 detrimentum.

533 2243 730 2302 XXIX.
770 2239 953 2308 Legati
987 2239 1052 2293 de
1081 2235 1351 2304 Hispaniis
1383 2232 1583 2287 reversi
1631 2229 1761 2284 nihil
1804 2229 1934 2284 certi
1963 2242 2048 2282 reo

465 2339 894 2397 nuntiaverunt,
936 2347 1000 2385 eo
1032 2329 1173 2400 quod
1225 2325 1608 2382 Leuvichildno
1652 2331 1838 2377 contra
1880 2322 2042 2375 filium

464 2447 620 2487 suum
646 2429 914 2484 seniorem
967 2424 1021 2479 in
1061 2422 1294 2476 exercitu
1340 2419 1622 2474 resideret.
1669 2417 1724 2472 In
1775 2425 2044 2470 monaste-

399 2511 402 2513 ’
461 2524 543 2577 rio
569 2519 597 2559 δ
629 2528 806 2573 autem
838 2519 1007 2569 beatae
1037 2511 1396 2581 Radegttntlis.
1441 2508 1612 2578 puella
1642 2506 1916 2577 quaedam,
1946 2520 2043 2559 no-

463 2613 607 2669 mine
637 2609 863 2666 Disciola
896 2618 944 2670 ε,
973 2621 1091 2675 qua:
1117 2605 1254 2658 beati
1284 2602 1448 2658 Salvii
1476 2599 1778 2668 Albigensis
1801 2595 2042 2665 episcopi

459 2707 632 2776 neptis
655 2710 790 2766 erat,
818 2698 951 2754 obiit
976 2698 1077 2751 hoc
1103 2694 1282 2749 modo.
1312 2692 1444 2748 Cum
1486 2700 1745 2760 mgrotarc
1765 2689 2038 2757 cmpisset,

455 2808 512 2854 et
538 2799 586 2854 ei
608 2795 819 2852 assidue
849 2805 1065 2846 Sorores
1093 2788 1212 2842 alia:
1242 2785 1596 2848 deservirem,
1631 2781 1779 2836 venit
1800 2781 1914 2834 dies
1950 2780 2040 2834 ille

456 2905 563 2961 quo
592 2887 845 2956 migraret
878 2896 908 2936 a
937 2893 1163 2948 corpore
1189 2894 1208 2942 ς
1231 2886 1285 2931 et
1335 2875 1482 2928 circa
1525 2874 1710 2928 horam
1743 2887 1937 2926 nonam
1966 2871 2040 2925 ait

459 2960 731 3037 Sororibus
758 2994 770 3030 :
801 2974 941 3028 Ecce
966 2972 1077 3042 jam
1109 2970 1359 3024 leviorem
1393 2980 1476 3019 me
1513 2965 1688 3018 sentio
1713 2980 1728 3030 ;
1757 2978 1884 3018 ecce
1907 2960 2036 3016 nihil

455 3074 630 3129 doleo.
657 3069 1004 3125 Nuncautem
1036 3078 1138 3116 non
1177 3068 1261 3116 est
1291 3072 1509 3112 necesse
1554 3056 1896 3110 sollicitudini
1949 3071 2038 3108 ve-

2154 1869 2369 1919 tnodum
2399 1864 2731 1918 dive-sarum
2757 1881 3084 1932 gemmarum
3132 1882 3328 1919 vet-nan
3356 1884 3386 1921 e
3418 1868 3531 1922 luce
3563 1872 3654 1923 rad
3680 1886 3739 1923 a—

2152 1955 2298 2010 bant.
2339 1959 2401 2008 lat
2429 1958 2501 2008 ait
2537 1957 2614 2009 vir
2647 1956 2709 2009 ad
2741 1973 2856 2009 eam
2891 1972 2903 2008 :
2933 1958 3066 2011 Ecce
3097 1958 3292 2010 fontem
3326 1961 3500 2013 vivum
3528 2002 3541 2022 ,
3576 1978 3736 2028 quem

2152 2051 2321 2103 multo
2346 2051 2526 2105 labore
2558 2051 2814 2118 tlePSlSll.
2851 2051 3059 2104 Saliare
3093 2068 3227 2109 nttnc
3257 2053 3322 2106 ab
3352 2053 3470 2120 ejus
3495 2055 3728 2122 llnentis,

2148 2149 2209 2194 ιιι
2238 2141 2324 2193 fiat
2357 2141 2445 2193 tibi
2477 2142 2590 2193 lous
2636 2156 2787 2209 aqua:
2821 2141 2955 2195 VthL‘
2995 2143 3236 2197 salientis
3264 2147 3313 2197 in
3371 2147 3534 2200 vitam
3578 2157 3737 2200 mter-

2151 2246 2296 2286 nam.
2324 2232 2564 2301 Cumque
2610 2231 2696 2285 illa
2729 2233 2885 2285 avide
2908 2248 2970 2286 ex
3015 2234 3097 2286 his
3133 2237 3282 2303 aquis
3313 2235 3577 2300 hauriret,
3607 2256 3736 2294 ecce

2143 2323 2217 2374 ab
2243 2321 2346 2374 alia
2374 2333 2522 2390 parte
2556 2323 2799 2376 veniebat
2821 2324 3112 2386 abbatissa,
3142 2335 3197 2380 et
3228 2328 3548 2381 denudatum
3581 2338 3735 2396 pne:-

2149 2415 2254 2468 lam
2289 2413 2451 2466 induit
2479 2429 2592 2466 eant
2622 2423 2770 2468 veste
2801 2414 2967 2483 regia;
2999 2431 3115 2483 qua:
3143 2424 3282 2468 tanta
3309 2418 3373 2471 ltn
3393 2433 3444 2483 e,
3468 2433 3734 2489 auroque,

2147 2516 2198 2561 et
2223 2506 2504 2558 monilibus
2529 2505 2850 2574 refulgebat,
2878 2516 2933 2560 nt
2955 2509 3036 2558 vis
3065 2518 3240 2574 posset
3264 2510 3494 2574 intendi,
3519 2511 3734 2568 dicente

2145 2599 2247 2652 sibi
2291 2597 2606 2652 abbatissa:
2651 2600 2890 2665 Sponsus
2917 2598 3058 2652 enim
3096 2608 3216 2654 tuus
3261 2602 3423 2656 mittit
3473 2605 3563 2658 tibi
3617 2608 3734 2661 ba:c

2146 2705 2386 2744 tnnnera.
2438 2691 2565 2743 Il.rc
2607 2706 2726 2744 cum
2773 2691 2950 2758 puella
2995 2692 3253 2757 vidisset,
3292 2707 3608 2763 compuncta
3648 2712 3734 2752 est

2145 2782 2326 2846 corde,
2361 2793 2409 2836 et
2446 2781 2603 2851 303
2636 2792 2749 2849 post
2777 2782 2890 2835 dies
2918 2798 3110 2849 paucos
3141 2785 3344 2852 rogavit
3374 2787 3726 2855 abbatissam,

2147 2883 2198 2926 ttt
2229 2873 2327 2926 sibi
2355 2873 2402 2925 in
2434 2889 2534 2942 qua
2567 2875 2634 2926 in:
2657 2872 2928 2927 ludere-nr
2957 2874 3200 2927 c-llulatn
3228 2889 3571 2943 praepararet.
3603 2882 3670 2932 At
3703 2877 3722 2918 ‘

2145 2964 2231 3018 illa
2269 2963 2515 3034 velociter
2548 2964 2777 3030 perfecta
2803 3004 2818 3028 ,
2845 2964 2918 3018 ait
2949 2981 2962 3018 :
2993 2965 3125 3019 Ecce
3146 3007 3161 3030 ,
3213 2969 3412 3035 inquit,
3446 2971 3728 3034 cellulam;

2145 3057 2270 3126 quid
2303 3071 2440 3110 nunc
2468 3056 2785 3110 desidetas?
2815 3057 2992 3110 Puella
3047 3072 3171 3111 vero
3203 3058 3351 3125 petiit
3385 3101 3398 3125 ,
3443 3071 3496 3112 ιιι
3524 3062 3729 3116 recludi

405 3165 414 3170 “
455 3176 601 3230 sum,
635 3171 691 3216 ut
714 3157 842 3214 mihi
889 3170 1033 3210 cura:
1080 3153 1275 3222 aliquid
1332 3148 1646 3218 impendatis
1669 3192 1684 3216 ,
1735 3148 1827 3203 sed
1862 3149 2036 3216 potius
2063 3148 2111 3212 ο
2143 3148 2559 3214 pet-tititteretnr.
2613 3148 2761 3212 Quod
2795 3164 2916 3201 eum
2953 3148 3002 3204 ei
3037 3149 3331 3218 pra'stitum
3377 3151 3578 3217 fuisset,
3601 3169 3734 3208 con-

455 3254 757 3310 disceditea
793 3266 903 3317 tne,
932 3262 1038 3318 quo
1067 3245 1272 3298 facilius
1301 3243 1479 3311 sopori
1520 3242 1750 3296 relaxer.
1785 3240 1906 3294 llaec
1934 3254 2032 3292 au-

457 3349 667 3401 dientes
709 3357 922 3397 sororcs
973 3338 1110 3407 ejus,
1154 3343 1492 3390 recesserunt
1544 3346 1827 3401 parumper
1871 3348 1898 3382 a
1929 3332 2033 3384 uel.

457 3440 587 3502 lula,
620 3445 670 3490 et
701 3442 821 3503 post
859 3431 1128 3499 paululum
1157 3427 1508 3480 advenerunt.
1560 3425 1794 3494 Denique
1843 3424 2004 3477 stanti

455 3533 553 3584 bus
584 3527 690 3582 illis
711 3538 890 3578 ceram
921 3535 1016 3584 ea,
1045 3518 1427 3588 exspectabant
1458 3516 1583 3585 quid
1617 3517 1682 3570 ab
1711 3516 1799 3570 iila
1855 3516 2036 3590 elocu-

452 3620 612 3674 tionis
639 3617 900 3668 audirent.
936 3613 1048 3679 Ipsa
1093 3619 1269 3664 autem
1302 3611 1550 3679 expansis
1586 3609 1827 3662 manibus
1872 3607 2038 3661 bene-

453 3707 738 3763 dictionem
770 3721 799 3758 a
825 3703 1004 3757 nescio
1031 3717 1133 3771 quo
1177 3699 1492 3770 efflagitans,
1529 3702 1639 3755 ait:
1668 3700 1919 3766 Benedic,
1949 3701 2029 3752 in-

457 3802 592 3868 quit.
621 3798 772 3863 tnihi,
797 3808 979 3850 sancte
1003 3810 1064 3848 ac
1099 3793 1296 3849 l'amule
1339 3793 1430 3848 Dei
1458 3793 1680 3848 excelsi.
1721 3793 1855 3846 Ecce
1889 3794 2030 3846 enim

453 3895 560 3963 jam
577 3891 731 3945 tertio
749 3888 983 3956 fatigaris
999 3887 1270 3941 hodiemei
1291 3901 1470 3940 causa.
1491 3885 1553 3938 Et
1569 3900 1690 3952 cur,
1711 3895 1916 3948 sancte,
1940 3903 1949 3952 ι
1973 3901 2032 3939 ro

455 3983 664 4038 inﬁrma
722 3979 1031 4034 mn'iercuL't
1077 3978 1292 4032 crebras
1322 3977 1544 4047 injurias
1573 3978 1806 4031 sttslittea
1827 3977 1848 4029 ?
1870 3978 2032 4048 302

449 4072 905 4142 [interrogantibus
945 4085 1072 4124 vero
1100 4068 1202 4122 illis
1233 4109 1250 4134 ,
1280 4067 1344 4120 ad
1373 4082 1530 4135 quem
1579 4071 1693 4122 tunc
1720 4067 1880 4122 verba
1911 4084 2032 4135 pro.

451 4168 633 4228 ferret,
663 4165 880 4232 penitus
912 4176 1014 4214 non
1045 4169 1130 4214 est
1159 4158 1336 4214 etLta.
1366 4158 1518 4212 Tunc
1547 4159 1686 4213 laeto
1711 4157 1924 4213 modico
1952 4159 2032 4214 in-

457 4258 711 4322 tervallo,
735 4254 912 4310 emisit
939 4267 1120 4307 vocem
1147 4265 1390 4321 magnam
1423 4265 1543 4305 cum
1567 4250 1698 4317 risu,
1725 4259 1780 4304 et
1805 4251 1882 4306 sic
1925 4260 2034 4304 tra-

438 4353 586 4408 didit
626 4349 894 4419 splritum.
951 4345 1171 4399 Etecce
1217 4343 1431 4412 quidam
1481 4357 1894 4413 ettergumcnus,
1941 4342 2031 4411 qui

449 4454 574 4498 tunc
598 4443 662 4496 ad
695 4442 868 4495 beata
896 4436 1081 4492 Crucis
1105 4436 1330 4508 gloriam
1353 4436 1691 4492 mundandtts
1717 4435 2027 4503 advenerat,

2133 3239 2364 3306 gregalis
2389 3237 2679 3306 virginibus
2725 3253 2845 3292 cum
2899 3255 3090 3309 magno
3115 3241 3392 3307 psalltntio
3420 3287 3434 3307 ,
3475 3259 3723 3300 accensa

2137 3329 2345 3393 lampad
2372 3329 2488 3394 bus,
2526 3339 2739 3384 tenente
2769 3331 2868 3384 sibi
2892 3334 3066 3400 ‘hcata
3114 3330 3442 3401 Radeguude
3489 3351 3730 3404 manum,

2135 3423 2198 3474 ad
2235 3421 2406 3474 locum
2443 3437 2610 3488 usque
2654 3421 2978 3488 perducitur.
3011 3423 3076 3475 Et
3105 3425 3182 3476 sic
3214 3425 3329 3476 νςιιυ
3375 3425 3575 3480 faciens
3606 3444 3728 3480 ont-

2137 3513 2309 3574 nibns,
2359 3525 2412 3568 et
2457 3517 2708 3568 osculans
2764 3515 3002 3584 singulas
3049 3531 3315 3584 quasque,
3365 3530 3572 3572 rectusa
3617 3531 3728 3574 est.

2135 3606 2526 3675 Obstructoijue
2572 3607 2717 3660 aditu
2770 3623 2863 3674 per
2902 3621 3065 3684 quem
3123 3608 3358 3678 ingressa
3411 3615 3598 3677 fuerat,
3654 3612 3730 3670 ibi

2136 3714 2277 3752 ιιιιιιο
2302 3699 2528 3752 orationi
2557 3714 2618 3752 ac
2650 3698 2859 3753 lectioni
2891 3706 3061 3750 verat.

2211 3801 2376 3855 XXX.
2425 3803 2534 3857 lloc
2569 3816 2712 3855 anno
2760 3781 3007 3855 Tiberius
3055 3802 3346 3872 imperator
3395 3803 3641 3872 migratit
3685 3823 3725 3861 ει

2134 3893 2350 3957 είιιειιιο,
2387 3909 2635 3961 magnum
2663 3892 2860 3946 luctum
2892 3893 3198 3960 relinquens
3230 3908 3312 3961 poi
3337 3893 3436 3947 ulis
3477 3901 3544 3949 dc
3571 3897 3724 3951 obitu

2107 3998 2250 4056 suo.
2288 3983 2596 4037 Erat'enim
2653 3996 2876 4036 summa:
2933 3983 3208 4047 bonitatis,
3265 3984 3315 4037 in
3365 3986 3729 4056 eleemosynis

2137 4085 2414 4144 promptus
2439 4115 2452 4134 ,
2482 4074 2532 4127 itt
2577 4073 2792 4142 judiciis
2815 4075 3015 4144 justus,
3048 4075 3098 4128 in
3139 4074 3432 4144 iudicando
3469 4079 3727 4133 cautissi-

2135 4181 2254 4220 mus
2280 4207 2295 4232 ,
2321 4165 2519 4218 nullum
2543 4165 2867 4233 despiciens,
2914 4166 3007 4221 Sed
3036 4182 3224 4222 omnes
3252 4171 3305 4222 in
3338 4170 3474 4223 bona
3524 4171 3722 4224 volun-

2136 4265 2244 4310 tate
2272 4257 2670 4324 complectens;
2702 4271 2890 4312 omnes
2919 4257 3164 4327 diligens,
3195 4262 3308 4327 ipse
3349 4276 3431 4330 qu-
3455 4276 3564 4329 que
3595 4263 3725 4316 dili—

2135 4347 2358 4419 gebatur
2383 4348 2450 4401 ab
2472 4346 2741 4401 omnibus.
2777 4346 2871 4401 llic
2898 4363 3018 4401 cum
3057 4361 3319 4418 aegrotare
3359 4351 3635 4419 cuspis-set,
3663 4368 3728 4408 οι

2134 4454 2194 4494 se
2212 4439 2317 4508 jatn
2354 4440 2530 4496 vivere
2551 4439 2885 4507 deSperarct,
2910 4443 3115 4493 vocavit
3136 4443 3223 4509 So,-
3247 4441 3388 4518 Iliam
3413 4454 3606 4512 august
3625 4461 3722 4510 itu,

449 4545 657 4605 arrepta
690 4531 933 4589 manibus
965 4531 1188 4586 ctesarie
1214 4572 1229 4596 .
1255 4529 1452 4586 collisit
1489 4545 1550 4585 se
1579 4529 1631 4584 in
1677 4539 1898 4597 terram,
1946 4531 2027 4585 die
2061 4529 2315 4591 Ddicens
2341 4547 2352 4582 :
2384 4529 2521 4582 Ecce
2543 4528 2654 4597 jam
2685 4528 2958 4597 impletum
2981 4528 3156 4583 sentio
3179 4538 3387 4599 tempus
3417 4533 3540 4585 vitae
3561 4548 3730 4598 mea»;

447 4642 617 4680 cens:
657 4623 804 4689 lien!
831 4623 974 4678 Iteul
1018 4623 1119 4678 lteu
1150 4623 1320 4686 nobis,
1355 4621 1443 4691 qui
1484 4621 1589 4677 tale
1631 4622 1883 4677 damnum
1910 4639 2032 4690 per-

448 4718 590 4787 pessi
613 4717 830 4772 sumus!
865 4716 948 4772 vel
989 4715 1223 4770 licuisset
1254 4713 1401 4783 ptius
1430 4729 1618 4770 causas
1650 4715 1944 4784 inquirere,
1977 4726 2030 4770 et

447 4811 525 4863 sic
557 4808 626 4862 de
658 4815 918 4875 potestate
969 4814 1146 4861 nostra
1193 4804 1379 4858 luisset
1430 4805 1603 4859 ablata
1649 4805 1762 4861 h'ec
1809 4807 2023 4862 anima!

452 4898 844 4971 Inquirentibus
875 4912 1002 4951 vero
1031 4895 1114 4949 bis
1145 4897 1233 4962 qui
1278 4895 1515 4962 aderant,
1548 4897 1688 4966 quod
1740 4910 1884 4954 esset
1928 4900 2028 4954 hoc

455 4991 668 5047 uerbum
700 4986 840 5058 quod
869 4986 1182 5054 loquebatur
1209 5026 1225 5050 ,
1255 4986 1525 5050 respondit
1559 5002 1574 5040 :
1607 4987 1742 5042 Ecce
1789 4990 2024 5045 animam

520 5136 546 5164 ⁸
572 5126 637 5182 1ιὶ
678 5120 973 5179 monastiea
1005 5127 1151 5173 veste
1194 5118 1374 5172 donati
1429 5120 1479 5173 in
1506 5121 1760 5174 extremis
1801 5125 2025 5190 appella-

449 5197 640 5251 bantur
665 5193 910 5248 monachi
957 5191 1020 5242 ad
1044 5191 1481 5242 suci-timendum.
1517 5191 1842 5247 l’mnitcntcs
1895 5197 2020 5247 olim

452 5271 502 5317 iu
536 5268 702 5322 Οιιιιιει
737 5275 920 5318 tonsos
969 5264 1127 5314 fuisse
1158 5269 1384 5327 patctex
1412 5275 1534 5314 can.
1569 5261 1635 5314 I9.
1677 5264 1869 5318 rettcil.
1897 5270 2018 5330 Aga-

451 5338 799 5396 t.l.ensis,etc.
848 5336 975 5388 Vide
1025 5330 1296 5386 Sirtnontl.
1332 5332 1383 5384 in
1432 5332 1526 5385 lib.
1578 5348 1627 5387 tv
1673 5335 2019 5401 Apollinaris,

449 5416 602 5468 t-jttsl.
636 5406 723 5459 2i.

521 5473 548 5512 ιι
583 5474 732 5539 Apud
776 5475 1024 5530 Pii-tavris
1073 5485 1276 5528 sanetae
1323 5474 1486 5529 Cruci
1533 5483 1831 5534 sacratum,
1887 5480 2032 5537 quon

451 5560 594 5596 nunc
623 5547 781 5596 etiam
819 5556 1017 5607 perstat.
1056 5547 1156 5601 sub
1191 5545 1393 5613 Regula
1425 5545 1480 5596 S.
1517 5543 1812 5607 Benedicti,
1841 5542 1904 5594 de
1925 5551 2042 5610 quo

450 5615 677 5667 inferius
721 5616 890 5677 plura.

523 5697 550 5760 ξ
577 5684 1056 5760 ΟιιιΙιη-ρὶξεὶιαί
1083 5689 1155 5760 uti
1204 5697 1389 5760 saneta
1427 5686 1643 5760 co‘itu‘r
1671 5702 1797 5760 emn-
1827 5685 2032 5760 Agite-lc

449 5756 720 5815 abbatissa
763 5756 829 5812 ιιι
863 5756 986 5813 ldus
1011 5757 1194 5813 Maias.
1237 5758 1476 5815 llabctur
1507 5757 1831 5829 ittLetauiis
1861 5756 2033 5812 Picto-

2139 4637 2277 4676 nnnc
2307 4635 2426 4674 cum
2451 4621 2676 4674 consilio
2698 4629 2788 4674 tuo
2817 4620 3030 4692 eligam,
3058 4622 3146 4691 qui
3176 4623 3486 4690 reipublicze
3514 4640 3718 4692 praees-

2136 4729 2195 4768 se
2234 4715 2442 4768 debeat.
2475 4715 2700 4782 Oportet
2727 4716 2867 4768 enim
2909 4727 3184 4769 Strenuum
3210 4716 3358 4787 eligi,
3391 4719 3480 4786 qui
3512 4735 3607 4784 pro
3635 4735 3723 4774 me

2134 4806 2205 4859 sit
2227 4804 2348 4859 huic
2373 4805 2618 4870 potestati
2655 4815 2705 4858 ϐ.
2734 4809 2802 4858 At
2835 4806 2922 4860 illa
2963 4807 3268 4862 Mauricium
3293 4809 3575 4874 quemdam
3607 4811 3725 4866 ele~

2134 4899 2226 4966 git,
2258 4898 2482 4952 dicens:
2521 4897 2687 4952 Valde
2739 4905 2990 4953 strenuus
3017 4909 3073 4954 et
3122 4915 3281 4966 sagax
3327 4909 3408 4954 est
3449 4901 3530 4954 vir
3573 4901 3728 4968 iste",

2134 5008 2255 5044 nam
2283 5001 2335 5044 et
2361 4991 2554 5059 saepius
2585 5000 2768 5045 contra
2800 4979 3044 5046 inimicos
3075 4992 3378 5061 reipublicae
3407 4991 3672 5048 dimicans
3695 5033 3714 5061 ,

2130 5125 2292 5189 nicis,
2325 5139 2443 5192 quae
2474 5123 2542 5178 ab
2571 5123 2801 5177 llenrico
2837 5123 3113 5178 Ludovico
3137 5122 3402 5178 Castanea
3431 5123 3597 5192 episc.
3631 5123 3722 5177 Pi-

2127 5195 2362 5250 ctavensi
2395 5205 2515 5248 sunt
2539 5195 2784 5261 vulgatm.

2198 5264 2223 5302 ά
2252 5265 2439 5328 Corb.,
2485 5280 2669 5331 corpus
2697 5281 2728 5315 α
2766 5265 2950 5334 quibus
2974 5265 3202 5318 ablutum
3255 5275 3350 5326 est,
3383 5263 3607 5327 aiebant,
3645 5266 3734 5319 ita-

2127 5337 2368 5398 camlore,
2399 5347 2503 5389 etc.
3399 5365 3414 5375 ο

2204 5416 2226 5443 θ
2254 5406 2442 5470 ldem.,
2469 5422 2667 5474 ριγητ...
2709 5405 3024 5473 εριεηιίσόαῖ.

2207 5475 2226 5514 τ
2261 5477 2467 5543 Ιίνςιη..
2504 5477 2566 5527 At
2599 5475 2690 5527 illa
2721 5486 2773 5528 ut
2797 5486 3084 5541 rogaverat,
3116 5475 3354 5530 cellulam
3375 5475 3724 5544 praeparavit,
3764 5480 3768 5482 ’

2130 5549 2270 5614 eique
2291 5563 2409 5598 tunc
2421 5547 2560 5598 tliin
2585 5562 2598 5596 :
2630 5545 2776 5605 Ecce,
2803 5555 2905 5600 etc.

2197 5628 2221 5664 8
2245 5620 2332 5670 Sic
2355 5618 2511 5689 (iorb.
2545 5628 2596 5670 et
2625 5615 2775 5668 (.Zolb.
2810 5633 2906 5679 rn.;
2936 5628 2986 5668 at
3029 5619 3237 5689 Regm..
3272 5617 3377 5669 Nos
3395 5617 3526 5669 enim
3551 5633 3716 5682 opor-

2127 5698 2192 5740 tet
2223 5687 2502 5754 providere,
2527 5689 2636 5760 qui_
2659 5697 2814 5738 tanta!
2837 5687 3134 5743 sublimitati
3160 5690 3377 5760 atljtmgi
3408 5689 3599 5759 dignus
3617 5699 3698 5742 ω.

2129 5761 2317 5814 (lateri
2347 5760 2597 5813 otnittunt
2626 5757 2765 5814 hunc
2792 5772 3028 5813 versum.
