3974 6174
208 388 298 445 mi

1130 379 1447 434 IIISTOIlM
1494 375 1933 433 ιιίιιΝιιιιιιυιι
1982 376 2185 431 LIBER
2222 378 2521 435 SEXTUS.

3334 379 3477 433 ’.ιυῖ

206 494 627 567 spprettenderat
650 502 673 530 α
697 502 752 549 et
772 492 1129 560 requieverat,
1148 490 1434 560 populique
1456 498 1785 545 revertentes
1815 490 1863 546 Α
1890 504 1978 543 sas
2008 491 2258 545 mulieres
2303 492 2451 545 urbis
2495 490 2775 545 Parisiacae
2821 491 3097 546 tormentis
3127 491 3379 562 applicat,
3410 509 3472 551 ac

206 604 236 643 ι
265 592 405 657 fuga,
434 590 630 642 iterum
681 584 873 638 morbo
898 582 1200 649 consumpti
1228 590 1372 635 sunt.
1407 582 1534 633 Nam
1564 590 1618 635 et
1650 579 1793 635 Albi-

207 680 385 747 gensis
413 678 605 731 civitas
635 675 869 729 maxime
896 674 965 727 ab
995 672 1099 727 hoc
1122 671 1462 726 incommodo
1492 671 1789 724 laborabat.

210 770 303 823 llis
354 767 550 821 diebus
606 772 973 834 apparuerunt
1021 778 1049 815 a
1098 773 1248 830 parte
1292 760 1570 828 Aquilonis
1640 769 1797 814 not-te

208 856 380 911 inedia
412 856 547 911 radii
579 854 765 919 multi,
803 854 1010 923 fulgore
1062 853 1229 906 nimio
1256 853 1580 915 relucentes,
1609 850 1698 918 qui
1728 848 1795 904 sd

207 963 267 1002 se
295 949 572 1002 venientes
600 946 793 1000 iterum
826 944 1236 1007 separabantur,
1265 956 1540 1010 usquequu
1569 955 1796 994 evanue«

212 1049 354 1092 runt.
411 1038 516 1094 Sed
562 1046 619 1092 et
664 1038 861 1091 emlum
919 1035 1083 1104 309
1133 1034 1201 1087 ab
1230 1034 1343 1101 ipsa
1394 1030 1797 1097 septentrionali

209 1130 362 1199 plaga
388 1131 455 1183 ita
474 1128 819 1197 resplenduit,
838 1137 891 1179 ιιι
907 1135 1179 1191 putaretur
1207 1138 1451 1177 auroram
1483 1122 1797 1192 producere.

291 1218 530 1275 XXXIV.
578 1221 758 1290 Legati
790 1217 818 1257 δ
866 1220 1058 1273 iterum
1108 1219 1174 1270 ab
1218 1216 1466 1285 Hispania
1516 1224 1798 1281 venerunt,

211 1313 517 1367 deterentes
543 1326 786 1374 munera,
809 1319 864 1363 et
895 1308 1139 1377 placitum
1170 1305 1494 1373 accipientes
1508 1319 1628 1358 cum
1649 1303 1801 1357 Chil-

214 1420 396 1474 per-co
424 1418 570 1472 rege,
604 1412 661 1456 ut
691 1403 851 1455 tiliam
879 1415 1053 1461 suam.
1079 1397 1373 1452 secundum
1403 1396 1799 1451 conniventium

212 1496 557 1557 anteriorem,
586 1493 689 1547 title
718 1503 741 1531 ο
773 1492 918 1561 regis
960 1488 1296 1544 Leuvicbildi
1339 1486 1552 1541 tradere
1578 1486 1803 1539 deberet

210 1589 267 1642 in
314 1584 1004 1653 tmtrimoniutn:denique
1047 1582 1171 1636 dato
1216 1580 1434 1649 placito,
1460 1588 1515 1632 et
1554 1576 1804 1632 omnibus

213 1680 572 1748 pertractat’s,
602 1678 804 1748 legatus
834 1677 922 1730 ille
952 1688 1205 1730 reversus
1232 1682 1329 1727 ed.
1362 1670 1467 1727 Sed
1496 1669 1801 1739 Chilperico

211 1769 325 1839 regi
356 1784 573 1838 egresso
598 1769 667 1822 de
697 1768 914 1823 Parisiis
939 1806 954 1829 ,
984 1775 1040 1819 ιιι
1081 1764 1131 1818 in
1164 1777 1353 1832 pagum
1393 1761 1800 1816 Suessionicum

1899 580 2207 635 verberibus
2235 583 2376 647 cogit
2408 581 2566 635 fateri.
2606 596 2726 650 qua:
2757 589 3034 636 noverant.
3067 584 3140 637 At
3171 582 3278 637 illa:
3306 584 3471 639 conti.

1898 680 2077 727 tentur
2104 688 2163 728 se
2191 673 2457 728 maleﬁcae
2502 687 2621 727 esse
2643 715 2656 740 ,
2686 680 2739 727 et
2765 672 2963 726 multos
2988 673 3305 728 occumbere
3330 674 3473 730 letho

1898 780 1958 819 se
1999 763 2188 819 fecisse
2232 773 2439 819 testata:
2486 775 2603 817 sunt
2634 796 2648 827 ,
2675 764 2930 819 addentes
2978 764 3123 829 illud,
3150 765 3291 836 quod
3332 768 3485 820 nulla

1899 858 2104 912 ratione
2130 858 2275 911 credi
2304 859 2474 927 patior
2499 875 2512 909 :
2538 857 2736 912 Filium
2755 898 2771 922 ,
2803 858 2971 922 aiunt,
3003 867 3175 923 tuum,
3203 874 3245 913 θ
3267 860 3473 926 regina,
3546 860 3552 866 ’

1900 966 1997 1016 pro
2040 950 2308 1005 Mummoli
2341 950 2575 1017 praefecti
2605 951 2708 1003 vita
2736 949 3081 1005 δ’τιιδγὶιιιιιςο
3116 952 3266 1005 Tunc
3294 951 3477 1018 regina

1900 1041 2178 1095 tormentis
2202 1040 2533 1109 gravioribus
2577 1041 2885 1095 mulieribus
2935 1040 3159 1102 aﬁ'ectis,
3189 1042 3320 1097 slias
3350 1056 3476 1095 cne-

1898 1139 2013 1193 cnt,
2028 1129 2160 1182 alias
2182 1128 2428 1184 incendio
2455 1127 2632 1192 tradit,
2656 1128 2788 1184 alias
2810 1129 2939 1184 rotis
2960 1130 3170 1184 ossibus
3189 1131 3479 1185 confractis

1901 1217 2142 1273 innectit.
2195 1217 2263 1271 Et
2306 1219 2385 1273 s'ic
2432 1218 2817 1285 Compendium
2862 1220 3039 1274 villam
3071 1236 3172 1273 ttna
3202 1237 3323 1275 cum
3352 1236 3479 1287 rege

1903 1309 2147 1372 secessit.
2167 1309 2346 1378 ibique
2368 1310 2622 1364 universa
2647 1311 2755 1379 regi
2782 1322 2900 1379 qua:
2928 1313 2995 1365 de
3025 1309 3275 1380 praefecto
3299 1312 3477 1365 audie-

1903 1414 1983 1458 rat
2014 1402 2285 1456 revelavit.
2317 1401 2429 1455 Rex
2460 1416 2588 1456 vero
2627 1402 2808 1456 missis
2854 1402 3029 1471 pueris
3050 1401 3209 1471 jussit
3236 1418 3357 1457 eum
3385 1419 3477 1455 ar-

1904 1493 2115 1559 cessiri,
2146 1493 2551 1562 discessumque
2597 1492 2800 1547 catenis
2845 1502 3093 1555 onerant,
3122 1501 3178 1548 et.
3205 1492 3479 1561 suppliciis

1904 1586 2157 1639 subdunt.
2184 1584 2341 1638 Trahi
2368 1594 2488 1653 post
2509 1592 2712 1650 tergum
2733 1584 2987 1639 revinctis
3015 1585 3258 1639 manibus
3285 1600 3490 1654 appen-

1907 1676 2069 1741 ditur,
2097 1686 2151 1731 et
2178 1676 2248 1730 ibi
2273 1675 2398 1745 quid
2426 1676 2670 1730 mali-ficii
2714 1675 2940 1740 noverit,
2972 1678 3347 1745 interrogatur.
3374 1675 3478 1731 Sed

1910 1771 2041 1825 nihil
2070 1770 2137 1824 de
2168 1770 2248 1825 his
2294 1786 2411 1838 qua:
2436 1770 2682 1841 superius
2712 1771 3143 1833 memoravimus,
3170 1769 3478 1824 conﬁtetur.

212 1861 516 1920 accederet.
555 1874 723 1914 novus
765 1858 937 1913 luctus
966 1856 1205 1910 advenit.
1239 1854 1407 1909 Filius
1436 1852 1463 1889 ά
1491 1852 1637 1907 enim
1666 1850 1805 1921 ejus,

1920 1864 2031 1919 lloc
2057 1873 2235 1917 tamen
2284 1860 2501 1930 protulit
2544 1861 2740 1929 ssrpius
2783 1875 2844 1916 se
2874 1862 3207 1914 inani-tiones
3237 1870 3291 1914 et
3317 1860 3479 1928 potio-

214 1968 377 2022 quem
421 1966 564 2004 anno
601 1948 877 2017 superiore
922 1963 1078 2002 sacro
1118 1946 1435 2013 baptismate
1473 1943 1744 2009 abluerat,
1773 1958 1803 1995 a

219 2043 525 2114 dysenteria
582 2052 884 2109 correptus,
914 2039 1156 2104 spiritum
1199 2034 1487 2091 exhalavit.
1523 2034 1634 2089 lloe
1661 2035 1804 2089 enim

219 2138 395 2206 fulgor
437 2137 548 2198 ille,
581 2150 737 2202 quem
764 2133 1009 2199 superius
1036 2146 1101 2186 ex
1134 2130 1273 2184 ttube
1298 2128 1560 2197 dilapsum
1603 2142 1805 2182 memo-

217 2232 477 2293 ravimus,
509 2225 769 2295 ﬁguravit.
801 2224 951 2278 Tunc
978 2238 1098 2277 cum
1126 2223 1387 2275 immenso
1414 2221 1541 2273 fletu
1572 2218 1806 2289 regressi

220 2321 477 2381 Parisios,
496 2317 817 2385 sepeiierunt
843 2330 1084 2383 puerum,
1106 2314 1378 2366 mittentes
1408 2319 1527 2380 post
1549 2310 1803 2379 legatum,

219 2424 278 2465 ttt
324 2419 703 2473 reverteretur,
732 2407 937 2461 scilicet
981 2415 1037 2459 ut
1086 2404 1333 2471 placitum
1378 2400 1517 2471 quod
1559 2409 1807 2470 posuerat

222 2505 591 2571 prolongaret,
620 2500 831 2554 dicente
870 2514 996 2569 rege
1032 2516 1044 2549 :
1079 2498 1219 2552 Ecce
1265 2498 1535 2565 planctum
1562 2496 1613 2549 in
1644 2494 1806 2550 domo

219 2597 483 2659 sustineo,
512 2604 563 2648 et
588 2593 818 2662 qualiter
866 2589 1078 2657 nuptias
1127 2589 1249 2642 filiae
1285 2586 1603 2643 celebrabo?
1632 2586 1810 2640 Voluit

222 2688 369 2741 enim
397 2697 523 2739 tunc
549 2685 706 2738 aliam
736 2682 895 2737 ﬁliam
932 2691 955 2719 ο
985 2679 1107 2734 illuc
1134 2680 1389 2748 dirigere,
1421 2692 1578 2747 quam
1610 2677 1676 2731 de
1703 2676 1809 2731 Au-

222 2778 423 2832 dovera
469 2777 734 2842 habebat,
765 2785 819 2829 et
865 2788 982 2827 eam
1037 2772 1087 2826 in
1140 2774 1463 2826 tnonaSterio
1509 2770 1808 2825 Pictavensi

226 2877 501 2937 posuerat.
534 2866 639 2923 Sed
670 2866 755 2919 illa
784 2864 1017 2927 distulit,
1048 2863 1331 2917 resistente
1364 2861 1629 2930 [vra-cipue
1659 2860 1810 2915 heals

225 2960 575 3031 ltadeguude,
624 2968 679 3012 et
729 2954 1119 3011 dicentezNon
1173 2962 1256 3008 θ›ι
1296 2953 1441 3006 enim
1489 2952 1727 3021 dignum,
1754 2961 1812 3005 ut

226 3053 400 3119 puella
445 3049 662 3105 Christo
706 3048 881 3102 dicata
929 3045 1119 3101 iteiutn
1168 3044 1237 3100 ad
1278 3044 1458 3099 saeculi
1513 3042 1812 3112 voluptates

226 3152 546 3199 revertatur.

1918 1972 2033 2021 nes,
2057 1972 2177 2026 quae
2212 1956 2260 2010 ei
2293 1955 2432 2023 regis
2474 1954 2774 2023 reginaque
2798 1952 3020 2023 gratiam
3072 1953 3288 2022 pradter-
3312 1962 3390 2015 nt,
3416 1950 3484 2005 ab

1911 2051 1995 2105 bis
2024 2049 2332 2105 mulieribus
2360 2045 2677 2116 suscepisse.
2704 2046 2987 2115 Depositus
3018 2045 3174 2113 igitur
3202 2044 3268 2098 de
3300 2058 3479 2113 petua,

1910 2150 2062 2195 vocat
2089 2140 2156 2193 ad
2201 2154 2258 2193 se
2305 2139 2580 2201 lictorem,
2611 2136 2797 2190 dicens
2824 2152 2837 2189 :
2868 2134 3060 2190 Nuntia
3107 2134 3325 2189 domino
3368 2150 3487 2188 meo

1912 2232 2045 2300 regi,
2077 2230 2199 2299 quia
2230 2229 2361 2285 nihil
2409 2227 2531 2282 mali
2571 2228 2745 2283 sentio
2773 2227 2839 2281 de
2867 2226 2948 2280 his
2991 2240 3107 2296 qua:
3151 2226 3295 2281 illata
3341 2235 3479 2281 sunt.

1914 2324 2005 2378 llis
2052 2321 2245 2376 auditis
2286 2337 2416 2375 rex:
2446 2319 2710 2374 Verumne
2740 2328 2765 2365 κ
2800 2328 2903 2383 est,
2938 2318 3125 2387 inquit,
3173 2318 3314 2370 hunc
3363 2332 3485 2373 esse

1911 2415 2229 2476 maleficum,
2276 2413 2320 2465 si
2347 2411 2415 2467 de
2440 2411 2520 2465 his
2542 2411 2669 2464 nihil
2694 2421 2774 2465 est
2800 2410 2954 2463 lavsus
2986 2409 3192 2475 pinnis?
3217 2409 3367 2462 'l‘unc
3394 2424 3494 2461 ιιι-ο

1910 2517 2095 2562 tensus
2136 2505 2201 2559 ad
2252 2505 2534 2567 trochleas,
2566 2502 2749 2556 tamliu
2793 2501 2922 2555 loris
2974 2500 3271 2570 trip'iciluts
3318 2511 3482 2553 etesiis

1910 2608 2015 2665 est,
2048 2598 2392 2668 quoadusque
2437 2597 2536 2665 ipsi
2590 2596 2913 2651 lstssarentur
2943 2602 3171 2649 tortores
3200 2612 3213 2647 ε
3250 2594 3481 2661 postlth

1910 2693 2072 2747 sudes
2101 2689 2307 2762 ungulis
2333 2705 2585 2745 manuum
2631 2688 2930 2759 pedumque
2958 2687 3215 2758 deﬁgunt.
3249 2687 3483 2755 Cumque

1913 2786 1966 2840 in
1996 2786 2096 2841 hoc
2125 2799 2282 2839 causa
2321 2794 2589 2851 ageretur,
2622 2793 2674 2838 ut
2721 2785 2785 2838 ad
2828 2782 3176 2839 deeldendant
3218 2784 3482 2838 cervicem

1911 2875 2027 2947 ejus
2056 2876 2261 2946 gladius
2284 2875 2605 2942 immineret,
2631 2890 2661 2931 ιι
2693 2874 2872 2946 regina
2899 2875 3061 2930 vitam
3105 2874 3354 2941 obtinuit,
3385 2868 3480 2927 sed

1915 2984 2019 3022 non
2048 2968 2140 3022 fuit
2172 2968 2346 3022 minor
2386 2974 2558 3022 morte
2582 2965 2847 3020 humilitas
2890 2965 3195 3021 subsecuta.
3225 2964 3357 3018 Nam
3386 2964 3479 3017 int-

1914 3059 2119 3129 positus
2168 3059 2431 3127 plaustro,
2463 3056 2528 3111 ad
2562 3056 3002 3126 Durdegalensem
3051 3058 3260 3120 urbem,
3284 3056 3337 3109 in
3378 3066 3480 3123 qua

1913 3158 2065 3206 ortus
2090 3149 2279 3213 fuerat,
2309 3147 2482 3202 ablata
2510 3147 2668 3219 311
2701 3146 2845 3200 omni
2878 3146 3145 3211 facultate,
3169 3146 3480 3201 transmitti-

302 3234 520 3288 xxxv.
553 3233 685 3286 Dum
712 3241 890 3287 autem
924 3230 1037 3285 lure
1077 3219 1382 3299 agerentur,
1414 3227 1687 3282 nuntiatur
1716 3241 1804 3283 re-

1913 3252 2027 3307 tur;
2055 3241 2107 3296 in
2155 3241 2235 3295 via
2280 3252 2407 3295 vero
2446 3216 2672 3295 ictuatus
2701 3235 2727 3275 ιι
2758 3240 3015 3308 sanguine
3040 3277 3054 3301 ,
3085 3238 3171 3292 vix
3224 3240 3482 3292 accedere

226 3326 365 3393 gina:
393 3339 618 3392 puerum
646 3324 734 3391 qui
768 3330 1007 3375 mortuus
1035 3320 1226 3385 fuerat,
1250 3316 1527 3374 maleﬁciis
1548 3331 1597 3372 et
1627 3318 1811 3373 incan-

229 3416 519 3468 tationibus
544 3414 705 3467 fuisse
728 3411 1069 3477 Subductum,
1096 3410 1273 3475 ibique
1302 3408 1643 3463 Mummolutn
1677 3424 1809 3477 prte-

226 3505 422 3559 fectum
459 3503 693 3572 ',quem
731 3502 841 3570 jam
892 3501 982 3555 ditt
1032 3500 1209 3569 regina
1258 3500 1490 3553 invisum
1540 3498 1808 3565 habebat,

227 3597 499 3651 conscium
547 3611 687 3649 esse.
722 3595 873 3650 llnde
904 3593 1101 3647 factum
1133 3602 1236 3657 est,
1269 3600 1328 3645 ιιι
1356 3592 1606 3660 epulante
1648 3606 1714 3647 eo
1757 3590 1809 3645 in

226 3689 397 3765 domo
418 3704 534 3753 sua,
568 3687 786 3756 qu'dam
817 3685 884 3740 de
913 3686 1098 3739 aulicis
1128 3685 1266 3752 regis
1300 3698 1519 3752 puerum
1554 3683 1808 3738 dilectum

228 3781 351 3844 sibi,
383 3762 471 3849 qui
502 3797 533 3833 ει
572 3762 875 3849 dysenteria
900 3786 1175 3846 correptus
1199 3776 1389 3840 fuerat,
1410 3776 1807 3831 lamentaretur.

230 3876 322 3927 Cui
378 3871 657 3942 pra-fectus
707 3871 985 3937 respondit
1025 3886 1039 3923 :
1084 3868 1317 3923 llabetur
1364 3868 1494 3921 mihi
1550 3868 1714 3923 herba
1756 3866 1811 3922 in

188 4032 191 4037 ⁴
232 3980 495 4033 promptu,
512 3966 580 4018 de
598 3979 701 4033 qua
720 3964 763 4015 si
796 3962 1166 4031 tlyscnterieus
1203 3960 1364 4030 310
1385 3958 1616 4023 hauriat,
1634 3974 1811 4028 quam-

235 4057 361 4109 libet
404 4056 721 4123 desperatus
767 4054 858 4119 sit,
891 4068 1011 4106 mox
1056 4061 1293 4104 sanatur.
1326 4050 1589 4105 Nuntialis
1618 4050 1697 4105 his
1725 4065 1811 4107 rc-

237 4148 392 4214 gium,
421 4148 623 4214 majore
653 4145 833 4200 [ιιι-υιο
860 4144 1226 4197 succenditur.
1262 4143 1468 4196 Interea
1504 4142 1809 4211 apprehen-

306 4336 333 4363 ⁸
360 4327 508 4380 Culb.
539 4342 618 4388 a.,
646 4328 961 4381 destituerat.
998 4331 1184 4394 ltegm.
1203 4364 1221 4389 ,
1247 4326 1536 4394 advenerat.

307 4394 333 4434 δ
362 4397 519 4451 Deest
546 4396 652 4451 hoc
681 4405 839 4465 caput
866 4396 915 4448 in
950 4391 1099 4458 Vat,
1128 4394 1288 4465 Corb.
1320 4404 1374 4447 et
1401 4392 1551 4465 Golb.
1579 4406 1655 4456 a.,
1688 4391 1812 4447 licet

238 4466 464 4520 habeant
480 4463 883 4536 ςαιιιιιειις,ᾱιιιο‹1
902 4465 986 4519 isti
1006 4464 1307 4536 necessario
1332 4463 1680 4536 conjunctum
1704 4472 1809 4517 esi.

236 4538 401 4591 Porro
432 4532 703 4606 placitum,
733 4532 801 4590 de
829 4551 934 4603 quo
966 4536 1071 4596 hic,
1101 4535 1216 4606 dies
1246 4545 1359 4588 erat
1391 4534 1585 4606 indit-ta
1618 4532 1808 4606 adau-

1910 3349 2016 3402 qno
2039 3333 2220 3402 jussus
2248 3340 2332 3386 est
2359 3331 2543 3385 valuit.
2576 3329 2680 3385 Sed
2727 3340 2830 3385 non
2864 3338 2981 3399 post
3020 3328 3241 3382 multum
3272 3338 3483 3396 tempus

1912 3424 2155 3491 spiritum
2187 3421 2475 3477 exhalavit.
2509 3420 2750 3476 Posmtec
2775 3421 2955 3491 regina
2981 3418 3317 3489 apprehenSo
3347 3434 3478 3488 pne.

1912 3514 2012 3568 ruli
2041 3513 2312 3579 thesauro,
2342 3520 2446 3565 tam
2472 3510 2783 3566 vestimenta
2806 3524 2961 3579 quam
2994 3511 3222 3580 reliquas
3249 3510 3482 3579 species,

1913 3606 1996 3661 vel
2022 3619 2089 3661 ex
2118 3605 2312 3669 serico,
2337 3614 2427 3658 aut
2450 3618 2765 3673 quocunque
2786 3602 2987 3658 vellere
3014 3601 3258 3657 invenire
3289 3603 3481 3669 potuit.

1914 3700 2035 3769 igne
2076 3696 2440 3766 consumpsit;
2484 3695 2623 3765 quod
2674 3695 2849 3749 ferunt
2884 3704 3111 3764 quatuor
3140 3694 3373 3761 plaustra
3408 3692 3482 3746 le-

1913 3804 2316 3845 vasse:aurutn
2346 3800 2472 3842 vero
2517 3795 2571 3841 et
2609 3797 2884 3857 argentum
2936 3784 3151 3840 fornace
3199 3783 3485 3840 conﬂatum

1914 3879 2181 3949 reposuit,
2231 3893 2296 3933 ue
2336 3876 2533 3947 aliquid
2579 3877 2838 3946 integrum
2886 3884 3221 3942 remaneret,
3252 3874 3391 3946 quod
3438 3887 3484 3931 et

1916 3972 2181 4041 planctum
2218 3970 2307 4025 ﬁlii
2337 3971 2386 4024 in
2426 3968 2736 4024 memoriam
2765 3977 3061 4023 revocaret.

1984 4062 2225 4119 XXXVI.
2246 4061 2519 4117 Etherius
2552 4058 2570 4098 ί
2602 4075 2725 4115 vero
2751 4060 3048 4115 Lusoensis
3074 4061 3374 4129 episcopus,
3396 4074 3483 4113 cu-

1909 4156 1997 4226 jus
2039 4168 2197 4223 supra
2245 4153 2606 4220 meminimus,
2632 4152 2735 4207 hoc
2762 4152 2950 4207 ordine
2971 4166 3002 4205 a
3028 4151 3244 4206 ehitate
3271 4166 3370 4205 sua
3395 4151 3477 4204 vel

1915 4319 2150 4366 rectores
2165 4318 2292 4364 tunc
2305 4308 2556 4377 temporis
2577 4307 2803 4378 prtcfccti
2826 4306 3038 4362 nomine
3065 4305 3485 4373 fuissedonatus,

1918 4380 2042 4436 inde
2072 4389 2245 4434 tamen
2276 4379 2505 4449 prtefecti
2541 4378 2750 4449 ti‘ulum
2770 4378 3069 4449 Manimolo
3094 4379 3345 4433 tributum
3379 4380 3483 4434 dici

1916 4466 2020 4503 non
2046 4465 2200 4516 posse
2221 4451 2491 4514 observat,
2506 4450 2644 4519 quod
2666 4448 3015 4519 Chilpericus,
3036 4450 3086 4502 in
3113 4451 3262 4518 cujus
3280 4449 3480 4503 dntiotm

1915 4523 2126 4575 vivebat
2175 4520 2491 4575 Mummolus
2516 4560 2532 4584 ,
2564 4520 2693 4573 nihil
2741 4533 2970 4588 unquam
3010 4535 3071 4574 ea
3112 4519 3163 4571 in
3207 4520 3479 4588 provincia

229 4588 707 4673 diendosvlegatns:
744 4588 807 4658 lﬁt
847 4588 1070 4674 quidem,
1094 4605 1279 4672 placita
1308 4605 1632 4673 generaliter
1659 4601 1805 4674 dice-
1836 4597 1883 4653 Ι)
1913 4591 2224 4674 ροεεοάθτίι.
2253 4592 2386 4674 1'}th
2417 4592 2613 4674 reict'}?
2639 4588 3138 4674 Fulcelippinioitc,
3165 4590 3253 4674 qui
3274 4590 3483 4674 suimvi

230 4680 427 4729 bantur
472 4687 788 4739 conventus,
837 4673 886 4728 in
931 4676 1121 4745 quibus
1171 4677 1377 4741 publice
1404 4673 1809 4745 rnegotiapsive

232 4747 411 4809 regni,
442 4747 552 4800 sive
588 4746 746 4799 etiam
794 4743 1140 4814 privatorum,
1170 4744 1612 4798 di~cutiebnutur.
1658 4743 1812 4814 Sicut

225 4816 379 4868 enim
409 4825 557 4870 erant
599 4812 807 4884 placita
829 4816 989 4884 regis,
1016 4816 1092 4868 sic
1126 4826 1278 4868 erant
1314 4816 1499 4883 placita
1531 4812 1808 4876 comitum,

223 4888 492 4953 judicent,
521 4894 631 4939 etc.
664 4886 1000 4939 Parlatuenta
1035 4889 1373 4953 postmodum
1403 4885 1542 4938 dicta
1575 4884 1808 4936 fuerunt.

226 4960 591 5010 Instrumenta
626 4957 857 5022 publira,
884 4972 1001 5024 quae
1033 4958 1194 5009 finitis
1221 4955 1270 5008 in
1298 4954 1559 5023 ejusmodi
1582 4968 1813 5006 conven-

226 5027 379 5080 tibus
419 5027 642 5096 uegmiis
692 5026 1050 5080 reddebantur
1073 5066 1087 5088 ,
1117 5026 1375 5092 appellata
1395 5024 1581 5096 etiam;
1596 5024 1807 5096 fuerunt

226 5096 424 5161 ptacita
467 5094 558 5147 si-n
587 5096 807 5165 judicia.
862 5096 989 5149 Vide
1035 5097 1252 5165 Dignon.
1290 5097 1339 5147 in
1374 5095 1462 5148 lib.
1496 5110 1510 5147 ι
1542 5094 1801 5157 Marculﬁ,

222 5167 456 5219 [munda
479 5165 570 5228 57,
592 5164 655 5219 θυι
679 5166 947 5227 ΜίιιιὶΗοιι.
976 5166 1041 5217 de
1068 5182 1126 5220 re
1158 5164 1522 5232 Diplomatica.

318 5248 335 5268 ι·
369 5234 667 5290 ιιθραιτυάο
690 5238 916 5295 scilicet,
949 5235 1340 5303 llermenegildi
1366 5235 1534 5299 fratri,
1558 5234 1641 5287 cui
1669 5233 1803 5303 ipsa,

222 5319 428 5375 nempe
453 5305 751 5375 Rtgttntltis,
775 5304 1085 5374 jamdudum
1118 5305 1372 5375 promissa
1402 5304 1591 5375 fuerat.

369 5371 746 5441 Theodericus,
762 5371 829 5431 de
846 5390 952 5444 quo
978 5371 1133 5445 supra
1155 5390 1273 5443 cap.
1301 5373 1371 5425 23
1395 5383 1450 5428 et
1471 5373 1564 5432 27,
1587 5382 1641 5427 et
1668 5371 1802 5428 infra

216 5458 299 5496 (ξπ
311 5458 357 5502 ρ.
386 5459 495 5511 seq.

320 5523 342 5584 ἐ
368 5513 627 5577 Basinam,
646 5530 763 5584 quae
785 5524 961 5583 postea
983 5515 1037 5567 in
1063 5512 1149 5569 illo
1173 5513 1623 5567 monasteriorum
1639 5513 1807 5567 Chro-

217 5582 413 5659 diclde
444 5582 859 5659 _tn_u|tasturbas
889 5584 1171 5659 excitavit,
1195 5584 1261 5638 de
1289 5586 1481 5653 quibus
1524 5584 1640 5638 fuse
1668 5584 1803 5639 Gre-

212 5655 418 5722 gurttts
444 5653 597 5707 infra.

321 5719 341 5757 ί
374 5722 585 5790 lnquirit
635 5723 893 5789 Valesius,
936 5740 1031 5778 cur
1076 5722 1163 5777 hic
1196 5723 1512 5776 Mummolus
1541 5724 1806 5791 pra-[celas

218 5793 547 5858 appelletur.
570 5797 699 5849 Nam
722 5796 821 5847 etsi
845 5806 1047 5850 certum
1070 5796 1135 5849 sit
1152 5794 1447 5849 l‘rovincia:
1466 5793 1807 5848 Massi’iensts

1911 4676 2087 4714 mores
2104 4662 2333 4730 antiquis
2347 4660 2671 4730 temporibus
2694 4660 2903 4714 incaute
2917 4659 3253 4729 applicando,
3268 4662 3483 4727 serip~it

1912 4729 2256 4784 Mummolum
2302 4730 2379 4783 sic
2412 4729 2575 4784 fuisse
2613 4730 2959 4795 appellatum,
2990 4730 3130 4796 quod
3164 4730 3483 4784 Parisi0t'mu

1910 4803 2058 4855 urbis
2089 4816 2181 4868 pra
2200 4801 2369 4854 fectus
2397 4810 2576 4864 esset,
2601 4800 2869 4853 concludit
2892 4801 3103 4854 tandem
3138 4800 3484 4854 Mntntnolum

1907 4890 1936 4924 ιι
1976 4871 2233 4937 Gregorio
2276 4874 2580 4937 praelectum
2628 4869 2830 4923 dictum
2878 4869 3060 4932 fuisse,
3112 4871 3252 4937 quod
3307 4873 3483 4939 reipsa

1907 4941 2042 4995 aube
2075 4946 2371 5008 prtel‘cetus,
2403 4956 2497 4991 seu
2528 4939 2687 5007 regite
2714 4940 2903 4994 domus
2934 4941 3104 5009 major
3128 4943 3387 4995 exstiterit

1981 5020 2005 5056 ὅ
2042 5012 2251 5079 liegm.,
2280 5014 2372 5075 ait,
2409 5009 2633 5063 Putasne
2658 5025 2827 5063 verum
2858 5020 2929 5063 est
2957 5013 3075 5078 quia
3105 5011 3184 5063 hic
3214 5011 3475 5079 maleﬁcus

1910 5089 2004 5144 est,
2036 5093 2085 5134 et
2114 5082 2221 5133 istis
2254 5097 2355 5133 non
2396 5080 2549 5134 stus
2582 5088 2653 5133 est
2678 5081 2870 5146 pinnis;
2899 5082 3197 5134 ostendatur
3221 5083 3378 5149 igitur
3417 5081 3484 5130 rut

1913 5154 2165 5205 trocltleas
2186 5161 2234 5203 et
2248 5152 2428 5204 (audin
2442 5153 2564 5203 loris
2588 5151 2870 5219 triplicibus
2892 5154 3139 5218 credatur,
3159 5151 3484 5217 quoadusque

1911 5223 2011 5291 ipsi
2040 5227 2294 5275 lassentur
2321 5232 2553 5274 tortores.

1985 5288 2013 5327 ιι
2044 5293 2197 5356 Bad.,
2224 5293 2372 5345 ictus.
2404 5292 2553 5347 Colb.
2580 5308 2677 5354 tn.,
2710 5293 2811 5346 ictu
2841 5302 3005 5344 actus.

1990 5360 2002 5397 ί
2040 5363 2150 5416 lloc
2169 5371 2329 5429 caput
2358 5362 2507 5416 deest
2538 5364 2588 5415 itt
2618 5363 2757 5425 Vat.,
2778 5363 2928 5429 Colb.
2947 5376 2997 5414 a.
3016 5368 3076 5429 et
3099 5357 3257 5429 (Zorb.
3283 5358 3472 5427 Iiegm.

1914 5433 2074 5488 habet
2122 5428 2419 5486 zEtItet-icus
2449 5449 2562 5486 vero
2592 5432 2941 5486 Luxaviensis.
2994 5429 3150 5493 Editi,
3183 5428 3387 5499 Lycaon
3418 5432 3496 5492 ἐς..

1906 5520 2003 5558 seu
2048 5503 2334 5566 Lixocnsis,
2362 5506 2518 5567 vulgo
2550 5503 2757 5558 Lisieux
2794 5501 2846 5554 in
2892 5500 3256 5554 Nortmnnnia.
3309 5500 3491 5553 Porro«

1909 5575 2054 5628 locus
2079 5575 2128 5625 in
2149 5588 2255 5641 quo
2276 5588 2432 5641 supra
2464 5572 2749 5639 Gregorius
2775 5570 2999 5624 [Etherii
3032 5569 3479 5631 meminerit,non

1907 5656 2101 5697 exstat.
2121 5644 2270 5698 Unde
2292 5643 2534 5695 (luintius
2562 5644 2718 5696 infert
2747 5643 2846 5695 hoc
2867 5650 3028 5707 caput
3046 5656 3109 5694 ex
3138 5643 3243 5693 alio
3270 5652 3485 5692 auctore

1908 5715 2147 5781 Gregorii
2183 5715 2415 5766 historia:
2445 5725 2683 5764 assututn
2719 5714 2899 5765 l'uiSse.
2925 5714 3026 5766 Sed
3053 5713 3164 5775 ipse
3191 5710 3482 5777 Gregorius

1910 5787 1999 5838 lib.
2034 5799 2117 5847 tv,
2149 5800 2266 5852 cap.
2308 5785 2387 5847 lli,
2419 5782 2573 5851 quod.
2596 5783 2645 5836 in
2679 5797 2806 5836 mss.
2840 5782 3026 5848 Corb.,
3065 5783 3265 5835 Bellov.
3292 5791 3345 5831 et
3376 5792 3479 5830 ca—
