3974 6174
203 289 312 350 «35

1140 294 1456 352 lllSTORlA
1491 293 1934 350 FRANCORUM.
1981 297 2182 354 LIBER
2222 301 2505 358 SEXTUS.

3356 307 3470 364 ιοιῖ

202 422 335 475 opes
379 407 575 460 multas
627 406 846 461 invexit.
903 407 1143 461 Posthaic
1191 410 1498 478 regrediens
1528 426 1555 462 a
1587 411 1792 465 civibus
1821 416 1871 471 A
1898 415 2081 467 urbem
2115 416 2404 470 Arvernam
2434 416 2695 482 residens,
2717 416 2974 486 judicium
3006 429 3294 482 emanaret.
3324 421 3472 478 scili-

206 516 324 553 utin
359 501 448 551 tali
477 499 680 552 honore
709 509 994 566 susceptus
1020 512 1123 560 est.
1148 511 1204 554 ut
1235 516 1342 570 pra:
1364 503 1556 569 gaudio
1579 503 1791 567 flerent,

205 599 253 645 et
287 589 668 644 benedicercnt
701 590 866 652 Deum
893 636 905 658 ,
938 606 1028 662 qui
1061 592 1272 646 tandem
1319 594 1560 647 ecclesiae
1590 604 1792 646 tantum

203 682 437 736 restituit
468 683 823 737 sacerdotem.

279 773 546 828 XXXVII.
583 774 874 840 Lupentius
904 783 928 811 α
957 791 1086 830 vero
1131 775 1297 829 abbas
1342 776 1575 829 basilica;
1621 777 1792 830 sancti

202 864 407 918 Privati
441 864 691 933 martyris
722 865 871 917 urbis
903 861 1258 930 Gabalitanis,
1279 879 1309 918 a
1343 864 1682 919 Urunichilde
1709 881 1794 919 re-

201 957 328 1024 gina
361 956 657 1010 arcessitus
675 993 691 1020 ,
721 955 965 1008 advenit.
992 956 1263 1008 incusatus
1289 955 1467 1021 enim,
1494 965 1550 1010 ut
1580 955 1753 1010 ferunt
1772 995 1788 1020 ,

202 1049 378 1100 fuerat
409 1046 476 1100 ab
504 1045 819 1100 Innocentio
867 1044 1186 1113 supradicta:
1217 1045 1362 1099 urbis
1391 1046 1587 1100 comite
1608 1087 1624 1113 ,
1651 1045 1792 1114 quod

200 1137 486 1206 profanum
501 1135 702 1204 aliquid
716 1135 905 1190 eﬂ'atus
917 1138 984 1190 de
997 1137 1179 1206 regina
1195 1137 1398 1192 fuisset.
1414 1137 1518 1193 Sed
1534 1138 1792 1192 discussis

201 1228 409 1291 causis,
436 1242 556 1280 cum
590 1226 720 1280 nihil
754 1227 823 1280 de
851 1227 1074 1281 crimine
1106 1227 1400 1296 tnajestatis
1426 1231 1676 1282 conscius
1702 1245 1791 1284 es-

203 1332 290 1375 set
320 1317 598 1384 inventus.
631 1322 908 1375 discedere
941 1322 1115 1388 iussus
1157 1330 1257 1375 est.
1291 1323 1482 1378 Verum
1527 1323 1615 1375 ubi
1652 1324 1788 1376 tiam

200 1427 428 1479 carpere
450 1413 633 1480 carpit,
663 1413 856 1466 iterum
891 1412 957 1465 ab
987 1413 1258 1466 antedit-to
1281 1413 1478 1466 comite
1507 1425 1714 1480 captus,
1737 1423 1790 1468 et

199 1507 272 1558 ad
305 1506 657 1559 Ponticooem
681 1506 858 1559 villam
890 1506 1170 1570 deductus,
1199 1506 1381 1559 multis
1411 1505 1684 1574 suppliciis
1708 1514 1791 1560 est

200 1597 460 1662 affectus;
495 1597 857 1663 dimissusque
904 1598 1094 1652 iterum
1125 1607 1181 1651 ut
1211 1598 1444 1663 rediret,
1476 1612 1598 1652 cum
1628 1611 1790 1667 super

201 1692 448 1743 Axonam
480 1688 697 1742 fluvium
737 1689 1595 1752 tentoriumtetcndisset,iterum
1625 1688 1784 1744 irruit

1893 515 1977 558 cet
2009 515 2063 559 ut
2093 508 2390 574 parochias,
2418 523 2550 577 quas
2583 525 2847 576 nunquam
2877 510 3082 563 [intona
3113 510 3351 565 Ecclesia
3387 519 3467 566 te-

1895 599 2076 651 nui~se
2108 601 2464 656 recolebatur.
2496 603 2758 669 reciperet
2799 617 2813 654 :
2861 603 2999 671 quod
3034 602 3104 655 ita
3137 602 3329 656 factum
3360 615 3464 658 est.

1966 688 2206 743 XXXIX.
2259 691 2527 759 Lemigins
2560 702 2581 728 θ
2618 693 2906 762 Biturigum
2953 694 3236 762 episcopus
3279 695 3411 747 obiit
3450 713 3464 746 :

1894 778 2046 846 cujus
2078 789 2199 848 post
2229 785 2507 834 transitum
2537 785 2683 850 gravi
2713 784 2961 838 incendio
2992 799 3112 852 pars
3144 787 3368 837 tnaxima
3394 785 3468 838 ci-

1894 869 2078 923 vitatis
2105 882 2338 924 cremata
2368 881 2468 938 est,
2499 875 2677 938 ibique
2706 873 2724 911 ί
2758 876 2842 927 illa
2873 891 2990 944 quae
3022 875 3295 928 hostilitati
3322 889 3469 928 rese-

1892 960 2102 1026 derant,
2135 963 2425 1030 perierunt.
2454 963 2696 1018 Postume
2724 965 2988 1032 Sulpicius
3014 966 3065 1018 in
3097 965 3212 1032 ipsa
3241 964 3370 1018 urbe
3399 965 3469 1016 ad

1892 1053 2273 1118 sacerdotium,
2289 1055 2687 1109 Guntchramno
2710 1071 2833 1127 rege
2862 1055 3092 1120 favente,
3117 1055 3464 1124 prmeligitnr.

1892 1146 2022 1200 Nam
2051 1163 2170 1200 cum
2201 1148 2347 1202 multi
2379 1163 2599 1202 munera
2629 1148 2900 1214 offerrent,
2926 1149 3038 1202 hare
3070 1163 3159 1201 rex
3193 1148 3467 1215 episcopa-

1893 1247 2001 1292 tum
2023 1225 2751 1307 qutereutibusrespondisse
2777 1239 2945 1292 fertur
2974 1253 2988 1289 :
3017 1237 3130 1291 Non
3163 1245 3244 1288 est
3275 1235 3468 1303 princi-

1894 1342 2050 1401 patus
2084 1332 2252 1385 nostri
2283 1332 2636 1395 consuetudo,
2659 1331 3013 1385 sacerdoiium
3039 1327 3343 1410 venundare
3368 1327 3468 1377 sub

1894 1425 2096 1492 pretio,
2128 1425 2220 1478 sed
2267 1439 2366 1478 nec
2397 1435 2632 1478 vestrum
2663 1440 2783 1477 cum
2817 1423 3050 1492 prtctniis
3090 1433 3401 1488 comparare
3419 1414 3464 1470 ":

1893 1536 1960 1575 ne
1990 1530 2041 1574 et
2072 1535 2168 1575 nos
2195 1522 2364 1590 turpis
2396 1521 2525 1574 lucri
2569 1519 2784 1574 infamia
2814 1531 3077 1579 notemur,
3101 1527 3155 1572 et
3181 1531 3275 1570 vos
3314 1516 3465 1585 Mago

1892 1611 2092 1666 Simoni
2139 1613 2542 1680 comparemini.
2587 1612 2688 1666 Sed
2736 1611 2890 1682 juxta
2939 1611 3029 1665 Dei
3081 1609 3464 1676 pra'scientiam

1900 1702 2166 1772 Sulpicius
2195 1704 2346 1758 vobis
2374 1703 2468 1757 «rit
2503 1703 2805 1771 episcopus.
2837 1703 2898 1756 Et
2933 1702 3010 1755 sic
3047 1701 3111 1754 ad
3160 1700 3463 1754 clericatum

198 1794 366 1848 super
393 1796 526 1834 eum
552 1781 801 1835 inimicus
830 1782 967 1850 ejus.
997 1781 1164 1852 Cujus
1195 1783 1242 1835 vi
1274 1784 1513 1851 oppressi
1540 1795 1786 1854 amputa-
1821 1769 1866 1828 Β
1891 1769 2184 1858 deductus,
2209 1769 2574 1861 episcopatum
2606 1769 2846 1846 ecclesia:
2868 1792 3183 1858 supradiete
3210 1789 3462 1858 suscepi.

197 1883 310 1926 tum
342 1884 503 1942 caput
534 1875 586 1927 in
621 1875 830 1928 enlcnm
861 1885 1138 1930 oneratum
1187 1876 1449 1943 lapidibus
1493 1877 1699 1944 posuit,
1729 1886 1785 1932 et

196 1963 407 2018 utimini
455 1964 636 2030 dedit;
686 1966 947 2031 reliquum
981 1980 1107 2018 vero
1149 1980 1346 2033 corpus
1386 1967 1622 2020 vincmm
1660 1980 1782 2020 cuiu

194 2071 332 2108 saxo
383 2055 649 2108 immersit
695 2057 910 2123 gmgiti.
942 2057 1066 2110 Post
1095 2057 1210 2110 dies
1242 2073 1369 2111 vero
1398 2072 1592 2126 paucos
1623 2073 1786 2126 appa~

199 2151 314 2202 ruit
343 2148 663 2216 quibusdam
701 2149 1000 2214 pastoribus
1021 2189 1037 2214 ,
1064 2158 1118 2201 et
1147 2149 1225 2202 sic
1254 2158 1558 2202 extractum
1605 2163 1634 2202 a
1681 2149 1784 2202 liu-

195 2238 345 2292 mine
375 2239 666 2306 sepultum:
692 2237 997 2291 mandatum
1029 2247 1130 2293 est.
1151 2239 1254 2293 Sed
1286 2240 1411 2293 dum
1441 2241 1784 2295 necessitates

198 2327 406 2384 {itineris
436 2341 772 2398 pararentur,
801 2341 850 2381 ct
886 2332 1220 2398 ignoraretur
1245 2332 1364 2400 quis
1390 2343 1534 2386 esset
1560 2347 1590 2386 e
1617 2347 1782 2402 pepu-

191 2421 269 2484 lo,
304 2426 601 2486 pra‘scrtim
645 2435 764 2474 eum
815 2429 975 2489 caput
1016 2424 1241 2475 truncati
1286 2439 1391 2476 non
1433 2423 1779 2490 inveniretur,

191 2517 378 2567 subito
420 2514 716 2566 adveniens
748 2515 924 2582 aquila
956 2515 1147 2566 levav:t
1173 2517 1380 2569 coleum
1421 2532 1450 2569 a
1492 2517 1654 2571 fundo
1685 2517 1784 2572 ilu-

191 2605 379 2668 tninis,
403 2614 457 2658 et
491 2620 616 2670 rqne
647 2605 927 2672 deposuit:
957 2605 1387 2674 adn:irantesque
1414 2610 1502 2676 qui
1532 2608 1778 2675 aderant,

191 2695 536 2763 apprehenso
562 2696 749 2758 culeo,
777 2695 901 2748 dum
945 2697 1167 2751 sollicite
1197 2697 1324 2765 quid
1355 2700 1657 2754 contineret
1699 2702 1786 2755 in-

193 2789 437 2856 quirunt.
469 2797 629 2854 caput
661 2789 888 2840 truncati
919 2790 1208 2856 reperiunt,
1235 2800 1287 2844 et
1309 2790 1386 2844 sic
1412 2807 1532 2845 cum
1564 2793 1782 2859 reliquis

199 2877 431 2930 artubus
459 2887 541 2931 est
569 2876 860 2945 sepultum.
889 2877 1017 2931 Natu
1051 2879 1226 2932 ferunt
1255 2895 1393 2933 nunc
1421 2889 1476 2934 et
1506 2882 1679 2936 lumen
1705 2880 1783 2937 ibi

192 2969 450 3020 divinitus
477 2983 736 3036 apparere
767 2986 779 3020 :
808 2979 860 3022 ct
889 2971 934 3022 si
986 2969 1227 3024 infirmus
1256 2971 1318 3024 ad
1352 2972 1490 3026 hunc
1520 2974 1781 3028 tumulum

194 3061 426 3114 fideliter
449 3061 763 3128 deprecatus
794 3061 946 3114 fuerit
965 3105 980 3128 ,
1009 3071 1224 3131 accepta
1268 3065 1526 3132 sospitate
1555 3065 1776 3121 recedit.

267 3151 555 3205 XXXVIII.
583 3153 916 3207 Theodmius
944 3152 970 3192 δ
1011 3155 1334 3209 Rutenorum
1365 3159 1666 3226 episcopus,
1689 3160 1778 3228 qui
1807 3144 1854 3207 ο

193 3251 385 3296 sancto
416 3242 680 3296 Dalmatio
717 3245 878 3314 315
917 3256 1270 3310 successerat,
1301 3247 1448 3302 diem
1484 3249 1616 3302 obiit
1662 3267 1677 3305 :
1728 3253 1779 3305 in

193 3349 296 3402 qua
327 3334 556 3389 ecclesia
591 3335 852 3389 iutantmn
885 3350 980 3403 pro
1012 3336 1322 3404 episcopatu
1364 3338 1687 3394 intentiones
1727 3349 1782 3394 ct

195 3426 448 3479 scandala
478 3436 590 3478 orta
623 3427 1026 3491 comalnerunt,
1062 3439 1112 3481 nt
1157 3444 1292 3496 pcnc
1334 3432 1500 3485 sacris
1545 3431 1783 3486 ministe-

196 3519 398 3570 riorum
428 3517 570 3570 vasis
608 3528 662 3570 et
705 3517 850 3571 ontni
902 3518 1150 3573 facultate
1192 3521 1399 3574 meliori
1442 3523 1778 3578 nudaretur:

195 3620 569 3665 verumtamen
599 3611 978 3664 'l‘rinsohalus
1011 3589 1290 3682 presbyter
1320 3613 1576 3683 rejicitur,
1605 3623 1657 3668 et
1690 3613 1779 3667 In-

198 3702 482 3755 nocentius
510 3713 531 3740 ε
568 3702 1002 3759 Gabalitanorum
1036 3719 1215 3759 comes
1243 3706 1456 3773 eligitur
1481 3707 1545 3760 ad
1575 3699 1782 3773 episco-

207 3805 420 3864 patum,
453 3797 750 3862 opitulante
783 3796 1118 3851 Brunichilde
1150 3801 1349 3867 regina.
1378 3799 1483 3853 Sed
1509 3812 1784 3870 assumpto

201 3885 552 3954 episcopatu,
598 3886 879 3942 confestim
926 3887 1226 3942 Ursicinum
1274 3889 1586 3944 Cadurcium
1633 3892 1782 3948 urbis

204 3978 516 4046 episcopum
564 3977 830 4032 lacessere
876 3980 1068 4047 coepit,
1101 3979 1319 4042 dicens,
1349 3981 1472 4049 quia
1523 3983 1784 4038 dimccscs

209 4067 430 4120 ilntenze
462 4067 712 4122 Ecclesia:
740 4067 947 4122 debitas
973 4071 1246 4123 retineret.
1276 4070 1426 4125 Unde
1454 4073 1645 4127 factum
1678 4085 1781 4141 est,

211 4169 266 4212 ut
294 4159 547 4212 diuturna
580 4158 878 4214 intentione
908 4161 1197 4227 gliscente,
1231 4173 1346 4230 post
1377 4164 1577 4232 aliquot
1615 4181 1784 4222 annos

209 4249 523 4318 conjunctns
547 4250 861 4316 metrOpolis
881 4247 906 4284 ἀ
931 4266 1048 4304 cum
1078 4251 1187 4304 suis
1211 4252 1622 4320 provincialibus
1644 4255 1784 4324 apud

277 4395 302 4423 ⁸
336 4386 444 4440 lloc
473 4396 628 4454 caput.
660 4386 807 4438 deest
836 4387 885 4439 in
919 4386 1053 4440 \':tt..
1087 4386 1244 4442 οτι).
1269 4398 1320 4440 et
1349 4388 1498 4442 (‘olin
1523 4404 1576 4444 a.
1597 4391 1650 4445 S.
1684 4391 1786 4444 Lu-

209 4458 370 4524 pentii
400 4472 588 4523 corpus
623 4458 967 4510 Catalauunzn
998 4458 1155 4510 allato
1220 4499 1234 4521 ,
1264 4459 1313 4510 in
1344 4460 1568 4513 ecclesia
1600 4462 1784 4516 cuthcc

205 4527 342 4580 drali
377 4537 644 4580 servatum
673 4537 754 4579 est
783 4541 948 4595 usque
972 4530 1034 4580 ad
1064 4543 1256 4580 annum
1295 4528 1450 4593 1367,
1477 4545 1581 4595 quo
1611 4534 1784 4586 cccle-

203 4598 290 4651 sia
318 4597 535 4651 fulmine
557 4600 644 4668 die
670 4597 732 4650 l9
753 4597 986 4651 Januarii
1010 4599 1109 4650 icta
1134 4597 1500 4666 conflagravit,
1519 4600 1783 4668 simulque

201 4682 376 4720 sacra:
397 4667 648 4736 reliquiae,
665 4683 782 4736 quae
809 4667 876 4721 ibi
905 4668 1270 4731 scrvalantnr,
1289 4677 1614 4736 consumptae
1636 4667 1778 4725 sunt.

202 4740 345 4802 Quin
373 4752 495 4789 vero
526 4738 922 4805 superfuerunt,
947 4752 1066 4789 Ossa
1091 4739 1293 4790 scilicet
1321 4741 1594 4803 semiusta,
1623 4750 1676 4794 et
1705 4742 1782 4795 ci-

203 4822 391 4869 neres,
413 4823 437 4859 s
459 4808 564 4859 tnul
592 4819 838 4873 congesta
871 4810 920 4860 in
953 4809 1101 4860 theca
1129 4822 1470 4862 asscmantnr
1498 4823 1642 4864 retro
1672 4829 1784 4863 ma-

200 4878 300 4946 jus
330 4878 513 4930 altare.
543 4878 756 4932 Festum
791 4879 929 4932 beai
966 4879 1204 4943 ancntii
1239 4880 1433 4931 ibidem
1465 4880 1550 4931 die
1577 4897 1628 4939 ιι
1661 4881 1780 4939 ΚιιΙ.

204 4949 522 5002 Novembris
549 4949 760 5009 colitur,
786 4949 1082 5015 diciturqui:
1115 4951 1268 5016 volgo
1293 4950 1421 5002 sirint
1451 4949 1696 5005 Laurent.

285 5016 313 5053 ι’
343 5016 516 5084 Neque
545 5019 645 5072 hoc
673 5032 824 5081 eaput
852 5027 1024 5071 cx~tat
1051 5019 1100 5071 iu
1128 5021 1309 5078 Corh..
1338 5021 1448 5071 Vat.
1477 5031 1529 5072 et
1555 5019 1705 5074 Colb.
1731 5037 1781 5074 a.

213 5087 297 5160 De
329 5086 384 5140 S.
413 5087 693 5150 Dalmatia,
725 5088 945 5142 Thcodo
979 5088 1010 5160 ii
1044 5091 1089 5139 cl
1131 5091 1304 5142 ctiOuc
1333 5099 1385 5141 et
1414 5087 1780 5160 TraiiSobado,

202 5157 334 5210 vide
361 5172 512 5221 supra
562 5160 655 5212 lib.
684 5175 731 5221 v,
780 5174 896 5226 cap.
940 5159 1029 5212 47.
1073 5160 1446 5212 'l‘ransobadus
1490 5161 1682 5213 dicitur
1732 5157 1782 5216 in

202 5227 364 5281 Coll).
410 5245 476 5282 tn.
513 5229 895 5295 Trusobuldus;
946 5231 994 5283 iu
1049 5229 1257 5297 licgtlL,
1301 5230 1680 5297 Teusat'aldus;
1731 5233 1782 5287 itt

202 5298 356 5359 aliis,
383 5297 728 5353 Trasobadus.

286 5375 310 5439 ε
345 5367 388 5439 ls
416 5370 549 5437 ipse,
573 5370 642 5424 de
672 5383 776 5438 quo
805 5383 921 5438 eap.
949 5368 1176 5439 prmced.
1205 5382 1254 5423 et
1285 5369 1377 5424 lib.
1403 5385 1452 5434 κ,
1478 5384 1596 5438 cap.
1622 5370 1674 5426 8.

279 5432 314 5474 ἀ
342 5432 600 5493 Βὲεὐοῐιι.
635 5432 706 5492 ηιξ
737 5449 791 5492 cl.
822 5432 1028 5503 negti,”
1061 5455 1177 5508 quae
1216 5449 1295 5491 est
1341 5432 1556 5494 sincera
1599 5441 1797 5495 lectio.’

203 5508 290 5560 Ita
337 5509 471 5561 enim
522 5509 806 5577 Gregorius
835 5521 889 5562 et
916 5513 1001 5561 alii
1035 5523 1278 5563 aucmres
1307 5509 1421 5579 ejus
1453 5514 1548 5563 aevi
1583 5511 1780 5565 habent

205 5593 314 5641 pro
339 5582 770 5643 tne-tmpolitanus.
806 5581 931 5633 Vide
963 5580 1128 5634 Conc.
1165 5582 1330 5632 l’aris.
1368 5596 1454 5645 nt,
1486 5597 1603 5634 can.
1633 5586 1697 5642 8,
1730 5593 1782 5635 et

199 5648 440 5704 Marcolii
475 5650 747 5702 formulas.
774 5651 922 5704 Unde
956 5653 1090 5703 male
1113 5653 1248 5714 apol
1281 5652 1473 5703 Chesu.
1500 5663 1550 5702 et
1582 5653 1782 5716 aliquot

200 5719 347 5772 alios
373 5719 434 5772 ed
459 5730 535 5772 tos
559 5763 572 5780 ,
609 5722 1035 5784 ηιριτυροίἰιιιιιίδ;
1072 5724 1259 5774 melius"
1291 5722 1563 5785 nonnulli,
1599 5732 1782 5775 metro-

1893 1887 1986 1941 Est
2015 1886 2154 1942 enim
2188 1887 2266 1938 vir
2295 1885 2448 1940 valde
2481 1887 2706 1948 nobilis,
2733 1894 2786 1938 et
2812 1885 2878 1938 de
2909 1884 3094 1952 primis
3124 1883 3464 1937 senatoribus

1891 1977 2203 2044 Galliarum,
2228 1981 2279 2031 in
2307 1978 2496 2032 litteris
2521 1981 2653 2033 bene
2684 1978 2922 2032 eruditus
2950 1977 3251 2041 rhetoricis,
3279 1978 3327 2028 in
3355 1993 3463 2028 mc-

1890 2071 2038 2124 tricis
2056 2071 2409 2124 vero'artibus
2433 2069 2561 2123 nulli
2587 2069 2870 2123 secumlus.
2891 2069 2985 2122 liic
3007 2069 3265 2137 synodum
3292 2067 3462 2132 illam,

1888 2160 2040 2226 cujus
2085 2173 2245 2226 supra
2293 2159 2659 2224 meminimus,
2699 2174 2795 2228 pro
2837 2157 3104 2227 parochiis
3145 2156 3460 2211 Cadurcinia

1891 2251 2004 2303 fieri
2036 2251 2386 2304 commonuit.

1960 2340 2072 2394 XL.
2103 2339 2330 2410 Legatus
2351 2356 2498 2406 vero,
2515 2339 2702 2407 Oppila
2731 2340 2962 2403 nomine,
2983 2337 3052 2392 de
3081 2337 3348 2404 Hispaniis
3369 2336 3460 2387 ad-

1887 2434 2056 2494 venit,
2083 2431 2247 2484 multa
2284 2446 2507 2484 munera
2537 2432 2698 2501 316
2727 2430 3028 2498 Chilperico
3057 2427 3163 2494 regi
3191 2427 3462 2483 deferens.~

1887 2521 2132 2575 Timebat
2155 2521 2296 2574 enim
2319 2535 2413 2576 rex
2437 2519 2896 2589 Hispanorum,ne
2922 2517 3287 2572 Childcbertns
3308 2532 3459 2570 exer-

1887 2613 2053 2666 citum
2082 2611 2150 2665 ad
2181 2611 2539 2666 ulciscendam
2568 2611 2769 2664 sororis
2797 2624 2907 2663 sua:
2937 2609 3182 2675 iniuriam
3221 2621 3461 2659 comnm-

1887 2711 2038 2757 veret
2067 2719 2080 2754 :
2116 2703 2237 2770 quia
2269 2700 2642 2756 Lenvichildus
2684 2699 3072 2767 apprehensum
3107 2697 3270 2750 filium
3303 2711 3458 2750 suum

1888 2795 2379 2863 Hermenegildum,
2399 2795 2483 2862 qui
2508 2807 2746 2846 sororem
2766 2801 2792 2840 ιι
2811 2791 3134 2846 Childeberti
3157 2799 3458 2858 acceperat,

1886 2895 2176 2941 retruserat
2202 2885 2254 2939 in
2283 2884 2598 2945 custodiam,
2623 2884 2734 2950 ipsa
2765 2883 2982 2936 muliere
3007 2897 3125 2935 cum
3154 2877 3354 2933 Gram-is
3377 2893 3460 2933 re-

1886 2978 2030 3032 licta.
2052 2978 2214 3046 Igitur
2233 2993 2352 3030 cum
2383 2977 2470 3031 die
2495 2987 2680 3030 sancto
2701 2975 2918 3028 Pascha:
2950 2971 3034 3027 hic
3066 2973 3270 3041 legatus
3289 2971 3458 3025 ’ὶίιιυος

1887 3071 1970 3124 nis
2013 3069 2344 3132 advenieset,
2367 3067 2623 3123 sciscitati
2655 3080 2870 3128 sumus,
2900 3074 3073 3119 utrum
3107 3075 3302 3119 nostra:
3331 3065 3456 3117 reli-

1886 3162 2058 3230 gionis
2104 3171 2266 3215 esset.
2304 3159 2596 3225 Respondit
2641 3159 2756 3226 ipse
2803 3173 2863 3212 se
2906 3157 3007 3212 hoc
3051 3156 3272 3211 credere
3317 3155 3456 3225 quod

1884 3251 2133 3305 catholici
2182 3249 2425 3305 credunt.
2471 3248 2676 3302 Exinde
2722 3247 3018 3316 procedens
3067 3248 3340 3302 nobiscum
3390 3247 3456 3300 ad

1885 3340 2200 3402 ecclesiam,
2248 3340 2523 3394 Missurum
2578 3338 2836 3393 solemnia
2883 3337 3082 3402 tenuit;
3133 3339 3227 3392 sed
3284 3353 3458 3404 neque

1886 3446 2068 3500 pacem
2097 3446 2216 3486 cum
2249 3431 2444 3485 nostris
2478 3430 2619 3494 fecit,
2673 3444 2844 3499 nequc
2884 3429 2950 3483 de
3000 3430 3272 3482 sacrificiis
3307 3442 3456 3483 com-

1886 3521 2171 3575 municavit
2219 3520 2267 3573 ιι.
2321 3519 2706 3590 Cogtiitumque
2775 3530 2856 3575 est
2929 3520 3262 3574 mendacium
3337 3535 3462 3574 esse

1885 3610 2025 3678 quod
2085 3610 2290 3662 dixerat
2332 3623 2391 3662 se
2436 3624 2556 3663 esse
2603 3609 2945 3663 catholicum.
2994 3608 3349 3663 Nihilominus
3389 3614 3455 3665 ad

1886 3701 2183 3755 comiviutu
2253 3701 2503 3755 invitatus
2572 3701 2760 3754 adfuit.
2817 3699 3058 3768 Cumque
3102 3715 3201 3769 ego
3255 3701 3460 3754 sollici-

1887 3805 1970 3847 tus
2029 3795 2351 3860 requirerem
2400 3795 2522 3859 quid
2589 3794 2850 3856 crederet,
2904 3793 3236 3862 respondit:
3285 3793 3462 3848 Credo

1886 3886 2094 3940 Patrem
2143 3895 2198 3939 et
2238 3886 2424 3938 Filium
2469 3895 2521 3939 et
2561 3885 2814 3954 Spiritum
2857 3895 3100 3940 sanctum
3147 3885 3306 3950 unius
3341 3899 3458 3940 csso
3523 3943 3528 3946 _

1886 3980 2115 4033 virtutis.
2141 3979 2234 4032 (Sui
2261 3994 2360 4049 ego
2388 3978 2635 4045 reSpondi
2663 3996 2674 4030 :
2705 3978 2761 4034 Si
2796 3979 2928 4044 lucc,
2948 3992 3000 4033 ut
3026 3958 3456 4043 asseris,creilis.

1888 4087 2005 4141 qum
2036 4070 2242 4125 obstitit
2269 4084 2428 4124 causa
2460 4081 2513 4123 ut
2544 4070 2610 4124 de
2651 4070 2958 4134 sacriticiis,
2985 4085 3104 4138 qua)
3135 4070 3245 4124 Deo
3281 4069 3458 4123 offeri~

1887 4177 2037 4224 mus,
2061 4161 2461 4214 communicare
2489 4161 2766 4214 differres?
2800 4159 2865 4214 Et
2894 4161 2984 4214 ille
3018 4179 3028 4212 :
3062 4161 3226 4227 Quia,
3255 4161 3455 4228 inquit,

1887 4253 2122 4308 Gloriam
2175 4266 2276 4306 non
2323 4260 2467 4306 recte
2511 4250 2873 4318 respondctis;
2907 4266 3026 4303 nam
3053 4249 3206 4319 juxta
3235 4251 3456 4304 Paulum

1889 4389 2166 4456 palinurus.
2188 4385 2236 4440 is
2265 4397 2378 4440 erat
2400 4383 2662 4456 Sulpicius
2685 4383 2932 4456 Severus,
2954 4396 3021 4437 et
3051 4398 3168 4456 cap.
3193 4387 3456 4450 sequenti,

1889 4453 2081 4527 dequo
2110 4457 2200 4512 lib.
2239 4474 2264 4507 κ
2293 4497 2308 4519 ,
2336 4471 2454 4524 cap.
2478 4453 2567 4510 96.
2597 4453 2864 4527 Parochia>
2900 4453 3144 4527 κοινοὶ-ιιι)
3173 4456 3364 4522 quibus
3395 4456 3455 4508 lis

1814 4517 1862 4578 Ι)
1891 4517 2229 4588 movebatur,
2261 4517 2366 4580 illa:
2403 4517 2595 4590 erant,
2625 4534 2682 4577 ut
2708 4526 3005 4591 suspicatur
3031 4517 3304 4589 Valesius,
3337 4540 3456 4591 qua!

1887 4599 2166 4651 Arisitensi
2211 4597 2540 4664 episcopatui
2588 4594 2853 4648 attributa:
2900 4594 3127 4656 fuerant,
3157 4596 3226 4646 de
3265 4593 3458 4662 quibus

1885 4684 2041 4734 supra
2072 4669 2161 4720 lib.
2189 4682 2236 4730 v,
2267 4666 2457 4732 cap.

1960 4731 1983 4775 ε
2019 4739 2175 4790 Deest.
2206 4731 2363 4789 etiam
2394 4737 2492 4788 hoc
2521 4742 2680 4799 caput
2704 4734 2754 4786 in
2784 4732 2970 4795 Corb.,
2997 4731 3116 4786 Vat.
3143 4741 3197 4788 ct
3222 4733 3372 4788 Colb.
3403 4751 3453 4788 a.

1890 4808 2028 4862 Idem
2060 4807 2279 4860 :llllileS
2303 4808 2400 4858 sub
2431 4805 2655 4857 Remedii
2684 4807 2899 4857 nomine
2929 4804 3243 4868 subscripsit.
3264 4804 3456 4860 Conci-

1887 4879 1959 4932 lio
1988 4880 2186 4932 M..tisc.
2223 4891 2272 4940 ι,
2303 4891 2442 4928 anno
2473 4874 2596 4927 53!.
2629 4875 2751 4941 Ejus
2789 4884 2842 4928 et
2871 4874 3198 4928 successoris
3226 4876 3308 4928 sui
3343 4877 3454 4931 Vita

1890 4949 2113 5001 hab-stur
2159 4948 2210 4999 in
2263 4945 2587 4998 l‘atriarchio
2639 4945 2979 5005 Bituricensi.
3008 4961 3126 5013 cap.
3159 4945 3225 4999 26
3265 4959 3320 5001 et
3362 4946 3450 5010 Ξῖ,

1889 5029 2030 5072 tonio
2062 5017 2099 5071 ιι
2134 5016 2382 5071 Bibliotlt.
2410 5030 2557 5067 nova:
2590 5013 2808 5068 Lubbei.

1964 5086 1982 5125 ί
2017 5086 2222 5156 Ibique,
2247 5099 2375 5144 εις..
2403 5098 2568 5148 uSqne
2598 5085 2659 5136 ad
2690 5087 2974 5153 perierunt,
3003 5084 3195 5139 desunt
3222 5085 3273 5138 in
3303 5084 3454 5153 Coll),

1889 5175 1961 5212 m.
1989 5163 2054 5211 At
2077 5161 2197 5209 tias.
2223 5159 2384 5208 habet
2408 5156 2673 5211 hostilitati
2699 5158 3002 5209 restiterunt.

1959 5239 1982 5276 ι’
2019 5228 2303 5297 lnguudeut
2331 5223 2580 5293 Sigiberti
2615 5225 2798 5297 tiliam.

1957 5298 1984 5336 ¹¹
2015 5290 2248 5352 υὶῖειτνίι
2277 5290 2510 5348 nomium
2542 5295 2842 5350 honnncm.
2877 5294 2964 5361 qui
3003 5307 3122 5344 cum
3165 5290 3331 5344 sacris
3371 5291 3455 5344 in-

1891 5368 2179 5430 terfuisset,
2213 5369 2276 5420 iis
2308 5381 2410 5417 nou
2443 5365 2866 5432 participat-erat,
2897 5375 2992 5413 nec
3023 5376 3203 5428 paci-tn
3237 5363 3302 5413 ab
3333 5361 3452 5416 aliis

1890 5440 2128 5492 fidelibus
2159 5445 2451 5503 acc-perat.
2479 5435 2665 5488 Missas
2691 5449 2864 5486 autem
2894 5443 3092 5495 tenere,
3115 5432 3363 5503 idemcst
3393 5450 3456 5486 ac

1888 5509 2016 5576 ipsis
2061 5502 2338 5568 interesse,
2381 5521 2442 5556 ex
2495 5504 2706 5576 cana“
2761 5503 2963 5555 Concil.
2996 5502 3331 5576 Agathensis,
3367 5512 3456 5554 aut

1888 5573 2052 5640 certe,
2077 5579 2117 5630 si
2151 5577 2217 5630 de
2245 5577 2520 5629 sacerdote
2551 5573 2802 5625 habeatur
2824 5586 3020 5633 srrmo,
3045 5587 3135 5623 cas
3157 5573 3452 5631 celebrare.

1889 5661 1945 5701 ut
1998 5650 2046 5702 in
2101 5648 2294 5715 [tegula
2347 5645 2403 5698 S.
2436 5645 2494 5696 P.
2529 5642 2959 5715 lii‘:tteilictt,_cap.
2995 5644 3025 5692 ti
3051 5646 3084 5692 l.
3119 5641 3250 5696 Vide
3291 5641 3454 5696 Card.

1893 5722 2056 5781 Bona,
2081 5721 2150 5772 lib
2177 5709 2218 5769 ⁷ι
2237 5719 2360 5771 licr.
2391 5715 2795 5781 Litm'gie.,cap.
2822 5709 2874 5772 ‘2,
2902 5726 2956 5764 tt.
2979 5714 3033 5764 ti.
