3974 6174
421 262 516 316 ιον

1307 259 1632 335 HISTORIA
1672 258 2117 316 FRANCORUM.
2165 257 2369 315 LIBER
2406 258 2702 319 SEXTUS.
3596 265 3699 322 fill)

412 378 575 434 multa
626 377 676 432 ei
722 377 914 432 dantes
960 391 1206 444 munera,
1254 393 1318 431 ac
1349 379 1722 445 promittentes
1761 392 1821 430 se
1865 376 1999 445 parti
2032 381 2077 439 Λ
2109 374 2194 438 Iis,
2224 374 2945 445 aeribusqueioeomn'todis.
2968 377 3086 444 Quo
3110 376 3385 445 defuncto,
3418 380 3559 437 filius
3582 386 3701 446 eius

410 469 525 540 ejus
567 482 692 523 esse
735 469 919 523 fideles
965 477 1126 539 atque
1162 468 1466 539 subjectus;
1502 469 1839 538 patrati~que
1874 482 1996 521 cum

410 563 493 617 Itis
513 562 764 617 erunibus
783 578 905 632 quze
935 561 1098 618 voluit
1130 578 1244 628 rex,
1271 561 1324 617 in
1352 563 1554 617 Gallias
1584 572 1665 617 cst
1693 576 1996 631 regressus,

416 664 576 721 atque
621 656 920 709 exercitum
986 656 1316 710 commoveri
1382 658 1637 725 praecepit
1667 696 1681 719 ,
1734 671 1894 724 quem
1945 655 1998 709 iu

412 742 725 814 llispauiatn
754 745 909 815 dirigi
937 744 1100 814 jussit
1122 788 1137 812 ,
1166 746 1260 801 sed
1292 747 1497 816 quievit
1525 756 1578 800 ⁸.
1630 748 1711 801 Ab
1741 747 1997 816 'Impera-

416 850 536 892 ture
587 847 770 893 autem
820 840 1080 894 Mauricio
1125 849 1249 894 ante
1288 841 1385 895 hos
1421 856 1590 895 annos
1617 843 1998 913 quinquaginta

412 930 581 985 millia
612 931 909 986 solidorum
935 940 1242 1000 acceperat,
1270 942 1327 986 ut
1352 932 1730 1003 Langobardos
1755 934 1823 988 de
1852 934 1999 988 Italia

411 1022 741 1078 extruderet.
774 1023 973 1078 Audito
1007 1031 1187 1077 autem
1237 1022 1546 1091 imperator,
1582 1024 1723 1093 quod
1765 1039 1885 1078 cum
1917 1025 2001 1078 his

410 1116 464 1169 in
496 1129 629 1183 pace
673 1114 993 1183 coniunctus
1038 1126 1155 1180 est,
1204 1115 1483 1181 pecuniam
1531 1119 1841 1180 repetebat:
1892 1116 1988 1170 sed

410 1208 518 1269 hic.
550 1207 690 1262 lidus
719 1222 747 1260 a
776 1208 983 1263 solatiis
1007 1247 1022 1272 ,
1052 1222 1119 1262 no
1168 1222 1483 1278 responsum
1514 1209 1731 1278 quidem
1765 1223 1861 1278 pro
1895 1209 1996 1263 hac

410 1316 472 1355 re
500 1301 669 1353 voluit
696 1300 944 1357 reddere.

482 1391 669 1447 XLIII.
712 1391 767 1445 In
795 1390 1020 1446 Gallicia
1068 1389 1095 1429 δ
1126 1407 1337 1461 quoque
1382 1406 1537 1447 nova:
1571 1407 1657 1446 res
1684 1402 1817 1447 actae
1850 1402 1999 1450 sunt.

409 1500 529 1552 qua:
553 1483 868 1552 desuperius
898 1494 920 1522 ε
953 1486 1263 1538 memorabu
1289 1495 1411 1538 .tnr.
1444 1483 1607 1553 Igitur
1631 1500 1750 1538 cum
1780 1485 1998 1539 lIt-rme~

410 1576 679 1645 negildos,
706 1577 844 1630 sicut
863 1590 1022 1643 supra
1045 1576 1279 1629 diximus
1309 1572 1359 1639 ά,
1393 1576 1527 1644 patri
1562 1578 1802 1628 iuit-usus
1828 1585 1998 1639 esset,

410 1675 466 1722 et
496 1670 550 1721 in
574 1667 795 1722 civitate
825 1668 1055 1735 quadam
1088 1667 1357 1735 llispauize
1385 1681 1507 1720 cum
1538 1667 1764 1735 eoojuge
1796 1665 2001 1721 reside-

2107 468 2363 521 Euricbus
2392 466 2721 521 Leuvichildi
2773 468 2913 538 regis
2958 469 3222 525 amicitias
3267 481 3505 542 expetit;
3536 475 3694 529 dato-

2101 571 2227 623 que,
2252 566 2306 610 ut
2333 567 2485 625 pater
2504 557 2726 623 fecerat,
2748 569 3102 624 sacramento,
3131 577 3348 630 regnum
3370 562 3629 620 Gal'icicu
3662 583 3701 621 ο

2100 647 2361 716 suscepit.
2395 648 2507 702 Hoc
2538 663 2663 703 vero
2691 662 2832 702 anno
2858 660 3113 717 cognatus
3142 653 3259 720 ejus
3290 654 3491 709 Audica
3522 654 3572 720 h,
3604 664 3693 725 qui

2100 750 2341 791 Sororem
2387 737 2533 792 illius
2582 740 2961 809 desponsatam
3008 742 3255 806 habebat,
3292 761 3411 798 cum
3456 750 3699 803 exercitu

2105 831 2268 895 venit,
2300 831 2805 903 apprehensutuque
2833 835 3085 889 clericum
3124 833 3138 872 ί
3172 835 3315 901 facit,
3351 853 3411 892 ac
3433 838 3678 893 diacona-

2101 935 2187 973 tus
2216 920 2329 975 sive
2368 924 2688 993 presbyterii
2738 923 2784 979 ei
2835 926 3033 995 imponi
3071 927 3331 982 honorem
3358 929 3548 999 jubet:
3581 935 3696 1000 ipse

2102 1024 2231 1063 vero
2257 1024 2473 1077 accepta
2504 1013 2677 1067 soceri
2724 1014 2806 1067 sui
2845 1030 3013 1071 uxore
3046 1020 3095 1082 l,
3123 1019 3443 1075 Gallicieuse
3474 1036 3697 1091 regnum

2098 1104 2349 1158 obtinuit.
2386 1104 2763 1160 Leuvichildus
2818 1123 2945 1161 vero
2987 1109 3151 1163 liliuttt
3194 1126 3350 1164 suum
3403 1114 3692 1169 lit-rumne-

2099 1194 2305 1263 gildum
2330 1195 2494 1263 cepit,
2528 1207 2584 1250 et
2612 1212 2792 1251 secum
2825 1214 2992 1269 usque
3020 1200 3264 1256 To'ctum
3297 1203 3537 1269 adduxit,
3568 1222 3697 1259 con-

2101 1297 2364 1342 ttetnnans
2394 1304 2516 1343 cum
2556 1291 2779 1358 essilio;
2809 1309 3030 1348 uxorem
3076 1307 3249 1350 tamen
3285 1314 3399 1364 c,us
3431 1316 3459 1351 a
3493 1299 3696 1357 Cnet-is

2100 1383 2312 1445 eripere
2345 1396 2449 1433 non
2485 1383 2679 1449 potuit.

2177 1471 2357 1527 XLIV.
2401 1475 2645 1529 Locusta:
2687 1492 2902 1553 quoque
2943 1477 3011 1533 de
3044 1480 3344 1548 Carpitania
3382 1484 3646 1550 provincia
3676 1528 3693 1551 ,

2101 1577 2261 1631 quam
2294 1580 2387 1632 per
2406 1566 2640 1636 quinque
2658 1577 2999 1627 vastaverant
3028 1585 3215 1637 annos,
3246 1556 3353 1627 hoc,
3371 1589 3510 1628 anno
3534 1577 3691 1649 321

2104 1670 2423 1724 progressae,
2455 1672 2814 1729 aggeremque
2840 1661 3110 1730 publicum
3142 1674 3407 1731 tenentes,
3435 1667 3499 1719 ad
3532 1674 3693 1720 altam

410 1768 513 1824 ret,
545 1757 743 1817 solatio
774 1759 942 1813 ltetus
974 1757 1334 1826 imperatoris,
1366 1766 1524 1826 atque
1555 1757 1777 1811 Miroais
1812 1765 1836 1793 °
1866 1756 1994 1810 Gal-
2031 1752 2074 1811 Β
2103 1762 2163 1801 se
2188 1750 2547 1816 provinciam,
2582 1766 2701 1819 qua?
2727 1753 2849 1806 huic
2875 1754 3044 1807 vicina
3074 1764 3191 1809 erat
3222 1756 3530 1824 provincia),
3564 1774 3692 1811 cou-

412 1850 649 1905 Iiciensis
697 1850 862 1920 regis,
915 1858 1119 1919 patrem
1168 1850 1233 1901 ad
1282 1864 1341 1903 se
1370 1862 1491 1903 cum
1522 1851 1763 1902 exercitu
1814 1849 2000 1902 venire

411 1941 687 2012 cognovit,
721 1940 1112 2010 consiliumque
1137 1924 1266 1993 iniit
1306 1938 1537 2008 qualiter
1563 1939 1868 1993 venientem
1911 1948 2003 1991 aut

413 2035 747 2104 repelleret,
796 2044 909 2088 aut-
938 2042 1189 2090 necaret:
1221 2032 1467 2088 nesciens
1517 2032 1682 2087 miser
1724 2032 1985 2101 judicium

413 2131 513 2184 sibi
544 2130 827 2184 imminere
849 2129 1114 2193 divinum,
1138 2129 1225 2195 qui
1253 2136 1437 2181 contra
1466 2129 1785 2197 genitorem,
1816 2140 2004 2195 quam-

416 2222 545 2276 libet
600 2222 938 2286 hmreticum,
988 2220 1111 2273 talia
1163 2218 1442 2289 cogitaret.
1498 2218 1691 2271 Habito
1734 2231 1862 2287 ergo
1895 2224 2003 2269 tra-

413 2325 581 2382 eiatu,
624 2316 693 2371 de
741 2309 1202 2369 multis'virorum
1249 2312 1484 2365 millibus
1536 2318 1807 2364 trecentos
1856 2300 2003 2362 viros

414 2406 577 2475 e‘egit
605 2414 870 2470 armatos,
901 2413 953 2460 et
998 2403 1133 2457 intra
1181 2411 1417 2455 castrum
1470 2398 1633 2455 Osser
1661 2396 1707 2463 ί.
1756 2398 1918 2469 320
1948 2398 2001 2452 in

414 2498 569 2567 cujus
596 2496 823 2551 ecclesia
855 2496 1030 2550 fontes
1058 2493 1311 2548 divinitus
1341 2492 1703 2559 complentur,
1736 2490 1997 2544 includit:

416 2600 476 2644 ut
504 2589 714 2643 scilicet
740 2586 912 2653 primo
945 2585 1147 2653 impetu
1176 2583 1242 2636 ab
1274 2582 1360 2637 his
1391 2592 1542 2651 pater
1574 2579 1786 2635 territus
1812 2595 1875 2633 ac
1899 2580 2003 2633 las-

429 2688 597 2742 satus,
629 2676 839 2730 facilius
868 2676 934 2728 ab
958 2672 1196 2729 infetiori
1242 2687 1426 2735 manu,
1452 2686 1570 2740 qua:
1601 2678 1719 2725 erat
1750 2668 1999 2738 plurima,

418 2773 744 2828 vinceretur.
780 2768 1014 2838 Denique
1052 2767 1134 2821 his
1168 2766 1311 2820 dolis
1340 2764 1522 2819 Leuvit
1544 2763 1722 2818 hildus
1771 2779 1858 2817 rex
1910 2778 2003 2817 co-

414 2864 596 2935 gnitis,
622 2863 946 2932 cegitatione
977 2860 1208 2913 maxima
1234 2857 1501 2928 fatigatur.
1529 2857 1617 2924 Si,
1655 2858 1847 2926 inquit,
1876 2856 2001 2908 illuc

414 2975 535 3016 cum
577 2957 726 3014 omni
775 2955 1011 3010 exercitu
1054 2952 1270 3017 abiero,
1324 2952 1678 3021 conglobatus
1726 2950 1777 3003 iu
1832 2965 1996 3003 unum

413 3053 683 3109 exercitus
713 3047 1144 3104 adversariorum
1168 3042 1367 3113 jaculls
1395 3043 1767 3098 crudelissime
1794 3042 2000 3096 saucia-

2106 1839 2367 1893 utleruut.
2418 1845 2598 1907 Quare
2646 1846 2876 1912 spatium
2920 1845 2974 1898 itt
3012 1854 3227 1900 centum
3255 1845 3281 1884 ι
3310 1849 3691 1919 quinquaginta

2104 1934 2415 1987 extenditur
2447 1936 2608 1989 millia
2645 1937 2955 2006 longitudo;
2986 1938 3211 1994 latitudo
3240 1956 3370 1995 vero
3397 1942 3448 1995 in
3477 1950 3691 1998 centum

2105 2026 2341 2079 IIIIIHWS
2390 2027 2727 2081 terminatur.
2773 2028 2884 2083 lluc
2931 2046 3073 2083 anno
3106 2032 3269 2084 multa
3322 2033 3560 2101 prodigia
3589 2048 3685 2101 ap-

2106 2128 2399 2186 paruerunt
2444 2120 2494 2173 in
2531 2120 2743 2186 Galliis,
2781 2122 3214 2193 vastationestpte
3266 2126 3445 2180 multm
3479 2127 3690 2182 fuerunt

2106 2208 2157 2262 iu
2206 2210 2421 2279 populo.
2467 2212 2595 2265 Nam
2646 2228 2829 2267 mense
2872 2213 3127 2268 Januario
3175 2231 3313 2269 rosa:
3354 2220 3483 2269 visa:
3526 2229 3687 2281 Sllill;

2110 2298 2253 2351 circa
2280 2300 2447 2351 solent
2477 2315 2687 2369 quoque
2715 2298 2948 2355 circulus
2973 2317 3196 2372 magnus
3216 2305 3481 2373 apparuit,
3514 2306 3690 2359 diver-

2103 2389 2181 2443 sis
2213 2389 2485 2444 cnloribus
2514 2393 2725 2458 mistus,
2751 2403 2806 2445 ut
2838 2396 2974 2446 solet
2998 2394 3048 2447 in
3077 2394 3168 2447 illo
3197 2396 3432 2451 caelestis
3456 2397 3547 2451 iris
3578 2414 3689 2450 .nu-

2106 2479 2221 2535 hittt
2274 2481 2447 2549 pluvia
2479 2482 2789 2537 discedente
2830 2481 2844 2521 ι
2880 2487 3183 2539 monstrari.
3222 2486 3413 2541 Prniua
3459 2495 3691 2556 graviter

2105 2572 2291 2627 vineas
2343 2572 2582 2637 exussit;
2635 2586 2923 2642 tempestas
2972 2577 3137 2631 etiam
3179 2579 3461 2633 subsecuta
3507 2584 3692 2636 vincas

2104 2675 2423 2736 segetesque
2460 2684 2554 2736 per
2586 2669 2812 2737 plurima
2846 2669 2958 2725 loca
2990 2673 3238 2738 vastavit,
3266 2673 3539 2729 residuum
3572 2692 3691 2744 quo-

2103 2774 2208 2827 que
2252 2760 2533 2837 grandinis
2577 2762 2795 2817 siccitas
2851 2765 3110 2819 immensa
3157 2769 3511 2836 consumpsit.
3569 2770 3681 2824 Exi

2104 2863 2347 2920 gnusquc
2399 2852 2601 2907 fructus
2648 2855 2699 2908 iu
2744 2854 3010 2924 aliquibus
3042 2856 3212 2911 vineis
3259 2859 3426 2921 visus,
3480 2861 3527 2912 iu
3563 2860 3684 2916 aliis

2104 2957 2233 2995 vero
2261 2945 2457 3009 nullus,
2492 2946 2560 2998 ita
2593 2956 2649 2998 ut
2678 2946 2795 3000 irati
2826 2958 3010 3000 contra
3044 2947 3210 3003 Deum
3242 2949 3508 3017 homines,
3542 2963 3689 3011 pate-

2105 3037 2169 3091 fao
2192 3038 2259 3092 tis
2289 3038 2525 3093 aditibus
2551 3041 2848 3106 vinearum,
2886 3056 3076 3108 pecora
3108 3043 3191 3097 vel
3212 3042 3479 3112 iumenta,
3513 3047 3682 3098 intro-

419 3156 525 3200 tur.
573 3143 631 3200 Si
663 3158 790 3197 vero
840 3156 961 3196 cum
1008 3140 1188 3209 paucis
1228 3139 1415 3192 vadam
1440 3177 1456 3202 ,
1496 3137 1732 3190 virorum
1780 3135 1999 3189 fortium
2027 3143 2075 3206 ο
2108 3130 2404 3194 mitterent,
2446 3133 2633 3186 noxias
2682 3132 2780 3186 sibi
2829 3134 3193 3189 inttuiscentes
3240 3134 3420 3189 miseri
3458 3153 3641 3205 pret-es
3668 3178 3685 3202 ,

418 3249 635 3291 manum
664 3246 871 3302 nequeo
897 3246 1152 3300 superare
1176 3246 1191 3294 ;
1224 3239 1399 3283 tamen
1424 3243 1543 3281 cum
1567 3226 1816 3281 omnibus
1839 3226 1927 3280 ibo
1950 3234 2019 3297 s.

418 3329 485 3384 Et
526 3328 790 3383 acet-deus
824 3327 890 3379 ad
924 3325 1100 3379 locum
1149 3325 1295 3378 viros
1348 3321 1618 3392 protrivit,
1656 3330 2003 3389 castrumque

422 3418 742 3483 t'OIllbuSSii,
772 3420 914 3471 sicut
953 3416 1065 3485 jam
1107 3415 1354 3484 superius
1383 3424 1733 3468 memoratum
1762 3424 1862 3469 est.
1900 3414 2003 3469 Pa-

419 3522 552 3567 trata
581 3523 793 3582 quoque
819 3508 1063 3575 victoria,
1096 3512 1348 3578 cegnuvit
1376 3506 1631 3561 Mirouem
1661 3521 1842 3577 regem
1873 3521 2006 3561 con-

417 3615 498 3661 tra
542 3621 604 3661 se
656 3619 777 3658 cum
831 3603 1070 3658 exercitu
1157 3601 1394 3656 residere
1468 3602 1586 3669 Quo
1633 3599 2001 3670 circumdato,

420 3701 755 3754 saerﬂinenta
784 3696 950 3766 exigit
977 3695 1076 3751 sibi
1126 3694 1179 3749 in
1211 3706 1483 3764 posterum
1530 3694 1644 3749 fore
1677 3696 1910 3751 fidelem.
1938 3696 2003 3750 Et

418 3793 493 3849 sic
535 3793 678 3847 datis
724 3790 826 3845 sibi
872 3788 1103 3843 invicem
1154 3788 1490 3852 muneribus,
1536 3789 1899 3857 unusquisque
1931 3788 1999 3841 ad

421 3884 630 3954 propria
654 3892 735 3938 est
763 3895 1060 3952 regressus.
1093 3879 1198 3935 Sed
1229 3879 1362 3933 Miro
1385 3890 1663 3947 postquam
1694 3880 1744 3933 in
1774 3879 2001 3949 patriam

422 3976 602 4039 rediit,
636 3991 740 4029 non
769 3974 967 4027 multos
1000 3982 1120 4041 post
1158 3971 1273 4024 dies
1302 3985 1595 4025 conversus
1625 3974 1688 4023 ad
1722 3973 2001 4037 lectulum,

418 4070 579 4125 obiit:
603 4070 901 4123 infirmatus
926 4066 1071 4123 enim
1098 4066 1165 4119 ab
1208 4066 1360 4134 aquis
1388 4064 1656 4133 Hispania:
1687 4064 1860 4119 fuerat
1890 4081 2003 4118 ma-

422 4263 481 4303 re
504 4248 702 4315 aiiquot
734 4245 998 4314 epistolae,
1028 4259 1147 4314 quae
1173 4243 1332 4299 edita:
1352 4252 1475 4297 sunt
1501 4260 1531 4297 a
1563 4244 1761 4311 Chesq.
1791 4256 1840 4300 et
1876 4245 2004 4301 Fre-

424 4320 575 4381 ltem.
598 4314 651 4371 in
678 4320 871 4387 quibus
899 4316 1185 4371 Mauricius
1214 4326 1270 4370 et
1314 4315 1434 4383 ejus
1461 4314 1697 4383 praefecti
1724 4317 1793 4369 de
1834 4316 2005 4371 Frano

423 4394 520 4471 cis,
549 4386 712 4471 quasi
730 4390 801 4471 de
826 4387 1039 4441 violata:
1066 4386 1186 4471 tide_i
1206 4387 1318 4471 reis
1344 4390 2003 4471 conquerutttur._Autba:

422 4462 531 4513 rius
554 4456 702 4524 (.lepi
728 4459 866 4511 filius
893 4467 1019 4512 tunc
1041 4456 1179 4525 apud
1205 4456 1582 4525 Langobardos
1606 4457 1883 4527 regnabat,
1907 4461 1998 4527 qui

424 4528 638 4583 Flavius
670 4532 731 4582 ob
758 4530 1058 4599 dignitatem
1105 4528 1401 4599 appellatus
1432 4538 1545 4591 eat;
1577 4527 1825 4595 istudque
1868 4546 2001 4599 prw-
2036 4528 2082 4586 D

424 4617 602 4654 nomen
632 4598 1082 4665 subsequentibus
1106 4598 1320 4665 regibus
1345 4599 1521 4666 gentis
1542 4613 1654 4655 sua:
1680 4601 1997 4667 transmisit,

424 4682 477 4724 ut
506 4673 669 4725 refert
700 4670 890 4723 Paulus
918 4668 1063 4721 Diac.
1093 4668 1184 4721 lib.
1217 4683 1295 4731 ιιι,
1321 4684 1440 4735 cap.
1470 4668 1556 4721 l6.

454 4750 519 4863 b‘
561 4741 778 4811 llegm.,
817 4739 909 4794 sed
938 4741 1108 4794 nescio
1135 4756 1235 4808 qua
1264 4740 1326 4793 de
1364 4754 1517 4794 causa
1547 4740 1813 4793 remansit.
1862 4738 2003 4799 Nam

423 4826 451 4862 rt
491 4849 505 4863 .

425 4951 443 5004 ι
492 4879 520 4963 ις
561 4880 750 4947 Corb.,
779 4878 931 4935 Colh.
961 4888 1015 4934 et
1041 4879 1228 4943 Ft'eh.,
1259 4878 1455 4935 Gallia.
1481 4879 1609 4934 Bad.
1641 4882 1856 4948 melius,
1885 4880 2005 4936 Cat-

444 4967 570 5004 ecra.

444 4967 570 5007 ετια.

494 5034 517 5060 ο
557 5021 783 5088 Gallice,
809 5024 1049 5085 deum“;
1078 5020 1215 5074 unde
1240 5020 1393 5076 Colb.
1420 5037 1471 5074 εν.
1506 5020 1665 5075 habet
1690 5023 1924 5092 inferius.

492 5093 518 5131 ά
560 5094 679 5148 Lib.
714 5111 767 5157 v,
797 5107 915 5160 cap.
947 5094 1038 5156 ὅθ,
1072 5092 1212 5161 quod
1242 5094 1383 5147 vide.
1420 5092 1560 5147 Urbs
1581 5093 1668 5147 hic
1701 5104 1987 5149 memorata

424 5174 505 5219 est
530 5164 781 5233 Hispalis,
810 5166 896 5217 eui
925 5170 1049 5219 tunc
1074 5172 1302 5231 pra-erat
1330 5163 1612 5231 episcopus
1635 5164 1692 5217 S.
1728 5162 1993 5231 Leander,

423 5239 487 5289 ad
515 5235 787 5291 Tiberium
814 5234 945 5302 imp.
974 5234 1197 5303 legatus.
1229 5243 1284 5288 ut
1321 5247 1478 5302 Opem
1514 5233 1773 5291 adversus
1799 5233 1996 5290 Leuvi.

420 5308 619 5375 gildutn
646 5304 977 5371 imploraret.

495 5386 522 5417 ο
566 5379 613 5431 is
634 5385 752 5433 erat
776 5375 1089 5439 catholicus,
1126 5381 1273 5440 patre
1300 5374 1466 5439 ipsius
1497 5390 1616 5429 cum
1647 5384 1754 5429 tota
1785 5375 1995 5431 Suevo-

423 5462 540 5502 rum
559 5456 743 5517 gente,
758 5447 843 5501 cui
868 5448 1182 5517 imperabat,
1218 5461 1310 5517 per
1333 5446 1616 5499 Marttnutn
1640 5447 1985 5501 Dutniensetu

423 5521 487 5572 ad
538 5515 697 5572 tidem
742 5528 940 5571 rectam
984 5515 1238 5569 adducto.
1283 5516 1514 5571 Joannes
1563 5519 1902 5579 liiclareusis,
1932 5528 1989 5572 ct

426 5585 656 5657 Isidorus
680 5590 923 5657 vulgatus
970 5585 1023 5639 itt
1052 5588 1320 5640 Chronico
1356 5589 1595 5643 scribunt
1634 5588 1890 5643 Mirouetu
1938 5590 1987 5642 iu

426 5654 713 5783 lllcuvl'glidi
734 5654 987 5713 auxilium
1008 5659 1318 5728 accessisse,
1345 5660 1609 5731 vitamque
1631 5660 1832 5715 liuiisse
1853 5660 1991 5731 apud

472 5743 576 5783 tsna
601 5744 695 5783 ub.

472 5743 695 5799 tspatuu.

2108 3234 2267 3295 atque
2292 3225 2530 3280 dicentes
2567 3240 2584 3280 :
2620 3224 2899 3295 Nunquam
2944 3226 2995 3280 itt
3040 3226 3120 3281 his
3151 3228 3321 3282 vineis
3352 3230 3554 3297 palmes
3587 3246 3684 3283 na-

2106 3329 2287 3373 scatur
2315 3318 2369 3372 iu
2411 3320 2824 3388 setuthernum.
2866 3321 3101 3375 Arbores
3152 3337 3299 3387 vero,
3347 3338 3464 3393 qua:
3504 3338 3691 3377 mense

2105 3408 2248 3463 Iulio
2292 3424 2449 3479 poma
2502 3412 2853 3480 protulerant,
2897 3427 3080 3467 mense
3130 3413 3437 3483 Septembri
3487 3416 3693 3469 fructus

2105 3500 2240 3557 alios
2275 3501 2580 3557 ediderunt.
2616 3503 2833 3557 Morbus
2872 3518 3123 3573 pecorum
3165 3506 3383 3560 iteratus
3434 3506 3692 3573 invaluit,

2106 3593 2176 3648 ita
2210 3603 2266 3647 ut
2297 3596 2383 3648 vix
2410 3593 2700 3665 quidquam
2734 3604 3064 3650 remaneret.

2177 3706 2337 3762 XLV.
2379 3707 2596 3763 Interim
2640 3708 3048 3766 advenientibus
3077 3711 3329 3768 Kalendis
3360 3712 3691 3782 Septembri-

2105 3799 2227 3870 bus,
2256 3801 2581 3881 Gottborum
2613 3819 2803 3870 magna
2855 3803 3052 3875 iegatio
3082 3806 3148 3859 ad
3200 3822 3377 3872 regem
3422 3806 3690 3875 Chilperi-

2103 3906 2225 3947 cum
2256 3894 2481 3947 accedit.
2514 3893 2631 3964 ipse
2657 3911 2783 3949 vero
2807 3894 2918 3964 jam
2952 3911 3227 3964 regressus
3260 3897 3507 3961 Parisios,
3539 3898 3696 3951 famis

2106 3984 2203 4037 Iias
2233 3984 2424 4040 multas
2451 3984 2519 4039 de
2548 3985 2796 4041 domibus
2838 3985 3107 4040 iisealibus
3136 3996 3173 4022 ἠ
3197 3988 3395 4043 auferri
3428 3990 3699 4059 praecipit.

2104 4082 2158 4129 et
2187 4074 2237 4128 in
2269 4074 2521 4144 plaustris
2562 4078 2851 4148 componi;
2904 4076 3099 4131 multos
3147 4094 3361 4147 quoque
3408 4079 3596 4135 ﬂentes
3638 4093 3699 4137 et.

2180 4244 2200 4284 ί
2243 4247 2343 4301 Alii
2376 4246 2543 4311 0am,
2576 4262 2670 4301 St'll
2717 4248 2877 4309 Uxor;
2907 4259 3139 4301 raStrum
3192 4260 3301 4302 erat
3342 4266 3405 4303 ex
3456 4250 3692 4308 adverso:

2106 4316 2359 4385 Iiispaiis,
2390 4319 2517 4374 olitn
2550 4334 2577 4371 a
2607 4318 2864 4373 Romanis
2889 4319 3035 4371 Julia
3065 4320 3363 4373 Constantia
3393 4321 3615 4378 dictum.

2178 4401 2201 4435 Β
2247 4390 2435 4453 Cnrh.,
2460 4390 2571 4454 ibit,
2602 4404 2698 4457 pro
2725 4389 2834 4442 ivit.

2180 4461 2207 4495 ιι
2253 4460 2415 4525 Edit.,
2447 4462 2680 4514 Auduca.
2719 4460 2904 4529 Ilegm.
2932 4473 3125 4531 nomen
3160 4476 3267 4515 non
3296 4461 3570 4531 exprimit.

2186 4539 2199 4567 ι
2247 4530 2479 4584 Isidorus
2507 4533 2558 4583 itt
2583 4531 2867 4593 Chronico,
2899 4530 3220 4583 Eubttrieutu
3251 4530 3574 4588 monachum
3610 4534 3693 4587 fa-

2107 4612 2248 4654 ctum
2284 4602 2335 4653 in
2361 4601 2685 4654 monasterio
2709 4600 3018 4653 damnatum
3047 4605 3114 4654 ab
3139 4604 3339 4657 Audica
3370 4606 3529 4659 tuisse
3558 4606 3693 4660 seris

2109 4673 2204 4724 ltit.
2233 4672 2376 4723 idem
2406 4673 2564 4724 rulert
2589 4671 2956 4740 Lcuvigildum
2982 4670 3177 4725 Suevis
3200 4673 3396 4727 bellum
3421 4678 3687 4741 intulisse,

2111 4748 2162 4795 itt
2191 4757 2296 4809 quo
2328 4754 2496 4795 victus
2525 4743 2747 4815 Anthea,
2782 4742 3099 4815 presbyterii
3138 4745 3319 4798 nl'lieio
3346 4750 3684 4815 mancipatus

2109 4823 2211 4874 est,
2238 4828 2340 4876 quo
2367 4822 2518 4885 pacto
2539 4812 2845 4885 S_ttevorum
2866 4814 3221 4885 imperiumin
3254 4812 3694 4885 IliSpauiis'delcn

2112 4892 2221 4936 tum
2257 4884 2367 4934 ltttt.
2400 4882 2534 4936 Vide
2558 4881 2711 4936 Joan.
2745 4884 2933 4937 Ilii-lar.
2964 4884 3306 4940 Ultrotticum.

2188 4955 2201 5003 l
2249 4952 2549 5021 Siscguutia
2592 4954 2843 5007 uitnirum
2886 4954 3106 5009 Maronis
3163 4972 3329 5011 uxore
3363 4998 3378 5022 ,
3421 4973 3486 5012 cx
3529 4957 3689 5014 .loan.

2112 5023 2303 5077 Biclar.
2330 5027 2621 5078 Lhrouico.

2176 5094 2198 5131 ¹ί
2243 5096 2296 5146 lu
2328 5095 2462 5149 Cod.
2492 5095 2654 5149 Corb.
2688 5095 2840 5150 deest
2874 5105 3092 5150 centum.

2182 5165 2192 5201 ¹
2240 5165 2369 5219 Cttd.
2402 5167 2580 5228 αιδην,
2607 5167 2959 5220 ducendane.

2173 5246 2211 5274 τι
2244 5236 2411 5305 Ilujus
2464 5236 2565 5290 loci
2598 5242 2883 5291 occasione
2912 5238 2980 5290 de
3009 5236 3255 5289 domibus
3281 5235 3550 5290 fiscalibns
3579 5249 3684 5303 agit

2102 5306 2343 5361 Valesius
2388 5308 2480 5360 lib.
2541 5322 2619 5361 at.
2672 5309 2865 5360 lit-rum
2918 5305 3185 5371 Francic.,
3234 5306 3414 5375 aitque
3468 5320 3680 5365 veteres

2096 5378 2392 5431 Germanus
2446 5392 2550 5429 non
2603 5379 2782 5441 urbes,
2833 5376 2931 5428 sed
2979 5377 3128 5428 villas
3177 5387 3232 5429 et
3264 5380 3407 5432 vicos
3439 5380 3681 5434 habitae

2097 5449 2467 5513 eousucvissc,
2519 5450 2569 5500 iu
2601 5452 2795 5510 quibus
2852 5462 3000 5498 suam
3053 5449 3278 5515 quisque
3309 5449 3580 5510 familiam.
3627 5457 3684 5506 et

2100 5534 2263 5587 pecus
2294 5520 2744 5586 quamplurimum
2793 5528 3021 5585 poterat,
3054 5519 3253 5571 alt-bat.
3297 5518 3471 5573 Nosu'i
3502 5532 3682 5574 autem

2102 5604 2275 5656 reges,
2310 5604 2458 5642 more
2503 5590 2603 5640 hoc
2652 5597 2881 5651 retento,
2911 5590 3218 5655 complures
3241 5590 3504 5657 ejusmodi
3530 5593 3689 5643 villas,

2105 5662 2422 5724 habuerunt,
2456 5674 2549 5726 per
2580 5670 2746 5712 torum
2789 5673 3011 5727 regnum
3059 5675 3294 5727 Sparsas,
3353 5665 3423 5715 ita
3458 5670 3514 5713 ut
3546 5676 3678 5712 nuu-

2106 5746 2266 5809 quam
2296 5730 2409 5788 lere
2458 5737 2608 5785 extra
2644 5742 2766 5784 suas
2806 5731 3017 5791 deuius.
3066 5732 3227 5787 etiam
3275 5734 3326 5786 in
3378 5730 3687 5796 itincribus,
