3974 6174
188 239 278 304 ιη

1177 255 1236 312 S.
1277 251 1608 310 GBEGORII
1651 251 1952 307 El’lSlTOPl
1992 249 2422 306 TL‘RONENSIS

3348 248 3456 306 4t?

187 363 426 421 nolentes
454 364 623 426 abire,
651 381 704 419 tn
729 366 1048 421 .custodiam
1094 367 1298 423 retrudi
1347 365 1526 436 jussit,
1560 373 1620 418 ut
1666 378 1759 418 eos
1791 367 1837 422 Λ
1865 374 1977 414 mas
1999 370 2052 414 et
2078 360 2285 425 oscula,
2317 375 2436 412 cum
2484 365 2551 412 de
2593 368 2740 427 porta
2772 361 3140 429 egrederetur,
3177 377 3284 414 uno
3333 379 3455 418 car-

186 454 393 509 lacilius
436 470 556 511 cmn
612 456 716 510 ﬁlia
765 459 1128 513 transmittere
1167 468 1367 528 posset.
1411 459 1540 512 Nam
1594 455 1772 509 ferunt

133 541 138 553 ’
186 547 384 600 multos
410 546 507 600 sibi
547 547 616 600 ob
647 546 782 600 hanc
815 548 1225 602 amaritudinem
1255 550 1417 602 vitam
1465 548 1653 616 laqueo
1679 561 1772 600 ex-

187 639 426 701 torsisse,
456 637 580 690 dum
609 637 674 692 de
707 641 1015 707 parentibus
1067 640 1299 708 prepriis
1329 640 1524 693 auferri
1568 645 1773 692 metue-

186 726 336 779 bant.
367 727 725 795 Separabatur
750 741 926 785 autem
958 731 1098 786 ﬁlius
1129 747 1156 783 a
1183 744 1352 799 patre,
1390 741 1562 785 mater
1582 747 1611 784 a
1641 729 1770 798 ﬁlia,

184 823 238 867 et
263 831 382 868 cum
411 817 555 884 gravi
582 819 782 885 gemitu
812 834 874 873 ac
899 820 1364 874 maledictionibus
1389 818 1768 884 discedebant;

187 917 470 978 tantusque
501 911 746 979 planctus
788 914 838 965 in
871 915 1001 967 urbe
1026 913 1188 983 322
1239 912 1501 966 Parisiaca
1533 921 1670 978 erat,
1719 921 1774 964 ut

187 1000 419 1066 plauctui
447 1015 845 1071 compararetur
871 1004 1143 1074 Aigyptio.
1189 1004 1334 1058 Multi
1365 1019 1493 1057 vero
1521 1004 1774 1057 meliores

185 1101 312 1144 natu
344 1101 368 1128 ιι
388 1135 404 1158 ,
434 1094 524 1162 qui
549 1095 600 1147 vi
622 1095 1079 1164 compellabantur
1109 1096 1281 1160 abire,
1311 1101 1628 1150 testamenta
1658 1110 1778 1149 con-

186 1183 459 1252 didcrunt,
506 1203 697 1258 resque
750 1192 875 1244 suas
928 1189 1168 1245 ecclesiis
1224 1188 1566 1256 deputantes,
1617 1195 1776 1257 atque

186 1288 448 1347 petentes,
484 1291 540 1334 ut
568 1296 686 1334 cum
721 1283 772 1336 in
807 1283 1086 1350 llispanias
1122 1283 1296 1352 puella
1334 1281 1636 1344 introisset,
1664 1292 1775 1335 sta-

187 1367 279 1423 tim
309 1381 621 1425 te5tatnenta
651 1371 760 1437 illa,
803 1387 1054 1442 tauquam
1098 1373 1142 1426 si
1169 1372 1280 1442 jam
1325 1382 1509 1427 essent
1554 1373 1774 1439 sepulti,

189 1471 582 1516 rescrarentur.
617 1463 823 1518 Interea
856 1464 1010 1533 legati
1060 1466 1201 1534 regis
1245 1463 1572 1517 Chi'deberti
1632 1464 1778 1516 Pari-

186 1552 297 1606 sios
348 1553 702 1626 advenerunt,
753 1565 1122 1610 contestantes
1169 1555 1478 1624 Chilperico
1531 1554 1665 1621 regi,
1720 1565 1776 1607 ut

186 1643 321 1698 nihil
352 1646 419 1700 de
449 1646 772 1711 civitatibus,
800 1662 929 1718 quas
951 1648 1021 1702 de
1052 1662 1214 1717 regno
1239 1647 1405 1715 patris
1428 1645 1510 1700 sui
1537 1644 1771 1708 tenebat,

1873 449 2269 506 rucze'eﬁ‘racto
2293 469 2413 512 axe.
2443 467 2631 506 onmes
2661 451 2956 505 Mala-hora
2997 453 3247 506 dixerunt
3273 470 3285 505 :
3315 453 3457 522 quod

1873 556 1903 594 a
1931 543 2248 611 quibusdam
2293 559 2393 611 pro
2447 543 2688 611 auspicio
2733 556 3039 612 susceptum
3070 555 3170 598 est.
3223 544 3460 614 Denique

1879 633 2092 706 incede
2122 634 2342 688 Parisiis
2387 649 2693 705 progressa,
2733 644 2923 688 octavo
2952 636 3020 689 ab
3050 637 3181 689 urbe
3211 635 3461 692 milliaria

1877 727 2100 781 tentoria
2136 727 2224 794 ﬁgi
2267 729 2538 796 praecepit.
2579 729 2871 798 Surgentes
2899 729 3043 782 enim
3074 727 3456 800 quinquaginta

1874 820 1972 874 viri
2015 820 2083 876 de
2144 830 2334 886 nocte,
2377 819 2726 890 apprehensis
2769 831 2984 875 centum
3031 821 3299 890 equitibus
3343 821 3455 892 [ΑΙ.

1873 911 2046 983 equis]
2072 913 2308 980 optimis,
2341 913 2666 980 totidemque
2707 912 2872 966 frenis
2908 916 3106 976 aureis,
3141 929 3204 967 ac
3250 914 3458 968 duabus

1873 1005 2080 1058 catenis
2109 1007 2337 1075 magnis,
2369 1005 2436 1058 ad
2468 1003 2873 1059 Childebertum
2904 1019 3086 1075 regem
3118 1005 3238 1075 luga
3267 1006 3459 1075 dilapsi

1874 1093 2144 1148 abierunt.
2198 1095 2303 1150 Sed
2345 1100 2402 1148 et
2431 1109 2526 1162 per
2574 1100 2742 1148 totum
2786 1094 2890 1148 iter
2915 1110 3037 1149 cum
3071 1096 3175 1149 labi
3226 1098 3343 1159 quis
3365 1112 3462 1165 po-

1876 1184 2087 1249 tuisset,
2120 1184 2425 1253 eli‘ugiebat,
2454 1183 2633 1239 ferens
2669 1199 2862 1239 secum
2906 1201 3028 1254 qua:
3080 1189 3319 1255 arripere
3368 1203 3463 1257 po—
3541 1210 3552 1217 -

1877 1276 2083 1351 luisset.
2117 1280 2412 1345 Apparatus
2452 1285 2664 1347 quoque
2700 1293 2922 1347 magnus
2951 1293 3201 1348 expensm
3232 1278 3259 1316 ιι
3286 1281 3353 1334 de
3373 1281 3464 1335 di-

1878 1369 2048 1422 versis
2073 1368 2375 1422 civitatibus
2419 1369 2473 1424 in
2517 1370 2710 1424 itinere
2753 1379 3109 1439 congregatus
3134 1379 3241 1437 est,
3273 1373 3324 1425 in
3354 1388 3462 1443 quo

1875 1455 2007 1510 nihil
2044 1458 2112 1512 de
2141 1457 2269 1512 ﬁsco
2311 1474 2408 1512 suo
2457 1473 2549 1513 rex
2576 1457 2692 1512 dari
2720 1461 2990 1528 praecepit,
3038 1461 3138 1514 nisi
3183 1462 3364 1515 omnia
3395 1464 3464 1518 de

1876 1563 2167 1620 pauperum
2198 1549 2525 1619 conjecturis
2565 1559 2612 1604 θ.
2646 1549 2753 1605 Sed
2795 1551 3051 1620 quoniam
3083 1551 3321 1619 suspicio
3349 1564 3463 1608 erat

1876 1638 1988 1706 regi
2017 1679 2034 1703 ,
2065 1654 2133 1694 ne
2163 1640 2328 1694 l'rater
2348 1649 2440 1693 aut
2465 1655 2633 1709 nepos
2661 1641 2870 1710 aliquas
2917 1640 3138 1696 insidias
3169 1643 3358 1723 puella:
3405 1643 3459 1698 in

186 1735 447 1804 auferret,
492 1750 582 1794 aut
627 1740 693 1794 de
725 1741 991 1794 thesauris
1020 1739 1138 1808 t'jtlS
1167 1740 1218 1792 in
1249 1737 1430 1805 aliquo
1465 1738 1624 1789 ﬁliam
1657 1751 1773 1789 mu-
1805 1733 1849 1793 Β
1877 1729 1960 1785 via
1993 1742 2260 1797 pararent,
2295 1732 2544 1785 vallatam
2591 1731 2661 1786 ab
2713 1732 2954 1787 exercitu
3007 1747 3230 1804 pergere
3272 1733 3458 1804 jussit.

186 1838 422 1894 nerarct,
465 1845 528 1884 ac
565 1846 666 1884 non
715 1831 1001 1899 mancipia,
1033 1845 1138 1887 non
1179 1830 1386 1897 equites
1416 1826 1526 1900 [ΑΙ.
1559 1825 1773 1897 equos],

187 1934 292 1973 n0n
314 1921 437 1990 juga
470 1921 660 1988 boum,
709 1938 882 1991 neque
916 1922 1117 1990 aliquid
1169 1920 1539 1990 hujuscemodi
1588 1919 1655 1972 de
1696 1917 1780 1972 bis

187 2009 409 2063 auderet
437 2011 722 2080 attingere.
755 2012 828 2066 De
877 2011 1072 2080 quibus
1148 2010 1338 2079 legatis
1385 2026 1546 2063 unum
1603 2008 1780 2064 ferunt

185 2104 320 2156 rlam
350 2102 751 2171 interemptum,
795 2103 892 2157 sed
938 2103 1176 2158 nescitur
1203 2118 1232 2155 a
1259 2119 1384 2171 quo.
1424 2101 1670 2168 SuSpicio
1702 2110 1780 2155 ta-

188 2207 311 2246 tnen
343 2196 653 2248 vertebatur
675 2194 739 2248 ad
773 2210 977 2264 regem.
1012 2194 1333 2248 Promittens
1357 2207 1484 2247 vero
1512 2194 1778 2260 Chilperi-

189 2298 287 2336 cus
314 2299 402 2337 rex
438 2284 568 2338 nihil
601 2286 667 2339 de
699 2285 780 2339 bis
819 2286 1150 2353 contingere,
1183 2288 1498 2338 convocatis
1536 2284 1779 2337 n.eliori-

189 2376 286 2430 l'ns
316 2377 558 2442 Francis,
595 2379 918 2448 reliquisque
954 2379 1217 2438 ﬁdelibus.
1253 2376 1464 2445 nuptias
1487 2379 1780 2432 celebravit
1811 2435 1816 2442 ,

190 2468 309 2520 lili:e
340 2485 449 2521 stne
494 2469 538 2525 ι’.
591 2470 913 2537 'l‘i-adimque
945 2470 1132 2538 legatis
1164 2469 1505 2534 Gotthorum,
1557 2483 1780 2537 magnos

194 2559 242 2610 ei
278 2559 557 2611 thesauros
610 2560 786 2623 dedit;
816 2559 908 2612 sed
954 2568 1009 2612 et
1055 2574 1228 2612 mater
1283 2559 1399 2626 ejus
1460 2560 1778 2613 immensum

189 2654 396 2722 pondus
422 2657 534 2708 auri
563 2657 894 2729 argentique,
928 2656 1040 2710 sive
1071 2655 1510 2708 vestimentorum
1540 2655 1779 2725 prutttlit,

192 2752 264 2798 ita
307 2759 363 2800 ut
390 2748 573 2822 videns
607 2749 720 2802 hinc
743 2765 857 2813 rex,
891 2747 1019 2800 nilnl
1049 2748 1147 2800 sibi
1195 2749 1515 2802 remansisse
1548 2758 1780 2814 putare'.

191 2841 361 2906 Quem
385 2825 610 2894 cernens
633 2842 814 2912 regina
839 2851 1185 2904 cummotnm,
1225 2853 1485 2892 conversa
1515 2839 1580 2893 ad
1611 2840 1780 2893 Fran-

189 2944 305 2992 cos,
337 2930 406 2982 ita
441 2932 554 2986 ait:
589 2930 663 2983 Ne
715 2930 931 2998 putetis,
984 2944 1017 2983 0
1061 2930 1184 2993 viri,
1239 2921 1530 2998 quidtjnam
1581 2929 1668 2983 hic
1715 2930 1782 2984 tle

193 3021 459 3077 thesauris
507 3025 834 3077 anteriorum
895 3039 1075 3090 regum
1134 3022 1337 3077 haberi.
1391 3023 1581 3077 Omnia
1636 3024 1778 3077 enim

1885 1825 2048 1881 Erant
2075 1837 2252 1878 autem
2301 1841 2423 1878 cum
2457 1840 2518 1879 ea
2555 1826 2651 1879 viri
2697 1825 2960 1895 magniﬁci
2994 1840 3008 1880 :
3059 1825 3203 1882 Bobo
3229 1825 3358 1892 dux,
3407 1828 3462 1881 ﬁ-

1884 1912 1987 1967 lius
2029 1913 2398 1975 Mtnnmoleni,
2448 1930 2570 1968 cum
2611 1900 2802 1983 nitore,
2835 1915 2984 1984 quasi
3033 1920 3462 1988 paranymphus;

1885 2004 2271 2075 Domegiselus,
2320 2014 2375 2059 et
2418 2006 2789 2072 Ansoualdus;
2824 2006 2997 2076 major
3045 2009 3236 2062 domus
3285 2016 3463 2062 autem

1881 2098 2091 2155 Waddo
2123 2096 2169 2165 τ,
2199 2099 2289 2169 qui
2329 2098 2454 2154 olim
2485 2099 2830 2155 Santonicum
2861 2109 3070 2154 rexerat
3105 2102 3414 2154 comitatum
3446 2118 3463 2157 :

1882 2189 2146 2258 reliquum
2177 2205 2304 2243 vero
2327 2191 2511 2258 vulgus
2540 2205 2702 2259 super
2732 2199 2958 2258 quatuor
2979 2191 3142 2244 millia
3174 2204 3309 2247 erat.
3350 2193 3461 2247 Cte-

1884 2283 1979 2338 teri
2011 2292 2187 2338 autem
2229 2283 2392 2337 duces
2417 2298 2469 2338 et
2499 2286 2774 2338 camerarii
2821 2293 2846 2332 κ
2866 2326 2882 2351 ,
2908 2285 2996 2354 qui
3027 2301 3147 2340 cum
3188 2301 3249 2340 ea
3280 2301 3462 2356 prope-

1883 2383 2158 2440 raverant,
2205 2374 2272 2428 de
2303 2374 2516 2428 Pictavo
2565 2377 2793 2444 regressi
2830 2385 2987 2440 sunt;
3040 2377 3126 2429 isti
3182 2391 3308 2431 vero
3368 2380 3462 2432 iter

1883 2466 2247 2532 conﬁcientes,
2279 2467 2570 2535 pergebant
2599 2477 2656 2521 ut
2702 2477 2966 2543 poterant.
2997 2467 3101 2523 Per
3139 2485 3296 2538 quam
3323 2470 3462 2524 viam

1887 2569 2032 2612 tanta
2061 2559 2258 2627 spolia,
2291 2569 2557 2627 tantasque
2580 2561 2771 2628 pratdat
2802 2557 2957 2613 facta:
2995 2569 3141 2624 sunt,
3183 2552 3238 2614 ut
3265 2563 3348 2614 vix
3377 2577 3462 2616 va-

1885 2653 2027 2705 leant
2069 2653 2338 2715 enarrari;
2372 2669 2492 2706 nam
2545 2653 2825 2721 hospitiola
2874 2668 3162 2723 pauperum
3193 2655 3463 2723 exspolia-

1885 2746 2034 2808 bant,
2068 2747 2252 2799 vineas
2291 2744 2668 2809 devastabant,
2703 2745 2776 2798 ita
2829 2754 2884 2798 ut
2929 2745 3111 2798 incisis
3155 2745 3464 2799 caudicibus

1885 2851 2005 2891 cum
2039 2837 2154 2891 uvis
2192 2833 2221 2872 ιι
2262 2836 2555 2904 auferrent,
2587 2836 2826 2891 levantes
2857 2850 3068 2904 pecora,
3100 2835 3183 2890 vel
3213 2834 3465 2904 quidquid

1885 2927 2127 2982 invenire
2164 2927 2480 2996 potuissent,
2513 2926 2756 2996 nihilque
2790 2942 2884 2996 per
2937 2926 3074 2980 viam
3118 2943 3220 2995 qna
3257 2926 3463 2996 gradie-

1886 3019 2080 3073 bantur
2120 3021 2517 3088 relinquentes;
2551 3019 2936 3088 impletumqne
2980 3027 3064 3074 est
3089 3021 3232 3089 quod
3263 3019 3465 3074 dictum

190 3132 311 3184 qua:
334 3117 574 3180 cern'tis,
607 3117 674 3170 de
705 3130 819 3169 mea
868 3116 1198 3184 proprietate
1239 3115 1414 3168 (thiam
1468 3122 1614 3178 sunt,
1661 3115 1779 3184 quia
1811 3107 1857 3171 C
1888 3118 1971 3163 est
1995 3125 2088 3178 per
2119 3109 2234 3164 Jo-cl
2280 3111 2593 3179 prophetam
2627 3127 2641 3162 :
2678 3109 2954 3162 Rcsiduum
2994 3110 3202 3163 locusta:
3249 3111 3465 3163 comedit

190 3210 319 3264 mihi
351 3209 769 3278 gloriosissimus
813 3225 904 3263 rex
945 3209 1110 3262 inulta
1163 3208 1384 3277 largitus
1416 3215 1518 3260 cst.
1575 3208 1641 3260 Et
1682 3221 1781 3274 ego

183 3292 440 3354 nonnulla
467 3301 534 3354 de
566 3300 779 3370 proprio
805 3299 1122 3367 congregavi
1172 3300 1352 3351 labore
1387 3307 1444 3362 ο,
1479 3307 1533 3351 et
1576 3297 1643 3351 de
1687 3297 1783 3352 do-

190 3392 362 3444 mibus
387 3392 518 3446 mihi
545 3392 838 3454 conressis,
878 3403 981 3443 tam
1011 3395 1076 3443 de
1104 3391 1364 3442 l‘t-uetibns
1397 3404 1555 3454 quam
1588 3389 1656 3442 de
1689 3391 1783 3442 tri-

190 3481 349 3545 bmis;
381 3484 608 3551 plurima
635 3485 894 3551 reparavi.
929 3482 1033 3537 Sed
1085 3491 1140 3534 et
1187 3495 1281 3534 vos
1331 3482 1639 3548 plerumque
1697 3497 1782 3536 me

188 3575 494 3628 muneribus
523 3575 714 3626 vestris
763 3574 996 3634 ditastis,
1045 3571 1112 3625 de
1142 3571 1337 3640 quibus
1363 3581 1487 3625 Sunt
1521 3572 1621 3624 ista
1662 3586 1781 3638 qua:

190 3678 332 3715 nunc
359 3678 540 3716 coram
577 3664 806 3727 videtis;
840 3678 958 3714 nam
997 3664 1081 3714 hic
1131 3663 1196 3714 de
1256 3661 1521 3714 thesauris
1555 3661 1780 3728 publicis

191 3755 321 3808 nihil
358 3754 603 3807 habetur.
626 3758 631 3764 “
657 3751 728 3806 Et’
753 3753 830 3805 sic
858 3752 1068 3805 animus
1101 3752 1242 3823 regis
1271 3753 1484 3806 delusus
1509 3761 1610 3805 est.
1648 3750 1780 3804 Nam

188 3858 331 3908 tanta
362 3848 459 3900 fuit
483 3847 764 3900 multitnd-t
794 3861 997 3910 rerum,
1041 3855 1097 3897 ttt
1141 3861 1332 3899 aurum
1364 3855 1778 3914 argentumque,

188 3954 240 3993 et
271 3941 473 4008 reliqua
504 3946 842 4001 ornamenta,
891 3921 1276 4007 quinquaginta
1337 3936 1570 4005 plaustra
1630 3938 1776 3988 leva-

187 4041 327 4085 rent.
360 4032 546 4084 Franci
598 4044 726 4083 vero
770 4031 931 4082 multa
965 4029 1124 4100 323
1159 4043 1378 4082 munera
1417 4027 1729 4080 obtulerunt
1763 4044 1776 4080 :

187 4122 276 4175 alii
305 4136 514 4186 aurum,
535 4122 626 4175 alii
653 4131 954 4190 argentum,
977 4121 1443 4187 nonnullicquiles
1468 4117 1542 4191 [1.
1563 4115 1778 4188 equos],

188 4214 426 4282 plerique
457 4208 797 4278 vestimenta,
831 4223 884 4268 et
915 4213 1282 4282 unusquisque
1326 4221 1382 4266 ut
1413 4214 1584 4281 potuit
1613 4198 1780 4265 dona-

189 4305 353 4361 tivuui
379 4306 547 4364 dedit.
571 4305 690 4361 Jam
720 4321 848 4360 vero
879 4303 1426 4374 valel‘acienspuella,
1459 4314 1576 4373 post
1597 4296 1779 4372 iacry-

190 4473 623 4527 commauereut;
659 4480 722 4518 ex
755 4464 947 4533 quibus
977 4463 1078 4516 sibi
1123 4463 1337 4529 suisque
1381 4461 1558 4512 omnia
1601 4459 1768 4512 ferme

189 4535 688 4602 suppeditabantur.
721 4536 788 4589 lb.
816 4535 958 4589 enini
987 4543 1140 4588 tif-till
1176 4533 1548 4602 agt-textltot-es,
1577 4533 1768 4584 vinito-

191 4619 298 4669 res,
334 4619 591 4672 pastores,
625 4609 802 4674 coqui,
837 4608 1086 4672 pistores,
1118 4613 1247 4665 etc.,
1281 4605 1364 4668 qui
1397 4619 1550 4682 suum
1576 4602 1770 4670 quique

190 4689 327 4744 Opus
353 4682 693 4739 exercebant,
747 4679 925 4744 illique
971 4677 1109 4729 servi
1141 4677 1171 4726 li
1206 4677 1347 4744 cales
1399 4677 1530 4744 Sive
1569 4688 1771 4739 regnes

191 4741 537 4809 dicebantur;
569 4762 700 4812 quos
721 4746 808 4798 alii
834 4741 1079 4799 familiam
1117 4743 1461 4807 dominicam,
1490 4743 1576 4795 alii
1611 4744 1767 4795 mini-

192 4815 643 4882 sterialesregios
697 4818 1054 4882 appellabant.
1116 4815 1182 4866 lis
1232 4825 1336 4867 tam
1392 4815 1550 4878 villis,
1609 4829 1769 4881 quam

193 4885 498 4938 hominibus
549 4895 812 4952 praeerant
854 4886 1136 4939 domestici
1192 4887 1332 4952 regis
1387 4899 1766 4950 nonnunquam

188 4959 352 5010 etiam
382 4954 611 5023 majores
641 4957 831 5008 domus
859 4957 1006 5020 deti,
1029 4956 1117 5022 qui
1146 4971 1210 5008 eo
1238 4957 1560 5021 potentiores
1589 4963 1762 5016 utaut,

189 5045 295 5094 quo
326 5028 561 5094 pluribus
595 5028 732 5079 Villis
767 5028 1223 5086 ,r.t-lieiebantur;
1259 5026 1541 5091 unicuique
1581 5033 1763 5094 autem

190 5093 336 5150 must
361 5114 489 5152 suus
517 5112 631 5152 erat
667 5107 1000 5163 pl'UCtll’al-tl‘,
1035 5106 1185 5148 actor
1229 5095 1530 5147 dominicus
1561 5093 1758 5156 dictus,

190 5170 276 5234 qui
305 5169 598 5223 domestico
628 5169 922 5236 subjectus,
957 5165 1054 5232 ipsi
1090 5167 1347 5224 rationem
1382 5165 1606 5236 reddere
1631 5173 1767 5216 leue-

191 5239 364 5308 batnr.
394 5239 550 5294 Tales
570 5235 931 5308 erantregum
963 5248 1264 5291 nOstrm-utn
1291 5235 1524 5308 lamilite,
1557 5250 1620 5308 ex
1650 5236 1766 5301 qui-

192 5310 291 5361 bus
316 5307 645 5375 Chilperieus
667 5313 785 5375 jure
818 5306 917 5364 suo
949 5318 1126 5373 utens,
1159 5310 1353 5360 multos
1379 5307 1540 5359 etiam
1572 5306 1766 5358 invitos

189 5377 244 5433 in
271 5378 574 5452 Hispaniam
611 5383 757 5436 abire
786 5385 983 5452 Coegit.

265 5451 402 5502 “Sic
429 5451 760 5513 dicebantur,
793 5471 822 5520 q
869 5444 1170 5520 ivdignitate
1217 5447 1388 5515 aliqua
1431 5454 1522 5498 aut
1575 5444 1767 5512 opibus

192 5520 500 5592 pollebant;
530 5537 903 5592 nonutmqnaut
934 5525 1094 5578 etiam
1138 5524 1357 5592 majores
1395 5527 1536 5592 nata,
1568 5525 1660 5567 aut
1688 5532 1766 5566 se.

192 5590 362 5650 itiorca
418 5591 859 5656 :tppeliabautnr;
914 5605 967 5645 et
1013 5590 1315 5645 econtrario
1369 5590 1589 5661 mitteres
1644 5595 1767 5644 nam

193 5666 280 5731 qui
324 5662 454 5717 mhil
494 5681 653 5732 supra
706 5664 944 5731 plebeios
995 5663 1281 5715 habebant.
1337 5661 1464 5714 Vide
1522 5657 1763 5712 Glossztr.

197 5737 398 5805 Q-ttgzt.

1887 3219 2036 3256 eruca
2069 3201 2114 3267 ί,
2140 3216 2185 3255 et
2213 3204 2468 3272 residuum
2496 3217 2662 3257 eruere
2711 3202 2926 3255 comedit
2971 3201 3208 3266 bruchus,
3258 3212 3305 3260 et
3343 3205 3464 3256 resi-

1863 3287 2043 3350 ’ἀπειρη
2074 3296 2248 3349 brae/ti
2276 3297 2490 3348 comedit
2537 3296 2714 3364 rubigo
2759 3293 2897 3366 (Joel
2927 3311 2971 3360 ι,
3019 3295 3100 3366 4).
3149 3296 3220 3348 lta
3266 3305 3321 3350 et
3366 3296 3466 3349 hoc

1884 3398 2062 3442 actum
2092 3397 2177 3443 est
2215 3399 2477 3455 tempore,
2510 3385 2672 3456 324.
2702 3395 2756 3440 υι
2798 3386 3066 3440 residuum
3099 3387 3301 3454 pruinae
3344 3405 3463 3457 pro—

1886 3489 2084 3537 tereret
2116 3488 2426 3547 tempestas,
2471 3490 2523 3532 et
2556 3479 2827 3532 residuum
2862 3478 3192 3543 tempestatis
3216 3489 3465 3534 exureret

1886 3570 2123 3636 siccitas,
2155 3577 2210 3624 et
2233 3569 2501 3622 residuum
2531 3567 2788 3622 siccitatis
2809 3569 3042 3622 aul’ertet
3071 3568 3361 3623 hostilitas.

1957 3661 2140 3716 XLVI.
2199 3661 2291 3715 llis
2334 3662 2513 3730 itaque
2564 3675 2683 3714 cum
2731 3661 2828 3714 hac
2867 3661 3044 3728 praeda
3099 3661 3464 3732 pergentibus,

1883 3754 2242 3825 Chilpericus,
2277 3753 2416 3808 Nero
2461 3754 2629 3808 nostri
2672 3754 2924 3822 temporis
2977 3763 3029 3808 et
3078 3754 3340 3819 llerodes,
3394 3757 3461 3810 ad

1887 3845 2070 3900 villam
2127 3843 2433 3907 Calensem,
2496 3858 2617 3912 qua:
2681 3842 2842 3896 distat
2894 3842 2962 3896 ab
3012 3842 3142 3896 urbe
3197 3842 3464 3898 Parisiaca

1847 3935 2034 4005 'quasi
2092 3945 2306 3988 centum
2357 3933 2567 3997 stadiis,
2619 3932 2826 3988 accedit
2857 3973 2874 3998 ,
2930 3933 3109 4003 ibique
3154 3935 3464 3990 venationes

1885 4035 2124 4082 exercet.
2156 4026 2395 4091 Quadam
2439 4040 2566 4108 vero
2609 4026 2694 4079 die
2739 4039 3017 4094 regressus
3063 4027 3129 4081 de
3157 4027 3461 4093 venatione,

1881 4121 1993 4190 jam
2021 4120 2347 4176 subobscura
2379 4127 2554 4183 nocte,
2583 4117 2708 4172 dum
2738 4117 2806 4172 de
2836 4132 2975 4186 equo
2996 4118 3379 4185 susciperetur,
3412 4130 3465 4174 et

1884 4229 2042 4268 unam
2075 4228 2287 4267 manum
2320 4225 2484 4280 super
2516 4210 2786 4280 scapulam
2815 4209 2966 4278 pueri
2993 4212 3270 4276 retineret,
3300 4210 3464 4265 adve-

1885 4305 2036 4360 niens
2064 4303 2278 4374 quidam
2306 4317 2428 4356 eum
2457 4300 2637 4357 cultro
2679 4300 2907 4369 percutit
2939 4298 3039 4356 sub
3063 4300 3336 4361 ascellam.
3367 4300 3462 4357 ite-

1954 4459 1980 4497 ιι
2025 4459 2154 4512 Vide
2177 4473 2295 4524 cap.
2327 4457 2359 4510 9
2387 4457 2506 4509 libri
2537 4453 2833 4526 sequentis.

1949 4541 1971 4568 ο
2017 4531 2069 4580 ln
2101 4532 2262 4583 tjorb.
2288 4529 2438 4582 deest
2461 4527 2653 4579 labore.

1945 4597 1971 4637 ιι
2036 4601 2223 4670 Ινὶρειιι.
2269 4607 2324 4654 et
2367 4598 2607 4662 Chcsn.,
2663 4604 2709 4651 et
2761 4608 3098 4665 exponam...

1948 4690 2020 4723 ηι.

1948 4690 1962 4718 1
2008 4711 2020 4723 .

1880 4682 1998 4778 δἐι
2017 4741 2068 4793 ld
2095 4750 2178 4793 est
2204 4735 2686 4793 contributionibus
2710 4751 2802 4791 seu
2823 4732 3086 4798 collectis,
3120 4733 3455 4803 potissimum

1875 4829 1992 4879 qua:
2019 4824 2167 4865 extra
2199 4809 2437 4879 ordinem
2470 4808 2664 4879 ﬁultant
2695 4824 2707 4858 :
2734 4808 2890 4879 alias
2936 4805 3456 4879 conjecta‘diceban-

1879 4875 1980 4943 tur,
2013 4894 2066 4933 ut
2095 4882 2342 4934 observat
2367 4876 2745 4948 Bignoniuf‘ad
2783 4879 2875 4930 lib.
2910 4875 3219 4948 aliiareulﬁ,
3245 4890 3370 4948 cap_.
3400 4876 3454 4930 5.

1950 4951 1966 4990 τ
2008 4952 2160 5004 Culb.
2193 4968 2262 5003 tn.
2286 4959 2339 5003 et
2359 4944 2454 5001 Ch:
2478 4949 2573 5013 al.,
2608 4945 2827 5003 Watdo:
2850 4948 3056 5013 liegm.,
3087 4944 3306 5010 Wardo;
3337 4945 3460 5000 Bec.

1881 5022 2088 5077 Waltlo.
2121 5023 2175 5074 lu
2219 5019 2393 5072 indice
2415 5019 2647 5081 cap‘itutn
2680 5018 2832 5070 Coll).
2863 5033 2938 5078 2.,
2971 5014 3214 5069 Walado.

1945 5102 1971 5141 ε
2013 5091 2348 5144 (la-nerarios
2369 5088 2587 5142 eosdem
2620 5103 2681 5140 ac
2723 5087 3079 5142 cubicularios
3125 5086 3290 5139 l'ttisse
3334 5100 3464 5139 cen-

1873 5173 1955 5216 set
1985 5162 2286 5230 Bignonius
2318 5161 2370 5212 in
2421 5158 2638 5212 l'ormul.
2689 5155 2760 5230 εἰῇ
2791 5157 2883 5210 li-b.
2919 5172 2934 5230 t
2962 5155 3219 5230 Marenlﬁ.
3259 5155 3456 5208 Eorum

1880 5225 2068 5286 uitii-ia'
2106 5232 2421 5284 llincmarus
2449 5230 2670 5289 exponit
2707 5227 2792 5280 his
2823 5228 3044 5281 verbis:
3097 5225 3171 5279 De
3200 5226 3464 5279 honestate

1874 5319 1992 5357 vero
2019 5301 2212 5372 palatii,
2243 5316 2330 5352 seu
2353 5299 2640 5372 specialiter
2670 5306 2968 5372 ornamento
2999 5297 3184 5372 regali,
3227 5312 3320 5349 nec
3360 5313 3460 5372 non

1878 5386 1920 5429 et
1946 5366 2181 5426 de'dom's
2225 5370 2411 5423 annuis
2463 5370 2699 5430 militum,
2757 5371 2947 5436 absque
2991 5368 3102 5420 cibo
3150 5379 3193 5419 et
3220 5375 3341 5432 potu
3389 5366 3462 5418 rel

1874 5444 2034 5512 equis,
2088 5441 2156 5493 ad
2173 5443 2399 5506 regia-am
2429 5440 2811 5512 prteritrttw,__et_
2845 5434 2935 5490 sub
2965 5437 3075 5512 ipsa
3120 5436 3187 5490 ad
3229 5451 3460 5512 cantara-

1877 5505 2009 5566 rium
2036 5505 2336 5579 pertinebat,
2372 5519 2475 5561 etc.
2536 5509 2662 5561 Vide
2713 5506 2927 5579 T.littm,
2985 5506 3256 5562 Falct-tttttt
3304 5505 3446 5575 Orig,

1879 5587 1967 5639 lib.
1997 5578 2045 5640 ιζ
2079 5596 2196 5647 cap.
2233 5582 2314 5641 ll,
2339 5590 2391 5632 et
2421 5580 2672 5646 (Iangitttn
2707 5579 2760 5630 itt
2791 5578 3085 5632 Glosario.

1951 5653 1976 5691 ιλ
2015 5653 2202 5715 (iurb.,
2236 5649 2478 5703 calicibus
2506 5648 2718 5702 cunctis.

1959 5735 1969 5763 ι
2029 5727 2211 5788 Uut‘b.,
2246 5737 2419 5788 (rugo.

3140 4601 3463 4665 congregans
