3920 6188
261 349 361 407 XX

262 422 307 475 .\'
320 422 353 473 Χ

260 491 308 545 X
319 491 353 542 Χ

261 559 365 614 XX
384 560 545 614 VIII.
584 556 734 624 Quod
763 558 1007 610 exercitus
1038 558 1206 608 inmite
1237 556 1466 607 arcessit.

264 628 477 684 XXIX.
532 628 605 681 De
653 629 862 681 interim
921 624 1168 689 Iiberulli.

261 699 452 767 XXX.
494 697 568 750 De
597 698 773 767 legatis
798 696 1143 751 Gundovrtldi.

260 766 475 825 XXXI.
528 767 601 821 De
625 763 852 831 rEquttiis
879 767 1049 829 sancti
1072 766 1240 834 Sergii
1274 763 1531 835 martyris.

260 837 512 893 XXXII.
561 837 635 892 De
660 840 777 891 aliis
807 836 1132 890 Gundovaldi
1162 837 1369 904 legatis.

263 236 363 292 Ηῗὶ

382 343 443 404 V.
490 348 565 403 De
584 349 759 418 spoliis
808 344 1080 418 Marilciﬁ.

379 419 476 475 VI.
527 414 675 482 Quod
703 416 1067 470 (intulere/dus
1099 417 1330 466 ciuitates
1371 414 1625 465 circumit.

1253 190 1311 285 si
1352 227 1679 285 caecouu
1725 227 2031 303 El‘lSCOE'I
2075 226 2505 284 TllllOPTENSIS

3413 212 3513 266 illi

376 488 508 542 VII.
549 481 634 543 De
656 489 849 558 injuria
897 484 1152 555 Magnulﬁ
1183 486 1330 555 [Msa
1358 486 1429 558 al.
1465 481 1715 553 AginttI/i]
1746 483 1991 553 episcopi.

265 907 548 963 XXXIII.
604 910 751 973 Quod
788 906 1139 961 Chiltlebertus
1169 894 1236 958 aii
1268 904 1707 958 Guntchramuum
1737 911 1973 971 patruum
2000 917 2151 953 suum
2180 903 2334 959 venit.

262 977 534 1033 XXXIV.
591 979 741 1043 Quod
771 977 1143 1031 Gundoraldus
1173 977 1432 1030 Convenas
1476 976 1622 1027 obiit.
1674 973 1713 1009 ⁸

263 1048 420 1103 XXX
438 1048 499 1103 V.
554 1050 630 1101 De
657 1048 867 1102 basilica
896 1050 1057 1100 saurti
1100 1046 1348 1100 Vincentii
1377 1047 1617 1114 martyris
1645 1043 1955 1111 Ageuucusis
1984 1051 2197 1096 vastata.

265 1118 422 1173 XXX
441 1118 536 1173 VI.
579 1118 656 1172 De
675 1120 1011 1172 collocatione
1041 1115 1363 1171 Gumloraldi
1400 1132 1514 1169 cum
1545 1119 1787 1170 μετείω.

265 1187 510 1243 XXXVI
531 1188 577 1243 I.
624 1189 698 1241 De
734 1189 865 1243 bello
889 1199 1065 1241 contra
1102 1207 1115 1238 ι
1137 1190 1290 1240 rbem.

266 1257 605 1313 XXXVIII.
639 1258 713 1311 De
740 1260 947 1311 interim
992 1257 1331 1311 GundovaItli.

266 1328 531 1385 XXXIX.
581 1328 654 1382 De
677 1330 879 1381 interitu
904 1329 1172 1398 Sagittarii
1195 1324 1417 1398 ep’scopi
1445 1334 1493 1378 et
1523 1322 1575 1376 Μ
1583 1324 1814 1377 ummoli.

265 1399 313 1453 X
327 1400 382 1451 I..
446 1401 520 1453 De
547 1401 796 1454 thesauris
829 1400 1120 1452 illummoli.
1494 1430 1501 1437 ν

459 1470 531 1524 Ile
573 1472 795 1540 gigante.

266 1539 449 1592 XLII.
497 1537 590 1593 De'
621 1537 803 1593 uirtute
832 1540 994 1593 sancti
1040 1537 1270 1592 Martini.

264 1608 485 1663 XLIII.
535 1610 610 1662 De
641 1611 905 1663 Desiderio
949 1610 1088 1663 etde
1124 1608 1378 1662 Wadone.

267 1678 473 1750 XLIV.
524 1682 597 1735 De
634 1683 845 1734 muliere
872 1680 1191 1750 pythouissa.

492 1752 566 1822 De
590 1753 726 1822 fame
754 1748 879 1804 anni
904 1748 1188 1817 iii-mentis.
1221 1788 1245 1822 _.

268 1817 475 1874 XLVI.
523 1817 598 1873 De
630 1823 838 1874 interitu
872 1820 1251 1886 Christophori.

264 1888 507 1945 XLVII.
550 1891 626 1946 De
651 1893 780 1945 bello
800 1891 935 1945 civili
965 1900 1092 1945 .nter
1115 1890 1239 1943 cives
1264 1888 1564 1943 Turouicos.

899 2057 1188 2071 ψ

1197 2187 1678 2294 LIBER
1753 2183 2614 2308 SEPTIMUS,

340 2423 503 2494 3ﬂ9
544 2420 585 2476 1.
619 2420 767 2474 Licet
795 2428 823 2455 ι
851 2419 918 2471 sit
967 2415 1199 2471 studium
1248 2411 1524 2466 historiam
1572 2408 1854 2479 prosequi,
1888 2414 1939 2473 Λ
1966 2409 2229 2479 integram
2260 2410 2587 2466 detulerunt.
2613 2412 2855 2477 Quodam
2900 2425 3079 2470 autem
3112 2426 3377 2486 tempore,
3410 2420 3550 2476 febre

272 2531 430 2585 quam
466 2514 698 2581 priorum
746 2511 1000 2563 librorum
1031 2507 1164 2561 ordo
1209 2506 1456 2575 reliquit,
1488 2514 1662 2558 tamen
1713 2504 1857 2573 prius

274 2608 445 2676 aliqua
491 2604 559 2658 de
603 2604 741 2658 beati
790 2601 954 2656 Salvii
982 2600 1217 2668 episcopi
1253 2600 1401 2654 obitu
1432 2598 1673 2667 eXpnseit
1715 2598 1854 2666 loqui

268 2698 507 2761 devotio,
535 2698 625 2765 qui
657 2697 757 2750 hoc
785 2710 925 2748 anno
954 2693 1153 2747 obiisse
1185 2692 1437 2760 probatur
1463 2690 1512 2743 ι).
1548 2690 1644 2744 llic
1680 2690 1819 2743 enim
1838 2731 1853 2756 ,

271 2795 333 2842 ut
370 2787 483 2855 ipse
528 2784 728 2839 referre
753 2791 873 2839 erat
918 2783 1131 2844 solitus,
1175 2782 1263 2835 diu
1296 2781 1347 2835 in
1391 2781 1572 2833 habitu
1617 2779 1855 2832 S-I'Clliul'i

269 2884 648 2935 commoratus,
681 2889 801 2929 cum
838 2873 1106 2942 judicibus
1136 2872 1315 2926 steculi
1346 2870 1641 2925 mundiales
1669 2882 1858 2922 causas

275 2978 354 3025 est
400 2977 726 3022 exsecutus:
777 2980 1046 3035 nunquam
1100 2977 1274 3017 tamen
1325 2980 1384 3017 se
1438 2961 1489 3016 in
1538 2960 1618 3014 his
1662 2974 1859 3014 concu-

276 3058 546 3129 piscentiis
573 3057 837 3127 obligans,
868 3056 1061 3124 quibus
1098 3053 1495 3108 adulescentum
1530 3049 1743 3103 animus
1771 3066 1858 3102 so-

276 3151 400 3206 litus
427 3157 510 3204 est
556 3148 837 3216 implicati.
869 3146 986 3200 lam
1018 3161 1140 3199 cum
1187 3145 1350 3199 divini
1383 3142 1698 3214 spiramenti
1729 3142 1862 3195 odor

273 3242 485 3301 interna
533 3241 799 3295 viseerum
831 3240 1134 3309 attigisset,
1168 3238 1348 3293 relicta
1388 3237 1629 3293 sreculari
1674 3235 1861 3290 militia

279 3332 657 3390 monasterium
699 3335 985 3404 expetivit,
1040 3332 1409 3400 intellexitque
1453 3330 1688 3399 vir'jatn
1739 3338 1864 3384 tunc
1890 3390 1911 3397 ε

278 3426 540 3483 divinitati
568 3426 799 3492 deditus,
825 3427 1015 3480 melius
1037 3440 1157 3477 esse
1181 3424 1252 3477 ttli
1287 3432 1592 3491 paupertate
1615 3437 1735 3474 cum
1768 3420 1859 3475 Dei

279 3517 489 3581 timore,
519 3531 677 3585 quam
704 3516 884 3571 saeculi
930 3513 1205 3585 pereuntis
1236 3514 1377 3568 lucra
1408 3511 1601 3567 seetari
1630 3529 1643 3565 :
1677 3511 1727 3565 in
1758 3527 1864 3581 quo

283 3607 608 3661 monasterio
636 3606 728 3660 diu
759 3606 859 3661 sub
888 3606 1067 3674 regula
1092 3620 1120 3657 a
1155 3605 1390 3673 patribus
1422 3602 1659 3656 instituta
1688 3618 1865 3657 versa-

281 3702 364 3752 tus
393 3706 495 3751 est.
526 3695 640 3751 Jatn
669 3711 797 3751 vero
838 3712 957 3750 cum
1003 3696 1055 3750 in
1100 3697 1293 3750 rabere
1324 3695 1426 3764 maj
1454 3695 1513 3748 »ιιι
1559 3706 1665 3747 tam
1711 3696 1866 3749 intel-

1963 2502 2124 2557 niutia
2156 2502 2469 2567 exhaustus,
2499 2506 2726 2558 anhelus
2763 2506 2978 2574 jaeebat
3008 2507 3059 2561 in
3091 2509 3319 2574 lectulo;
3351 2521 3406 2565 et
3432 2527 3550 2568 ecce

1961 2593 2139 2647 subito
2185 2610 2377 2663 magno
2420 2595 2618 2649 lumine
2651 2597 2845 2649 cellula
2874 2599 3164 2652 clarificatt
3209 2605 3549 2661 coturemuit.

1962 2684 2032 2738 At
2062 2684 2151 2738 ille
2180 2686 2420 2739 extensis
2451 2687 2516 2738 ad
2563 2687 2758 2740 etelum
2812 2690 3056 2743 manibus
3097 2706 3225 2745 cum
3268 2699 3551 2762 gratiarum

1962 2777 2200 2839 actione,
2228 2778 2475 2846 spiritum
2502 2777 2794 2834 exhalavit.
2825 2779 2980 2835 Misto
3008 2797 3224 2852 quoque
3254 2785 3411 2856 331
3443 2789 3553 2841 nlu-

1965 2868 2071 2921 latu
2117 2868 2364 2922 monachi
2410 2884 2535 2922 cum
2581 2868 2749 2937 ipsius
2796 2872 3052 2941 genitrice
3081 2888 3283 2940 corpus
3324 2875 3552 2932 defuncti

1964 2961 2277 3026 extrahunt,
2306 2976 2440 3031 aqua
2466 2961 2704 3029 diluunt,
2736 2964 3067 3019 vesutnentis
3111 2964 3371 3030 induunt,
3398 2976 3451 3021 et
3481 2969 3551 3023 fe-

1944 3064 2111 3107 'retro
2154 3065 2559 3122 superponunt,
2604 3066 2764 3122 atque
2810 3057 2861 3110 in
2909 3057 3191 3127 psallentiu
3223 3059 3454 3123 fletuque
3484 3061 3552 3113 la-

1968 3144 2180 3199 bentem
2220 3146 2439 3215 exigunt
2469 3155 2703 3200 noctem.
2737 3146 2889 3202 Mane
2932 3158 3110 3203 autem
3161 3149 3326 3215 facto,
3363 3151 3552 3207 funeris

1965 3228 2144 3293 officio
2172 3248 2492 3306 prmparato,
2517 3255 2717 3306 eurpns
2748 3226 2949 3295 moveri
2976 3243 3140 3311 coepit
3171 3245 3222 3296 in
3251 3244 3469 3299 feretro.
3496 3246 3552 3298 Et

1966 3342 2093 3383 ecce
2135 3330 2288 3381 malis
2320 3328 2750 3395 rubescentibus,
2780 3333 2861 3385 vir
2899 3335 3047 3401 quasi
3091 3334 3159 3387 de
3185 3336 3337 3405 gravi
3369 3351 3552 3390 somno

1966 3421 2272 3487 suscitatus,
2305 3424 2594 3485 excutitur,
2637 3425 2947 3493 apertisque
2991 3426 3184 3494 oculis,
3213 3438 3272 3481 et
3320 3429 3553 3482 manibus

1968 3513 2098 3566 elev.
2123 3514 2210 3573 tis.
2236 3514 2310 3566 ait
2334 3531 2345 3565 :
2372 3512 2416 3567 0
2442 3513 2667 3568 Dotuine
2690 3515 3017 3581 misericors,
3046 3517 3171 3586 quid
3202 3518 3375 3573 fecisti
3408 3520 3551 3582 mihi,

1970 3614 2025 3655 ut
2074 3620 2159 3658 me
2201 3602 2253 3658 in
2304 3606 2446 3659 hunc
2492 3607 2838 3659 tenebrosum
2886 3604 3191 3662 mundana!
3221 3610 3554 3664 habitationis

1972 3695 2147 3748 locum
2190 3695 2365 3751 redire
2397 3698 2762 3765 permitteres,
2794 3714 2915 3752 cum
2948 3699 3076 3753 mihi
3122 3700 3317 3756 melior
3341 3712 3480 3756 esset
3506 3704 3554 3755 iu

284 3787 452 3841 lectus
492 3803 651 3857 quam
698 3789 869 3842 artatis
898 3800 1118 3841 evectus
1159 3796 1334 3852 esset,
1366 3785 1614 3839 defuncto
1651 3785 1860 3848 abbate,
1898 3798 1943 3858 Β
1969 3786 2109 3841 caelo
2141 3797 2223 3839 tua
2275 3787 2665 3847 misericordia.
2700 3804 2858 3858 quam
2910 3790 3065 3846 istius
3110 3795 3298 3846 mundi
3334 3795 3436 3846 vita
3471 3808 3554 3846 ne-

283 3880 371 3947 qui
406 3879 529 3934 huic
570 3888 830 3934 monastet
846 3880 896 3934 io
929 3887 1189 3949 prmerat,
1219 3877 1397 3931 alendi
1441 3878 1617 3946 gregis
1646 3877 1869 3945 suscipit

287 3970 549 4036 officium;
590 3982 645 4027 et
688 3972 776 4041 qui
824 3986 885 4026 se
932 3969 1106 4039 magis
1156 3969 1406 4023 fratribus
1456 3968 1723 4037 publicum
1773 3983 1872 4037 pro

287 4062 448 4133 330
491 4065 827 4117 correctione
877 4061 1106 4117 reddere
1147 4059 1440 4124 debuerat,
1494 4060 1553 4113 lit
1598 4069 1873 4129 assumpto

290 4155 493 4212 honore
540 4156 817 4212 remotior.
867 4156 1033 4220 lllico,
1071 4155 1175 4211 sibi
1230 4154 1574 4209 secretiorem
1625 4153 1871 4208 cellulam

289 4252 495 4311 qtuerit.
529 4245 662 4300 Nam
705 4247 758 4301 in
804 4247 1006 4316 priore,
1047 4256 1103 4300 ut
1145 4245 1259 4314 ipse
1298 4244 1603 4309 asserebat,
1647 4244 1876 4313 amplius

291 4354 448 4409 quam
482 4355 671 4395 novem
701 4341 906 4395 vicibus
940 4340 1106 4392 nimia
1133 4352 1326 4393 exesus
1368 4338 1690 4391 abstinentia
1716 4377 1731 4401 ,
1765 4336 1876 4405 pel-

293 4431 395 4483 lem
445 4433 687 4500 corporis
726 4431 1039 4486 demutavit.
1090 4430 1329 4498 Denique
1377 4443 1599 4494 accepo
1650 4428 1874 4491 honore,

292 4534 413 4574 cum
447 4522 500 4576 in
541 4523 639 4580 hac
684 4525 991 4579 contentius
1022 4523 1346 4593 parciruonia
1398 4521 1624 4575 orationi
1670 4531 1723 4574 et
1769 4521 1883 4574 lec-.

296 4613 425 4666 tioni
472 4626 717 4681 vacaret,
760 4618 888 4671 illud
938 4620 1252 4686 plerumque
1301 4616 1639 4676 revolvehut,
1688 4612 1879 4667 melius

296 4704 396 4758 lilii
439 4705 587 4767 fieri,
617 4706 662 4759 si
705 4716 850 4761 essat
891 4708 1031 4761 inter
1070 4709 1360 4761 monachos
1404 4707 1667 4770 occultus,
1715 4718 1874 4773 quam

300 4809 495 4871 notuen
527 4799 792 4865 acceperit
820 4798 1027 4851 abbatis
1050 4798 1101 4850 iu
1136 4799 1378 4866 porulos.
1412 4796 1549 4862 Quid
1584 4794 1767 4864 plura?
1798 4795 1884 4847 ln-

300 4887 529 4940 cluditur
560 4888 861 4943 valedicens
889 4889 1157 4951 fratribus,
1188 4888 1398 4956 sibique
1424 4887 1552 4955 ipsis
1583 4886 1883 4941 taledicen-

299 4979 460 5034 tibus.
497 4978 553 5033 lu
591 4994 696 5049 qua
734 4979 1029 5034 inclusione
1071 4980 1120 5033 in
1154 4980 1300 5033 omni
1330 4978 1684 5042 absLnentia,
1717 4980 1883 5047 magis

302 5087 461 5139 quam
494 5072 640 5142 prius
668 5081 888 5143 egerat,
922 5080 1324 5125 commoratur:
1356 5070 1578 5124 studens
1612 5084 1706 5138 pro
1749 5069 1882 5122 cha-

1972 3878 2265 3947 quisstna?
2314 3880 2673 3953 Stupentibus
2713 3892 2888 3934 autem
2934 3884 3067 3949 suis,
3114 3894 3169 3938 et
3218 3884 3552 3953 interrogau-

1975 3974 2135 4038 tibus,
2168 3975 2292 4044 quid
2325 3976 2482 4029 fuerit
2515 3976 2621 4030 tale
2650 3977 2985 4047 prodigium,
3019 3977 3147 4032 nihil
3180 3980 3554 4050 interroganti-

1975 4065 2074 4120 bus
2102 4066 2192 4122 ille
2234 4068 2531 4137 reSpundit.
2566 4068 2803 4135 Surgens
2832 4080 3011 4125 autem
3052 4070 3122 4125 de
3164 4072 3387 4137 feretro,
3435 4071 3554 4124 nihil

1976 4157 2101 4211 mali
2131 4158 2369 4213 sentiens
2394 4157 2463 4213 de
2491 4158 2833 4212 incommodo
2858 4175 2962 4229 quo
2990 4161 3356 4225 laboraverat,
3390 4161 3557 4216 triduo

1976 4249 2178 4317 absque
2205 4247 2311 4303 cibi
2354 4263 2417 4304 ac
2447 4249 2623 4316 poculi
2656 4249 2888 4317 perstitit
2932 4251 3212 4305 alimento.
3246 4251 3343 4307 Dte
3388 4262 3555 4303 autem

1980 4338 2158 4403 tertio,
2187 4340 2498 4393 convocatis
2525 4338 2801 4393 monachis
2826 4348 2881 4393 et
2910 4350 3101 4406 matre,
3128 4340 3201 4394 ait
3234 4358 3248 4393 :
3286 4341 3495 4403 Audite,
3525 4354 3557 4392 ο

1978 4428 2347 4497 dilectissimi,
2378 4439 2433 4484 et
2464 4431 2761 4502 intelligite,
2798 4432 2920 4501 quia
2962 4432 3095 4485 nihil
3140 4440 3226 4487 est
3262 4433 3405 4503 quod
3441 4446 3556 4487 cer—

1979 4521 2103 4577 nitis
2134 4522 2188 4577 in
2233 4522 2335 4576 hoc
2374 4522 2607 4587 mundo;
2637 4524 2731 4578 sed
2764 4535 2919 4586 sunt,
2951 4524 3106 4592 juxta
3148 4524 3198 4578 id
3232 4525 3379 4594 quod
3415 4524 3555 4579 Salo-

1980 4627 2102 4667 mon
2151 4615 2410 4687 propheta
2453 4613 2679 4677 cecinit,
2720 4613 2907 4667 Omnia
2949 4616 3143 4668 vanitas
3173 4613 3373 4687 (Eccle.
3402 4631 3449 4681 ι,
3479 4612 3555 4682 2).

1983 4704 2129 4760 Felix
2160 4713 2243 4759 est
2285 4705 2459 4768 enim,
2492 4705 2579 4772 qui
2622 4718 2684 4757 ea
2731 4718 2890 4773 agere
2922 4713 3097 4773 potest
3144 4706 3196 4758 in
3244 4706 3462 4770 saeculo,
3503 4711 3557 4755 ut

1981 4798 2206 4869 gloriam
2240 4796 2332 4851 Dei
2369 4810 2591 4851 cernere
2617 4805 2883 4850 mereatur
2911 4797 2963 4851 in
2992 4798 3152 4852 caelo.
3186 4797 3400 4852 Etcum
3444 4797 3553 4849 hac

1983 4890 2220 4955 diceret,
2253 4887 2504 4942 dubitare
2532 4890 2695 4958 coepit
2738 4900 2917 4943 utrum
2963 4890 3271 4959 loqueretur
3310 4890 3551 4959 amplius,

1984 4997 2053 5034 an
2073 4982 2275 5036 sileret.
2292 4980 2411 5045 Quo
2429 4989 2658 5047 tacente,
2680 4981 2973 5048 implicitus
2991 4979 3214 5034 fratrum
3240 4983 3480 5049 precibus
3499 4982 3560 5031 ut‘

1985 5074 2113 5143 quid
2140 5073 2361 5127 vid:sset
2384 5080 2720 5141 exponeret,
2750 5073 2825 5126 ait
2850 5089 2863 5126 :
2894 5073 3027 5126 Cum
3054 5088 3141 5127 me
3168 5084 3291 5127 ante
3315 5076 3409 5127 ltus
3433 5086 3554 5140 itaa-

308 5166 483 5218 rimis
511 5166 792 5237 obsequio,
828 5175 885 5220 ut
910 5181 1031 5219 cum
1062 5164 1288 5234 quisque
1317 5163 1545 5217 venisset
1573 5173 1883 5225 extraneos,
1914 5168 1959 5227 C
1992 5175 2111 5220 tuor
2136 5165 2252 5220 dies
2286 5165 2734 5241 contremiscente
2762 5164 2951 5218 cellula
2992 5165 3293 5220 exanimem
3338 5166 3550 5225 vidistis,

306 5263 362 5307 t-t
384 5256 679 5311 orationem
711 5259 1001 5323 tribueret,
1034 5267 1087 5310 et
1117 5257 1356 5325 eulogias
1382 5256 1546 5325 gratia
1576 5254 1885 5323 plenissima

308 5344 673 5401 ministraret:
703 5366 821 5418 qua:
851 5353 1030 5404 multis
1061 5349 1286 5404 infirmis
1317 5352 1627 5418 plerumque
1659 5346 1886 5400 salutem

382 5492 410 5522 ⁸
440 5484 601 5540 Deest
631 5485 735 5542 hoc
757 5496 918 5556 caput
945 5488 996 5543 in
1027 5488 1178 5544 Colh.
1203 5504 1232 5543 a
1260 5497 1313 5543 et
1341 5486 1461 5542 Vat.

385 5556 411 5593 δ
440 5558 759 5627 Coliturdie
801 5562 866 5612 lt)
906 5559 1253 5626 Septembris.
1289 5558 1575 5627 Gregorius
1619 5556 1752 5611 infra
1786 5556 1882 5610 lib.

314 5642 439 5694 Vttt,
468 5642 589 5696 Cap.
610 5626 709 5694 Ἡ,
746 5628 907 5681 habet
934 5644 949 5681 :
986 5630 1104 5683 l’ost
1152 5632 1341 5682 obitum
1369 5626 1529 5681 δίνη-ιε
1563 5627 1759 5688 Saleii,
1792 5629 1886 5680 Itoc

320 5718 455 5756 anno
484 5701 707 5771 (scilicet
748 5698 908 5766 582),
956 5697 1283 5752 Desiderabili
1316 5699 1660 5767 .rllbigensilms
1692 5700 1883 5763 miseo-

1991 5262 2361 5328 appreltcnsus
2377 5271 2407 5309 a
2424 5242 2635 5309 duobus
2645 5254 2844 5323 angelis
2864 5255 2916 5309 in
2938 5256 3417 5311 ctelorumexcelsa
3434 5256 3550 5308 sub-

1995 5350 2133 5406 latus
2160 5366 2301 5417 smn,
2348 5350 2417 5404 ita
2452 5358 2508 5403 ut
2526 5364 2630 5402 non
2653 5349 2826 5402 snlum
2853 5348 2953 5404 hoc
2974 5350 3271 5419 squalidum
3288 5350 3546 5408 suculam,

1999 5505 2093 5557 pus
2129 5487 2278 5540 dctus
2316 5483 2410 5541 cit.
2444 5486 2576 5539 llinc
2613 5484 2813 5557 aliquot
2858 5484 3046 5540 saltem
3097 5487 3367 5541 mensibus
3410 5483 3554 5537 sedes

1998 5574 2218 5611 vacasse
2238 5556 2457 5611 dicenda
2479 5566 2580 5611 est.
2608 5556 2749 5611 Inter
2769 5566 3049 5627 utrumque
3073 5561 3308 5614 nonnulli
3327 5574 3399 5612 sci
3415 5558 3551 5610 ibunt

2002 5630 2344 5684 'l'hcol'ritltnn
2391 5628 2613 5681 sedisse.
