3974 6174
372 358 468 415 ιη

1270 364 1587 427 HISTORIA
1632 372 2073 429 FRANCORUNI.
2116 375 2316 433 LTBER
2348 377 2688 438 SEPTIMUS

3454 350 3465 363 ’
3534 397 3642 454 με

373 496 553 536 rerum
586 483 749 537 etiam
789 485 960 540 solem
1006 501 1070 542 ac
1118 485 1295 543 lunam
1316 529 1331 553 ,
1374 491 1541 545 nubes
1568 500 1623 546 ct
1658 491 1830 546 sidera
1859 490 1959 545 sub
1991 491 2031 549 Α
2064 490 2197 545 riam
2227 493 2470 550 scribens
2500 506 2573 551 att
2602 493 2651 562 δ,
2684 496 2770 550 ubi
2813 496 2880 552 de
2910 486 3107 558 virtute
3135 512 3292 573 atque
3333 511 3501 581 gloria
3546 519 3636 576 ho.

372 580 596 648 pedibus
645 580 842 636 habere
882 592 1123 649 putarem
1158 600 1172 637 :
1212 583 1410 640 deinde
1451 601 1546 654 per
1589 596 1795 656 portam
1841 587 1957 641 luce

373 670 473 728 ista
502 672 787 725 clariorem
820 672 1156 727 introductus
1182 689 1298 728 sum
1327 676 1378 729 in
1410 676 1536 730 illud
1565 677 1952 745 habitaculum,

369 759 421 813 in
466 776 575 830 quo
620 778 780 816 omne
811 762 1167 832 pavimentum
1206 775 1318 820 erat
1346 767 1496 834 quasi
1529 781 1717 822 aurum
1763 782 1955 837 argen-

369 861 587 920 tumque
615 852 866 917 renitens,
904 852 993 908 lux
1019 853 1323 923 ineli'abilis,
1351 857 1647 924 amplitudo
1676 858 1953 912 inenarra-

367 942 517 1004 bilis;
547 957 708 1010 quam
735 943 805 997 ita
835 944 1119 1000 multitudo
1144 948 1428 1017 promiscui
1456 962 1617 1003 sexus
1641 950 1915 1004 obtexerat
1933 990 1950 1016 ,

368 1041 423 1086 ut
460 1033 734 1103 longitudo
771 1048 836 1090 ac
882 1034 1114 1089 latitudo
1156 1047 1383 1092 caterva:
1424 1053 1641 1106 prorsus
1683 1039 1947 1107 pervideri

368 1139 469 1177 non
515 1126 702 1193 possit.
736 1125 977 1192 Cumque
1022 1128 1176 1180 nobis
1205 1127 1287 1183 via
1332 1129 1469 1182 inter
1506 1130 1945 1196 comprimentes,

364 1218 429 1269 ab
454 1216 536 1271 his
566 1216 655 1286 qui
690 1217 1065 1283 praeedebaut
1092 1220 1322 1288 angelis,
1366 1230 1666 1288 pararetur,
1701 1222 1950 1290 perveni-

363 1321 475 1359 mus
504 1307 574 1361 ad
605 1308 818 1371 locum,
850 1323 1007 1375 quem
1034 1314 1144 1378 jun
1178 1311 1247 1364 de
1296 1311 1586 1380 longinquo
1615 1314 1949 1379 contempla-

361 1397 585 1451 hamnr:
616 1398 670 1451 in
701 1414 805 1467 quo
834 1401 1262 1469 superpendebat
1290 1404 1459 1457 nubes
1483 1406 1626 1457 omni
1663 1405 1781 1460 luce
1814 1406 1946 1459 luci—

318 1478 326 1493 ⁸
358 1488 493 1555 dior,
515 1486 565 1540 iu
584 1503 692 1557 quo
714 1503 817 1542 ttOn
836 1488 943 1555 sol,
971 1505 1076 1543 non
1103 1492 1245 1555 luna,
1269 1507 1373 1547 non
1397 1502 1602 1549 astrum
1625 1497 1773 1550 cerni
1799 1505 1944 1563 pote-

356 1590 457 1643 rat,
478 1594 519 1633 si
539 1580 572 1634 d
598 1596 756 1650 super
782 1580 865 1635 bis
887 1582 1134 1636 omnibus
1158 1585 1382 1639 naturali
1411 1585 1529 1641 luce
1556 1587 1891 1655 splendidius
1913 1598 1940 1626 ⁴ι

355 1671 666 1739 effulgebat,
695 1679 748 1726 et
771 1686 872 1726 vox
901 1674 1223 1741 procedebat
1242 1676 1310 1729 de
1336 1676 1476 1731 nube
1501 1685 1753 1747 tauquam
1777 1680 1939 1755 332

355 1778 450 1815 vox
482 1777 741 1830 aquarum
792 1764 1101 1822 multarum.
1149 1766 1224 1820 lbi
1272 1765 1431 1822 etiam
1475 1783 1562 1824 Ine
1602 1779 1935 1837 peccatorem

2060 597 2250 637 norum
2281 602 2487 641 memor
2515 597 2636 642 est:
2676 607 2693 640 t
2731 590 2862 656 Qua:
2890 594 2991 647 sibi
3031 598 3256 668 quisque
3298 604 3467 663 facilia
3502 610 3640 670 factu

2014 690 2027 702 ·
2059 684 2241 743 putat,
2273 694 2429 748 aequo
2472 683 2650 736 animo
2695 684 2889 753 accipit
2921 704 2935 739 :
2969 703 3131 757 supra
3169 707 3261 758 ea,
3305 701 3461 755 veluti
3513 706 3633 763 licta

2058 782 2153 835 pro
2182 768 2332 823 falsis
2362 772 2527 827 ducit.
2557 792 2577 826 ι
2616 774 2745 829 Nam
2790 788 2955 833 testor
2984 779 3147 837 Deum
3179 785 3635 863 omnipotentem,

2053 860 2176 928 quia
2219 862 2287 917 ab
2331 864 2499 931 ipsius
2539 881 2634 921 ore
2678 869 2836 938 333
2867 874 3044 925 omnia
3093 891 3210 944 quae
3240 884 3428 948 retuli,
3458 860 3638 945 audita

2052 951 2294 1017 cognovi.
2334 952 2457 1006 Post
2504 956 2725 1009 multum
2754 975 2881 1012 vero
2915 971 3121 1029 tempus
3171 965 3283 1033 ipse
3333 972 3414 1025 vir
3448 975 3636 1033 beatus

2052 1039 2240 1092 celluli
2274 1056 2368 1094 sua
2402 1054 2695 1110 esti-actus,
2727 1048 2791 1100 ad
2834 1051 3196 1121 episcopatum
3237 1060 3462 1128 electus,
3497 1066 3634 1121 invi-

2051 1138 2135 1183 tus
2162 1141 2247 1185 est
2273 1134 2591 1189 ordinatus:
2626 1138 2675 1191 in
2716 1156 2845 1204 quo,
2881 1152 2940 1195 ut
2989 1146 3199 1211 opinor,
3230 1151 3496 1209 decimum
3540 1172 3634 1212 au-

2049 1234 2174 1272 ntlltl
2204 1236 2322 1275 cum
2353 1237 2566 1292 ageret,
2601 1228 2961 1285 invalescente
2991 1236 3129 1302 apud
3164 1240 3505 1310 Albigcnsem
3540 1264 3633 1301 ur-

2048 1308 2170 1363 bem
2201 1311 2501 1381 inguinario
2532 1320 2742 1382 morbo,
2772 1331 2827 1375 et
2864 1326 3089 1379 matrima
3116 1328 3228 1395 jam
3257 1308 3409 1400 parte
3441 1336 3509 1390 de
3540 1355 3632 1406 ρος

2046 1402 2169 1474 pulo
2197 1403 2290 1457 illo
2316 1406 2586 1473 defuncta,
2627 1424 2746 1463 cum
2771 1410 2882 1480 jam
2927 1418 3077 1483 pauci
3108 1420 3175 1474 de
3216 1423 3420 1477 civibus
3460 1402 3629 1481 rema~

2045 1505 2263 1560 nerent,
2294 1498 2377 1550 vir
2406 1498 2613 1563 beatus,
2645 1510 2892 1571 tanquam
2926 1506 3095 1561 bonus
3126 1523 3325 1580 pastor,
3361 1534 3627 1587 nunquam

2040 1586 2110 1641 ab
2137 1587 2227 1641 ille
2254 1588 2373 1643 loco
2403 1592 2659 1647 recedere
2701 1596 2896 1662 voluit,
2944 1600 3036 1653 sed
3069 1618 3283 1672 semper
3314 1586 3627 1667 hortabatur

2040 1689 2135 1731 eos
2163 1680 2251 1747 qui
2282 1681 2451 1735 relicti
2497 1693 2679 1750 erant,
2710 1690 2937 1743 orationi
2979 1691 3307 1761 incumbere,
3340 1715 3403 1755 ac
3432 1704 3626 1771 vigiliis

2042 1768 2304 1826 instanter
2334 1773 2599 1836 insistere.
2631 1787 2684 1830 et
2719 1778 2854 1833 bona
2898 1797 3111 1853 semper
3141 1797 3244 1843 tam
3290 1791 3340 1845 in
3370 1768 3623 1863 oper—ibus

360 1853 629 1907 humiliter
658 1852 963 1909 salutabant
996 1856 1095 1909 viri
1128 1855 1183 1910 in
1216 1868 1367 1913 veste
1395 1860 1714 1917 sacerdotali
1738 1878 1802 1918 ae
1827 1878 1927 1919 sm-
1969 1859 2019 1922 Β
2037 1869 2193 1926 qum
2226 1859 2276 1913 in
2306 1862 2630 1931 cogitatione
2660 1880 2897 1934 versare.
2925 1852 3149 1928 dicéns:
3183 1876 3309 1934 "me
3333 1852 3495 1950 agite.
3531 1898 3618 1953 ιιι.

353 1946 553 2008 culari,
599 1959 738 2013 quos
782 1944 910 1999 mihi
957 1946 1047 2015 qui
1095 1948 1500 2016 prmcedebant,
1548 1962 1935 2011 enarraverunt

353 2048 469 2087 esse
493 2042 760 2103 martyres
784 2049 847 2089 ac
873 2034 1232 2104 confessores,
1257 2052 1392 2107 quos
1419 2038 1510 2093 hic
1535 2054 1747 2096 summo
1774 2057 1936 2097 exco-

355 2125 510 2178 limus
541 2124 820 2181 famulatu.
849 2125 1006 2183 Stans
1040 2127 1200 2195 igitur
1243 2129 1296 2183 in
1344 2128 1462 2183 loco
1501 2129 1553 2184 in
1601 2145 1708 2200 quo
1747 2131 1931 2201 jussus

354 2229 461 2269 sum
478 2257 495 2282 ,
522 2218 735 2285 operuit
761 2231 845 2270 me
872 2216 1005 2269 odor
1028 2218 1207 2273 nimim
1232 2219 1531 2286 suavitatis,
1556 2220 1627 2277 ita
1659 2231 1716 2276 ut
1740 2224 1808 2277 ab
1832 2224 1931 2279 hac

353 2308 611 2361 suavitate
660 2306 914 2373 refectus,
965 2309 1171 2365 nullum
1207 2310 1381 2367 adhuc
1418 2312 1597 2368 cibum
1643 2324 1931 2385 potumque

352 2399 672 2453 desiderem.
724 2400 788 2453 Et
826 2402 1003 2455 audivi
1050 2417 1230 2457 vocem
1272 2403 1579 2459 dicentem:
1612 2405 1929 2462 Revertatur

354 2492 437 2547 hic
482 2492 537 2545 in
568 2494 820 2547 saeculum
844 2537 859 2560 ,
890 2495 1143 2563 quoniam
1186 2496 1521 2553 necessarius
1558 2508 1639 2553 est
1685 2500 1928 2554 ecclesiis

352 2581 569 2637 nostris.
610 2582 723 2637 Vox
740 2584 895 2637 enim
936 2584 1271 2653 audiebatur,
1317 2603 1437 2641 nam
1485 2589 1574 2655 qui
1624 2588 1927 2659 loqueretur

350 2673 560 2740 penitus
588 2675 737 2727 cerni
773 2691 876 2729 non
925 2684 1155 2745 poterat.
1192 2678 1256 2731 Et
1294 2693 1394 2748 ego
1442 2690 1735 2746 prostratus
1765 2696 1926 2751 super

352 2769 751 2839 pavimentum,
794 2785 913 2826 cum
959 2770 1086 2825 ﬂetu
1125 2771 1412 2827 dicebam:
1449 2774 1593 2828 lleu!
1642 2775 1777 2829 hcu'
1825 2778 1928 2831 Do-

347 2862 523 2919 mine!
550 2878 646 2917 cur
673 2863 802 2918 mihi
831 2864 948 2920 haec
973 2863 1281 2931 ostendisti,
1310 2865 1358 2920 si
1385 2866 1452 2921 ab
1480 2865 1562 2921 his
1591 2865 1925 2923 frustrandus

347 2954 526 3008 eram!
562 2952 701 3008 Ecce
731 2952 891 3009 hodie
919 2952 1069 3023 ejicis
1099 2969 1185 3011 me
1217 2970 1244 3006 a
1276 2954 1411 3010 facie
1442 2967 1527 3010 tua
1550 2997 1566 3022 ,
1596 2966 1655 3011 ut
1684 2968 1925 3013 revertar

346 3044 407 3098 ad
435 3046 692 3100 szeculum
727 3045 932 3114 fragile,
962 3054 1015 3101 et
1046 3045 1150 3101 huc
1181 3046 1318 3100 ultra
1348 3047 1527 3102 redire
1555 3064 1661 3103 non
1693 3049 1918 3103 valeam.

345 3134 439 3201 Ne,
468 3150 675 3204 quaso,
720 3134 964 3201 Domine,
995 3136 1207 3190 auferas
1251 3134 1668 3193 misericordiam
1718 3150 1858 3211 tuam
1890 3156 1920 3193 a

2035 1947 2080 2001 si
2111 1962 2206 2002 vos
2239 1950 2379 2005 Deus
2403 1953 2470 2007 de
2502 1953 2602 2009 hoc
2637 1958 2839 2013 mundo
2870 1962 3099 2032 migrare
3130 1947 3392 2036 voluerit,
3424 1947 3529 2029 nou
3563 1947 3615 2031 iu

2029 2036 2319 2106 judicium,
2352 2041 2446 2095 sed
2489 2043 2541 2097 in
2570 2046 2806 2115 requiem
2851 2051 3073 2107 introire
3105 2044 3336 2123 possitis.
3366 2060 3499 2118 Cum
3525 2081 3618 2119 au-

2033 2138 2139 2183 tem
2161 2166 2177 2195 ,
2207 2141 2266 2185 ut
2294 2130 2480 2201 credo,
2524 2134 2637 2201 jam
2677 2138 2955 2195 revelante
2996 2143 3241 2212 Domino,
3271 2160 3479 2220 tempus
3506 2172 3616 2212 sum

2032 2220 2329 2277 vocationis
2354 2234 2701 2292 agnosceret,
2735 2227 2851 2297 ipse
2882 2231 2983 2285 sibi
3023 2236 3355 2307 sarcofagum
3396 2258 3614 2314 compo-

2029 2310 2173 2375 suit,
2204 2327 2399 2382 corpus
2429 2314 2627 2383 abluit,
2661 2328 2865 2374 vestem
2899 2322 3099 2389 induit,
3132 2339 3188 2380 ct
3229 2332 3306 2384 sic
3351 2310 3611 2393 intentum

2029 2416 2244 2474 semper
2268 2406 2405 2460 uelo
2432 2405 2644 2463 beatum
2686 2412 2933 2481 spiritum
2961 2418 3251 2475 exhalavit.
3287 2422 3405 2479 Fuit
3432 2438 3611 2483 autem

2035 2510 2241 2565 magno
2287 2499 2608 2566 sanctitatis,
2656 2504 2994 2577 minimaeque
3045 2513 3371 2583 cupiditatis,
3419 2536 3605 2576 aurum

2031 2602 2298 2657 nunquam
2333 2592 2531 2646 habere
2560 2596 2765 2650 volens.
2795 2596 2926 2652 Nam
2956 2602 3000 2655 si
3033 2614 3263 2661 coaetus
3284 2611 3609 2678 accepisset,

2027 2683 2269 2749 protinus
2319 2685 2640 2753 pauperibus
2669 2691 2947 2758 erogabat.
2993 2694 3160 2764 Cujus
3202 2708 3440 2770 tempore
3483 2719 3605 2760 cum

2028 2771 2345 2828 Mummolus
2406 2778 2658 2842 patricius
2713 2781 2910 2836 multos
2962 2787 3209 2854 captivus
3254 2791 3322 2845 ab
3367 2807 3431 2846 ea
3480 2799 3612 2850 urbe

2027 2863 2303 2930 duxisset,
2335 2878 2650 2933 prosecutus
2679 2870 2768 2925 ille
2793 2890 2980 2931 omnes
3009 2878 3258 2936 redemit.
3290 2883 3612 2954 Tantumque

2026 2958 2074 3011 ei
2110 2958 2366 3013 Dominus
2396 2964 2623 3030 gratiam
2653 2980 2772 3019 cum
2806 2971 3003 3039 populo
3031 2972 3125 3028 illo
3167 2980 3378 3042 tribuit,
3413 2990 3470 3033 ut
3507 2997 3615 3051 ψει

2024 3051 2181 3103 etiam
2212 3051 2299 3119 qui
2338 3057 2576 3121 captivus
2605 3056 2910 3124 duxerant,
2944 3072 2998 3117 et
3027 3065 3094 3119 de
3124 3067 3296 3135 pretio
3334 3074 3382 3125 ei
3414 3087 3608 3131 concev

2025 3139 2248 3210 tierent,
2291 3154 2348 3198 et
2395 3146 2445 3200 in
2490 3148 2694 3218 reliquo
2741 3166 3085 3212 munerarent
3114 3169 3136 3197 ο
3168 3169 3265 3215 :et
3306 3165 3385 3219 sic
3424 3168 3613 3234 patria}

346 3243 451 3293 nte,
482 3227 578 3282 sed
610 3228 871 3295 deprecor
900 3237 956 3281 ut
1002 3228 1277 3296 permittas
1323 3243 1409 3283 me
1440 3228 1527 3282 hic
1564 3228 1824 3296 habitare,
1858 3246 1924 3287 ne
1950 3231 2001 3296 ο
2027 3245 2138 3286 sua:
2166 3234 2405 3302 captivos
2435 3237 2666 3294 libertati
2696 3243 2935 3309 pristinae
2967 3252 3304 3308 restauravit.
3338 3227 3615 3327 Multaque-

348 3318 474 3375 illuc
510 3317 763 3372 decidens
802 3332 1038 3388 peream.
1089 3317 1156 3373 Et
1197 3318 1275 3373 ait
1312 3333 1415 3373 vox
1454 3335 1572 3389 qua:
1612 3320 1924 3387 loquebatur

344 3406 471 3461 mihi
498 3423 511 3459 :
546 3406 694 3461 Vade
721 3408 771 3460 in
804 3420 953 3476 pace.
985 3407 1096 3477 Ego
1124 3406 1264 3461 enim
1295 3421 1415 3463 sum
1445 3417 1625 3464 custos
1659 3416 1799 3475 tuus,
1828 3411 1924 3465 du-

345 3510 443 3553 ttec
475 3497 729 3553 reducam
756 3505 808 3552 tc
845 3499 897 3552 in
940 3499 1081 3552 hunc
1119 3498 1314 3552 locum.
1344 3497 1495 3553 Tunc
1524 3499 1742 3555 relictus
1769 3506 1923 3555 aco-

345 3586 561 3644 mitibus
590 3589 742 3654 meis,
766 3587 1097 3643 descendens
1124 3601 1246 3642 cum
1273 3587 1422 3652 ﬂetu,
1452 3602 1547 3656 per
1584 3599 1790 3658 portam
1819 3604 1922 3659 qua

343 3678 617 3749 ingressus
652 3677 886 3744 fueram,
931 3678 1033 3733 huc
1074 3693 1199 3733 sum
1234 3693 1531 3748 regressus.
1579 3678 1703 3735 Haec
1741 3694 1808 3735 eo
1848 3684 1926 3737 lo-

343 3779 557 3839 quente,
586 3769 923 3840 stupentibus
958 3769 1170 3824 eunetis
1210 3769 1305 3840 qui
1346 3769 1606 3837 aderant,
1633 3773 1795 3841 erepit
1824 3772 1923 3828 ite-

342 3877 457 3916 rum
486 3872 707 3917 sanctus
738 3861 830 3918 Dei
859 3876 979 3915 cum
1021 3862 1269 3930 lacrymis
1297 3861 1517 3917 dicere:
1555 3863 1640 3918 Va:
1671 3865 1800 3919 mihi
1831 3867 1922 3935 qui

342 3955 445 4009 tale
474 3955 786 4025 mysterium
815 3968 975 4008 ausus
1003 3969 1120 4009 sum
1154 3955 1415 4009 revelare.
1451 3954 1589 4013 Ecce
1616 3957 1758 4012 enim
1787 3957 1923 4013 odor

340 4030 633 4112 suavitatis,
661 4059 819 4115 quem
849 4047 918 4100 de
945 4046 1062 4101 loco
1090 4053 1277 4100 sancto
1305 4046 1620 4115 hauseram,
1646 4057 1702 4102 et
1733 4048 1785 4102 in
1813 4063 1920 4118 quo

342 4153 435 4205 per
460 4136 562 4191 hoc
601 4137 832 4191 triduum
876 4136 997 4191 sine
1036 4136 1147 4191 ullo
1176 4136 1298 4191 cibo
1326 4148 1561 4207 potuque
1590 4147 1919 4196 sustentatus

340 4243 457 4284 sum
479 4269 496 4294 ,
527 4228 755 4284 recessit
778 4243 808 4281 a
837 4244 945 4284 me.
990 4229 1096 4285 Sed
1126 4236 1182 4284 et
1210 4230 1388 4299 lingua
1416 4246 1535 4285 mea
1561 4231 1811 4301 gravibus
1835 4242 1922 4289 est

344 4332 530 4390 operta
577 4322 919 4389 vulneribus,
957 4330 1013 4377 et
1059 4321 1128 4376 ita
1183 4322 1497 4389 tumefacta,
1546 4334 1603 4379 ut
1651 4340 1810 4380 omne
1854 4341 1917 4381 os

340 4430 517 4469 nicum
546 4413 787 4469 videatur
815 4413 1061 4484 implere.
1105 4415 1169 4469 Et
1196 4416 1458 4482 scioquia
1494 4430 1599 4470 non
1630 4416 1729 4470 fuit
1754 4416 1916 4472 bene-

340 4504 590 4574 placitutn
616 4504 842 4560 Domino
872 4505 982 4561 Deo
1010 4519 1152 4571 meo,
1188 4516 1247 4560 ut
1277 4507 1391 4562 haec
1418 4522 1615 4562 arcana
1642 4508 1917 4577 vulgaren-

2023 3322 2093 3377 de
2122 3323 2224 3380 hoc
2251 3328 2364 3380 viro
2392 3327 2528 3383 bona
2554 3331 2731 3387 audivi
2758 3351 2770 3385 :
2803 3336 2898 3390 sed
2923 3336 3052 3393 dum
3094 3339 3160 3394 ad
3199 3344 3436 3401 historia:
3461 3322 3613 3418 θὼρ-ν

2024 3423 2134 3469 tu.u
2156 3419 2347 3473 reverti
2375 3421 2557 3491 cupio,
2585 3422 2814 3492 plurima
2845 3434 3216 3496 praetermitto.

2096 3572 2156 3625 ll.
2196 3572 2452 3629 Defuncto
2479 3576 2635 3647 igitur
2662 3579 2987 3651 Chilperico,
3021 3582 3349 3661 inventaque
3384 3590 3409 3629 δ
3443 3610 3613 3665 quam:

2022 3664 2113 3719 diu
2143 3669 2427 3735 qua-sicrat
2457 3683 2647 3736 morte,
2704 3676 3117 3735 Aurellanensr's
3163 3696 3283 3737 cum
3339 3664 3607 3743 Blesetisi--

2025 3755 2125 3810 bus
2154 3767 2178 3795 ι·
2215 3758 2382 3827 juncti
2431 3776 2592 3831 super
2624 3763 2901 3821 Dunenses
2929 3769 3157 3836 irrttunt,
3206 3789 3405 3846 eosque
3437 3780 3613 3849 inopia

2031 3861 2220 3903 nantes
2254 3860 2567 3921 proterunt;
2599 3855 2787 3912 domos
2824 3875 3193 3933 antmnasque,
3224 3868 3305 3920 vel
3348 3885 3463 3937 qua:
3495 3887 3600 3926 ιιιον

2032 3956 2157 3995 vere
2189 3942 2344 3996 facile
2374 3942 2393 3981 ί
2424 3960 2528 3999 non
2554 3957 2821 4015 poterant,
2854 3952 3100 4007 incendio
3129 3956 3380 4025 tradunt;
3413 3976 3614 4030 pecora.

2026 4032 2300 4102 diripiunt,
2332 4037 2494 4108 334
2523 4051 2683 4107 atque
2712 4057 2802 4097 res
2820 4060 2951 4113 quas
2983 4046 3162 4102 leVare
3189 4062 3453 4118 poterant,
3481 4068 3601 4107 su:-

2026 4124 2281 4178 tulerunt.
2325 4128 2530 4193 Quibus
2567 4128 2962 4188 discedentibus
3003 4137 3274 4206 conjuncti
3325 4142 3617 4198 Dunenses.

2022 4230 2144 4268 cum
2191 4216 2413 4286 reliquis
2440 4217 2781 4287 Carnoteuis,
2832 4225 2899 4279 de
2927 4228 3150 4296 vestigio
3186 4232 3619 4304 subsequuntur,

2019 4306 2181 4362 simili
2234 4318 2383 4364 sorte
2411 4325 2504 4366 eos
2532 4312 2827 4370 allicientes
2857 4333 2959 4382 qua
2999 4322 3097 4389 ipsi
3145 4322 3319 4379 allecti
3370 4327 3616 4398 fuerant,,

2023 4398 2155 4453 nihil
2188 4400 2239 4454 in
2268 4399 2537 4470 domibus,
2578 4406 2657 4460 vel
2698 4419 2847 4461 extra
2875 4410 3084 4477 domos,
3132 4417 3212 4468 vel
3254 4417 3319 4471 de
3347 4417 3612 4475 domibus

2016 4492 2398 4562 relinquentes.
2433 4496 2670 4567 Cumque
2700 4499 2875 4555 adhuc
2904 4503 3045 4558 inter
3075 4521 3134 4560 se
3152 4506 3327 4577 jurgia
3352 4525 3594 4565 cornuto.

340 4604 446 4651 tur.
475 4596 580 4651 Sed
612 4604 673 4651 tu
697 4596 867 4664 nosti,
902 4598 1149 4664 Domine,
1172 4599 1291 4669 quia
1324 4598 1378 4654 in
1419 4602 1760 4669 simplicitate
1799 4616 1918 4657 cor-

2030 4598 2210 4643 ventes
2224 4589 2566 4657 destas-irent,
2588 4602 2643 4646 et
2674 4594 3089 4651 Aurelianenses
3119 4612 3303 4655 contra
3334 4603 3431 4659 hos
3453 4621 3613 4663 arma

339 4685 420 4740 dis
449 4689 561 4741 hac
593 4686 726 4753 feci,
758 4703 863 4743 non
897 4689 949 4742 in
976 4689 1230 4757 jactantia
1264 4692 1480 4745 mentis.
1510 4691 1614 4747 Sed
1644 4706 1825 4759 quaeso
1856 4702 1914 4748 ut

337 4776 632 4849 indulgeas,
660 4790 717 4835 et
746 4795 850 4835 non
881 4796 968 4835 me
994 4780 1359 4851 derelinquas,
1386 4781 1539 4851 juxta
1573 4784 1914 4852 pollicitatio-

336 4884 455 4924 nem
488 4880 655 4926 tuam.
695 4870 763 4927 Et
792 4872 907 4927 haec
944 4872 1133 4927 dicens
1182 4872 1359 4936 siluit,
1390 4882 1443 4927 et
1488 4874 1695 4939 accepit
1731 4876 1909 4930 cibum

335 4972 643 5035 potumque.
675 4965 788 5035 Ego
829 4980 955 5021 vero
988 4968 1104 5021 haec
1132 4968 1399 5033 scribens,
1428 4984 1616 5023 vereor
1645 4984 1712 5025 ne
1748 4969 1908 5024 alicui

332 5054 526 5122 legenti
553 5059 624 5111 sit
650 5058 981 5127 incredibile,
1006 5057 1155 5126 juxta
1182 5059 1234 5113 id
1260 5059 1403 5126 quod
1432 5058 1719 5116 Sallustius
1748 5061 1909 5117 bLstoa

407 5192 584 5273 fibri.-
740 5191 895 5273 βεξιδς
922 5209 999 5273 Ir:
1017 5202 1079 5273 et
1096 5192 1310 5273 “sema
1338 5193 1659 5262 εριιπάίάιω·

402 5259 436 5299 δ
461 5262 617 5317 Initio
642 5265 760 5319 libri
784 5263 852 5318 de
878 5265 1018 5319 beilo
1041 5259 1372 5318 Catilittario.

406 5343 429 5404 ξ
453 5333 582 5403 Maj.
606 5351 702 5401 tn.,
727 5344 775 5388 et
799 5334 993 5388 frenare
1016 5334 1275 5404 condigne
1308 5344 1656 5389 munerareut.

329 5402 578 5528 meum
621 5406 784 5461 verba
831 5402 1339 5474 inventaque,'ete.,
1373 5418 1575 5471 morte,
1620 5407 1810 5464 desunt
1851 5409 1905 5464 in

410 5488 518 5528 Rm.
982 5508 985 5509 ν

404 5554 427 5581 ε
458 5545 582 5599 Hac
611 5555 693 5600 est
720 5547 888 5614 prima
917 5545 1248 5601 Blesensium
1272 5546 1409 5613 apud
1435 5557 1642 5603 veteres
1661 5556 1906 5604 auctores

326 5620 548 5681 ruentia,
581 5626 641 5670 ut
660 5627 841 5670 mouet
876 5616 1117 5671 Valesius
1147 5617 1198 5670 iu
1232 5615 1451 5672 Notitia.
1488 5618 1650 5674 Erant
1683 5620 1822 5673 sicut
1850 5630 1904 5675 et

329 5683 603 5756 Dunemes
640 5688 742 5741 sub
780 5688 1079 5741 Carnoteua
1124 5689 1339 5741 dimcesi
1368 5728 1383 5751 ,
1415 5702 1445 5739 a
1475 5705 1574 5756 qua
1629 5688 1902 5746 Dunenses

324 5755 429 5807 sub
452 5756 721 5825 Sigiberto
768 5772 895 5825 rege
921 5771 1044 5812 sese
1083 5757 1400 5811 subtrahere
1434 5755 1626 5812 frustra
1662 5769 1902 5815 teutave-

322 5835 468 5881 ntut.
522 5829 651 5882 Nam
696 5825 1001 5897 Promotus,
1050 5827 1138 5898 qui
1189 5827 1449 5885 Dunensis
1499 5831 1780 5900 episcopus
1830 5833 1897 5887 ab

2019 4690 2386 4748 concuterent,
2449 4683 2901 4745 intercedentibus
2947 4690 3253 4759 comitibus,
3304 4711 3405 4763 pax
3435 4711 3607 4766 usque

2019 4773 2072 4828 in
2102 4772 2430 4828 audientiam
2475 4774 2597 4830 data
2641 4786 2744 4842 est,
2789 4778 2996 4835 scilicet
3025 4791 3081 4836 ut
3123 4785 3174 4837 itt
3214 4785 3299 4839 die
3328 4801 3432 4856 quo
3456 4788 3603 4858 judi-

2017 4864 2157 4919 cium
2190 4873 2307 4919 erat
2336 4865 2593 4933 futurum,
2647 4884 2769 4936 pars
2801 4886 2919 4940 qum
2946 4882 3130 4927 contra
3164 4886 3370 4945 partem
3404 4881 3601 4949 injuste

2016 4964 2329 5024 exarserat,
2364 4955 2573 5025 justitia
2626 4959 2894 5016 mediante
2945 4976 3320 5035 componeret,
3364 4978 3418 5024 et
3458 4972 3535 5025 sic
3564 4986 3601 5027 ε

2017 5045 2158 5101 bello
2186 5059 2450 5105 cessatum
2481 5061 2583 5107 est.

2016 5201 2585 5278 Egidioliltemorum
2626 5208 2880 5278 episcopo
2926 5209 3195 5265 institutus
3234 5212 3424 5278 fuerat,
3467 5217 3593 5274 loco

2015 5288 2114 5345 suo
2140 5274 2360 5339 excidit,
2391 5284 2448 5328 ut
2474 5276 2611 5330 infra
2639 5274 2847 5333 dicetur
2883 5295 3002 5341 cap.
3034 5279 3128 5344 i7;
3174 5287 3266 5336 sed
3318 5274 3594 5345 feliciores

2014 5342 2164 5419 fuere
2190 5345 2290 5399 hoc
2310 5347 2833 5419 steculoiBlesenses.
2863 5349 3073 5417 quibus,
3097 5342 3290 5419 agente
3320 5342 3596 5415 Ludovico

2016 5413 2623 5486 Magngepiswpalum
2652 5413 2961 5472 cathedram
3009 5413 3275 5479 concessit
3324 5413 3587 5486 Innocua;

2016 5485 2121 5538 tius
2151 5484 2264 5553 XII,
2298 5484 2536 5551 pontifex
2576 5488 2758 5551 Rom.,
2789 5488 3085 5542 Carnotena
3118 5495 3336 5551 tlimcesi
3370 5484 3590 5555 induas

2009 5554 2492 5634 divisa_;‘it_tdeque
2536 5558 2737 5634 primus
2781 5558 2937 5634 hujus
2976 5561 3127 5634 sedis
3167 5566 3448 5634 episcortus
3485 5554 3589 5625 hoe

2008 5639 2151 5701 anno
2183 5626 2317 5701 1697
2346 5642 2455 5701 quo
2483 5626 2789 5701 s_cribi_m_t_ts,
2824 5628 2925 5701 die
2970 5630 3034 5701 15
3078 5626 3431 5701 Septembris,
3469 5641 3589 5695 illu-

2005 5695 2183 5749 striss.
2214 5697 2460 5751 dominus
2491 5696 2655 5750 David
2686 5695 2937 5753 Nicolaus
2960 5699 3028 5755 de
3061 5695 3268 5762 Det-tier
3296 5695 3589 5766 consecra-

2005 5774 2089 5819 ιυε
2115 5775 2214 5819 081.

2078 5834 2096 5873 ί
2133 5836 2251 5893 Dec.
2280 5843 2334 5893 et
2354 5837 2502 5893 Colb.
2537 5836 2658 5907 duo,
2693 5854 2886 5896 movere
2909 5840 3076 5896 habile
3105 5860 3229 5899 non.
