3920 6188
313 390 404 449 Ηῖὶ

1291 385 1348 442 S.
1391 382 1720 442 GREGURII
1763 379 2062 438 El‘lSCOPI
2105 382 2532 442 TURONENSD

3468 393 3564 451 42’}

375 513 455 564 ιιι.
491 512 741 564 Vcdastes
771 517 796 544 ⁸
826 515 1179 576 cognomento
1211 505 1343 568 Avo,
1376 505 1464 572 qui
1498 511 1622 555 ante
1651 501 1748 553 ltus
1776 514 1874 551 au-
1909 507 1955 562 Λ
1986 501 2429 566 subscriptiones,
2459 501 2651 569 quibus
2684 503 2818 556 hanc
2849 506 3244 561 connisi-utinm
3273 510 3558 564 confirma-

303 615 400 655 ποθ
450 601 649 667 Lupum
701 597 1148 664 Amltrosiuntque
1189 611 1284 663 pro
1312 608 1495 646 amore
1525 592 1706 644 tutoris
1753 592 1881 643 Aut—

304 692 463 745 hrosii
511 691 872 754 interiecerat,
912 696 967 743 et
1019 688 1188 756 ipsam
1233 687 1354 750 sibi,
1399 702 1518 754 quae
1559 684 1878 738 eonsoluina

299 797 390 837 sua
425 797 546 836 esse
575 781 872 844 dicebatur,
908 782 958 833 itt
991 779 1387 833 matrimonium
1421 785 1718 844 acceperat,
1750 777 1875 828 dum

299 875 463 927 multa
495 875 700 927 sce!era
728 872 860 926 infra
894 872 1165 926 Pictavum
1198 871 1480 925 terminum
1519 879 1870 938 perpetraret,

299 969 527 1037 quodam
588 967 703 1020 loco
742 981 860 1019 cum
905 964 1202 1020 Childcrico
1256 942 1466 1018 Saxone
1519 964 1873 1032 conjunctus,

218 1072 222 1076 ·
296 1061 421 1112 dum
471 1073 530 1113 se
557 1059 782 1112 invicem
813 1057 1070 1111 conviciis
1116 1045 1458 1118 lacessirent,
1489 1073 1624 1110 unus
1652 1073 1714 1110 ex
1747 1074 1876 1124 pue-

296 1152 374 1205 ris
404 1150 693 1204 Cbilderici
727 1147 754 1187 b
785 1151 1024 1202 Avoncm
1057 1147 1204 1201 hasta
1234 1148 1518 1200 transﬁxit.
1543 1147 1642 1213 Qui
1673 1147 1740 1200 ad
1771 1157 1876 1200 ter-

296 1257 409 1294 raut
457 1255 640 1308 ruens,
694 1241 958 1308 plerisque
999 1239 1174 1293 adhuc
1218 1238 1410 1292 ictibus
1451 1243 1741 1301 sauciatus,
1773 1238 1875 1291 iuio

295 1348 454 1402 quant
497 1333 726 1385 animam
781 1331 1038 1401 sanguine
1085 1330 1354 1384 defluente
1393 1332 1620 1394 refudit;
1673 1330 1872 1400 fuitque

299 1425 457 1477 ultrix
499 1425 676 1477 divina
727 1420 978 1490 majesias
1019 1423 1292 1492 sanguinis
1343 1423 1662 1486 innocentis,
1711 1437 1867 1490 quem

299 1515 507 1582 propria
539 1513 792 1567 effuderat
827 1525 1008 1566 manu.
1067 1511 1224 1565 Multa
1258 1513 1394 1565 enim
1441 1510 1598 1574 furta,
1650 1511 1871 1564 homici-

295 1606 401 1666 dia,
431 1603 801 1673 adulteriaque
823 1603 1153 1656 miserrimus
1184 1616 1326 1669 srcpe
1352 1605 1716 1667 commiserat,
1749 1615 1816 1669 qu
1839 1618 1868 1652 e

295 1696 459 1750 silere
488 1696 677 1748 melius
706 1705 850 1763 puto.
895 1694 1201 1762 Composuit
1246 1705 1422 1746 tamen
1457 1692 1580 1746 filiis
1608 1691 1749 1747 Saxo
1780 1691 1867 1746 ille

292 1795 515 1839 mortem
537 1787 673 1852 ejus.

1980 588 2078 643 stis
2117 599 2140 627 ε
2184 607 2200 644 :
2241 603 2296 645 et
2332 608 2433 656 qua
2483 608 2625 647 nunc
2673 593 2844 649 fronte
2883 599 3155 664 qua'ritis,
3205 609 3264 651 ιιι
3318 610 3561 668 nepotem

1982 696 2159 735 meum
2194 682 2597 744 Childehcrtum
2626 687 2900 754 suscipere
2947 688 3192 755 debeam,
3242 707 3402 760 quem
3435 695 3562 749 mihi

1977 783 2150 827 vestra
2184 777 2534 842 perversitate
2578 778 2825 834 voluistis
2874 780 3053 836 fseere
3104 785 3416 839 inimicum?
3460 786 3558 843 Cui

1981 863 2137 932 legati
2167 865 2420 919 dixerunt
2453 881 2468 916 :
2499 867 2552 922 Si
2586 877 2788 922 tantum
2820 880 3052 925 mentem
3087 872 3357 928 iracundia
3389 878 3557 945 cepit,

1978 964 2036 1006 ut
2055 954 2185 1008 nihil
2215 959 2393 1024 nepoti
2421 968 2513 1011 tuo
2532 960 2600 1014 de
2629 960 2712 1013 bis
2735 977 2852 1028 qum
2887 963 3159 1030 pollicitus
3179 980 3239 1018 es
3261 967 3560 1037 indulgeas,

1977 1049 2062 1101 vel
2094 1048 2206 1112 illa,
2240 1066 2359 1117 qua:
2389 1051 2458 1104 de
2487 1067 2652 1120 regno
2681 1053 2982 1107 Chariberti
3015 1055 3277 1110 debentur
3299 1097 3315 1122 ,
3346 1060 3563 1116 auferre

1973 1137 2194 1194 desiste.
2241 1141 2444 1208 Quibus-
2487 1143 2574 1195 ille
2621 1143 2733 1197 ait:
2767 1144 2906 1198 Ecce
2938 1147 3208 1214 pactiones
3255 1163 3373 1218 qua:
3419 1149 3564 1206 inter

1977 1243 2076 1282 nos
2130 1231 2282 1285 facta:
2312 1243 2456 1296 sunt,
2510 1243 2567 1287 ιιι
2605 1234 2841 1303 quisquis
2895 1237 3011 1291 sine
3058 1237 3242 1291 fratris
3286 1240 3564 1298 voluntate

1971 1319 2205 1374 Parisios
2270 1326 2455 1378 urfem
2521 1326 2932 1394 ingrederetur,
3005 1329 3278 1383 ami-teret
3350 1341 3557 1399 partem

1971 1426 2149 1476 Suam,
2181 1427 2431 1483 essetque
2468 1415 2736 1469 Polioctus
2766 1431 2968 1486 martyr
2998 1414 3018 1456 ί
3055 1459 3070 1484 ,
3094 1434 3213 1473 cum
3249 1420 3450 1475 llilario
3473 1431 3562 1476 at-

1972 1519 2077 1572 que
2105 1505 2338 1558 M-trtiuo
2366 1507 2789 1574 confessoribus,
2811 1509 2975 1578 ju-lex
3010 1526 3071 1566 ac
3101 1513 3391 1567 retributnr
3410 1515 3586 1580 ejus.-

1971 1595 2213 1650 l’ostluec
2245 1597 2518 1667 ingressu:
2547 1609 2630 1652 est
2661 1599 2712 1652 in
2746 1616 2864 1654 eam
2895 1617 3178 1668 germanus
3207 1605 3369 1675 336
3406 1621 3562 1658 mt-us

1969 1685 2292 1754 Sigiltcrtus,
2345 1691 2433 1756 qui
2457 1688 2660 1757 judicio
2689 1690 2779 1742 Dei
2813 1691 3088 1760 intericns,
3141 1695 3312 1747 amisit
3348 1707 3558 1763 partem

1969 1795 2150 1833 suam.
2191 1779 2450 1835 Similiter
2473 1789 2525 1833 i-t
2551 1781 2885 1848 Cltilpericus
2913 1783 3096 1852 gessit.
3145 1785 3246 1839 l‘er
3286 1787 3380 1838 has
3424 1802 3561 1854 ergo

361 1877 451 1930 ιν.
495 1877 696 1930 Interea
729 1876 1091 1946 Fredcgundis
1120 1876 1299 1944 regina
1326 1875 1437 1944 jam
1468 1875 1678 1929 viduata
1712 1849 1943 1929 Pari-'3
1969 1871 2420 1939 transgressiones
2442 1872 2736 1926 amiserunt
2767 1885 2943 1941 partes
2968 1889 3131 1928 suas:
3167 1877 3391 1944 ideoque
3419 1877 3551 1948 quia

293 1971 403 2025 sius
431 1969 667 2033 ath'ttil,
699 1979 752 2022 et
783 1984 903 2021 cum
939 1968 1226 2035 thesauris,
1259 1982 1392 2036 quos
1421 1965 1556 2020 infra
1589 1981 1861 2020 murorum

289 2071 438 2128 septa
467 2060 823 2123 conciuserat,
859 2058 922 2110 ad
952 2059 1233 2112 ecclesiam
1280 2055 1522 2126 confugit
1551 2067 1574 2095 ε
1601 2097 1618 2123 ,
1647 2065 1806 2126 atque
1833 2071 1864 2110 a

293 2152 639 2221 Raguentudo
689 2151 895 2204 fovetur
945 2153 1197 2220 episcopo
1231 2169 1242 2203 :
1279 2151 1516 2220 rrliquos
1558 2166 1690 2204 vero
1746 2152 1862 2203 the-

291 2258 500 2306 sauros,
533 2241 620 2310 qui
645 2241 782 2308 apud
821 2243 998 2294 villam
1025 2242 1206 2294 Calain
1240 2250 1628 2319 remanserunt,
1663 2240 1714 2293 in
1747 2241 1864 2308 qui-

289 2335 388 2387 bus
420 2345 534 2388 crat
564 2334 864 2387 ιιιὶεευτίιιεη
898 2335 1024 2386 illud
1054 2349 1295 2394 aureum,
1343 2335 1482 2402 quod
1516 2350 1684 2402 nuper
1721 2337 1861 2389 fece-

185 2426 198 2442 “
285 2441 368 2484 tat
399 2429 529 2499 (lib.
556 2443 632 2491 γι,
661 2444 777 2491 cap.
808 2426 842 2479 2
871 2427 912 2493 ),
961 2415 1275 2480 tltesattrarii
1328 2427 1673 2493 levaverunt,
1716 2440 1762 2481 et
1794 2429 1858 2480 ad

289 2522 684 2588 Cltildebertum
741 2536 936 2587 regem,
989 2519 1076 2588 qui
1118 2527 1244 2572 tunc
1284 2519 1424 2587 apud
1479 2520 1799 2573 Meldenscm
1832 2518 1858 2556 ιι

286 2613 717 2667 commorabatur
741 2612 901 2682 335
934 2613 1138 2675 ttrbem,
1174 2611 1436 2666 velociter
1467 2612 1814 2666 transierunt.

361 2703 424 2757 V.
459 2702 822 2770 Fredegundis
853 2702 1012 2770 igitur
1041 2701 1222 2770 regina
1255 2709 1477 2769 accepto
1505 2701 1749 2766 consilio,
1783 2703 1854 2755 le-

283 2799 439 2864 gaios
461 2793 523 2844 ad
555 2791 1016 2846 Guntcltramuum
1046 2806 1222 2861 regem
1265 2793 1445 2857 mittit,
1494 2791 1681 2847 dircns
1714 2791 1859 2848 :Ve—

284 2885 393 2938 niat
422 2884 669 2938 dominus
700 2897 872 2945 meus,
919 2894 972 2936 et
1001 2885 1253 2950 suscipiat
1285 2899 1501 2950 tegnam
1547 2883 1724 2937 fratris
1752 2884 1854 2935 sui.

287 2977 400 3046 Est,
435 2977 624 3045 inquit,
669 2977 793 3028 mihi
845 2976 1017 3028 iul-aus
1049 2977 1315 3044 parvu'us.
1347 2991 1504 3043 quem
1551 2976 1602 3028 in
1635 2975 1747 3043 «jus
1779 2975 1858 3027 ul-

286 3071 368 3124 nis
393 3083 592 3137 ponere
616 3067 950 3130 desiderans,
975 3081 1058 3118 me
1086 3075 1262 3118 autem
1293 3067 1460 3132 ipsam
1492 3067 1608 3133 ejus
1637 3066 1856 3121 ltntuilio

281 3159 490 3212 ditioni.
521 3157 808 3224 Comperto
837 3171 1012 3209 autem
1049 3156 1482 3209 Guulehrantuzts
1529 3171 1623 3210 rex
1654 3158 1719 3210 de
1746 3156 1853 3210 fra-

1969 1962 2045 2015 illi
2070 1963 2223 2032 juxta
2275 1962 2367 2016 Dei
2394 1961 2653 2032 judicium
2699 1973 2754 2018 et
2793 1964 3198 2019 ntaledictioncs
3243 1966 3552 2034 pactiounut

1965 2057 2304 2125 defecerunt,
2353 2074 2514 2113 omne
2540 2074 2762 2128 regnum
2791 2058 3091 2114 Chariberti
3134 2077 3251 2114 runt
3287 2062 3560 2116 theauris

1965 2149 2102 2219 ejus,
2155 2152 2287 2204 meis
2332 2149 2642 2216 ditionibus,
2697 2144 3167 2220 legc'Opi'ulaute,
3218 2151 3555 2221 subjiciam:

1964 2256 2065 2294 nec
2101 2242 2293 2295 exinde
2315 2240 2471 2293 alicui
2496 2241 2783 2310 quidquam
2818 2243 2916 2296 nisi
2944 2251 3235 2311 spentanea
3270 2244 3556 2298 voluntate

1967 2328 2291 2398 indulgeam.
2341 2331 2596 2386 Absistite
2628 2331 2787 2400 igitur
2815 2348 2912 2387 vos
2943 2348 3156 2402 semper
3182 2335 3469 2389 mendaces
3492 2354 3557 2392 ae

1964 2421 2173 2489 perfidi,
2204 2431 2258 2475 et
2288 2422 2401 2476 ha-c
2429 2424 2538 2491 regi
2572 2433 2750 2477 vestro
2791 2422 3007 2477 referte.

2037 2513 2149 2566 Vll.
2183 2513 2388 2580 Quibus
2418 2513 2852 2579 discedentibus,
2900 2516 3056 2582 legati
3101 2518 3290 2572 iterum
3326 2514 3556 2573 Cltilde.

1962 2608 2096 2662 berti
2139 2607 2203 2660 ad
2247 2603 2571 2661 aitediciutn
2625 2623 2800 2676 regem
2845 2608 3082 2673 veniun',
3139 2608 3552 2675 Fredegundetn

1969 2697 2208 2766 reginam
2243 2698 2596 2768 requirentes,
2645 2707 2802 2768 atque
2832 2699 3069 2754 dicentes
3100 2717 3113 2752 :
3150 2700 3331 2755 Redde
3376 2701 3553 2756 humi-

1959 2789 2157 2854 cidam,
2189 2806 2306 2858 qu:r
2338 2791 2554 2843 amitam
2605 2807 2776 2845 meam
2808 2792 3132 2861 suggillaVIt,
3176 2809 3294 2860 qua:
3337 2803 3552 2860 patrem

1962 2881 2254 2950 interfecit,
2288 2894 2340 2935 et
2371 2895 2613 2951 patruum
2643 2902 2654 2936 :
2689 2899 2808 2952 qute
2853 2889 2995 2952 ipsos
3031 2899 3244 2954 quoque
3265 2886 3553 2940 conSObri-

1961 2989 2059 3028 nos
2088 2983 2236 3028 meu-s
2262 2974 2442 3043 gladio
2478 2977 2751 3029 interemit
2779 2985 2827 3029 ε.
2863 2979 2931 3029 At
2963 2976 3054 3032 ille
3088 2993 3103 3030 ι
3137 2978 3189 3029 ln
3222 2978 3434 3044 placito,
3465 2979 3554 3031 in-

1958 3067 2096 3134 quit,
2129 3066 2271 3134 quod
2304 3067 2578 3130 habemus,
2625 3078 2813 3121 cuneta
2841 3066 3200 3132 decernimus,
3249 3077 3551 3125 tractantes

1957 3155 2080 3223 quid
2125 3166 2368 3220 Oporteat
2416 3156 2551 3209 fieri.
2611 3154 2742 3209 Nam
2786 3155 3186 3225 Fredcguudem
3239 3159 3548 3222 patrocinio

279 3255 377 3306 tris
417 3264 664 3316 excessu,
716 3249 1054 3303 amarissime
1105 3249 1267 3302 ﬂevit.
1316 3248 1588 3302 lilnderato
1641 3263 1850 3316 quoque
1878 3234 1927 3300 C
1957 3263 2056 3301 suo
2101 3251 2332 3312 fovebat,
2380 3247 2657 3316 ipsamque
2703 3249 2896 3317 srepius
2941 3249 3006 3302 ad
3055 3250 3358 3303 coi.vivium
3403 3266 3548 3306 evo-

277 3344 513 3411 planctu,
538 3349 805 3395 commoto
832 3340 1073 3394 exercitu
1123 3338 1356 3392 Parisios
1384 3339 1580 3405 dirigit.
1613 3338 1850 3408 Cumque

277 3434 369 3487 itle
400 3432 533 3485 iuf'ra
572 3446 754 3485 uturos
783 3440 1068 3498 susceptus
1115 3429 1323 3494 fuisset,
1359 3428 1729 3484 (ibildebertus
1756 3445 1845 3486 rex

278 3537 444 3588 nepos
472 3522 586 3588 ejus
615 3522 682 3572 ab
709 3522 808 3574 alia
842 3521 1054 3574 advenit
1086 3530 1256 3587 parte.

349 3616 441 3667 Vl.
466 3615 571 3668 Sed
602 3630 721 3667 cum
744 3629 864 3667 eum
899 3614 1150 3666 Parisiari
1185 3612 1419 3681 recipere
1451 3614 1671 3679 noilent,
1707 3613 1847 3685 lega-

278 3717 360 3759 tos
390 3707 452 3758 ad
489 3705 947 3758 Guntcltratnnum
993 3719 1169 3773 regem
1203 3702 1401 3773 dirigit,
1447 3705 1664 3758 dieeus:
1698 3704 1842 3770 Scio,

275 3799 512 3865 piissime
553 3805 724 3865 pater,
758 3811 860 3847 non
915 3796 1082 3850 latere
1126 3796 1371 3872 pietatem
1407 3806 1570 3858 tuam,
1617 3794 1845 3862 qualiter

274 3901 555 3958 utrumque
605 3904 770 3956 lqulle
824 3902 1057 3954 pra'sens
1099 3898 1304 3954 tempus
1351 3902 1471 3952 pars
1515 3885 1844 3954 Oppresserit

275 3983 510 4044 tnitntca,
542 3988 602 4032 ιιι
638 3981 811 4032 nullus
843 3977 909 4030 de
936 3980 1095 4031 rebus
1123 3978 1223 4030 sibi
1268 3977 1462 4030 debitis
1493 3977 1657 4046 possit
1697 3975 1841 4030 inve-

273 4072 390 4124 niie
435 4069 721 4138 justitiam.
778 4069 978 4124 Idcirco
1011 4069 1234 4136 supplex
1282 4083 1422 4122 nutte
1465 4067 1742 4136 deprecor,
1785 4077 1841 4121 ut

271 4159 482 4226 placita,
508 4175 625 4229 qua:
657 4159 792 4212 inter
832 4175 929 4212 nos
974 4167 1093 4228 post
1135 4157 1296 4228 patris
1331 4158 1432 4212 mei
1472 4158 1673 4212 obitum
1714 4169 1840 4212 sunt

270 4247 485 4315 innexa,
515 4248 904 4300 custodiantur.
937 4245 1087 4301 Tunc
1112 4247 1544 4302 Guntcltrantnus
1572 4258 1665 4302 rex
1688 4248 1837 4316 lega-

265 4337 332 4390 tis
358 4337 501 4390 illius
539 4337 613 4391 ait
645 4338 723 4392 :0
765 4337 944 4391 miseri
985 4345 1038 4391 et
1080 4351 1292 4405 seraper
1323 4337 1546 4402 perfidi,
1603 4339 1733 4392 nihil
1784 4340 1834 4392 iu

266 4427 416 4479 vobis
444 4441 630 4480 verum
673 4427 961 4492 habentes,
1005 4441 1178 4495 neque
1223 4427 1275 4478 in
1309 4427 1582 4492 promissis
1630 4443 1835 4494 perma-

272 4526 479 4578 nentes,
503 4531 630 4571 ecce
650 4517 897 4569 omnibus
921 4533 1038 4585 quze
1064 4515 1190 4570 mihi
1219 4515 1435 4585 polliciti
1457 4517 1586 4569 estis
1610 4518 1830 4582 relictis,

1951 3354 2103 3405 cans,
2139 3350 2454 3409 prom-ttens
2489 3337 2513 3376 ιι
2539 3357 2594 3393 se
2627 3341 2674 3395 ei
2709 3341 2820 3394 fieri
2855 3341 3142 3395 maximum
3175 3339 3548 3418 defensorem.

1952 3431 2189 3496 Quadam
2221 3444 2348 3484 vero
2375 3429 2462 3483 die
2491 3430 2616 3481 dum
2662 3429 2858 3497 pariter
2887 3431 2950 3482 ad
2984 3445 3220 3484 mensam
3253 3432 3547 3500 epularen-

1953 3534 2060 3589 tur,
2095 3524 2272 3594 rcgiua
2303 3537 2654 3591 consurgens,
2691 3533 2742 3577 et
2772 3523 3094 3587 valcdiceus,
3121 3540 3148 3577 a
3179 3539 3302 3593 rege
3329 3525 3546 3580 detine-

1949 3615 2126 3678 batttr,
2157 3614 2368 3668 dicente
2416 3615 2556 3668 sibi:
2594 3614 2781 3668 Adhuc
2823 3615 3021 3683 aliquid
3073 3616 3175 3669 cibi
3218 3619 3391 3670 'suue.
3441 3617 3543 3672 Cui

1951 3704 2041 3758 illa
2073 3722 2086 3761 :
2121 3704 2356 3774 lndnige,
2409 3705 2599 3774 inquit,
2646 3706 2926 3772 deprecor,
2988 3707 3205 3760 domine
3260 3708 3355 3773 mi,
3406 3710 3541 3776 quia

1944 3794 2093 3861 juxta
2123 3795 2565 3850 coitsuetudinem
2596 3795 2879 3850 mulierum
2909 3799 3128 3866 eoutigit
3161 3798 3311 3862 mihi,
3345 3807 3403 3852 ιιι
3436 3815 3540 3868 pro

1945 3896 2210 3955 conceptu
2244 3901 2589 3956 consurgam.
2648 3888 2772 3940 lla-c
2816 3887 2905 3941 ille
2933 3888 3178 3952 audiens,
3233 3889 3539 3958 obstupuit,

1944 3976 2122 4029 sciens
2156 3987 2402 4043 quartum
2434 3990 2555 4031 esse
2597 3991 2834 4031 mensem
2863 4017 2879 4042 ,
2929 3993 2990 4031 ex
3025 3993 3129 4046 qua
3157 3979 3319 4031 alium
3350 3979 3540 4035 edide~

1944 4076 2026 4119 rat
2056 4067 2217 4118 filium
2249 4081 2264 4120 :
2298 4076 2473 4120 tamen
2504 4065 2748 4134 permisit
2779 4067 2895 4121 eam
2929 4083 3094 4121 consu
3128 4084 3276 4138 gere.
3313 4069 3536 4125 Priorcs

1942 4171 2150 4226 quoque
2180 4157 2246 4211 de
2275 4173 2439 4226 regno
2487 4156 2800 4226 Cltilperici,
2858 4169 2913 4211 ttt
2943 4174 3054 4213 erat
3103 4160 3446 4214 Ansoualdus
3479 4172 3537 4218 et

1943 4246 2152 4314 reliqui,
2187 4247 2252 4299 ad
2280 4247 2444 4300 filium
2469 4247 2585 4315 ejus
2616 4251 2703 4317 qui
2735 4259 2852 4302 erat
2874 4289 2889 4312 ,
2921 4260 2977 4302 ut
2999 4251 3241 4316 Slipt’l‘llls
3269 4251 3531 4318 diximus,

1940 4346 2168 4403 quatuor
2211 4338 2501 4402 mensium,
2552 4352 2612 4392 se
2657 4338 3008 4409 collegerunt,
3058 4356 3217 4409 quem
3268 4341 3534 4396 Chlotha-

1940 4427 2075 4480 rium
2107 4426 2122 4464 ι
2161 4428 2548 4489 vocitaverunt,
2581 4433 2856 4498 cx'gcntcs
2892 4441 3227 4485 saciamenta
3258 4446 3352 4498 per
3389 4433 3530 4488 civi-

1941 4529 2092 4581 lites,
2126 4535 2244 4583 qua:
2273 4522 2337 4572 ad
2360 4521 2664 4588 Chilperit-u
2691 4543 2719 4571 ιι
2754 4521 2900 4588 prius
2933 4533 3287 4590 aspexerant,
3317 4532 3376 4575 ut
3402 4525 3510 4578 sci-

267 4623 388 4658 eum
425 4607 730 4673 Chilperico
783 4622 906 4678 tege
949 4622 1136 4660 novam
1177 4609 1481 4675 pactionem
1524 4605 1831 4675 scripsistis,
1868 4607 1911 4663 ῐ)
1945 4613 2064 4665 licet
2099 4612 2280 4665 fideles
2312 4628 2431 4666 esse
2457 4614 2685 4666 debeant
2715 4613 3114 4667 Guutchranuta
3152 4615 3286 4684 regi,
3325 4629 3388 4669 ac
3422 4630 3523 4671 ne.-

268 4706 324 4748 ut
354 4711 439 4748 me
469 4711 497 4748 a
529 4711 692 4763 regno
718 4699 957 4764 depulso,
990 4699 1233 4752 civitates
1265 4712 1410 4751 meas
1441 4699 1580 4756 inter
1615 4710 1675 4750 se
1700 4697 1834 4751 divi-

267 4786 477 4848 derent.
511 4786 654 4840 Ecce
705 4787 977 4854 pactiones
1026 4789 1199 4856 ipsas,
1250 4802 1374 4841 ecce
1423 4801 1610 4841 manus
1642 4798 1832 4841 vesme

339 4928 361 4953 "
388 4918 500 4973 lloe
548 4928 710 4986 caput,
733 4919 882 4974 deest
911 4921 964 4974 itt
1007 4920 1160 4975 Colb.
1193 4936 1244 4972 a.
1293 4930 1347 4974 et
1377 4921 1490 4973 Vat.
1521 4937 1534 4980 ς
1564 4922 1634 4974 al.
1661 4962 1675 4986 ,
1731 4921 1831 4974 Vr-

261 4991 436 5042 duslns
462 5033 475 5054 ,
508 4984 653 5048 Bec.,
684 4984 837 5043 Colb.
867 5006 940 5043 tn.
983 5001 1036 5044 et
1066 4985 1249 5055 Rrgm.
1268 5029 1284 5052 ,
1317 4984 1832 5058 coynomento'avus:

261 5064 372 5112 Con
401 5076 461 5113 er
485 5070 642 5122 caput
675 5061 737 5113 l3
771 5060 886 5112 libri
921 5061 1291 5127 prmcedeutis.

336 5133 358 5166 δ
391 5129 544 5184 Coilt.
572 5149 668 5190 ut.,
701 5130 994 5198 Chi/periei.

335 5211 354 5234 ε
393 5203 464 5252 tax
501 5203 603 5254 hoc
647 5204 762 5252 loco
795 5197 1054 5261 Vah-sius,
1101 5200 1152 5251 in
1203 5197 1297 5252 lib.
1327 5198 1394 5253 tle
1424 5199 1656 5254 basilicis
1689 5202 1832 5255 Pari-

259 5269 417 5321 sianis
442 5287 559 5337 cap.
594 5284 641 5333 1,
689 5276 876 5339 proI-at
912 5273 1031 5323 adv.
1063 5269 1389 5331 Launoiutn,
1433 5271 1687 5336 majorem
1737 5288 1830 5326 seu

259 5339 617 5392 tt:tlltt’dl‘alt'.lll
664 5342 982 5394 l'arisiorutu
1016 5341 1302 5394 ecclesiam
1350 5343 1485 5392 intra
1517 5347 1698 5394 urbem
1730 5347 1829 5394 sub

260 5410 426 5472 prima
461 5424 642 5476 ri-gutn
675 5425 976 5464 nostrorum
1009 5411 1174 5477 stirpe
1197 5407 1483 5479 exstitisse.
1530 5411 1824 5479 lﬁtquidetn

257 5492 464 5550 ret-tutu
494 5489 573 5550 est
615 5483 840 5532 cretesire
879 5483 1095 5534 nomine
1125 5480 1315 5550 passim
1345 5478 1481 5546 apud
1511 5478 1825 5550 Gregorium

255 5549 616 5619 catltcdralem
645 5551 919 5602 «erle-iam
952 5549 1238 5619 dessguari.

325 5616 350 5653 ά
388 5619 532 5679 ltec.,
556 5621 694 5685 apud
721 5619 1009 5674 Maldesim.
1037 5621 1044 5625 ’

323 5687 568 5741 ‘Cnnl'er
610 5704 726 5754 cap.
761 5691 793 5741 5
840 5689 927 5741 lib.
962 5705 1030 5753 Vl,
1079 5691 1164 5741 ubi
1210 5690 1276 5742 de
1321 5687 1668 5742 Gumtramno
1715 5690 1828 5756 pel-

255 5757 412 5810 lendo
440 5768 614 5811 actum
664 5759 855 5818 fuerat,
889 5761 974 5825 qui
1006 5763 1388 5812 conxentioues
1431 5763 1546 5810 illas
1569 5773 1636 5813 ex
1671 5760 1820 5814 Chtl-

247 5831 416 5892 periri
447 5829 658 5882 scriniis
687 5840 814 5881 tunc
840 5845 888 5880 ιιι
919 5845 1008 5880 sua
1039 5841 1298 5894 potestate
1329 5831 1576 5883 habebat.

1943 4701 2050 4769 poti
2079 4715 2178 4755 suo
2207 4701 2542 4757 Cblotltario.
2573 4703 3008 4757 Gunteltramnus
3041 4721 3164 4759 vero
3193 4722 3282 4760 rex
3309 4706 3526 4776 omnia,

1937 4809 2054 4861 qua:
2089 4793 2272 4847 Iideles
2295 4793 2435 4862 regis
2458 4793 2740 4863 Cltilperei
2773 4811 2876 4848 non
2911 4805 3054 4849 recte
3081 4797 3307 4850 diversis
3331 4798 3528 4851 absus-

2011 4919 2534 4998 tllic;przeezrteris
2575 4930 2775 4979 electus
2807 4925 2996 4989 fuerat,
3028 4930 3168 4995 quod
3203 4931 3256 4998 in
3288 4929 3527 4998 pcrjttris

1936 4993 2230 5067 puniendis
2246 4995 2474 5067 celebris
2500 5006 2664 5056 esset,
2714 5006 2769 5048 ut
2805 4993 3181 5067 testaturipse
3225 4993 3525 5067 Gregorius

1937 5064 2028 5113 lib.
2059 5064 2163 5115 Ide
2194 5064 2373 5116 Gloria
2405 5065 2582 5124 Mam.
2609 5079 2725 5130 Cap.
2764 5066 2884 5122 l05.

2009 5141 2032 5178 ις
2067 5131 2429 5204 Fredegundis
2471 5136 2820 5188 accusabatur
2861 5138 3000 5203 quod
3048 5136 3468 5192 Gailest‘intltam
3499 5182 3518 5204 ,

1935 5201 2261 5279 Childeberti
2293 5215 2632 5279 materteram
2665 5201 2981 5279 strangulari
3013 5207 3243 5267 let-isset.
3272 5225 3337 5263 ac
3365 5201 3519 5279 Sigi;

1936 5271 2140 5346 hortum
2191 5271 2428 5340 ejusdem
2461 5286 2687 5346 patrem,
2734 5271 3096 5342 Cltilpericttm
3140 5271 3513 5346 patruumfet

1934 5341 2296 5416 Chlotloveum
2329 5359 2390 5395 ac
2426 5345 2726 5398 Mero-.eutn
2751 5341 2942 5400 fratres
2971 5348 3088 5416 ejus
3113 5341 3400 5416 patrueles,
3424 5352 3518 5404 in-

1935 5413 2108 5464 terimi
2145 5424 2500 5478 procurasset.

2007 5479 2253 5561 “Hillo-sn.
2278 5494 2329 5535 et
2358 5483 2511 5536 Colb.
2537 5499 2588 5536 a.
2613 5481 2710 5536 alia
2731 5499 2908 5552 manu,
2935 5489 3276 5554 promittebat.
3296 5488 3518 5561 liegm.,

1933 5566 1986 5601 se
2015 5552 2125 5614 fieri
2157 5551 2296 5603 illius
2328 5569 2627 5617 maxumin,
2659 5566 2767 5609 etc.

2011 5622 2026 5658 ί
2061 5623 2207 5694 idem
2237 5637 2299 5674 ac
2331 5637 2546 5688 patruus
2580 5631 2770 5678 nomen
2805 5625 3053 5686 ltaltehat;
3087 5631 3315 5694 priorem
3345 5628 3508 5685 Chlo-

1934 5691 2264 5764 that-ltatiuut
2289 5708 2350 5764 ex
2373 5696 2747 5749 vt-tustissituis
2767 5699 2923 5749 codd.
2953 5691 3266 5764 scripsimus
3299 5715 3311 5752 :
3345 5700 3509 5755 istum

1932 5775 2057 5812 Vero
2099 5761 2447 5826 (lltfomrinm,
2505 5779 2598 5814 ειτιι
2644 5763 2993 5829 (Ilifotnriuut,
3041 5761 3129 5818 aut
3173 5768 3509 5823 "latitantia;

1928 5831 2112 5898 scripti
2146 5833 2313 5885 nostri
2347 5833 2502 5900 vulgo
2531 5833 2822 5902 appellant,
2853 5851 2986 5904 quos
3017 5840 3308 5905 sequimur.
