3920 6188
171 355 277 412 t2;

1177 344 1234 401 S.
1276 338 1604 401 GREGOlill
1646 341 1951 399 EPlSCOl‘l
1992 342 2419 400 TURONENSIS

3340 342 3443 398 ﬁt

188 477 273 521 tus
302 467 370 520 de
400 476 563 533 regno
583 461 877 518 Cbariberti
904 459 1081 513 fratris
1104 460 1184 513 sui
1207 468 1508 527 acceperat,
1530 458 1759 523 direxit;
1792 462 1841 520 Α,
1869 458 1970 512 nisi
2000 466 2200 512 tantum
2224 457 2370 526 jussa
2396 454 2652 524 principis
2684 454 2998 523 adimplere.
3033 454 3160 509 Nam
3193 455 3238 510 si
3274 454 3448 510 nolue-

112 541 129 605 ἶ
189 570 242 610 ut
274 559 550 625 exigentes
598 562 953 617 sacramenta,
983 551 1096 623 sztis
1129 564 1222 603 eas
1250 550 1546 603 ditionibtts
1576 550 1761 617 subju-

188 657 392 717 garent.
414 636 668 698 Turonici
693 658 820 696 vero
842 653 998 709 atque
1028 641 1066 695 Ρ
1090 641 1228 694 ctari
1254 639 1317 693 ad
1332 638 1762 707 Cltildebertum,

190 738 439 808 Sigibcrti
493 738 683 800 lilium,
737 738 963 788 transire
1011 733 1323 786 voluerunt:
1375 732 1467 787 Sed
1513 730 1765 786 commoti

193 829 405 885 Biturici
455 836 639 883 contra
688 841 782 882 eos
829 827 1016 881 venire
1059 826 1381 895 disponunt,
1437 837 1596 895 atque
1632 826 1765 878 infra

186 925 470 978 terminum
521 917 844 975 Turonicutn
911 921 1151 974 incendia
1213 919 1388 974 facere
1460 927 1764 987 coeperunt.

184 1008 339 1067 'Tunc
366 1011 777 1081 Marnjalensem
807 1020 831 1046 ⁸
865 1011 1144 1064 ecclesiam
1174 1009 1384 1063 termini
1416 1008 1686 1073 Turonici,
1716 1009 1765 1062 itt

182 1120 290 1173 qua
342 1105 511 1157 sancti
565 1101 775 1155 Martini
821 1099 1062 1168 reliquiae
1114 1099 1466 1161 habebantur,
1518 1097 1769 1151 incendio

184 1198 639 1245 'cttttct‘entarunt:
668 1182 761 1242 sed
794 1189 957 1241 virtus
989 1188 1125 1241 beati
1153 1187 1356 1251 adfuit,
1385 1196 1442 1240 ut
1469 1188 1519 1240 in
1553 1197 1656 1240 tant
1680 1201 1771 1239 va-

185 1282 299 1336 ‘lido
330 1280 577 1335 incendio
624 1279 857 1347 pallulte,
889 1294 1007 1346 quae
1055 1293 1214 1346 super
1260 1276 1511 1331 altarium
1564 1277 1771 1330 fuerant

186 1371 397 1439 posita),
433 1385 537 1422 non
589 1348 1123 1422 consumerentur—ab
1167 1367 1307 1436 igne.
1355 1367 1419 1419 Et
1450 1381 1554 1420 non
1599 1366 1768 1420 solum

190 1462 340 1532 ipsae,
394 1462 486 1514 sed
518 1459 679 1513 etiam
722 1458 959 1511 herbula!
987 1458 1113 1512 olim
1166 1457 1425 1521 collectae,
1478 1456 1773 1524 altarioque

190 1552 404 1615 lncatzn,
438 1564 768 1618 nequaquam
794 1561 995 1602 exusue
1030 1558 1157 1603 sunt
1178 1546 1229 1601 δ.
1262 1547 1392 1614 Qua:
1425 1542 1664 1609 incendia
1690 1548 1770 1600 vi-

189 1642 378 1696 dentes
401 1640 676 1709 Turonici,
703 1641 1018 1709 legationem
1051 1641 1288 1702 mittunt,
1315 1640 1557 1694 dicentes
1581 1641 1771 1693 melius

184 1736 289 1789 sibi
320 1750 440 1789 esse
467 1734 534 1788 ad
567 1745 774 1802 tempus
807 1731 1210 1787 Guntcltramno
1241 1733 1349 1802 regi
1403 1731 1582 1796 subdi,
1610 1744 1770 1800 quam

187 1836 385 1881 cuncta
416 1825 666 1880 incendio
692 1837 782 1879 aut
812 1825 953 1880 ferro
982 1825 1201 1879 vastari.

260 1936 395 1992 Xlll.
440 1936 731 1991 Confestim
780 1944 960 1991 autem
1012 1946 1133 2005 post
1184 1943 1412 1990 mortem
1462 1933 1768 2004 Cltilperici,

193 2028 479 2086 Gararicus
508 2028 616 2081 dux
644 2020 959 2081 Lentovicas
998 2035 1322 2092 accesserat,
1354 2036 1409 2083 et
1436 2036 1768 2081 sacramenta

193 2137 257 2173 ex
306 2116 522 2174 nomine
556 2117 882 2174 Cltitdeberti
930 2130 1271 2187 susceperat;
1302 2119 1501 2175 exinde
1550 2119 1771 2173 Pictavis

194 2211 436 2273 veniens,
463 2210 530 2262 ab
554 2210 685 2279 ipsis
723 2219 970 2278 receptus
998 2221 1099 2274 est,
1128 2219 1183 2263 et
1208 2210 1279 2264 ibi
1310 2211 1639 2264 morabatur.
1666 2210 1774 2264 Att-

192 2302 344 2354 tliens
369 2315 543 2355 autem
572 2300 689 2370 qua:
730 2302 979 2355 Turonici
1013 2302 1376 2370 patiebantur,
1429 2303 1586 2356 mittit
1631 2304 1787 2383 lega-i

196 2390 416 2455 tionem,
455 2390 727 2445 obtestans
768 2405 836 2444 ne
882 2406 978 2444 nos
1023 2389 1090 2443 ad
1139 2402 1340 2459 partem
1385 2390 1770 2446 Guntcltratuni

195 2486 340 2552 regis
373 2484 583 2537 tradere
638 2483 990 2546 deberemus,
1040 2483 1090 2536 si
1145 2483 1298 2537 nobis
1350 2484 1603 2537 vellemus
1654 2499 1774 2538 esse
1814 2516 1825 2522 -

188 2575 490 2627 consultum
541 2590 553 2624 :
587 2572 680 2626 sed
712 2574 1111 2627 meminerimus
1161 2573 1335 2640 potius
1366 2573 1636 2642 Sigibct‘ti,
1684 2575 1774 2642 qui

191 2665 460 2732 quondam
509 2666 719 2734 genitor
765 2664 1090 2719 Cbildeberti
1138 2663 1300 2736 340
1352 2664 1470 2719 fuit.
1509 2663 1618 2720 Nos
1649 2679 1775 2720 vero

191 2754 309 2809 haec
336 2770 543 2809 rursum
568 2754 823 2825 episcOpo
854 2766 909 2811 et
935 2756 1138 2810 civibus
1167 2756 1411 2811 mandata
1436 2758 1774 2825 remisimus,

189 2846 333 2915 quod
381 2847 481 2901 nisi
524 2862 582 2901 se
612 2846 678 2900 ad
730 2857 945 2916 tempus
986 2846 1391 2904 Guntebramno
1418 2848 1530 2919 regi
1581 2850 1777 2907 subde-

193 2946 333 3005 rent,
366 2937 559 2992 similia
594 2937 929 3007 paterenturl,
961 2952 1264 2995 asserentes
1314 2939 1451 2996 hunc
1482 2955 1605 2997 esse
1636 2955 1778 2997 nunc

196 3044 401 3099 patrem
435 3045 599 3099 super
628 3031 761 3084 duos
796 3031 949 3095 tilias,
1006 3031 1261 3101 Sigiberti
1306 3032 1512 3086 scilicet
1550 3042 1605 3087 et
1632 3033 1778 3088 ωηι-

196 3120 382 3187 periei.
413 3122 503 3191 qui
534 3122 587 3176 ei
616 3120 823 3175 fuerant
866 3120 1104 3190 adoptati
1148 3140 1161 3175 :
1193 3133 1247 3178 et
1275 3124 1354 3176 sic
1400 3133 1583 3179 tenere
1627 3126 1774 3194 regni

1867 550 2006 614 ritis,
2056 558 2247 603 cuncta
2294 558 2351 601 ut
2399 548 2661 616 cmpintus
2703 546 3069 601 devastamus.
3108 544 3348 617 Cumque
3396 548 3449 603 in

1869 640 1969 695 hoc
1995 654 2082 695 res
2102 648 2370 709 ageretur,
2397 646 2459 693 ut'
2479 637 2726 692 universa
2752 637 3020 704 incendio,
3046 638 3268 707 praedae,
3293 648 3452 708 atque

1868 730 2161 805 captivitati
2205 730 2563 793 traderentur,
2603 729 2787 797 ejectis
2816 729 2883 784 de
2902 729 3116 784 civitate
3147 729 3451 785 hominibus

1868 819 2221 885 Cltildeberti,
2246 830 2579 875 sacramenta
2607 820 3013 875 Cuntcltramno
3038 820 3147 891 regi
3165 822 3450 888 dederunt,

1870 928 1975 967 non
2006 913 2165 982 longo
2194 923 2432 979 tempore
2458 925 2522 965 ea
2552 911 2939 966 custodientes.

1939 1024 2078 1079 XIV.
2114 1023 2275 1092 Igitur
2301 1022 2618 1077 adveniente
2649 1022 2863 1090 placito,
2881 1022 3075 1077 directi
3106 1032 3229 1077 sunt
3251 1038 3282 1078 a
3302 1023 3453 1079 Gltil-

1869 1114 2091 1170 deberto
2116 1130 2240 1183 rege
2258 1114 2472 1181 Egidius
2493 1114 2797 1181 episcOpus,
2828 1113 3262 1169 Gutttchramnus
3287 1117 3452 1183 Bosa,

1869 1207 2195 1277 Sigivaldus,
2227 1215 2282 1261 et
2310 1206 2400 1260 alii
2446 1207 2598 1261 multi
2626 1206 2692 1260 ad
2743 1206 3205 1262 Guntcltratnnum
3254 1224 3455 1277 regem.

1870 1296 2237 1366 ingressisque
2260 1297 2327 1350 ad
2359 1311 2503 1361 eum,
2536 1297 2613 1349 ait
2651 1297 2936 1364 episcopus
2968 1312 2982 1349 :
3012 1295 3226 1352 Gratias
3252 1298 3457 1366 agimus

1876 1387 1985 1440 Deo
2014 1386 2393 1453 omnipotenti,
2425 1400 2458 1439 ο
2484 1385 2721 1453 piissime
2762 1400 2875 1449 rex,
2910 1386 3050 1453 quod
3080 1394 3139 1440 te
3172 1397 3293 1456 post
3321 1387 3453 1441 mul-

1875 1489 1957 1533 tus
1988 1480 2197 1533 labores
2243 1478 2554 1547 regionibus
2595 1477 2700 1532 tuis
2743 1492 3012 1547 regnoque
3057 1478 3312 1533 restituit.
3361 1479 3458 1533 Cui

1875 1585 1965 1624 rex
2000 1570 2073 1622 ait
2104 1587 2116 1623 :
2153 1570 2228 1623 Illi
2252 1571 2394 1625 enim
2427 1569 2600 1637 digna:
2636 1579 2760 1623 sunt
2790 1570 2976 1639 gratia:
3012 1568 3333 1633 referenda.
3366 1571 3458 1640 qui

1874 1673 1954 1717 cst
1985 1662 2094 1715 ltex
2126 1676 2331 1731 regum,
2354 1644 2411 1715 ei
2435 1660 2691 1715 Dominus
2718 1659 3083 1725 dominorum,
3109 1660 3199 1729 qui
3229 1662 3343 1715 bace
3363 1676 3457 1713 sua

1880 1754 2220 1807 miseratione
2246 1754 2456 1823 operari
2483 1751 2731 1819 dignatus
2749 1761 2855 1806 est.
2877 1750 3007 1804 Nam
3030 1766 3131 1805 non
3165 1751 3281 1813 tibi,
3307 1752 3459 1819 cujus

1800 1825 1850 1886 Β
1874 1846 2102 1900 cottsilie
2124 1845 2282 1917 35];
2306 1844 2496 1900 doloso
2516 1858 2580 1899 ac
2610 1842 2854 1913 perjuriis
2885 1843 3129 1914 regiones
3154 1859 3290 1897 mea:
3316 1856 3460 1897 anno

1871 1939 2151 2005 superiore
2177 1939 2553 1991 inccnsmsutrt
2572 1977 2589 2002 ,
2617 1936 2707 2005 qui
2732 1948 3002 2000 nunquam
3018 1933 3176 1987 fidem
3200 1933 3459 2002 integrant

1873 2045 1995 2084 cum
2024 2030 2134 2084 ullo
2189 2027 2406 2082 homine
2462 2025 2713 2091 habuisti,
2766 2026 2919 2094 cujus
2965 2025 3226 2080 dolositas
3256 2026 3459 2096 ubique

1873 2121 2221 2189 dispergitur,
2254 2119 2349 2186 qui
2369 2134 2481 2172 non
2504 2118 2877 2183 sacerdotem,
2901 2116 2995 2171 sed
3020 2117 3289 2171 inimicum
3315 2122 3461 2186 regni

1872 2210 2048 2264 noszri
2070 2222 2123 2263 te
2145 2224 2269 2265 esse
2293 2209 2555 2263 declaras.
2590 2209 2669 2263 Ad
2701 2208 2816 2263 haec
2846 2210 3006 2263 verba
3038 2206 3320 2277 episcopus
3351 2210 3459 2262 ira-

1873 2301 2069 2354 cundia
2098 2311 2397 2353 commotus
2424 2300 2588 2353 siluit.
2614 2299 2758 2355 Unus
2789 2308 2971 2354 autem
2992 2312 3063 2354 ex
3082 2300 3267 2368 legatis
3287 2301 3420 2353 dixit
3448 2318 3460 2352 :

1874 2390 2151 2460 Sttpplicat
2182 2405 2345 2459 nepos
2376 2400 2497 2444 tuus
2523 2389 2919 2454 Cltiltlebcrtus,
2952 2397 3012 2442 ut
3053 2390 3296 2443 civitates
3333 2404 3463 2457 quas

1868 2495 2031 2553 pater
2060 2483 2175 2550 ejus
2206 2480 2394 2546 tenuit,
2428 2479 2574 2534 reddi
2602 2479 2812 2549 jubcas.
2846 2480 2926 2534 Ad
2963 2479 3077 2533 liae
3109 2477 3198 2532 ille
3240 2478 3463 2546 respon-

1874 2574 1955 2629 dit
1994 2591 2007 2626 :
2040 2572 2158 2628 Jatn
2202 2573 2316 2627 dixi
2360 2571 2511 2627 Vobis
2552 2572 2720 2640 prius,
2769 2572 2897 2641 quia
2946 2571 3216 2640 pactiones
3264 2583 3465 2626 νοείτω

1877 2665 2012 2720 mibi
2046 2664 2161 2720 hinc
2189 2663 2505 2728 conferunt;
2532 2662 2755 2733 ideoque
2778 2678 2869 2717 eas
2891 2664 3117 2720 reddere
3144 2664 3285 2718 nolo.
3311 2664 3465 2719 Alius

1878 2771 2097 2828 quoque
2127 2755 2419 2824 legatorum
2447 2756 2557 2809 ait:
2591 2754 2760 2823 Rogat
2802 2770 2969 2825 nepos
2996 2766 3139 2821 tuus,
3180 2766 3237 2809 ut
3262 2757 3461 2811 Frede-

1878 2849 2114 2917 gundetn
2158 2834 2476 2914 maleficam,
2504 2865 2599 2919 per
2624 2864 2782 2918 quam
2816 2851 2968 2904 multi
3005 2864 3159 2918 reges
3197 2849 3465 2904 interfecti

1878 2951 2026 3007 sunt,
2077 2939 2225 2994 reddi
2265 2941 2477 3009 jubens,
2503 2939 2569 2993 ad
2601 2940 2959 2995 ulciscendam
3004 2949 3230 2995 mortem
3260 2941 3457 3009 patris,

1879 3031 2059 3102 patrui
2089 3041 2145 3085 et
2169 3031 2614 3085 consobrinorum
2638 3045 2879 3086 suorum.
2920 3030 2967 3084 Α
2989 3040 3009 3085 ι
3034 3030 3126 3085 ille
3152 3049 3165 3083 :
3196 3030 3354 3085 'lratti
3386 3032 3462 3095 ei,

1883 3125 2077 3193 inquit,
2112 3124 2162 3176 in
2192 3131 2508 3191 potestatem
2541 3138 2653 3176 non
2676 3122 2893 3192 poterit,
2924 3123 3044 3193 quia
3087 3123 3252 3177 ﬁlium
3284 3139 3464 3192 regem

193 3212 569 3285 principatum,
603 3222 660 3265 ut
688 3211 955 3281 quondam
987 3212 1428 3266 Cblothacnarius
1453 3230 1543 3269 rex
1576 3213 1777 3272 fecerat
1808 3201 1853 3265 C
1887 3217 2068 3274 liabet.
2097 3214 2205 3272 Sed
2228 3226 2284 3271 et
2306 3229 2369 3270 ea
2398 3228 2516 3285 quae
2538 3224 2723 3269 contra
2750 3213 2891 3267 illam
2918 3213 3177 3277 asseritis,
3205 3230 3327 3268 vera
3342 3229 3467 3268 es~e

193 3313 344 3373 pater
373 3304 511 3373 ejus.
560 3302 653 3358 llis
699 3319 914 3373 quoque
946 3320 1050 3358 non
1083 3305 1571 3372 acquiescentibus,
1605 3305 1777 3361 Gara-

189 3399 336 3453 ricus
377 3398 444 3453 de
472 3396 689 3452 civitate
728 3396 1023 3471 egreditur,
1072 3398 1222 3467 quasi
1266 3398 1561 3452 exercitum
1612 3398 1781 3451 addu-

186 3498 398 3553 cturus,
430 3490 481 3542 in
503 3488 634 3543 urbe
663 3474 791 3543 vero
824 3489 1123 3543 Ebernnem
1151 3487 1532 3544 cubiCulariutn
1556 3488 1777 3543 Cltilde-

197 3582 338 3637 berti
368 3582 508 3652 regis
531 3582 861 3650 relinquens.
929 3581 1202 3636 Sicltarius
1252 3597 1379 3636 vero
1423 3596 1543 3636 cum
1590 3580 1777 3635 Willa-

193 3674 385 3727 cltario
419 3682 441 3711 ο
476 3672 845 3726 Aurelianensi
875 3673 1091 3738 cernite,
1132 3672 1219 3741 qui
1247 3687 1387 3727 nunc
1418 3673 1646 3727 Turonis
1684 3688 1778 3727 ac-

197 3773 421 3834 ceperat
447 3760 498 3827 ἀ,
529 3764 819 3817 exercitum
852 3774 1036 3816 contra
1087 3763 1326 3817 Pictavos
1369 3764 1692 3829 commovit,
1724 3772 1781 3817 ut

192 3856 405 3911 scilicet
428 3855 496 3908 ab
516 3869 625 3925 una
660 3866 808 3922 parte
837 3854 1111 3923 Turonici,
1143 3855 1209 3909 ab
1236 3856 1335 3907 alia
1372 3855 1589 3909 Biturici
1631 3869 1780 3908 com-

190 3946 327 4002 tnoti
363 3955 554 4000 cuncta
594 3952 883 3998 vastarent.
915 3942 1014 4010 Qui
1056 3959 1177 3997 cum
1221 3945 1285 3997 ad
1328 3946 1612 3998 terminum
1659 3960 1780 4014 pro-

191 4039 566 4109 pinquassent,
599 4052 662 4091 ac
690 4035 876 4091 domos
901 4050 1145 4090 cremare
1170 4037 1482 4103 coepissent,
1515 4036 1778 4091 miserunt

188 4130 265 4187 ad
299 4140 392 4186 eos
434 4130 629 4184 Pictavi
659 4130 881 4197 legatos,
919 4127 1159 4199 dicentes
1203 4145 1217 4181 :
1249 4126 1483 4183 Petimus
1515 4139 1570 4181 ut
1616 4138 1780 4196 usque

194 4222 251 4278 in
283 4221 498 4290 placito,
542 4219 684 4287 quod
736 4218 872 4273 inter
910 4234 973 4272 se
1001 4218 1437 4273 Guntcltrantnus
1466 4229 1518 4273 et
1562 4218 1780 4275 Childe

192 4314 383 4371 bertus
409 4325 564 4381 reges
590 4310 811 4375 habent,
840 4309 1169 4363 sustinentis.
1202 4310 1353 4376 Quod
1383 4310 1427 4363 si
1453 4312 1702 4365 convenit
1725 4320 1782 4364 ut

194 4419 363 4476 pagos
394 4404 490 4457 bos
517 4401 687 4456 bonus
720 4411 751 4439 σο
782 4416 872 4456 rex
915 4401 1352 4455 Guntcbratnnus
1380 4401 1624 4469 accipiat,
1673 4417 1777 4456 non

192 4496 533 4558 resistimus;
563 4492 643 4546 sin
668 4490 839 4559 aliud,
860 4491 1134 4546 dominum
1161 4501 1403 4546 nostrum
1436 4495 1779 4560 rec0gnosci-

1881 3327 1987 3367 tron
2012 3311 2195 3366 credo.
2225 3310 2352 3366 Post
2381 3311 2480 3366 bos
2514 3310 2949 3387 Guntcltramnus
2998 3309 3131 3362 Βηεο
3162 3323 3312 3377 quasi
3356 3309 3462 3360 a-li-

1880 3401 2007 3470 qttid
2038 3412 2407 3471 suggesturus,
2435 3401 2503 3456 ad
2535 3416 2715 3471 regem
2745 3400 2970 3454 accedit.
3017 3400 3080 3454 Et
3116 3402 3238 3469 quia
3268 3414 3464 3453 sonue-

1880 3502 1967 3547 ιλιι
1996 3491 2406 3546 Gundovaldutn
2449 3491 2735 3546 manifeste
2766 3505 2949 3559 regem
2977 3488 3244 3555 levatum,
3276 3489 3469 3543 antici-

1884 3598 2015 3650 pans
2046 3598 2139 3638 rex
2180 3584 2340 3638 verba
2368 3582 2507 3653 ejus,
2540 3584 2616 3637 ait
2650 3600 2665 3635 :
2700 3583 2743 3637 0
2771 3582 2983 3636 inimice
3030 3580 3257 3651 regionis
3287 3583 3467 3649 regni-

1880 3671 1987 3745 q'ue
2032 3676 2223 3741 nostri,
2256 3675 2345 3745 qui
2372 3686 2655 3745 propterea
2687 3684 2814 3728 ante
2845 3674 2943 3728 bos
2984 3687 3156 3727 annos
3195 3674 3468 3727 Orientem

1881 3782 2164 3838 aggressus
2194 3783 2275 3832 es,
2318 3778 2378 3824 ut
2412 3769 2760 3822 Bailomt-rem
2788 3777 2813 3813 ε
2840 3766 3147 3839 quemdam
3178 3766 3284 3837 (sic
3323 3778 3477 3819 enim

1884 3860 2111 3913 vocabat
2143 3875 2233 3913 rex
2280 3857 2733 3927 Cundovaldum},
2766 3874 2928 3925 super
2967 3872 3190 3927 regnum
3226 3868 3469 3911 nostrum

1881 3951 2197 4015 adduceres,
2246 3966 2463 4019 semper
2492 3949 2714 4018 perfide,
2738 3958 2793 4003 et
2848 3963 3115 4019 nunquam
3154 3948 3468 4002 custoiiens

1881 4042 2313 4109 quapromittis.
2346 4042 2441 4094 Cui
2475 4041 2564 4095 ille
2590 4056 2604 4094 :
2635 4039 2737 4104 Tu,
2769 4040 2961 4107 inquit,
2990 4038 3242 4093 doutinns
3292 4047 3346 4091 et
3373 4048 3467 4092 rex

1883 4135 2043 4204 regali
2079 4135 2130 4188 itt
2161 4133 2296 4187 solio
2326 4134 2548 4196 resides,
2581 4140 2636 4186 et
2683 4132 2869 4185 nullus
2894 4131 2987 4186 tibt
3032 4130 3096 4183 ad
3129 4146 3192 4184 ea
3223 4143 3341 4199 qua:
3389 4131 3469 4183 lo-

1879 4226 2063 4295 queris
2093 4240 2257 4279 ausus
2285 4236 2369 4279 est
2420 4224 2767 4294 respondere.
2804 4225 3069 4277 lnsontem
3112 4223 3255 4275 enim
3288 4238 3372 4275 me
3403 4223 3470 4276 de

1883 4317 1984 4370 bac
2023 4330 2180 4370 causa
2216 4316 2488 4383 profiteor.
2536 4312 2606 4367 At
2649 4313 2695 4367 si
2726 4311 2918 4380 aliquis
2960 4321 3042 4367 t-st
3081 4310 3273 4365 similis
3314 4312 3465 4372 inibi,

1878 4406 2114 4473 quthoc
2141 4406 2344 4458 crimen
2374 4404 2631 4474 impingat
2653 4405 2883 4468 occulte,
2914 4401 3093 4455 Veniat
3120 4415 3259 4454 nunc
3294 4392 3469 4469 palam

1884 4503 1938 4548 et
1964 4495 2229 4564 loquatur.
2262 4495 2365 4563 'l‘tt,
2398 4510 2430 4547 ο
2475 4510 2567 4548 rex
2609 4494 2873 4563 piissime,
2906 4506 3111 4562 ponens
3142 4492 3243 4546 ltoc
3272 4494 3321 4545 in
3376 4494 3468 4546 llei

192 4600 341 4650 tnus,
371 4584 455 4639 cni
476 4582 679 4638 servire
707 4582 914 4652 plenius
941 4566 1251 4637 debeamus.
1281 4581 1361 4635 Ad
1393 4583 1508 4636 haec
1551 4581 1626 4637 illi
1659 4596 1773 4636 res-
1806 4573 1857 4633 D
1879 4586 2082 4657 judicio
2105 4584 2154 4653 ιι,
2203 4596 2259 4640 ut
2285 4587 2373 4640 ille
2402 4586 2671 4639 discernat
2718 4600 2837 4637 cutn
2869 4598 2965 4637 nos
3002 4585 3053 4635 in
3098 4584 3251 4637 unius
3288 4586 3468 4652 campi

196 4676 503 4745 ponderant
530 4688 546 4729 :
578 4673 721 4728 Nihil
766 4673 834 4727 ad
869 4688 966 4728 nos
997 4670 1017 4711 ί
1061 4674 1132 4728 de
1176 4675 1275 4728 bac
1302 4686 1461 4729 causa
1510 4674 1777 4743 pertinet,

269 4860 299 4889 ι
324 4850 633 4915 Marojalum
663 4848 808 4901 vicus
833 4857 918 4901 est
940 4848 1067 4915 ripa:
1095 4847 1214 4902 Cari
1247 4848 1495 4917 atljacens
1521 4851 1571 4903 itt
1603 4849 1775 4905 Turo-

194 4938 350 4987 num,
402 4920 694 4987 Biturigum
724 4927 779 4972 et
805 4918 1137 4972 Bleseusium
1168 4921 1425 4983 confinio,
1472 4920 1628 4975 ltodie
1664 4920 1781 4975 ,υα-

194 4989 613 5049 renil-sur-Clter
644 4990 801 5058 vulgo
828 4989 1024 5043 dictus.
1072 4988 1309 5043 Ecclesia
1357 4990 1516 5059 bujus
1544 4992 1643 5046 vici
1688 4996 1782 5048 lto-

192 5064 390 5128 dieuue
413 5070 601 5118 sancto
634 5060 857 5114 Mat-tino
878 5074 1025 5114 sacra
1040 5068 1140 5124 est,
1182 5074 1245 5113 ac
1288 5070 1480 5129 praeter
1518 5064 1782 5128 parocltite

198 5135 411 5188 titulum
431 5133 669 5204 prioratu
692 5130 975 5204 decoratur
996 5130 1210 5186 Ordinis
1227 5130 1551 5204 Benedictitti
1568 5148 1598 5186 a
1615 5131 1781 5188 Villa-

198 5205 403 5273 lupensi
430 5201 959 5273 abbattapendente,
991 5211 1047 5254 ut
1079 5211 1265 5255 monet
1285 5201 1578 5256 Marollius.

276 5275 301 5313 δ
340 5274 613 5343 Ejusmodi
647 5272 898 5343 herbulas
945 5273 1209 5343 altaribus,
1232 5282 1322 5324 aut
1352 5284 1657 5326 sanctorum
1696 5283 1776 5328 tit-

197 5344 360 5398 nntlis
377 5341 683 5413 aliquandiu
704 5341 981 5411 impositas
1001 5341 1329 5414 colligebant
1355 5351 1534 5409 postea
1562 5343 1772 5411 ﬁdeles,

196 5414 265 5467 ad
298 5415 559 5468 medelam
586 5414 917 5468 morborum.

272 5484 455 5554 fCod.
486 5485 673 5554 llegm.
709 5481 1068 5545 Willicltart'o;
1098 5482 1252 5538 Colb.
1285 5495 1336 5535 a.
1372 5482 1631 5554 Willart'o.

267 5551 298 5594 δ
323 5554 474 5609 Colb.
508 5551 752 5607 afaltera
782 5568 963 5619 manu,
993 5554 1213 5607 Turonis
1244 5553 1515 5607 residebat.

273 5634 298 5663 ε
333 5624 551 5697 Varian_t
599 5624 710 5697 fere
754 5638 939 5697 omnes
960 5625 1194 5679 codices.
1235 5623 1397 5697 Δ(3011).
1431 5638 1507 5691 a.,
1559 5625 1772 5697 Regnn,

242 5696 391 5750 ltesn.
425 5708 475 5748 et
510 5695 667 5749 Frch.
700 5694 915 5758 habent,
960 5705 1012 5748 ut
1043 5711 1196 5764 pagos
1224 5694 1313 5747 Iros
1345 5710 1452 5748 rex.
1496 5694 1661 5752 Colbf
1676 5715 1773 5762 ιιι..

262 5782 326 5822 :c.
353 5776 409 5822 et
442 5766 611 5833 lllyr.,
643 5776 696 5818 ut
721 5766 860 5833 pacis
906 5766 1066 5819 bonus
1102 5781 1209 5820 rex.
1245 5765 1359 5819 Col.
1403 5774 1459 5820 et
1502 5768 1680 5838 Btgn.,
1722 5779 1776 5821 ut

1887 4678 2107 4747 planitie
2136 4677 2330 4733 viderit
2358 4676 2636 4732 dimicare.
2668 4676 2894 4730 Adban:
2940 4675 3147 4729 cunctis
3187 4674 3469 4729 silentibus

1886 4872 2025 4926 pacis
2052 4857 2334 4925 symbolum
2361 4869 2482 4926 res.
2508 4852 2675 4926 liam,
2692 4860 2747 4904 ut
2768 4850 3111 4926 ‘pociﬁcet‘to‘s
3136 4864 3247 4926 res.

1961 4924 1980 4964 τ
2009 4919 2113 4980 ΑΙῖί
2138 4927 2353 4986 habent,
2390 4924 2539 4977 Nihil
2566 4924 2736 4983 vobis;
2764 4922 2915 4983 Βίου..
2948 4919 3090 4972 Nihil
3112 4919 3275 4972 nobis.

1958 5006 1983 5043 8
2015 4996 2067 5050 lit
2092 5005 2174 5051 est
2196 4996 2383 5049 falsum
2411 4994 2709 5052 dominum.
2733 5006 2825 5044 seu
2864 4991 3400 5058 pseudo-principem.

1960 5064 1988 5104 h
2025 5068 2169 5129 ὕεα,
2204 5066 2373 5129 Tuae,
2407 5080 2436 5117 ο
2464 5077 2652 5127 τέων..
2694 5063 2975 5132 judicium.
3005 5059 3248 5132 Colb.},
3293 5059 3464 5132 altera

1887 5153 2072 5202 manu,
2105 5127 2239 5206 Ego,
2270 5151 2302 5187 ο
2327 5127 2507 5197 τέων..
2536 5127 2720 5200 portati:
2751 5134 2866 5193 hoc,
2899 5140 3005 5206 etc.
3033 5131 3096 5206 lit
3117 5127 3251 5206 infra
3271 5130 3466 5206 eadem

1887 5200 2070 5273 manu,
2098 5200 2195 5276 pro
2220 5200 2445 5268 animos,
2472 5219 2553 5276 ap,
2574 5205 2770 5276 ositiirn
2805 5211 2891 5254 est
2919 5200 3095 5276 ﬁdeles
3119 5200 3278 5276 Itilius
3295 5202 3465 5276 regni.

1886 5278 1984 5332 Diu
2017 5270 2371 5345 perseveravit
2399 5274 2631 5345 pessima
2658 5271 2751 5345 illa
2769 5270 3100 5325 consuetudo
3130 5270 3468 5345 litesdubias

1884 5340 2064 5402 duello
2085 5340 2540 5413 dirimendifqute
2561 5346 2721 5398 etiam
2741 5342 2792 5395 in
2816 5340 3194 5413 controversiis
3215 5341 3355 5393 circa
3378 5356 3471 5413 res

1886 5419 2234 5473 ecclesiarum
2257 5410 2569 5483 frequenter
2593 5416 2763 5467 locum
2796 5413 3044 5465 habebat.
3065 5410 3194 5464 \iide
3217 5412 3467 5483 Ansegisi

1884 5488 2264 5544 Collectionem
2297 5481 2387 5538 lib.
2417 5501 2487 5548 tv,
2517 5499 2637 5551 cap.
2670 5485 2760 5536 ‘23.
2790 5483 3085 5550 numquam
3114 5490 3289 5534 tamen
3319 5481 3469 5546 ejus-

1884 5560 2027 5613 modi
2082 5571 2283 5627 pugnas
2323 5551 2951 5627 approltavitllcclesia,
2980 5553 3102 5605 licet
3146 5553 3469 5606 auctoritate

1886 5621 2096 5698 publica
2124 5621 2319 5695 saepius
2348 5621 2499 5679 facta:
2531 5624 2746 5698 fuerint.
2794 5621 3061 5676 Ctrterutu
3102 5634 3262 5674 omne
3291 5634 3468 5698 genus

1883 5690 2044 5752 duelli
2081 5690 2331 5751 Ludovici
2375 5696 2543 5763 Magni
2573 5694 2761 5747 edictis
2787 5706 3159 5761 compressum
3222 5699 3280 5745 et
3304 5690 3463 5759 peni-

1885 5778 1968 5825 tus
2000 5783 2140 5823 uunc
2166 5769 2216 5822 itt
2247 5766 2430 5822 Galliis
2452 5770 2763 5834 abrogatum
2792 5772 2888 5821 est.
