3974 6174
288 304 394 358 ιῖὕ

1181 298 1499 356 HISTORIA
1543 293 1988 355 FRANCORUM.
2038 295 2236 353 LIBER
2280 297 2640 355 εΕῐιιιιιιιε.

3464 295 3572 354 426

287 414 497 474 addidit
538 428 633 471 rex
672 431 685 467 :
718 413 980 471 Omnibus
1007 424 1185 469 autem
1216 415 1329 469 haec
1369 429 1530 470 causa
1560 414 1767 469 animos
1792 426 1879 466 ac-
1906 411 1957 469 Δ
1985 421 2228 467 senserat
2258 414 2431 468 malis.
2475 413 2590 482 Ipse
2627 413 2769 466 enim
2813 425 2935 467 cum
2983 411 3274 469 Munimolo
3315 414 3570 485 praefecto

283 507 518 565 cendere
547 505 733 574 debet,
759 515 814 559 ιιι
834 507 1123 576 repellatur
1147 521 1176 560 a
1209 505 1402 561 ﬁnibus
1431 507 1631 561 nostris
1653 506 1879 569 advena,

282 600 436 669 cujus
485 608 637 669 pater
667 599 972 654 molendina
1024 598 1367 669 gubernavit;
1421 608 1496 664 et,
1556 589 1763 652 ut‘vere
1801 597 1882 652 di-

281 707 419 756 cam,
451 699 606 760 pater
627 693 744 760 ejus
776 690 1072 760 pectinibus
1117 690 1334 756 insedit,
1369 690 1625 760 lanasque
1662 704 1879 759 compo-

279 785 410 839 suit.
442 785 508 838 Et
550 798 852 853 quanquam
899 782 1066 852 possit
1100 781 1237 846 ﬁeri,
1269 790 1327 836 ut
1359 781 1520 852 342
1549 797 1687 836 unus
1719 780 1880 835 homo

294 875 573 943 utriusque
614 873 824 928 artiﬁcii
851 867 1179 943 'magisterio
1223 871 1563 934 subderetur,
1606 871 1671 925 ad
1704 871 1878 926 incre-

285 968 560 1035 pat'ouem
605 975 782 1020 tamen
830 966 970 1034 regis
1012 964 1224 1032 quidam
1270 978 1334 1017 ex
1377 963 1503 1031 ipsis
1552 961 1872 1031 respondit:

286 1060 431 1130 Ergo
460 1060 623 1125 duos,
653 1066 712 1112 ut
736 1055 956 1118 asseris,
993 1065 1170 1123 patres
1200 1054 1285 1109 hic
1317 1055 1477 1108 homo
1501 1052 1702 1116 habuit,
1730 1053 1876 1107 lana-

292 1152 430 1206 rium
459 1147 618 1203 simul
649 1145 1228 1215 moleridiuariumque.
1259 1144 1408 1199 Absit
1437 1160 1465 1197 a
1498 1152 1572 1210 te,
1610 1159 1642 1198 ο
1672 1158 1791 1210 rex,
1818 1152 1875 1199 ut

281 1251 391 1296 tam
441 1241 645 1296 inculte
691 1237 946 1308 loquaris.
977 1236 1092 1291 Non
1126 1236 1269 1290 enim
1302 1235 1541 1290 auditum
1579 1244 1662 1292 est
1709 1251 1872 1290 unum

280 1334 582 1396 hominem,
616 1339 812 1400 praeter
855 1329 1154 1400 spiritalem
1203 1342 1442 1391 causam,
1494 1327 1628 1382 duos
1675 1327 1874 1383 habere

195 1477 209 1489 ,
279 1439 440 1494 posse
474 1423 672 1490 pariter
702 1421 976 1492 genitores
1012 1428 1062 1473 ⁸.
1095 1419 1300 1474 Dehinc
1336 1433 1458 1473 cum
1493 1417 1648 1472 multi
1689 1417 1871 1472 solve-

276 1527 464 1569 rentur
510 1513 562 1567 in
596 1513 728 1577 risu,
777 1509 1054 1579 respondit
1102 1509 1239 1563 alius
1275 1507 1605 1577 legatorum,
1642 1507 1867 1562 dicens:

278 1604 639 1658 Valcdicimus
670 1601 786 1666 tibi,
817 1616 850 1656 ο
881 1615 1007 1666 rex;
1043 1615 1162 1654 nam
1211 1598 1333 1668 quia
1379 1598 1610 1653 reddere
1655 1597 1870 1654 noluisti

275 1698 525 1751 civitates
571 1694 781 1764 nepotis
812 1693 909 1760 tui,
964 1691 1165 1748 scimus
1196 1691 1394 1745 salvam
1445 1704 1566 1745 esse
1614 1689 1866 1755 securim,

1984 504 2178 558 multos
2205 504 2272 558 de
2296 505 2537 568 Francis,
2569 503 2658 573 qui
2689 511 2930 572 tempore
2958 503 3282 560 (Zhildeberti
3317 507 3458 579 regis
3483 525 3563 564 se-

1984 597 2150 652 nioris
2179 596 2390 668 ingenui
2423 596 2668 660 fuerant,
2702 597 2912 666 publico
2963 595 3164 652 tributo
3205 598 3433 670 subegit.
3465 601 3564 670 Qui

1983 696 2100 756 post
2130 696 2359 742 mortem
2406 689 2553 758 regis
2584 688 2650 742 ab
2694 687 2823 757 ipsis
2870 687 3131 755 spoliatus
3158 705 3220 744 ac
3260 690 3566 747 denudatus

1980 788 2081 842 est,
2113 787 2169 830 ut
2197 778 2328 833 nihil
2365 779 2411 831 ei
2447 789 2641 848 prmter
2673 779 2812 847 quod
2845 794 3007 846 super
3038 793 3098 835 se
3128 780 3341 834 auferre
3367 784 3563 850 potuit,

1979 878 2299 924 remaneret.
2333 869 2530 925 Domos
2559 871 2702 926 enim
2734 872 2851 939 ejus
2890 872 3136 926 incendio
3167 872 3560 937 subdiderunt;

1977 959 2325 1015 abstulissent
2349 960 2530 1028 utique
2551 970 2604 1016 et
2632 961 2801 1030 ipsam
2826 962 3013 1025 vitam,
3045 961 3096 1016 ni
3123 976 3242 1017 cum
3268 964 3445 1033 regina
3474 980 3563 1019 ec-

1977 1051 2191 1106 clesiam
2219 1053 2526 1121 expetisset.

2049 1142 2188 1196 XVI.
2221 1142 2600 1198 Praetextatum
2634 1159 2761 1200 vero
2791 1145 3099 1215 episcopum
3131 1158 3274 1216 aegre
3313 1145 3559 1215 suscipit,

1976 1249 2130 1304 quem
2161 1234 2301 1288 cives
2332 1233 2790 1302 Rothomagenses
2828 1243 2950 1304 post
2994 1250 3274 1290 excessum
3319 1237 3461 1306 regis
3493 1238 3561 1291 de

1977 1326 2172 1381 exsilio
2200 1337 2534 1396 expetentes,
2567 1341 2682 1380 cum
2726 1325 2911 1396 grandi
2956 1327 3137 1380 laetitia
3164 1336 3217 1382 et
3245 1327 3400 1382 laude
3422 1328 3558 1382 civi-

1977 1419 2072 1473 tati
2110 1435 2221 1474 sua)
2275 1422 2644 1476 restituerunt.
2678 1421 2805 1474 Post
2858 1422 3086 1476 reditum
3129 1435 3258 1476 vero
3289 1436 3442 1474 suum
3487 1419 3554 1475 ad

1975 1509 2160 1564 urbem
2196 1511 2516 1565 Parisiacam
2545 1512 2778 1576 advertit,
2815 1527 2877 1566 ac
2920 1528 2980 1566 se
3011 1512 3415 1567 Guntchramno
3443 1510 3556 1582 regi

1976 1604 2380 1670 reprmseutavit
2405 1642 2420 1668 ,
2468 1617 2700 1658 exorans
2742 1612 2799 1657 ut
2835 1618 3051 1659 causam
3088 1619 3238 1658 suam
3271 1604 3556 1675 diligenter

1975 1692 2300 1763 exquireret.
2335 1695 2620 1749 Asserebat
2657 1696 2799 1750 enim
2831 1695 3011 1765 regina
3043 1711 3164 1750 eum
3211 1711 3316 1751 nou
3357 1694 3556 1751 debere

273 1801 400 1857 qua:
451 1786 672 1840 fratrum
731 1792 942 1839 tuorum
998 1781 1261 1852 capitibus
1292 1790 1373 1835 est
1423 1781 1616 1847 deﬁxa;
1640 1779 1867 1836 celerius
1903 1795 1944 1853 Β
1973 1784 2172 1854 recipi,
2197 1785 2286 1854 qui
2312 1785 2501 1841 fuisset
2531 1801 2626 1855 per
2642 1786 2906 1854 judicium
2935 1787 3286 1856 quadraginta
3317 1788 3554 1860 quinque

275 1887 431 1932 tuum
491 1877 706 1932 librabit
751 1875 923 1931 deﬁxa
964 1875 1266 1929 cerebrum.
1331 1871 1399 1926 Et
1439 1872 1517 1927 sic
1557 1887 1680 1928 cum
1717 1885 1870 1926 scan-

277 1970 409 2025 dan
449 1969 834 2026 discesserunt.
867 1968 1017 2022 Tunc
1054 1982 1142 2022 rex
1194 1964 1278 2020 his
1319 1965 1496 2019 verbis
1545 1976 1868 2025 succensus,

272 2061 439 2134 jussit
482 2075 644 2132 super
686 2062 860 2130 capita
908 2060 1147 2114 euntium
1201 2057 1386 2128 projici
1434 2070 1690 2126 equorum
1733 2063 1871 2109 ster-

271 2166 428 2217 cora,
453 2151 776 2222 putrefactas
821 2150 1080 2215 hastulas,
1125 2149 1324 2220 paleas,
1360 2163 1422 2202 ac
1453 2147 1652 2203 faenum
1683 2156 1868 2216 putre-

271 2244 404 2299 dine
457 2243 806 2308 dissolutum,
840 2243 1124 2312 ipsumque
1180 2239 1424 2295 l'mtidum
1480 2237 1629 2292 urbis
1677 2237 1863 2299 lutum.

272 2335 488 2403 Quibus
509 2334 574 2389 de
604 2334 764 2388 rebus
792 2331 1040 2388 maculati
1061 2332 1312 2401 graviter,
1345 2345 1451 2384 non
1473 2328 1589 2383 sine
1611 2327 1868 2382 immensa

271 2428 476 2499 injuria
503 2436 662 2497 atque
687 2424 1006 2480 contumelia
1039 2422 1302 2477 abierunt.

353 2519 472 2574 XV.
495 2517 785 2573 Residente
809 2531 938 2572 vero
964 2512 1316 2584 Fredegunde
1347 2510 1530 2583 regina
1561 2510 1614 2566 in
1638 2510 1867 2566 ecclesia

271 2612 564 2684 parisiaca,
593 2609 898 2666 Leonardus
927 2623 990 2663 ex
1020 2606 1340 2670 domestico,
1370 2603 1460 2674 qui
1486 2612 1611 2658 tunc
1641 2602 1708 2657 ab
1737 2601 1868 2657 urbe

270 2705 476 2760 Tolosa
505 2703 798 2759 advenerat
839 2702 1111 2770 ingressus
1156 2697 1222 2753 ad
1253 2712 1369 2753 eam
1399 2738 1413 2762 ,
1446 2711 1635 2751 causas
1679 2703 1867 2754 contu-

271 2794 811 2864 meliaa'injuriasque
842 2793 964 2847 ﬁlia:
991 2791 1107 2861 ejus
1149 2804 1371 2844 narrare
1403 2787 1598 2858 carpit,
1629 2788 1814 2843 dicens
1849 2806 1860 2840 :

274 2887 416 2955 Quia
441 2887 591 2956 juxta
631 2885 914 2955 imperium
957 2893 1102 2938 tuum
1142 2882 1348 2937 accessi
1378 2896 1499 2935 cum
1541 2879 1725 2949 regina
1771 2879 1864 2933 Ri-

272 2979 504 3050 gnnthe,
531 2995 594 3033 ac
620 2978 729 3032 vidi
762 2976 1115 3032 humilitatem
1142 2974 1261 3045 ejus
1282 3014 1296 3037 ,
1330 2983 1382 3028 et
1409 2973 1638 3044 qualiter
1661 2987 1861 3042 exspo-

273 3072 408 3126 liata
437 3079 518 3125 est
543 3085 572 3122 a
601 3068 861 3129 thesauris
889 3079 942 3123 et
962 3066 1211 3122 omnibus
1236 3064 1396 3120 rebus
1421 3081 1435 3130 ;
1467 3077 1567 3133 ego
1613 3078 1742 3117 vero
1766 3076 1862 3132 per

1975 1877 2349 1946 episcoporum
2374 1894 2403 1931 a
2426 1877 2743 1932 sacerdotali
2774 1879 2953 1934 officio
2982 1890 3292 1950 segregatus
3318 1891 3364 1934 ε.
3393 1881 3556 1936 Cum-

1974 1983 2077 2036 que
2101 1984 2190 2023 rex
2225 1985 2320 2036 pro
2345 1971 2442 2024 hac
2473 1985 2628 2024 causa
2661 1971 2922 2041 synodum
2952 1973 3186 2028 excitare
3232 1975 3410 2039 vellet,
3451 1975 3554 2029 Ra-

1973 2061 2269 2128 gncmodus
2312 2061 2468 2130 hujus
2513 2061 2657 2116 urbis
2687 2063 2971 2132 episeopzis
2998 2107 3011 2129 ,
3065 2081 3158 2130 pro
3189 2065 3434 2122 omnibus
3466 2081 3553 2122 re-

1973 2165 2228 2219 sponsum
2270 2152 2534 2218 reddidit,
2585 2153 2769 2208 dicens
2801 2171 2815 2207 :
2851 2155 3055 2209 Scitote
3085 2156 3133 2209 ei
3189 2159 3552 2224 paenitentiam

1973 2241 2226 2296 indicmm
2257 2256 2285 2295 a
2316 2242 2707 2308 sacerdotibus,
2739 2259 2846 2299 non
2878 2254 3052 2299 tamen
3083 2261 3204 2300 cum
3248 2263 3465 2316 prorsus
3488 2249 3552 2304 ab

1969 2335 2279 2402 episcopatu
2311 2345 2596 2389 remotum.
2631 2334 2695 2390 Et
2723 2337 2802 2391 sic
2823 2351 2851 2390 a
2881 2351 3006 2408 rege
3039 2351 3350 2410 susceptus,
3391 2354 3550 2412 atque

1970 2425 2218 2478 convivio
2248 2425 2365 2493 ejus
2399 2426 2622 2491 ascitus,
2646 2427 2711 2481 ad
2744 2426 2928 2483 urbem
2960 2443 3109 2484 suam
3147 2445 3428 2500 regressus
3449 2444 3550 2487 est.

2041 2514 2202 2570 XVII.
2221 2515 2503 2571 Promotus
2533 2513 2559 2554 ἀ
2581 2533 2706 2573 ιρεο
2735 2521 2821 2589 qui
2851 2519 2902 2574 in
2937 2521 3168 2576 Duueusi
3197 2523 3550 2588 castro,0rdio

1971 2619 2130 2662 nacte
2160 2608 2423 2677 Sigibcrto
2456 2624 2599 2678 rege,
2631 2611 2914 2680 episcopus
2949 2613 3119 2666 fuerat
3170 2612 3465 2679 institutus,
3498 2625 3550 2673 et

1971 2709 2088 2767 post
2118 2709 2344 2754 mortem
2375 2702 2516 2770 regis
2547 2711 2757 2756 amotus
2806 2701 3000 2770 fuerat,
3032 2718 3097 2758 eo
3139 2706 3282 2773 quod
3311 2715 3548 2761 castrum

1968 2790 2101 2845 illud
2133 2801 2277 2846 esset
2303 2792 2551 2847 dioecesis
2578 2792 2929 2858 Carnotente,
2960 2803 3146 2850 contra
3177 2811 3335 2866 quem
3367 2797 3437 2851 ita
3463 2797 3550 2867 ju-

1967 2882 2162 2936 dicium
2196 2882 2359 2937 latum
2391 2881 2562 2937 fuerat
2595 2892 2643 2949 θ,
2672 2891 2728 2937 ut
2767 2883 3088 2953 presbyterii
3130 2893 3335 2940 tantum
3368 2885 3550 2941 ofﬁcio

1965 2971 2295 3043 fungeretur,
2335 2974 2563 3030 accessit
2608 2973 2674 3028 ad
2703 2989 2915 3044 regem,
2971 2976 3268 3045 deprecans
3298 2975 3461 3049 3M
3488 2986 3548 3037 ut

1965 3065 2355 3120 ordinationem
2395 3066 2736 3136 episcopatus
2766 3066 2820 3122 in
2867 3067 3138 3122 antedicto
3183 3075 3363 3123 castro
3412 3071 3549 3125 reci-

273 3165 459 3232 fngam
485 3162 745 3230 dilapsus,
770 3159 892 3216 veni
916 3159 1160 3214 nuntiare
1183 3155 1417 3214 domina:
1445 3171 1579 3212 mea:
1613 3172 1732 3226 qua:
1766 3169 1858 3225 ge-
1885 3152 1934 3217 C
1965 3169 2135 3229 pcret.
2165 3158 2270 3215 Sed
2302 3160 2597 3214 obsistente
2635 3157 2870 3228 Pappolo
2895 3159 3214 3215 Carnotenae
3244 3161 3394 3216 urbis
3421 3162 3542 3231 epi-

274 3266 364 3310 sta
396 3264 538 3308 sunt.
580 3253 703 3308 llaec
735 3253 821 3306 illa
853 3251 1107 3317 audiens,
1146 3251 1324 3305 furore
1357 3258 1621 3304 commota
1643 3293 1657 3316 ,
1701 3249 1861 3318 jussit

281 3363 410 3402 eum
441 3346 492 3400 in
526 3346 640 3415 ipsa
670 3343 894 3399 ecclesia
922 3342 1159 3410 spoliari,
1186 3340 1545 3411 nudatumque
1575 3340 1862 3396 vestimen-

280 3441 358 3494 tis
387 3454 447 3492 ac
479 3439 680 3502 balteo,
712 3435 851 3504 quod
907 3448 970 3489 ex
1018 3447 1241 3488 munere
1270 3430 1554 3500 Chilperiei
1585 3431 1727 3499 regis
1761 3429 1860 3484 lia-

274 3531 466 3594 bcbat,
497 3528 776 3584 discedere
805 3542 833 3581 a
855 3540 947 3581 sua
973 3524 1124 3595 jubet
1156 3524 1459 3594 praesentia.
1485 3522 1693 3591 Coquos
1737 3537 1863 3592 quo-

273 3639 386 3692 que
414 3623 522 3676 sive
547 3623 797 3691 pistores,
833 3619 911 3674 vel
942 3633 1290 3689 quoscunque
1317 3616 1383 3671 de
1415 3617 1515 3671 hoc
1545 3615 1735 3669 itinere
1766 3630 1860 3669 rc-

274 3728 491 3786 gressos
517 3729 637 3769 esse
678 3711 962 3781 cognovit,
1001 3724 1202 3775 cmsos,
1246 3709 1640 3777 spoliatosque,
1675 3721 1737 3760 ac
1766 3705 1860 3760 dc-

274 3806 576 3860 manicatos
603 3803 836 3872 reliquit.
873 3802 1179 3857 Nectarium
1217 3810 1394 3854 autem
1419 3840 1434 3866 ,
1469 3798 1784 3866 Baudegisili
1831 3796 1859 3835 δ

273 3893 518 3968 episcopi
558 3897 772 3952 fratrem
804 3894 1048 3950 nefandis
1100 3891 1526 3947 accusationibus
1573 3905 1691 3944 cum
1736 3904 1860 3958 rege

276 3991 413 4064 [Pro
434 3990 570 4060 apud
597 3988 799 4060 regem]
831 3988 1050 4042 tentavit
1079 3986 1305 4040 obruere
1324 4025 1340 4050 ,
1373 3998 1621 4039 asserens
1650 3997 1771 4038 eum
1793 3981 1860 4036 de

275 4083 532 4137 thesauro
578 4080 720 4148 regis
768 4078 962 4132 mortui
1013 4076 1178 4132 multa
1232 4083 1494 4142 portasse.
1535 4073 1638 4129 Sed
1687 4082 1740 4126 et
1790 4071 1859 4127 de

274 4171 661 4243 promptuariis
696 4179 799 4223 tam
831 4173 1220 4238 tergora’quam
1250 4164 1371 4218 vina
1402 4163 1560 4218 multa
1584 4178 1703 4217 eum
1737 4161 1860 4216 abs-

274 4264 463 4319 tulisse
494 4262 653 4334 343
681 4260 913 4327 dicebat,
959 4269 1145 4326 petens
1177 4265 1233 4310 ut
1268 4256 1478 4310 vinctus
1502 4252 1860 4309 carceralibus

277 4355 521 4410 tenebris
553 4354 876 4408 trudcretur.
909 4353 1014 4408 Sed
1049 4351 1304 4420 patientia
1349 4349 1521 4418 regis,
1572 4346 1858 4416 fratrisque

273 4446 536 4502 auxilium
572 4445 684 4500 ﬁeri
719 4459 825 4498 non
853 4443 1115 4512 permisit.
1159 4441 1316 4496 Multa
1350 4438 1563 4510 quidem
1607 4437 1681 4493 ibi
1721 4452 1857 4492 vana

1963 3267 2147 3321 scopo,
2178 3267 2238 3306 ac
2266 3251 2478 3308 dicente
2505 3253 2628 3322 quia
2659 3252 2908 3308 diceeesis
2933 3269 3066 3308 meae
3096 3263 3200 3324 est,
3226 3254 3547 3310 ostendente

1966 3346 2267 3415 prmsertim
2306 3345 2508 3415 judicio
2552 3345 2926 3416 episcoporum
2952 3389 2968 3414 ,
3012 3346 3146 3402 nihil
3194 3346 3336 3402 aliud
3377 3349 3546 3417 potuit

1963 3439 2209 3494 obtinere
2241 3453 2361 3492 cum
2391 3452 2536 3507 rege,
2568 3438 2666 3492 nisi
2696 3452 2757 3493 ea
2783 3452 2901 3508 quae
2925 3438 3024 3493 sub
3053 3438 3220 3508 ipsius
3249 3439 3410 3493 castri
3437 3448 3545 3494 ter-

1965 3529 2109 3585 mino
2139 3531 2347 3599 propria
2397 3528 2659 3597 habebat,
2703 3529 2988 3598 reciperet,
3023 3530 3074 3584 in
3102 3546 3206 3602 quo
3231 3545 3354 3586 cum
3385 3533 3541 3603 geni-

1964 3622 2094 3678 trice
2119 3621 2294 3676 adhuc
2321 3622 2605 3692 superstite
2634 3631 2931 3677 moraretur
2965 3619 3006 3675 ί.

2036 3714 2219 3769 XVIII.
2251 3713 2628 3769 Commoraute
2673 3727 2799 3769 vero
2840 3729 2965 3784 rege
2995 3713 3133 3784 apud
3179 3714 3363 3769 urbem
3396 3714 3538 3772 Pari-

1962 3807 2160 3860 siacam
2186 3845 2202 3872 ,
2239 3807 2382 3860 venit
2410 3803 2624 3874 quidam
2667 3818 2889 3874 pauper,
2939 3803 3124 3858 dicens
3154 3821 3166 3856 :
3200 3805 3369 3873 Audi,
3419 3823 3544 3874 rex,

1963 3897 2122 3952 verba
2153 3896 2262 3951 oris
2311 3895 2435 3950 mei.
2467 3894 2688 3950 Noveris
2715 3895 2856 3950 enim
2886 3893 3005 3965 quia
3051 3894 3357 3965 Faraulfus,
3394 3898 3545 3953 cubi-

1963 3991 2196 4048 cularius
2227 3989 2490 4058 quondam
2523 3987 2702 4042 fratris
2735 3988 2833 4055 tui,
2878 3986 3071 4058 quatrit
3117 3996 3170 4043 te
3212 3989 3539 4045 interficere.

1964 4079 2154 4136 Audivi
2180 4081 2322 4134 enim
2376 4079 2662 4134 consilium
2708 4078 2863 4148 ejus.
2894 4089 3185 4135 uteuntem
3207 4089 3258 4134 te
3288 4083 3542 4135 matutina

1963 4177 2205 4228 oratione
2231 4172 2296 4226 ad
2329 4170 2634 4237 ecclesiam,
2683 4179 2773 4224 aut
2797 4170 2970 4224 cultro
2999 4178 3294 4238 appeteret,
3335 4181 3427 4224 aut
3451 4170 3542 4224 ha-

1965 4273 2046 4321 sta
2096 4261 2478 4318 trausfoderet.
2539 4260 2949 4330 Obstupefactus
2997 4268 3176 4315 autem
3227 4276 3357 4326 rex,
3399 4262 3542 4319 misit

1965 4353 2144 4409 vocari
2175 4368 2317 4408 eum.
2351 4351 2467 4421 Quo
2497 4357 2746 4420 negante,
2777 4348 2845 4405 de
2874 4347 2957 4404 his
2988 4363 3081 4404 rex
3104 4357 3348 4405 metuens
3376 4351 3542 4405 armis

1965 4462 2026 4502 se
2060 4444 2218 4500 valde
2249 4442 2492 4498 munivit.
2541 4443 2650 4497 Nec
2680 4441 2892 4511 penitus
2933 4439 3000 4495 ad
3057 4439 3170 4495 loca
3211 4449 3418 4508 sancta,
3460 4442 3542 4498 vel

272 4551 561 4602 exercens,
595 4551 703 4590 non
735 4535 1004 4591 metuebat
1037 4535 1224 4593 Deum.
1256 4533 1307 4586 in
1337 4531 1489 4601 cujus
1516 4531 1742 4586 ecclesia
1769 4545 1862 4599 pe-
1889 4541 1940 4600 ι)
1967 4538 2092 4605 alio,
2124 4536 2224 4592 nisi
2253 4535 2482 4589 vallatus
2502 4531 2718 4588 armatis
2759 4539 2919 4600 atqu
2950 4528 3261 4584 custodibus
3283 4529 3542 4600 procede.

274 4629 428 4682 tebat
458 4627 734 4681 auxilium.
782 4625 1022 4679 Ilabcbat
1070 4633 1194 4677 tunc
1238 4621 1491 4690 temporis
1533 4635 1711 4674 secum
1744 4621 1855 4675 Au-

272 4723 474 4776 douem
502 4718 761 4790 iudicem,
796 4718 883 4786 qui
913 4717 961 4771 ei
1003 4725 1244 4784 tempore
1269 4713 1410 4781 regis
1437 4713 1488 4766 in
1518 4713 1696 4766 multis
1726 4725 1856 4766 con-

351 4924 375 4951 ι
410 4913 581 4967 l‘num
609 4913 814 4968 scilicet
841 4911 1159 4973 naturalem,
1190 4917 1244 4963 et
1271 4909 1497 4963 alterum
1517 4905 1852 4976 spiritualem

275 4987 334 5038 in
376 4984 657 5051 baptismo.

351 5053 376 5090 δ
411 5047 460 5108 Is
486 5053 584 5107 fuit
611 5053 892 5120 episcopus
937 5049 1415 5112 Ceuotnanuensis,
1445 5047 1510 5102 de
1538 5061 1642 5120 quo
1690 5062 1852 5120 supra

276 5124 378 5177 lib.
407 5139 476 5188 vi,
500 5139 615 5190 cap.
648 5117 702 5175 ἰ).
729 5117 960 5176 Nectarii
990 5121 1089 5174 viri
1119 5120 1378 5188 magnifici
1407 5119 1606 5172 mentio
1629 5117 1853 5173 trahetur

274 5195 334 5246 in
367 5193 624 5246 Miraculis
652 5192 708 5248 S.
743 5193 935 5245 Aridii.
1249 5231 1255 5234 .

353 5274 375 5298 ε
409 5263 538 5317 Vide
563 5277 719 5328 supra
751 5262 843 5315 lib.
869 5277 920 5326 ν,
949 5275 1065 5327 cap.
1102 5261 1182 5322 l0,
1208 5260 1295 5312 ubi
1327 5259 1394 5312 de
1422 5257 1662 5312 Concilio
1704 5255 1852 5310 Pari-

272 5333 444 5387 siensi
491 5333 589 5386 hac
615 5334 679 5385 de
708 5347 863 5385 causa
894 5342 1233 5399 congregato.
1267 5329 1335 5399 lbi
1391 5329 1736 5382 Prmtextatus
1763 5342 1852 5381 sa-

271 5403 516 5458 cerdotio
556 5403 770 5471 quidem
820 5398 1116 5454 summotus
1167 5417 1270 5452 non
1317 5398 1520 5461 fuerat,
1561 5399 1852 5471 resistente

275 5473 537 5540 Gregorio
568 5466 751 5526 nostro
774 5472 1066 5524 ’I‘nroueusi
1100 5490 1111 5523 :
1143 5479 1197 5522 at
1222 5484 1340 5540 cum
1374 5468 1748 5540 nonnullarum
1774 5466 1851 5518 fa-

273 5539 455 5598 ctione
494 5544 753 5596 Melanius
797 5544 844 5593 iu
896 5542 1012 5609 ejus
1059 5541 1232 5592 locum
1285 5539 1469 5592 fuisset
1511 5539 1850 5609 subrogatus,

273 5630 400 5667 cum
431 5614 735 5668 sacerdotio
766 5606 1025 5680 privatum
1066 5612 1198 5664 dixit
1229 5609 1614 5673 Fredegundis.
1640 5609 1708 5680 Et
1733 5606 1852 5674 qui-

273 5686 395 5737 dem
440 5683 734 5736 cauouibus
761 5678 975 5733 manu“
1010 5696 1220 5745 Scutpcr
1261 5681 1359 5732 fuit
1387 5679 1524 5733 (luos
1567 5678 1854 5748 episcopos

274 5755 434 5808 sitnul
467 5753 640 5808 eidem
681 5753 921 5805 ecclesia:
951 5767 1196 5818 prmessc.

603 5879 873 5935 Ριτιιοιι.
925 5873 1151 5931 LXXI.

1965 4631 2076 4685 bat.
2113 4626 2392 4684 Faraulfus
2420 4636 2598 4682 autem
2622 4637 2727 4679 non
2756 4630 2877 4692 post
2907 4621 3129 4677 multum
3165 4631 3374 4694 tempus
3398 4639 3540 4679 mor-

1965 4731 2083 4776 llIlIS
2121 4728 2223 4774 εει.

2032 4899 2059 4938 δ
2094 4900 2203 4954 lloc
2252 4905 2410 4966 caput
2446 4896 2597 4950 deest
2642 4893 2933 4966 in__Regm.
2985 4891 3228 4966 Dunense
3280 4900 3540 4966 castrum,

1959 4972 2116 5040 vulgo
2161 4960 2497 5040 Clgdteuudun
2523 5007 2536 5027 .
2593 4963 2846 5040 Oppidum
2877 4972 2957 5017 est
3003 4961 3068 5040 ad
3111 4960 3306 5040 ﬁumen
3342 4962 3542 5040 Litteri-

1959 5031 2099 5105 curﬁ,
2127 5041 2174 5094 le
2206 5037 2348 5105 Leir,
2380 5038 2469 5092 ubi
2499 5031 2964 5105 antc’Promotum
3001 5031 3306 5101 aliquandiu
3335 5032 3541 5105 sedisse

1958 5100 2154 5166 dicitur
2175 5100 2468 5164 Aventinus
2499 5107 2555 5161 S.
2593 5104 2859 5160 Solemnis
2885 5106 3069 5163 frater,
3097 5112 3317 5169 uterque
3337 5100 3540 5153 (ζει-ηιμ

1960 5182 2191 5235 tensium
2223 5181 2522 5247 episcopus.
2557 5176 2690 5230 Vide
2725 5173 2967 5228 Bolland.
2991 5174 3054 5225 ad
3078 5171 3219 5224 diem
3247 5169 3279 5220 4
3315 5169 3540 5224 Februa-

1958 5267 2044 5306 I'II.

2031 5331 2054 5358 ε
2087 5321 2142 5374 In
2171 5318 2408 5373 Concilio
2436 5316 2605 5370 Paris.
2631 5329 2772 5369 anno
2801 5312 2902 5366 575
2929 5311 3130 5374 habito,
3168 5309 3320 5377 cujus
3353 5309 3540 5366 littera:

1954 5407 2018 5447 ea
2051 5397 2116 5445 de
2150 5406 2207 5444 re
2245 5389 2308 5443 ad
2360 5388 2684 5456 Sigibertum
2737 5399 2953 5452 regem,
2986 5392 3112 5456 -tum
3154 5380 3219 5433 ad
3265 5378 3538 5456 @gidiuzu

1957 5462 2316 5515 Rhemensem
2358 5450 2861 5525 metmpolitanuui,
2909 5451 2999 5518 qui
3053 5465 3242 5504 manus
3285 5450 3540 5508 Promuto

1957 5534 2305 5600 imposuerat,
2337 5529 2622 5583 habentur.

2037 5591 2053 5640 ί
2089 5591 2418 5668 Subscripsit
2447 5607 2623 5652 tamen
2651 5608 2792 5668 ann‘o
2826 5592 3093 5668 sequenti,
3115 5605 3239 5646 cum
3272 5591 3537 5662 epismepls

1961 5674 2049 5744 qui
2073 5673 2252 5728 sedem
2279 5662 2384 5725 non
2422 5669 2708 5729 habebant,
2734 5664 2897 5716 Conc.
2936 5662 3139 5717 Matisc.
3173 5678 3228 5715 II.

3113 5837 3178 5898 14
