3974 6174
411 374 509 431 ιέθ

1305 374 1623 430 liiSTORlA
1666 371 2107 427 FRANCOllUM.
2154 360 2350 425 LliiER
2391 368 2744 427 SEPTIMUS.

3568 367 3674 425 450

409 490 623 547 basilica
652 490 708 544 in
739 489 893 545 lnitio
940 491 1114 547 noctis
1136 492 1395 545 orationis
1425 493 1589 560 gratia
1615 489 1980 558 psallercmus,
2014 489 2065 547 Λ
2094 486 2336 539 timoi-eai
2370 484 2576 540 hahuit.
2610 486 2739 539 Nam
2787 474 2910 541 dum
2943 494 3089 540 esset
3140 487 3195 542 in
3222 484 3497 551 libertate,
3546 485 3668 553 equi

408 582 724 637 furibundus
764 582 1081 652 ingreditur,
1133 599 1324 651 meque
1359 582 1615 637 conviciis
1660 595 1723 635 ac
1768 579 2009 635 maledi-r

407 670 675 728 ctiouibus
702 689 894 742 urgere
920 675 1103 743 cmpit,
1132 675 1258 728 illud
1288 655 1425 729 inter
1437 674 1611 743 jurgia
1631 671 1987 740 exprobrans,

405 766 546 835 quod
574 780 677 835 ego
705 782 824 820 eum
848 765 1006 820 velim
1032 781 1060 819 a
1101 764 1272 820 sancti
1300 765 1553 819 antistitis
1589 764 1812 818 ﬁmbriis
1837 777 1991 832 sepa-

407 871 545 912 rare.
592 856 700 913 Sed
742 872 841 926 ego
871 868 1092 925 stupens
1120 872 1238 926 qua:
1266 857 1436 910 virum
1488 857 1719 925 cepisset
1760 854 1987 921 insania,

405 946 616 1003 blandis
648 963 773 1003 eum
820 948 1158 1003 sermonibus
1186 947 1422 1002 mulcere
1448 954 1674 1001 conatus
1707 960 1848 1001 sum.
1880 945 1987 1001 Sed

370 1084 373 1085 ν
404 1054 527 1095 eum
549 1040 667 1109 ejus
697 1038 859 1094 furias
889 1039 1066 1094 verbis
1096 1038 1304 1095 lenibus
1341 1053 1593 1106 superare
1616 1053 1721 1092 non
1753 1051 1985 1107 possem,

403 1132 568 1187 silere
596 1131 828 1186 decrevi.
881 1130 973 1185 Ille
1007 1145 1133 1184 vero
1173 1144 1258 1184 me
1309 1138 1525 1183 tactum
1570 1126 1873 1193 intendens,
1918 1125 1988 1182 ad

404 1221 777 1291 presbyterum
809 1230 835 1257 α
870 1218 1221 1283 convertitur,
1251 1218 1554 1286 evomitque
1581 1218 1631 1271 in
1663 1232 1785 1273 eum
1819 1215 1986 1271 multa

404 1310 674 1377 convicia;
730 1326 852 1366 tiam
905 1319 959 1367 et
998 1309 1147 1365 illum
1179 1309 1358 1364 verbis
1409 1308 1746 1378 procacibus,
1801 1314 1856 1362 et
1901 1321 1988 1362 me

402 1398 639 1458 diversis
657 1403 966 1472 opprobriis
990 1402 1355 1473 impugnabat.
1386 1402 1495 1456 Nos
1524 1416 1651 1459 vero
1675 1414 1796 1455 cum
1827 1396 1989 1454 vidis-

401 1508 587 1548 semus
614 1510 759 1560 eum,
792 1503 849 1547 ut
893 1493 960 1547 ita
992 1492 1187 1558 dicam,
1217 1494 1300 1562 agi
1330 1506 1361 1546 a
1410 1491 1682 1555 daemone,
1722 1490 1922 1559 egressi
1953 1502 1985 1545 a

402 1583 623 1639 basilica
652 1596 834 1638 sancta
864 1584 1175 1640 scandalum
1199 1584 1511 1653 vigiliasque
1532 1582 1828 1648 linivimus,
1855 1580 1986 1638 illud

400 1677 637 1731 maxime
659 1676 929 1746 indignum
960 1675 1215 1741 ferentes,
1249 1676 1389 1745 quod
1417 1675 1516 1730 hoc
1546 1673 1573 1713 δ
1598 1674 1835 1743 jurgium
1859 1672 1985 1729 abs-

410 1782 519 1835 que
560 1767 859 1823 reverentia
897 1768 1092 1833 sancti,
1138 1776 1263 1822 ante
1303 1767 1477 1835 ipsum
1512 1765 1814 1834 sepulcrum
1843 1766 1953 1821 auti

2090 578 2207 645 ejus
2252 592 2315 631 ac
2343 592 2536 646 pecora
2580 594 2672 645 per
2700 586 2908 647 segetes
2949 593 3235 646 pauperum
3267 579 3556 648 vineasque
3584 579 3665 632 di-

2090 668 2460 723 mittebantur.
2509 669 2659 733 Quod
2706 671 2749 724 si
2803 671 3203 739 expellebantur
3229 671 3297 727 ab
3329 671 3411 725 his
3436 687 3662 742 quorum

2088 763 2401 817 evertebant
2448 764 2695 827 labores,
2755 764 2933 819 statim
2977 780 3007 818 a
3057 764 3169 820 suis
3215 764 3663 833 percellebantur.

2088 854 2219 910 Nam
2256 856 2311 910 in
2338 857 2436 912 hac
2465 857 2703 927 angustia
2727 874 2828 929 q-ta
2850 868 2986 926 erat,
3015 875 3155 930 saepe
3186 863 3660 923 commemorabat.

2088 948 2230 1015 quod
2258 963 2344 1003 res
2366 949 2503 1003 beati
2528 950 2782 1006 antistitis
2811 951 3117 1007 abstulisset
3158 951 3372 1023 injuste.
3425 954 3665 1023 Denique

2088 1051 2228 1091 anno
2258 1039 2534 1105 superiore
2555 1051 2880 1095 commotum
2905 1040 2929 1077 ἀ
2955 1042 3235 1112 quemdam
3268 1043 3433 1098 levem
3462 1060 3492 1099 e
3530 1047 3663 1099 civi—

2088 1124 2187 1180 bus
2216 1127 2461 1182 ecclesia!
2484 1144 2693 1185 actores
2715 1130 2840 1185 fecit
2880 1132 3245 1200 interpellare.
3279 1133 3429 1188 Tunc
3452 1147 3667 1203 postpo-

2087 1216 2188 1272 sita
2211 1218 2438 1287 justitia,
2470 1235 2577 1287 res,
2610 1237 2742 1290 quas
2781 1223 2906 1277 olim
2936 1224 3161 1280 ecclesia
3194 1224 3520 1295 possidebat,
3569 1230 3667 1282 sub

2087 1310 2267 1378 specie
2288 1311 2576 1380 emptionis
2605 1313 2888 1380 abstraxit,
2949 1316 3070 1371 data
3124 1318 3224 1386 ipsi
3278 1317 3480 1375 homini
3518 1332 3667 1389 parte

2087 1414 2246 1456 aurea
2298 1402 2453 1456 baltei
2504 1403 2605 1462 sui.
2641 1403 2743 1458 Sed
2776 1405 2882 1476 [ΑΙ.
2918 1404 3050 1478 lucc]
3095 1417 3151 1463 et
3181 1408 3303 1464 talia
3353 1410 3517 1464 multa
3549 1427 3667 1481 pcr-

2088 1504 2246 1548 verse
2266 1494 2373 1562 egit
2395 1509 2563 1562 usque
2584 1495 2648 1549 ad
2672 1495 2832 1550 tinem
2859 1497 2986 1553 vita:
3012 1514 3141 1564 sum,
3168 1514 3325 1569 quem
3354 1510 3378 1539 ο
3406 1502 3461 1557 in
3489 1510 3665 1571 poste-

2086 1596 2204 1638 rum
2230 1585 2658 1652 eXplanabimus.

2158 1673 2348 1729 XXIII.
2390 1676 2642 1732 Praesenti
2676 1676 2695 1717 ί
2737 1693 2951 1748 quoque
2992 1695 3135 1741 anno
3173 1682 3540 1738 Armentarius
3569 1683 3664 1738 Ju-

2086 1762 2236 1819 daeus
2256 1780 2376 1820 cum
2406 1781 2512 1821 uno
2536 1777 2698 1823 secta:
2724 1783 2833 1824 sum
2857 1771 3086 1827 satellite
3106 1783 3159 1829 et
3183 1772 3389 1829 duobus
3410 1772 3664 1828 Christia-

398 1858 540 1913 stitis
560 1859 913 1923 excitaverat.
937 1856 1032 1914 His
1055 1858 1242 1914 diebus
1260 1857 1365 1914 vidi
1392 1858 1688 1923 somnium,
1714 1858 1853 1927 quod
1881 1858 1981 1924 ipsi
2013 1847 2058 1905 Β
2091 1855 2191 1918 uis,
2240 1856 2305 1910 ad
2331 1857 2622 1926 exigendas
2657 1862 2953 1928 cautiones,
2981 1878 3114 1933 quas
3145 1864 3194 1920 ei
3226 1877 3443 1934 propter
3471 1868 3665 1922 tributa

401 1949 458 2003 in
490 1957 676 2003 sancta
698 1950 912 2006 basilica
954 1950 1131 2015 retuli,
1164 1948 1348 2005 dicens
1377 1967 1389 2002 :
1424 1950 1677 2004 Putabam
1720 1965 1804 2005 me
1834 1951 1984 2019 quasi

358 2044 363 2045 “
403 2041 459 2094 in
489 2040 588 2095 hac
617 2041 832 2097 basilica
872 2050 1214 2099 sacrosancta
1244 2041 1524 2097 Missurum
1553 2041 1810 2096 solemnia
1840 2041 1984 2095 cele-

404 2130 581 2186 brare.
604 2130 842 2202 Cumque
861 2130 974 2201 jam
995 2132 1238 2187 altarium
1262 2147 1382 2188 cum
1404 2131 1759 2188 oblationibus
1783 2132 1943 2199 pallio
1960 2142 1981 2171 ο

402 2224 582 2280 serico
602 2234 910 2294 coopertum
954 2235 1118 2293 esset,
1177 2224 1355 2281 subito
1400 2223 1785 2293 ingredientem
1814 2223 1984 2279 Gunt-

398 2319 717 2374 cbramnum
744 2333 924 2385 regem
954 2319 1249 2387 conspicio,
1280 2316 1373 2388 qui
1403 2332 1530 2374 voce
1567 2332 1758 2388 magna
1780 2318 1984 2373 clama-

404 2409 531 2464 bat:
559 2408 841 2463 Exlrabite
870 2409 1143 2467 inimicum
1174 2409 1537 2478 generationis
1562 2420 1758 2465 nostra:
1780 2450 1798 2478 ,
1832 2412 1981 2466 evel-

405 2498 501 2554 lite
522 2498 721 2554 bomici
742 2505 844 2554 fam
885 2514 915 2553 a
961 2514 1116 2555 sacro
1148 2500 1240 2554 Dei
1268 2500 1476 2555 altario.
1504 2503 1571 2554 At
1596 2514 1696 2570 ego
1715 2516 1837 2556 cum
1870 2501 1984 2560 hmo

404 2591 666 2657 audirem,
693 2591 758 2645 ad
789 2599 841 2646 te
877 2606 1170 2647 conversus
1193 2592 1300 2646 dixi
1336 2609 1351 2645 :
1386 2592 1740 2661 Apprebende
1770 2593 1981 2662 pallium

405 2680 605 2746 altaris,
660 2682 863 2747 infelix,
916 2696 1024 2751 quo
1049 2698 1197 2738 sacra
1227 2697 1449 2737 munera
1498 2692 1873 2753 conteguntur,
1914 2700 1983 2742 ne

405 2773 530 2828 hinc
554 2773 839 2843 abjzciaris.
871 2775 1109 2844 Cumque
1137 2777 1588 2846 apprehenderes,
1610 2777 1830 2833 Iaxabas
1856 2793 1981 2835 eum

402 2879 583 2928 manu,
610 2875 793 2920 etnon
816 2865 1035 2922 viriliter
1065 2867 1363 2922 detinebas.
1400 2869 1509 2938 Ego
1555 2882 1684 2924 vero
1724 2869 1983 2938 expansis

405 2957 675 3023 manibus,
707 2966 894 3011 contra
925 2967 1108 3026 pectus
1135 2960 1276 3027 regis
1300 2973 1474 3013 meum
1500 2968 1680 3027 pectus
1708 2959 1979 3028 aptabam,

396 3048 589 3105 dicens
612 3067 627 3103 :
650 3049 768 3105 Noli
790 3049 989 3121 ejicere
1010 3049 1147 3105 hunc
1164 3049 1434 3106 hominem
1455 3051 1522 3106 de
1537 3050 1754 3107 basilica
1772 3061 1978 3121 sancta,

406 3156 475 3198 ne
517 3142 641 3199 vita:
685 3143 976 3213 periculum
1029 3144 1270 3213 patiaris,
1323 3159 1389 3199 ne
1440 3153 1491 3199 te
1516 3125 1733 3199 sanctus
1758 3144 1981 3199 antistes

408 3232 571 3305 3.58
615 3208 709 3289 sua
758 3236 956 3291 virtute
976 3208 1267 3291 confodiat.
1316 3234 1434 3289 Noli
1468 3245 1519 3289 te
1546 3235 1763 3305 proprio
1801 3234 1979 3304 jacqu
2007 3208 2056 3273 ο

392 3326 717 3381 interimere
746 3341 761 3379 :
794 3325 917 3395 quia
944 3326 1044 3381 hoc
1070 3326 1118 3381 si
1146 3322 1355 3391 feceris,
1407 3326 1655 3394 praesenti
1686 3328 1791 3380 vita
1823 3332 1983 3380 teter-

407 3434 581 3489 usque
602 3418 830 3475 carebis.
861 3419 967 3474 Sed
997 3423 1117 3474 cu‘m
1147 3434 1239 3474 rex
1266 3417 1398 3473 mihi
1429 3419 1724 3485 resisteret,
1759 3426 1812 3473 tu
1835 3418 1985 3472 laxa-

402 3512 501 3570 bas
526 3512 764 3582 pallium,
823 3524 877 3567 et
918 3522 1037 3580 ροιι
1082 3527 1169 3568 me
1219 3512 1491 3567 veniebas.
1539 3512 1650 3583 Ego
1680 3526 1803 3567 vero
1830 3511 1985 3568 valde

403 3605 500 3661 tibi
526 3606 784 3661 molestus
806 3620 974 3660 erant.
1016 3607 1254 3675 Cumque
1281 3615 1579 3661 reverteres
1602 3604 1669 3660 ad
1708 3604 1979 3675 altarium,

402 3697 839 3767 apprehendcbas
861 3698 1098 3767 pallium,
1119 3698 1212 3753 sed
1231 3714 1435 3754 rursum
1461 3698 1820 3770 relinquebas.
1846 3699 1982 3755 Dum

412 3788 510 3842 hoc
537 3796 592 3842 tu
621 3788 797 3857 tepide
825 3791 1104 3855 retineres,
1147 3798 1201 3844 et
1238 3800 1335 3858 ego
1366 3788 1585 3844 viriliter
1622 3789 1735 3860 regi
1762 3791 1982 3845 resiste-

409 3896 542 3946 rem,
567 3880 812 3952 evigilavi
843 3896 1036 3949 pavore
1062 3882 1404 3945 conterritus,
1434 3882 1648 3952 ignarus
1674 3881 1801 3952 quid
1839 3897 1984 3938 som-

410 3971 551 4026 nium
578 3970 852 4027 indicaret.
912 3970 1071 4039 Igitur
1115 3986 1232 4025 cum
1281 3973 1328 4024 ei
1356 3971 1457 4025 ista
1501 3986 1827 4038 narrassem,
1860 3972 1978 4029 ait:

411 4063 605 4119 Verum
634 4072 716 4118 est
744 4062 1008 4118 somnium
1038 4062 1176 4132 quod
1201 4064 1403 4130 vidssti,
1436 4064 1576 4131 quod
1607 4063 1757 4119 valde
1786 4064 1984 4135 cogita-

406 4155 542 4211 tioni
567 4169 701 4212 mea:
728 4154 1037 4210 concordat.
1069 4154 1164 4209 Cui
1195 4170 1293 4227 ego
1327 4171 1343 4209 :
1382 4154 1585 4224 Ecquid
1622 4156 1846 4224 providit
1887 4170 1981 4213 co-

411 4245 592 4317 gitatio
616 4245 759 4300 tua?
786 4245 853 4299 Et
880 4245 969 4300 ille
1000 4262 1015 4300 :
1053 4244 1433 4309 Deliberatum,
1463 4246 1653 4315 inquit,
1684 4245 1884 4315 habui,
1926 4257 1984 4303 ut

413 4337 453 4391 si
484 4351 572 4391 me
596 4352 693 4392 rex
722 4336 787 4390 ab
813 4336 918 4390 hoc
944 4336 1060 4391 loco
1083 4335 1301 4405 juberet
1330 4335 1560 4400 extrahi,
1592 4337 1657 4391 ab
1688 4351 1792 4391 una
1821 4352 1982 4395 manu

402 4426 574 4493 pallas
592 4427 777 4482 altaris
802 4436 1061 4489 tenerem.
1089 4425 1155 4480 ab
1181 4425 1286 4479 alia
1307 4440 1456 4491 vero,
1480 4427 1763 4496 evagiuato
1783 4425 1981 4496 gladio,

399 4531 461 4574 te
494 4520 640 4588 prius
669 4520 967 4583 interiecto,
1018 4527 1454 4589 quantoscunque
1481 4520 1734 4589 deinceps
1759 4519 1982 4576 clericos

2090 1942 2297 2010 publica
2330 1944 2624 2015 lujuriosus
2661 1963 2724 2003 ex
2757 1950 2976 2018 vicario,
3008 1968 3070 2007 ex
3099 1956 3295 2011 comite
3324 1971 3455 2012 vero
3482 1958 3662 2014 Euno-

2088 2035 2226 2090 mius
2253 2035 2633 2106 deposuerant,
2672 2039 2899 2095 Turonis
2926 2043 3141 2101 advenit
3166 2063 3181 2101 :
3202 2048 3664 2121 interpellatisque

2087 2126 2236 2192 viris,
2278 2128 2687 2195 promissionem
2714 2133 2914 2206 accepit
2942 2134 3007 2188 de
3030 2134 3190 2205 359
3209 2137 3480 2195 reddendo
3504 2154 3664 2210 pocu-

2086 2216 2193 2271 niaa
2235 2215 2445 2274 faenore
2481 2234 2604 2274 cum
2662 2223 2858 2291 usuris,
2909 2223 3210 2281 dicentibus
3256 2227 3359 2283 sibi
3408 2241 3664 2298 praetcrea

2087 2307 2219 2377 ipsis
2244 2326 2267 2383 ε,
2286 2310 2346 2365 Si
2369 2310 2436 2367 ad
2467 2311 2685 2368 domum
2720 2324 2954 2370 nostram
2985 2319 3215 2384 veneris,
3238 2328 3292 2375 et
3317 2336 3435 2390 qua:
3460 2323 3664 2379 deben-

2087 2408 2173 2455 tur
2199 2402 2552 2471 exsolvimus,
2582 2412 2637 2461 et
2662 2404 2787 2461 aliis
2810 2417 2861 2462 te
2878 2408 3211 2478 muneribus,
3269 2413 3406 2466 sicut
3449 2413 3664 2485 dignum

2085 2502 2188 2561 est,
2218 2494 2564 2551 houoramus.
2591 2495 2669 2551 Eo
2697 2512 2908 2568 quoque
2936 2508 3114 2565 eunte,
3146 2501 3214 2557 ab
3245 2502 3507 2574 lnjurioso
3548 2521 3664 2562 sus-

2083 2585 2313 2655 cipitur,
2362 2599 2414 2643 et
2469 2589 2714 2645 convivio
2766 2590 3087 2658 collocatur;
3120 2595 3439 2667 expletoque
3486 2600 3665 2670 epulo,

2087 2680 2551 2751 appropinquante
2592 2691 2775 2748 nocte,
2830 2686 3086 2741 commoti
3117 2688 3185 2742 ab
3214 2690 3404 2746 eodem
3452 2689 3571 2747 loco
3599 2693 3663 2749 ad

2084 2773 2247 2828 alium
2281 2775 2771 2841 trauseunt.'l'unc,
2805 2788 2859 2831 ut
2884 2776 3082 2845 ferunt,
3111 2780 3280 2836 Judaei
3306 2796 3426 2837 cum
3457 2784 3665 2843 duobus

2084 2862 2402 2919 Christianis
2431 2865 2499 2921 ab
2526 2864 2773 2935 lnjttriosi
2799 2865 3104 2923 hominibus
3144 2870 3432 2941 interfecti,
3484 2874 3535 2929 in
3565 2890 3662 2944 pu-

2087 2964 2254 3020 teum,
2283 2955 2373 3025 qui
2403 2956 2731 3025 propinquus
2761 2968 2876 3013 erat
2904 2958 3085 3014 domui
3110 2959 3249 3029 ejus,
3274 2962 3497 3033 projecri
3517 2975 3663 3023 sunt.

2086 3046 2295 3101 Auditis
2321 3047 2402 3101 his
2434 3058 2682 3116 parentes
2705 3065 2888 3107 eorum
2914 3066 3034 3120 quae
3060 3061 3206 3122 gesta
3237 3053 3468 3124 fuerant,
3492 3057 3662 3113 Turo-

2086 3139 2171 3193 nis
2200 3139 2555 3207 advenerunt,
2586 3142 2820 3210 datoque
2841 3144 3158 3211 quibusdam
3192 3146 3496 3204 hominibus
3527 3150 3663 3205 indi-

2087 3233 2171 3286 cio
2203 3242 2417 3298 puteum
2441 3232 2738 3302 reperiunt,
2783 3234 3035 3307 virosque
3075 3238 3385 3306 extrahunt,
3433 3242 3663 3299 multum

2087 3333 2318 3392 negante
2345 3321 2624 3391 lnjurioso,
2679 3324 2820 3394 quod
2850 3324 2905 3380 in
2948 3326 3045 3383 hac
3068 3341 3227 3384 causa
3255 3345 3362 3386 non
3386 3328 3562 3388 fuerat
3586 3334 3662 3388 in-

2087 3415 2354 3483 quinatus.
2392 3415 2635 3471 Posthzec
2664 3416 2717 3493 in
2756 3416 3011 3487 judicium
3043 3419 3215 3486 venit;
3242 3421 3479 3477 sed~cum
3510 3422 3665 3479 forti-

2088 3513 2170 3559 ter
2201 3514 2263 3571 8,
2298 3516 2355 3560 ut
2382 3505 2634 3570 diximus,
2666 3506 2974 3578 denegaret,
3023 3518 3079 3566 et
3129 3510 3183 3565 hi
3241 3526 3348 3567 non
3407 3513 3662 3569 haberent

2086 3596 2317 3666 qualiter
2345 3612 2466 3653 eum
2497 3599 2813 3655 convincere
2836 3610 3072 3669 possent,
3098 3601 3391 3671 judicatum
3417 3612 3500 3659 est
3530 3615 3583 3658 ut
3604 3620 3664 3661 se

2086 3688 2354 3745 insontem
2404 3691 2652 3746 redderet
2698 3702 3057 3748 sacramento.
3125 3695 3231 3751 Sed
3286 3711 3385 3751 nec
3437 3696 3536 3752 hoc
3585 3698 3663 3757 his

2087 3781 2572 3852 acquiescentibus,
2624 3781 2873 3851 placitum
2920 3784 2973 3838 in
3006 3784 3144 3854 regis
3175 3784 3502 3842 Childeberti
3540 3804 3663 3855 pia:-

2086 3873 2257 3929 sentia
2287 3881 2596 3942 posuerunt.
2629 3872 3004 3928 Verumtamen
3034 3890 3203 3944 neque
3223 3877 3464 3944 pecunia,
3493 3893 3663 3946 neque

2086 3966 2363 4020 cautiones
2382 3963 2556 4020 Judtei
2585 3963 2824 4019 defuncti
2853 3972 3082 4033 repertae
3106 3975 3250 4020 sunt.
3283 3966 3664 4036 Loquebantur

2088 4065 2213 4110 tunc
2241 4055 2394 4109 multi
2426 4054 2698 4109 hominum
2753 4055 3060 4109 Medardum
3107 4058 3377 4112 tribunum
3409 4057 3430 4094 δ
3462 4061 3514 4114 in
3564 4061 3664 4116 hoc

2084 4147 2293 4221 scelere
2320 4145 2537 4201 mistum
2564 4145 2755 4211 fuisse,
2786 4161 2852 4202 eo
2880 4147 3022 4215 quod
3072 4157 3123 4203 et
3154 4148 3269 4217 ipse
3298 4164 3327 4203 a
3351 4149 3537 4205 Iudaeo
3567 4166 3663 4221 pe-

2085 4218 2298 4294 cuniam
2331 4247 2645 4293 mutuasset.
2697 4238 2989 4305 lujuriosus
3030 4250 3205 4294 tamen
3239 4241 3305 4296 ad
3330 4240 3580 4310 placitum
3611 4246 3663 4300 in

2086 4344 2375 4400 conspectu
2405 4332 2548 4400 regis
2569 4330 2892 4386 Childeberti
2918 4331 3153 4397 advenit,
3208 4343 3262 4389 et
3304 4349 3399 4402 per
3429 4335 3659 4394 triduum

2086 4441 2254 4495 usque
2277 4425 2341 4480 ad
2386 4439 2632 4480 occasura
2687 4424 2815 4480 solis
2850 4423 2864 4461 ί
2901 4425 3221 4483 observavit.
3270 4427 3375 4484 Sed
3430 4443 3548 4485 cum
3607 4431 3663 4488 hi

2088 4532 2191 4570 non
2218 4513 2511 4580 venissent,
2565 4530 2739 4585 neque
2765 4516 2831 4573 de
2859 4530 3017 4585 causa
3048 4516 3147 4571 hac
3174 4517 3243 4574 ab
3269 4519 3377 4575 ullo
3404 4519 3663 4591 interpel-

402 4582 722 4676 reperissem
751 4649 767 4673 ,
826 4608 875 4661 iu
929 4582 1153 4661 mortem
1202 4582 1619 4677 prosternerem.
1672 4582 1803 4664 'Nec
1851 4609 1979 4664 mihi
2013 4582 2060 4640 θ
2088 4607 2227 4661 latus
2255 4605 2459 4672 fuisset,
2494 4606 2557 4660 ad
2582 4582 2797 4674 propria
2825 4584 3003 4661 rediit.

398 4700 642 4763 posthaec
669 4698 992 4765 eratinjuria
1019 4698 1163 4753 letho
1186 4699 1554 4760 succumbere,
1608 4700 1651 4753 si
1712 4699 1781 4754 de
1824 4699 1980 4769 hujus

419 4794 576 4846 sancti
601 4792 812 4846 clericis
836 4791 1130 4859 acciperem
1173 4792 1451 4847 ultionem.
1482 4793 1606 4847 llaec
1634 4808 1733 4863 ego
1760 4794 1982 4850 audiens

398 4889 463 4934 ct
492 4890 727 4950 stupens,
781 4881 1085 4933 admirabar
1113 4882 1254 4951 quod
1299 4880 1433 4950 erat,
1482 4883 1604 4950 quia
1635 4900 1728 4952 per
1758 4900 1819 4939 os
1865 4885 1982 4954 ejus

304 4960 317 4967 ’
405 4974 653 5030 diabolus
682 4974 1020 5044 loquebatur;
1054 4988 1321 5044 nunquam
1354 4976 1495 5031 enim
1528 4975 1580 5029 in
1613 4976 1777 5031 Deum
1816 4976 1979 5033 ullum

484 5122 512 5188 ξ
548 5111 696 5188 Bec.,
746 5108 1137 5188 presbyterium,
1181 5125 1284 5181 qua
1316 5126 1446 5188 voce
1467 5115 1980 5188 omnespresbytcri

402 5184 502 5304 ‘qui
547 5182 769 5236 aderant
813 5182 1254 5253 designarentur;
1296 5183 1387 5237 sed
1436 5196 1616 5238 nostra
1666 5186 1825 5238 lectio
1847 5182 1976 5241 'me-

433 5268 511 5304 IOI'
538 5261 639 5304 est.

432 5268 511 5363 lo:
538 5261 644 5377 (ξξὲ
670 5322 822 5385 Bad.;
852 5322 1002 5375 Colb.
1027 5338 1122 5384 tn.,
1145 5323 1279 5388 quod
1308 5325 1373 5376 ab
1397 5322 1526 5386 hoc;
1569 5322 1693 5383 Clt.,
1743 5326 1810 5376 ad
1845 5325 1975 5391 hoc;

404 5394 585 5462 caueri
613 5409 729 5447 cunt
751 5393 899 5454 Bcc.,
924 5409 1021 5462 quo
1040 5394 1106 5444 ad
1127 5409 1240 5445 nos.

485 5475 507 5502 ε
542 5461 707 5517 Facta
739 5461 1006 5516 oblatione
1036 5462 1086 5516 in
1142 5463 1300 5517 Missa
1331 5465 1606 5532 presbyter
1648 5479 1711 5515 ex
1759 5467 1971 5529 oblatis.

408 5543 661 5599 quantum
706 5532 834 5586 satis
858 5540 974 5586 erat
1004 5532 1067 5584 ad
1115 5534 1428 5586 sacrilicioni
1462 5534 1799 5601 ﬁdeliumque
1822 5553 1972 5589 com-

406 5606 740 5667 munionem,
791 5603 1113 5673 assumebat,
1174 5602 1675 5673 quodgcontegebat
1717 5606 1851 5673 palla
1882 5622 1975 5660 seu

405 5675 573 5738 pallio
592 5673 808 5792 1altaris.
863 5671 996 5727 Vide
1026 5672 1118 5727 lib.
1150 5686 1168 5725 1
1196 5672 1261 5727 de
1290 5671 1493 5745 Liturg.
1523 5671 1741 5743 Gallica,
1776 5692 1891 5745 cap.
1920 5676 1973 5741 5,

406 5756 559 5792 num.
666 5782 676 5792 .

406 5756 559 5797 num.
592 5746 676 5796 10.

485 5814 509 5849 (³
550 5813 888 5869 Commutum
945 5813 1042 5869 viri
1094 5806 1286 5867 nomen
1317 5814 1587 5881 proprium
1637 5812 1797 5869 fuisse
1826 5826 1975 5881 putat

2158 4699 2349 4754 XXIV.
2389 4700 2545 4754 Auno
2590 4699 2746 4769 igitur
2782 4699 2989 4755 decimo
3025 4700 3350 4759 Childeberti
3391 4707 3528 4775 regis
3566 4722 3663 4763 rex

2087 4792 2519 4848 Guntchramnus
2555 4793 2835 4848 commotis
2872 4793 3117 4863 gentibus
3141 4796 3289 4865 regni
3309 4800 3390 4851 sui
3412 4813 3659 4869 magnum

2084 4883 2261 4953 junxit
2295 4883 2612 4941 exercitum.
2649 4882 2753 4939 Sed
2793 4898 2914 4953 pars
2953 4885 3122 4952 major
3151 4903 3270 4941 tum
3310 4889 3657 4946 Aurelianen-

2040 4972 2053 4983 ’
2086 4974 2234 5031 sibus
2285 4983 2444 5043 atque
2491 4971 2737 5029 Bituricis
2777 4974 3047 5030 Pictavum
3097 4977 3276 5046 petiit;
3324 4987 3661 5039 excesserant

2087 5113 2380 5168 Alteserra.

2162 5192 2185 5219 ε
2227 5181 2367 5236 Editi
2394 5192 2451 5235 ut
2481 5181 2786 5249 plurimum,
2820 5198 2928 5247 quw
2950 5180 3023 5234 in.
3054 5180 3186 5235 Vide
3207 5193 3323 5249 cap.
3355 5179 3448 5236 29.

2164 5251 2183 5289 τ
2228 5253 2386 5307 Deest
2416 5255 2515 5307 hoc
2536 5263 2689 5317 caput
2724 5254 2772 5304 in
2797 5251 2949 5305 Colb.
2980 5266 3029 5303 a.
3059 5261 3111 5303 et
3143 5249 3258 5303 Vat.

2156 5332 2181 5369 Β
2223 5323 2353 5377 Vide
2382 5322 2686 5375 Marculluru
2719 5322 2833 5375 libri
2865 5337 2879 5373 t
2926 5319 3147 5372 lci-mula
3177 5319 3265 5373 58.

2154 5392 2180 5431 1³
2223 5394 2276 5448 ld
2298 5405 2377 5446 εει
2400 5392 2718 5455 tributorum
2744 5403 3068 5453 exactorem,
3090 5399 3141 5441 ut
3170 5389 3547 5458 interpretatur
3572 5396 3659 5450 ΑΙ.

2086 5475 2305 5518 teserra.

2160 5533 2174 5572 ί
2222 5534 2329 5587 Mos
2348 5541 2462 5586 erat
2488 5543 2543 5585 ut
2562 5532 2674 5584 sole
2695 5530 2966 5601 occidente
2985 5527 3173 5601 placita
3199 5528 3493 5597 (inirentur,
3518 5538 3658 5601 quod

2082 5605 2240 5659 etiam
2270 5602 2387 5656 aliis
2418 5601 2714 5670 nationibus
2740 5600 2978 5670 solemne
3005 5597 3164 5670 fuisse
3189 5601 3433 5670 observat
3468 5597 3660 5670 Digno-

2086 5676 2200 5728 nius
2222 5674 2273 5726 in
2303 5672 2395 5726 lib.
2424 5687 2438 5723 ι
2468 5668 2725 5739 Marculli,
2751 5670 2905 5739 form.
2933 5668 3023 5733 57.
3044 5667 3115 5723 De
3141 5668 3350 5737 placito,
3375 5670 3443 5723 les
3467 5667 3655 5739 plcide,

2084 5761 2151 5797 ou
2178 5744 2400 5864 assizelsi)
2421 5741 2541 5793 vide
2569 5738 2748 5808 Cangii
2775 5736 3205 5808 Glossariutn,et
3233 5755 3390 5808 supra
3432 5736 3544 5796 not.
3592 5743 3656 5797 ad

2086 5830 2200 5864 (ἔζη).
2236 5835 2265 5863 ο.)
2348 5828 2361 5864 ι
2406 5849 2420 5864 ο
2463 5826 2528 5863 Η.
2852 5852 2855 5855 μ

2086 5830 2200 5877 cap.
2235 5812 2300 5865 54
2331 5812 2420 5865 lib.
2463 5826 2528 5863 vi.
2852 5852 2855 5855 λ
