3920 6188
320 376 413 435 651

1307 360 1368 415 S.
1409 356 1733 415 GREGOIlil
1777 351 2076 410 EPISCOPI
2121 349 2550 409 TURONENSIS

3444 359 3542 417 ιω

318 487 455 543 enim
503 480 572 538 de
604 479 718 533 ‘Iide
756 489 912 548 quam
945 474 1057 543 regi
1108 471 1479 540 promiserant.
1531 466 1891 532 Miserumque
1920 465 1968 524 Α
1998 472 2048 518 te
2076 478 2205 536 ergo
2235 468 2425 534 parati,
2451 474 2504 519 et
2524 465 2567 519 si
2589 464 2817 520 voluerit
2847 464 3154 531 Desiderius
3192 466 3290 523 dux
3317 467 3544 529 liancca-

322 591 464 647 prins
501 574 846 641 legationem,
878 575 936 621 ut
965 563 1159 621 scirent
1193 572 1367 617 utrum
1406 560 1804 628 susciperentur
1828 557 1896 610 ab

315 672 419 732 bis,
442 684 506 720 an
531 680 656 719 non.
690 662 794 717 Sed
812 661 1094 731 episcopus
1111 657 1234 722 loci,
1260 656 1533 709 Maroveus
1552 660 1603 716 ι,
1622 649 1755 704 dure
1774 662 1894 703 sus-

313 759 454 826 cepit
485 758 584 810 hos
621 754 856 809 nuntios.
899 754 969 806 At
1005 749 1080 805 illi
1110 748 1246 803 infra
1292 744 1575 801 terminum
1627 740 1894 810 ingressi,

314 851 544 918 praedas,
572 846 836 912 incendia,
861 854 1020 914 atque
1047 838 1331 896 homicidia
1349 835 1637 892 faciebant.
1670 831 1733 887 Ili
1768 845 1897 886 vero

311 944 399 1010 qui
442 956 562 995 cum
590 937 768 1008 prteda
799 933 1226 997 revertebantur,
1257 928 1418 1000 350
1449 942 1544 998 per
1570 923 1894 981 Turonicum

315 1042 674 1096 transeuntes,
705 1027 951 1083 similiter
983 1024 1089 1079 illis
1117 1025 1203 1092 qui
1231 1021 1342 1090 jam
1377 1023 1708 1074 sacramenta
1735 1012 1898 1067 dede-

316 1134 452 1189 rant,
479 1121 744 1177 faciebant
772 1136 786 1172 :
810 1119 879 1172 ita
909 1126 966 1171 ut
994 1115 1123 1183 ipsa:
1149 1123 1362 1182 quoque
1377 1106 1623 1163 ecclesia:
1645 1101 1898 1158 incende-

313 1225 522 1282 rentur,
554 1222 606 1267 et
629 1222 957 1282 qumcunqne
982 1205 1221 1260 invenire
1252 1197 1568 1269 potuissent,
1599 1196 1895 1265 diriperen-

317 1319 431 1372 ῑιπς
461 1304 600 1376 quad
623 1303 817 1372 sacpius
845 1309 1019 1354 aetum
1060 1304 1162 1361 est,
1192 1293 1317 1348 dum
1351 1290 1425 1345 illi
1452 1289 1515 1343 ad
1547 1302 1726 1357 regem
1757 1298 1897 1352 aegre

314 1405 771 1457 converterentur.
796 1392 903 1449 Sed
933 1405 1053 1445 cum
1080 1387 1349 1444 exercitus
1380 1383 1597 1454 pr0pius
1621 1381 1685 1434 ad
1710 1378 1894 1433 urbem

314 1492 612 1556 accederet,
632 1497 684 1543 et
707 1486 816 1555 jam
838 1498 963 1553 pars
985 1480 1214 1536 maxima
1239 1474 1470 1545 regionis
1491 1472 1760 1527 devastata
1780 1484 1897 1524 cer-

319 1593 556 1645 neretur,
591 1589 716 1632 tunc
744 1575 1006 1629 miserunt
1031 1567 1266 1633 nuntios,
1292 1564 1473 1618 fideles
1499 1575 1558 1616 se
1589 1560 1698 1631 regi
1728 1560 1896 1614 Gunt-

313 1675 571 1730 cltramno
597 1667 849 1722 fatentes.
886 1665 953 1719 At
983 1660 1059 1717 illi
1095 1659 1233 1713 infra
1264 1669 1446 1710 muros
1476 1649 1626 1707 urbis
1669 1649 1893 1713 recepti,

320 1778 482 1833 super
505 1759 812 1829 episcopum
840 1755 1134 1814 irruerunt,
1180 1747 1417 1802 dicentes
1461 1757 1582 1797 eum
1629 1740 1892 1833 infidelem

2001 554 2294 609 Iamitatem
2345 556 2808 631 induceresuper
2858 570 2978 622 nos,
3030 557 3189 612 simili
3236 568 3291 614 ut
3331 561 3547 633 Sigulfus

2000 653 2146 699 sorte
2172 645 2462 714 depereat;
2496 647 2668 715 sitque
2707 647 2956 702 omnibus
2996 649 3313 717 exemplum,
3353 655 3547 724 nequis

1997 744 2398 804 extraneorum,
2425 737 2752 794 Francorum
2776 754 2996 809 regnum
3021 740 3213 795 audeat
3232 743 3442 800 violare.
3465 746 3552 802 IIis

1996 829 2066 883 ita
2122 829 2498 886 resistentibus
2545 839 2598 887 et
2621 829 2819 886 bellum
2877 831 3205 901 parantibus,
3258 833 3553 894 adveniente

1999 919 2350 976 Gundovaldo
2372 936 2492 977 cum
2518 936 2711 993 magno
2729 922 2990 989 exercitu,
3013 937 3132 978 cum
3157 925 3408 980 vidissent
3425 928 3555 998 quod

1996 1011 2262 1068 sustinere
2309 1028 2412 1068 non
2465 1022 2701 1083 possent,
2749 1025 3102 1084 susceperunt
3147 1029 3286 1070 eum.
3334 1016 3558 1075 Posthac

1995 1118 2117 1159 cum
2145 1105 2212 1158 ad
2253 1104 2558 1160 convivium
2591 1106 2644 1161 in
2673 1106 2834 1163 domo
2871 1107 3118 1162 ecclesiae
3157 1109 3430 1179 episcopus
3464 1126 3562 1166 una

1996 1208 2117 1250 eum
2147 1195 2498 1250 Gundovaldo
2527 1197 2809 1265 resideret,
2857 1198 2932 1252 ait
2963 1214 2978 1253 :
3011 1198 3204 1253 Filium
3249 1210 3300 1255 te
3326 1201 3563 1257 Cltlotha-

1997 1285 2168 1341 cltarii
2197 1286 2338 1357 regis
2377 1289 2605 1354 asseris,
2650 1290 2743 1344 sed
2787 1298 2965 1345 utrum
2994 1292 3066 1346 sit
3103 1307 3308 1359 verum,
3339 1308 3404 1349 an
3444 1310 3565 1364 non,

1997 1378 2324 1447 ignoramus.
2357 1377 2421 1433 Et
2449 1379 2494 1433 si
2530 1381 2699 1448 possis
2731 1380 3000 1437 vindicare
3041 1391 3240 1450 empta,
3273 1383 3569 1442 incredibile

1998 1469 2224 1526 habetur
2249 1471 2387 1539 apud
2423 1471 2632 1526 animos
2665 1483 2898 1527 nostros.
2928 1475 2994 1527 At
3023 1473 3113 1527 ille
3148 1474 3221 1527 ait
3255 1490 3268 1526 :
3304 1475 3410 1544 Ego
3437 1478 3569 1547 regis

1996 1559 2387 1617 CItIotItacharii
2431 1576 2546 1616 sum
2591 1563 2760 1629 ﬁlius,
2803 1573 2859 1619 et
2915 1577 3119 1634 partem
3153 1567 3303 1636 regni
3346 1567 3413 1622 de
3448 1583 3574 1637 prt-

1999 1658 2137 1708 senti
2188 1669 2306 1708 sum
2359 1664 2728 1724 percepturus,
2777 1665 2830 1710 et
2859 1663 3027 1727 usque
3070 1657 3303 1712 Parisios
3333 1660 3574 1716 velociter

1999 1745 2269 1811 accedam,
2298 1758 2351 1801 et
2390 1747 2460 1801 ibi
2493 1749 2676 1802 sedem
2705 1748 2852 1819 regni
2891 1759 3145 1804 statuam.
3179 1749 3278 1804 Cui
3309 1752 3579 1821 episcopus

323 1828 462 1909 CSSC.
480 1828 575 1904 “le
605 1863 731 1903 VCI‘O
751 1859 871 1899 cum
898 1856 957 1898 se
976 1842 1044 1895 ab
1063 1840 1144 1893 his
1165 1844 1409 1892 cerneret
1437 1840 1786 1895 coarctatum,
1813 1828 1892 1883 θί-
1931 1834 1976 1892 Β
2003 1840 2075 1893 ait
2110 1857 2120 1892 :
2160 1840 2427 1903 Veruer
2449 1849 2530 1894 est
2558 1856 2652 1911 erg
2677 1864 2708 1905 ι,
2742 1843 2881 1910 quod
2912 1841 3086 1897 nullus
3103 1842 3186 1903 ode
3227 1843 3392 1914 sljrpe
3421 1845 3578 1900 [οἰ-ειη-

315 1946 480 2000 fracto
529 1954 634 1994 uno
671 1937 738 1991 de
785 1933 954 1988 sacris
988 1928 1299 1985 ministeriis
1330 1923 1496 1979 calice
1536 1936 1720 1985 aureo,
1750 1928 1806 1975 et
1843 1919 1894 1971 in

311 2035 632 2091 nomismata
665 2027 905 2087 redacto,
946 2037 1004 2078 se
1034 2019 1397 2092 populumque
1434 2010 1725 2069 redemitb.

381 2122 550 2180 XXV.
595 2117 948 2175 Marileifumc
981 2127 1140 2179 vero,
1185 2109 1275 2180 qui
1324 2108 1526 2176 primus
1564 2103 1895 2160 medicorum

308 2219 363 2273 in
392 2217 551 2271 domo
578 2209 866 2280 Cbilperici
887 2205 1030 2275 regis
1057 2203 1270 2257 habitus
1295 2199 1485 2263 fuerat,
1514 2194 1897 2251 ardentissime

312 2309 542 2372 vallant;
575 2311 628 2358 ct
653 2302 743 2373 qui
783 2300 893 2370 jam
922 2312 951 2352 a
979 2294 1236 2352 Gararico
1274 2291 1410 2346 duce
1450 2286 1606 2343 valde
1643 2285 1896 2354 spoliatus

309 2401 505 2464 fuerat,
533 2399 600 2454 ab
631 2397 714 2450 bis
744 2395 934 2448 iterum
975 2387 1292 2451 denudatur,
1326 2383 1394 2438 ita
1427 2389 1484 2436 ut
1509 2378 1653 2435 nulla
1678 2377 1728 2433 ei
1766 2375 1896 2432 sub-

310 2493 510 2551 stantia
537 2495 860 2547 remaneret.
893 2483 1073 2552 Equos
1093 2492 1304 2550 quoque
1327 2474 1467 2545 ejus,
1493 2485 1679 2528 aurum
1710 2483 1899 2539 argen-

311 2596 554 2654 tumque,
585 2582 698 2636 sive
737 2576 943 2645 Species
973 2585 1106 2643 quas
1136 2568 1386 2625 meliores
1415 2563 1664 2624 habebat,
1697 2562 1898 2630 pariter

311 2679 634 2738 auferentes,
661 2673 839 2741 ipsum
886 2665 1076 2722 ditioni
1106 2660 1485 2719 ecclesiastiete
1515 2655 1888 2712 subdiderunt.

311 2768 599 2826 Servitium
635 2765 773 2819 enim
805 2761 972 2832 patris
998 2759 1115 2828 ejus
1146 2756 1251 2811 tale
1282 2754 1478 2819 fuerat,
1507 2759 1568 2806 ut
1591 2748 1896 2804 molendina

311 2857 674 2917 ecclesiastica
713 2853 974 2916 studeret,
998 2849 1307 2917 fratresque
1344 2860 1408 2899 ac
1437 2840 1772 2905 consobrini,
1802 2840 1890 2894 vel

312 2954 499 3022 reliqui
561 2956 811 3019 parentes
855 2940 1092 3001 culinisd
1137 2938 1422 2997 dominicis
1469 2945 1628 3008 atque
1671 2933 1897 3006 pistrino

310 3046 534 3115 subjecti
560 3051 712 3099 erant

378 3136 569 3192 XXVI.
613 3131 992 3190 Gundovaldus
1029 3143 1155 3185 vero
1184 3128 1454 3184 Pictavum
1494 3124 1752 3182 accedere
1798 3140 1893 3177 vo-

2002 1945 2182 1984 eorum
2216 1932 2496 1997 remansit,
2537 1933 2580 1985 si
2615 1942 2667 1985 tu
2700 1948 2819 1999 «μιω
2861 1933 2996 1987 dicis
3037 1935 3346 2002 impleveris
3380 1935 3404 1988 l
3452 1936 3583 1992 Inter

2003 2021 2098 2073 bas
2144 2021 2546 2091 altercationes,
2587 2038 2706 2077 cmu
2739 2027 2852 2079 lucc
2886 2025 3206 2081 Mummolns
3235 2027 3536 2083 exaudisset
3564 2069 3580 2093 ,

2002 2116 2211 2171 elevata
2242 2132 2401 2171 manu
2433 2117 2604 2187 alapis
2629 2116 2823 2173 cecidit
2851 2118 3188 2189 episcopum,
3215 2120 3403 2177 dicens
3431 2137 3445 2174 :
3476 2121 3586 2176 Non

2003 2206 2164 2276 pudet
2198 2217 2254 2263 ut
2284 2215 2390 2264 tam
2428 2209 2663 2280 degener
2689 2219 2741 2266 et
2772 2211 2968 2268 stultus
3007 2211 3077 2266 ita
3119 2226 3319 2282 magno
3363 2215 3470 2282 regi
3509 2228 3587 2268 re-

2001 2300 2310 2371 spondeas?
2355 2302 2546 2359 Verum
2589 2303 2678 2359 ubi
2705 2315 2755 2360 et
2789 2304 3096 2362 Desiderius
3134 2306 3207 2363 de
3233 2308 3459 2363 consilio
3485 2308 3589 2377 epi-

1999 2395 2146 2463 scopi
2178 2397 2442 2464 comperit
2467 2411 2586 2466 quae
2623 2395 2834 2453 fuerant
2861 2398 3022 2464 dicta,
3056 2399 3136 2454 ira
3163 2409 3466 2455 commotus
3487 2416 3590 2455 ma-

2002 2501 2101 2540 nus
2133 2487 2186 2541 in
2229 2502 2349 2541 eum
2398 2487 2612 2556 injecit,
2643 2503 2948 2560 caesumque
2977 2493 3346 2546 communiter
3391 2491 3556 2546 hastis
3577 2532 3592 2556 ,

2003 2579 2214 2648 pugnis,
2241 2588 2295 2635 et
2321 2579 2576 2648 calcibus,
2599 2595 2661 2636 ac
2691 2579 2818 2638 fune
2844 2581 3173 2650 revinctum,
3205 2567 3399 2639 exsilio
3447 2582 3592 2638 dam-

2002 2679 2287 2736 naverunt,
2317 2686 2402 2726 res
2431 2670 2570 2740 ejus,
2602 2679 2708 2728 tam
2739 2676 2980 2744 proprias
3010 2689 3173 2746 quam
3205 2673 3476 2740 ecclesia,
3521 2674 3595 2728 in-

2002 2770 2148 2830 tegre
2181 2762 2508 2819 auferentes.
2542 2763 2753 2818 Waddo
2787 2772 2987 2832 autem,
3015 2763 3107 2834 qui
3149 2773 3272 2820 erat
3308 2764 3481 2835 major
3507 2764 3596 2817 do-

2002 2867 2124 2907 mus
2160 2853 2358 2924 reginae
2389 2853 2692 2924 Riguntliis,
2726 2869 2784 2910 se
2823 2856 3026 2911 eisdem
3064 2857 3381 2926 copulavit;
3413 2855 3599 2928 reliqui

1999 2958 2129 2998 vero
2155 2945 2240 3014 qui
2268 2959 2388 2999 cum
2412 2960 2476 2999 eo
2507 2946 2773 3013 abierant,
2798 2962 2895 3017 per
2923 2935 3100 3017 fugam
3125 2948 3328 3019 dilapsi
3349 2957 3495 3004 sunt.

2075 3034 2304 3090 XXVIII.
2349 3035 2592 3092 Postbaec
2617 3038 2886 3093 exercitus
2914 3039 2981 3093 ab
3007 3039 3146 3096 urbe
3176 3040 3399 3095 Pietava
3428 3053 3598 3095 remo-

2003 3141 2107 3197 tus,
2137 3128 2382 3185 inanteah
2398 3141 2516 3200 post
2537 3129 2944 3187 Gundovaldnm
2975 3131 3371 3200 proficiscitur.
3399 3131 3601 3188 Secuti~

309 3230 425 3290 Init,
457 3227 548 3281 sed
583 3225 778 3278 timuit.
813 3221 1066 3276 Audierat
1089 3219 1232 3275 enim
1253 3217 1363 3288 jam
1393 3227 1578 3272 contra
1608 3232 1667 3272 se
1689 3216 1890 3271 exerci-
1922 3212 1966 3272 C
1997 3239 2100 3293 que
2121 3231 2245 3278 sunt
2267 3238 2386 3278 eum
2408 3222 2477 3278 de
2505 3222 2788 3278 Turonicis
2809 3223 2956 3277 multi
2988 3222 3122 3278 lucri
3147 3239 3360 3288 causa;
3391 3223 3488 3280 sed
3522 3221 3602 3277 Pi-

309 3331 418 3374 tum
449 3314 798 3370 commoveri.
822 3313 879 3367 In
902 3311 1204 3367 civitatibus
1224 3310 1365 3365 enim
1386 3323 1505 3377 qua:
1531 3307 1782 3377 Sigiberti
1811 3321 1893 3362 re-

307 3413 386 3478 gis
412 3410 648 3472 Tuerant,
681 3421 745 3461 ex
781 3404 998 3459 nomine
1027 3401 1167 3472 regis
1195 3398 1526 3456 Cltildeberti
1557 3405 1890 3452 sacra-menta

309 3503 634 3572 suscipiebat
663 3516 676 3554 :
725 3500 779 3554 in
813 3497 1035 3567 reliquis
1064 3508 1193 3551 vero
1220 3509 1338 3563 qum
1363 3501 1454 3546 aut
1482 3491 1891 3554 Guntcliramni,

305 3604 397 3650 aut
423 3590 706 3662 Cliilperici
731 3589 964 3651 fuerant,
990 3586 1208 3641 nomine
1232 3599 1350 3650 suo,
1369 3583 1506 3653 quod
1529 3582 1684 3637 fidem
1714 3596 1894 3637 serva-

305 3699 427 3744 rent
450 3728 464 3753 ,
493 3687 765 3756 jurabant.
822 3681 1064 3736 Posthacc
1096 3679 1418 3749 Egolismam
1446 3676 1692 3741 accessit,
1724 3687 1896 3728 susce-

305 3783 516 3852 ptisque
539 3774 912 3836 sacramentis,
947 3775 1343 3842 muneratisque
1387 3771 1677 3840 prioribus,
1702 3769 1891 3824 Petro-

299 3873 542 3941 goricum
588 3868 911 3939 aggreditur,
955 3867 1188 3936 graviter
1216 3866 1524 3933 episcopum
1549 3872 1572 3900 ε
1603 3871 1726 3916 tunc
1755 3861 1893 3931 inju-

309 3965 503 4015 riatum
537 3961 773 4030 reliquit,
801 3973 896 4027 pro
916 3973 979 4012 co
1003 3956 1143 4027 quod
1165 3966 1446 4024 susct'ptus
1474 3954 1542 4010 ab
1564 3953 1753 4008 eodem
1785 3967 1890 4008 non

306 4055 511 4108 luisset.

377 4143 590 4199 XXVII.
636 4142 839 4198 Exinde
864 4140 1114 4196 Tolosam
1143 4139 1438 4210 digressus,
1466 4137 1643 4193 emisit
1674 4138 1891 4194 nuntios

309 4235 374 4289 ad
405 4231 772 4305 Maguulfum‘
808 4233 965 4304 351
998 4232 1307 4302 cpisc0pum
1339 4231 1590 4295 civitatis,
1631 4237 1692 4286 ut
1727 4229 1797 4285 ab
1826 4243 1892 4285 eo

309 4322 821 4394 susciperetur.‘Sed
853 4321 943 4376 illc
972 4336 1077 4376 non
1109 4323 1392 4376 immemor
1419 4320 1612 4390 prioris
1642 4319 1851 4389 injuria!
1870 4358 1888 4387 ,

301 4431 458 4484 quam
489 4430 584 4484 per
612 4411 874 4483 Sigulfum
896 4422 920 4459 ις
948 4412 1241 4482 quondam,
1271 4415 1356 4479 qui
1383 4427 1440 4466 se
1465 4414 1514 4465 in
1543 4427 1760 4480 regnum
1781 4412 1890 4467 ele-

300 4523 426 4562 vare
459 4507 654 4573 voluit,
703 4505 1023 4576 pertulerat,
1056 4504 1191 4559 dixit
1232 4505 1438 4560 civibus
1484 4504 1596 4559 suis
1626 4521 1641 4558 :
1677 4505 1887 4560 Scimus

1997 3316 2166 3371 etavis
2183 3300 2346 3384 super
2364 3329 2484 3369 eum
2504 3315 2826 3368 irruentibus
2856 3315 3037 3385 352,
3063 3317 3322 3372 nonnulli
3352 3317 3604 3370 intercin-

1997 3408 2099 3477 pti,
2139 3406 2354 3476 plurimi
2386 3421 2513 3462 vero
2541 3407 2750 3475 Spoliati
2784 3407 3079 3463 redierunt.
3112 3409 3179 3462 Ili
3205 3417 3394 3464 autem
3424 3408 3514 3478 qui
3537 3405 3604 3461 de

1993 3499 2080 3552 bis
2100 3498 2164 3552 ad
2190 3498 2483 3553 exercitum
2518 3484 2663 3567 prius
2699 3497 2994 3567 junxerant
3015 3496 3062 3562 ί,
3090 3501 3308 3569 pariter
3335 3499 3604 3554 abierunt.

1993 3589 2176 3660 Itaque
2209 3589 2473 3645 exercitus
2498 3591 2561 3644 ad
2593 3589 2980 3645 Dornnoniami
3025 3590 3260 3646 ﬂuvium
3305 3590 3606 3655 accedens.

1994 3683 2293 3752 praestolari
2323 3684 2507 3751 etrapit,
2540 3682 2664 3751 quid
2706 3683 2773 3738 de
2817 3683 3179 3738 Gundovaldo
3227 3692 3606 3754 cognosceret.

1993 3774 2088 3830 Cui
2117 3775 2251 3845 jam,
2297 3784 2355 3829 ut
2379 3789 2536 3842 supra
2567 3775 2763 3828 dictum
2800 3785 2901 3842 εει,
2933 3777 3291 3831 adbmserant
3317 3780 3428 3830 dux
3463 3776 3609 3830 Desi-

1993 3866 2175 3922 derius
2204 3876 2257 3920 et
2283 3866 2563 3920 Bladastes
2591 3880 2711 3919 cmn
2744 3865 3022 3920 Waddone
3045 3867 3267 3937 majore
3297 3870 3500 3924 domus
3525 3866 3612 3922 Ili-

1993 3956 2208 4027 guntliis
2236 3957 2452 4024 reginae.
2485 3955 2652 4010 Erant
2681 3955 2820 4010 enim
2853 3956 3007 4024 primi
3029 3970 3158 4011 cum
3186 3972 3261 4012 eo
3287 3957 3610 4029 Sagittarius

1992 4047 2274 4115 episcopus
2304 4056 2353 4100 et
2396 4046 2736 4100 Mummolus.
2784 4045 3106 4115 Sagittarius
3151 4049 3311 4105 enim
3340 4050 3458 4120 jam
3488 4063 3614 4120 pro.

1993 4139 2304 4192 missionem
2332 4137 2400 4193 de
2431 4137 2740 4207 episc0patu
2761 4137 3032 4193 Tolosano
3061 4152 3389 4212 acceperat.

2068 4227 2257 4283 XXIX.
2285 4229 2417 4283 Dum
2440 4237 2617 4284 autem
2648 4227 2762 4283 [nec
2791 4238 3098 4299 agerentur,
3125 4233 3293 4288 misit
3322 4249 3423 4289 rex
3447 4233 3616 4290 Gunt-

1990 4319 2280 4374 cltramnus
2312 4317 2590 4374 Claudium
2639 4319 2947 4385 quemdam,
2980 4321 3178 4377 dicens
3212 4340 3228 4378 :
3266 4324 3328 4380 Si
3372 4326 3575 4381 abieris
3596 4366 3612 4391 ,

1990 4412 2182 4481 inquit,
2209 4421 2262 4467 et
2291 4411 2522 4483 ejectum
2555 4413 2622 4467 de
2655 4413 2870 4468 basilica
2895 4411 2918 4450 ι
2947 4413 3280 4472 Eberulfum
3313 4429 3412 4474 aut
3442 4418 3618 4490 gladio

1992 4505 2349 4570 interemeris,
2377 4515 2468 4560 aut
2509 4506 2712 4561 catenis
2740 4505 3003 4573 vinxeris,
3031 4511 3258 4579 magnis
3290 4521 3348 4567 te
3373 4514 3617 4568 muneri-

300 4596 442 4672 enim
473 4611 652 4666 regem
699 4611 818 4651 esse
861 4595 1321 4651 Gnntchramnum
1367 4609 1430 4649 ac
1477 4603 1727 4664 nepotem
1773 4594 1888 4663 ejus
1919 4589 2473 4664 Dbuslocupletabo;
2499 4605 2866 4651 verumtamen
2910 4612 2975 4652 ne
3005 4609 3220 4655 sancta:
3264 4601 3517 4660 basilicae
3543 4603 3620 4658 in-

299 4687 700 4743 Childeliertum
727 4705 742 4743 :
778 4690 917 4743 hunc
944 4698 1122 4744 autem
1150 4690 1417 4745 nescimus
1444 4689 1585 4743 unde
1613 4689 1701 4743 sit.
1735 4687 1889 4741 Esto-

371 4833 397 4860 η
433 4823 651 4889 Βεεςηιη
687 4823 971 4879 Meroveus.

371 4892 399 4933 ι)
442 4894 568 4962 Ejus
599 4893 676 4949 rei
696 4894 939 4962 exempla
959 4894 1238 4948 laudantur
1261 4893 1355 4949 lib.
1387 4908 1402 4945 t
1434 4893 1636 4964 Liturg.
1669 4893 1883 4960 Gallic.,

439 4965 596 5091 I7)cest
636 5035 737 5088 hoc
769 5041 926 5088 canut
952 5033 1002 5086 in
1033 5033 1152 5087 Vat.
1184 5042 1236 5088 et
1262 5033 1415 5088 (.olb.
1448 5049 1499 5087 a.
1528 5030 1724 5088 Confer
1755 5034 1883 5089 illud

296 5123 416 5162 cum
443 5107 533 5160 lib.
563 5123 594 5161 v
621 5123 737 5176 cap.
770 5106 852 5158 14.
878 5104 1034 5176 Colb.
1067 5120 1137 5158 m.
1172 5116 1228 5160 et
1258 5107 1405 5160 Alex.
1427 5104 1645 5170 habent,
1676 5104 1883 5174 Mitte/i-

296 5194 411 5249 cum
442 5193 625 5249 eiero...
642 5175 754 5249 join
782 5192 813 5228 a
845 5175 1052 5249 (ἱιινὶεοἲ
1079 5183 1184 5249 etc.

370 5245 395 5282 ιι
436 5248 611 5303 Casin.
642 5243 700 5300 'et
728 5248 940 5315 Regm.,
973 5245 1188 5298 colonis.
1219 5243 1373 5298 Colb.
1407 5259 1502 5310 m.,
1535 5243 1735 5299 coiinis.

372 5326 396 5350 ε
437 5317 484 5368 Is
513 5327 628 5371 erat.
651 5314 942 5380 Carterius,
969 5316 1036 5368 de
1066 5330 1171 5383 quo
1206 5329 1363 5382 supra
1396 5315 1489 5368 lib.
1527 5330 1597 5376 vt,
1631 5330 1751 5377 cap.
1789 5314 1879 5367 22.

302 5384 413 5457 lloc
443 5385 554 5451 ipso
579 5403 733 5457 anno
776 5387 1091 5457 subscripsit
1119 5384 1284 5439 Cone.
1323 5386 1526 5440 Matisc.
1563 5401 1634 5451 ιι,
1666 5385 1803 5439 sicut
1831 5395 1885 5440 et

301 5455 539 5510 Nicasius
575 5455 988 5512 Incnlismensis.

375 5521 395 5596 ἶ
437 5525 590 5579 Colb.
619 5541 696 5591 3.,
731 5527 1095 5596 Maginulfum.
1129 5526 1280 5581 Colb.
1321 5540 1390 5580 m.
1431 5534 1484 5578 et
1508 5524 1719 5592 Regni”
1765 5523 1880 5578 Μα-

296 5592 520 5662 nulfum.
555 5595 606 5649 In
635 5592 864 5663 capitum
898 5597 1069 5651 iudice
1112 5597 1161 5650 in
1207 5613 1332 5651 mss.
1361 5596 1554 5649 dicitur
1585 5597 1877 5665 Ayinulfua.

303 5666 594 5734 Magnulfus
624 5667 814 5720 dir-itur
858 5667 907 5718 in
939 5667 1103 5720 Conc.
1146 5669 1351 5722 Matisc.
1400 5666 1484 5719 cui
1526 5681 1618 5732 per
1651 5668 1876 5722 leua'utn

296 5738 630 5803 Subscripsit.

372 5817 398 5854 ε
441 5810 521 5863 An
547 5809 591 5863 is
613 5806 865 5874 Sigttll‘us,
897 5805 985 5872 qui
1016 5817 1161 5862 stans
1191 5823 1282 5877 pro
1310 5808 1576 5878 Sigiiicrlo
1599 5808 1756 5876 paulo
1783 5824 1874 5862 an-

1991 4686 2186 4755 juriam
2214 4686 2412 4743 inferas
2449 4687 2668 4742 omnino
2695 4701 3032 4746 commoneo.
3075 4689 3178 4746 Ille
3214 4707 3384 4761 vero,
3421 4705 3481 4750 ut
3507 4703 3618 4752 erat

1993 4832 2206 4897 teqnam
2244 4823 2640 4897 _occide_retur,_
2665 4821 3029 4897 Cblodoveum
3074 4824 3399 4897 Chilperici
3452 4831 3619 4886 ﬁlium

1996 4892 2287 4963 liurdegala
2318 4894 2496 4961 ejecit,
2525 4908 2585 4947 ac
2619 4893 2904 4963 fugientem
2937 4892 3232 4949 insecutus:
3253 4911 3365 4962 est,
3411 4913 3470 4955 ut
3501 4917 3615 4955 nar-

1993 4972 2075 5040 rat
2108 4963 2392 5031 Gregorius
2433 4963 2624 5040 lib.__tv,
2657 4979 2776 5029 cap.
2805 4963 2895 5027 48,
2919 4966 3052 5040 alias
3077 4963 3185 5040 42f?
3220 4969 3483 5040 Sigulfns
3513 4973 3619 5026 dux

1989 5034 2125 5108 infra
2156 5045 2482 5088 memoratur
2511 5034 2599 5087 lib.
2650 5047 2765 5102 vnt,
2795 5048 2913 5103 cap.
2947 5035 3033 5102 l8,
3063 5037 3170 5091 sed
3207 5034 3360 5097 aliis
3389 5044 3464 5099 ab
3493 5045 3619 5108 isto,

1988 5105 2033 5158 si
2061 5119 2152 5172 res
2182 5119 2280 5157 suo
2311 5113 2548 5172 tempore
2592 5111 2894 5158 narrantur.

2060 5170 2086 5210 δ
2126 5173 2181 5228 Id
2223 5183 2306 5229 est
2336 5170 2582 5235 ulterius;
2627 5175 2816 5244 Regm.
2855 5174 3014 5230 habet
3041 5191 3071 5227 a
3110 5175 3353 5236 Pictavo
3394 5191 3621 5238 remotus

1985 5245 2032 5298 in
2065 5254 2233 5310 antea,
2258 5253 2364 5298 etc.

2060 5313 2072 5350 ί
2125 5316 2681 5397 Βςιᾳηηεειλςπηπεναῃι,
2710 5324 2762 5369 et
2792 5315 2940 5397 colli.
2959 5331 3014 5395 ει.
3039 5315 3230 5397 altera
3268 5335 3468 5390 manu,
3486 5327 3622 5397 jun-

1982 5385 2048 5437 σιξ
2078 5393 2247 5439 erant,
2280 5387 2382 5439 Sed
2415 5385 2702 5453 Gregorius
2731 5396 2782 5439 ct
2809 5385 2893 5439 alii
2923 5385 3038 5454 ejus
3066 5390 3180 5442 aevi
3216 5385 3507 5450 auctores.
3522 5411 3624 5452 sa!-

1986 5457 2105 5525 pius
2139 5456 2296 5509 verbo
2312 5458 2477 5525 juugo
2511 5465 2730 5509 utuntur
2763 5456 2966 5525 passive
2990 5472 3080 5509 seu
3111 5465 3493 5520 neutraliter.

2060 5524 2073 5602 _i
2118 5525 2226 5602 Seu
2253 5513 2558 5602 Duratiium,
2584 5527 2737 5602 vulgo
2759 5513 2808 5579 Ia
2827 5513 3130 5602 I)o_rd0gn_e,_
3151 5513 3620 5602 nobili—sﬁuvius,

1983 5597 2069 5664 qui
2118 5597 2167 5649 in
2199 5595 2453 5670 Arvernis
2484 5605 2663 5670 onus,
2707 5597 2939 5650 lustratis
2977 5595 3171 5653 multis
3221 5603 3490 5670 urbibus,
3516 5595 3621 5660 Ga;

1985 5683 2190 5720 rumine
2213 5667 2454 5737 jungitur
2479 5667 2633 5729 paulo
2662 5676 2942 5734 antequam
2966 5681 3083 5719 sese
3122 5671 3179 5722 in
3215 5688 3386 5730 mare
3408 5667 3622 5733 exone-

1986 5747 2087 5791 ret.
2119 5737 2270 5790 Colb.
2304 5755 2376 5790 III.
2411 5744 2463 5790 et
2492 5738 2674 5805 llegnt.
2699 5737 2908 5800 habent,
2933 5737 3286 5807 Δοοηοηὶιειηι,

2057 5807 2078 5844 ι
2123 5808 2302 5863 Sancti
2337 5807 2540 5862 Martini
2566 5804 2791 5874 Scilicet;
2821 5804 3002 5863 confer
3020 5822 3194 5880 capp.
3223 5804 3296 5870 21
3323 5826 3384 5872 et
3415 5816 3510 5874 ἓξ.
