  <div class='ocr_page' id='page_1' title='image "/cluster/home/n/w/nwhite01/storage/ocr_20150623/71/hvd.32044054758750/222.png"; bbox 0 0 3974 6174; ppageno 0'>
   <div class='ocr_carea' id='block_1_1' title="bbox 373 306 475 361">
    <p class='ocr_par' dir='ltr' id='par_1_1' title="bbox 373 306 475 361">
     <span class='ocr_line' id='line_1_1' title="bbox 373 306 475 361; baseline 0 -1"><span class='ocrx_word' id='word_1_1' title='bbox 373 306 475 361; x_wconf 71' lang='grc'><strong>6255</strong></span> 
     </span>
    </p>
   </div>
   <div class='ocr_carea' id='block_1_2' title="bbox 1253 301 2688 361">
    <p class='ocr_par' dir='ltr' id='par_1_2' title="bbox 1253 301 2688 361">
     <span class='ocr_line' id='line_1_2' title="bbox 1253 301 2688 361; baseline 0.001 -3"><span class='ocrx_word' id='word_1_2' title='bbox 1253 303 1568 360; x_wconf 73' lang='lat' dir='ltr'><strong>HISTORIA</strong></span> <span class='ocrx_word' id='word_1_3' title='bbox 1607 301 2046 360; x_wconf 72' lang='lat' dir='ltr'><strong>FRANCORUM.</strong></span> <span class='ocrx_word' id='word_1_4' title='bbox 2091 302 2290 359; x_wconf 78' lang='lat' dir='ltr'><strong>LIBER</strong></span> <span class='ocrx_word' id='word_1_5' title='bbox 2330 303 2688 361; x_wconf 73' lang='lat' dir='ltr'><strong>SEPTIMUS.</strong></span> 
     </span>
    </p>
   </div>
   <div class='ocr_carea' id='block_1_3' title="bbox 3528 305 3631 358">
    <p class='ocr_par' dir='ltr' id='par_1_3' title="bbox 3528 305 3631 358">
     <span class='ocr_line' id='line_1_3' title="bbox 3528 305 3631 358; baseline -0.029 0"><span class='ocrx_word' id='word_1_6' title='bbox 3528 305 3631 358; x_wconf 56' lang='grc' dir='ltr'><strong>ἑοὶ-3.</strong></span> 
     </span>
    </p>
   </div>
   <div class='ocr_carea' id='block_1_4' title="bbox 370 413 3630 489">
    <p class='ocr_par' dir='ltr' id='par_1_4' title="bbox 370 413 3630 489">
     <span class='ocr_line' id='line_1_4' title="bbox 370 413 3630 489; baseline 0.001 -16"><span class='ocrx_word' id='word_1_7' title='bbox 370 416 586 477; x_wconf 87' lang='lat' dir='ltr'><strong>vanitati</strong></span> <span class='ocrx_word' id='word_1_8' title='bbox 609 423 768 487; x_wconf 83' lang='lat' dir='ltr'><strong>atque</strong></span> <span class='ocrx_word' id='word_1_9' title='bbox 795 414 1030 470; x_wconf 68' lang='lat' dir='ltr'><strong>avaritiae</strong></span> <span class='ocrx_word' id='word_1_10' title='bbox 1054 413 1284 481; x_wconf 64' lang='lat' dir='ltr'><strong>deditus,</strong></span> <span class='ocrx_word' id='word_1_11' title='bbox 1312 417 1567 472; x_wconf 72' lang='lat' dir='ltr'><strong>velociter</strong></span> <span class='ocrx_word' id='word_1_12' title='bbox 1594 417 1828 472; x_wconf 85' lang='lat' dir='ltr'><strong>Parisios</strong></span> <span class='ocrx_word' id='word_1_13' title='bbox 1847 417 1942 472; x_wconf 89' lang='lat' dir='ltr'><strong>ad-</strong></span> <span class='ocrx_word' id='word_1_14' title='bbox 1971 422 2020 481; x_wconf 79' lang='grc' dir='ltr'>Α</span> <span class='ocrx_word' id='word_1_15' title='bbox 2045 419 2274 486; x_wconf 77' lang='lat' dir='ltr'><strong>dicente,</strong></span> <span class='ocrx_word' id='word_1_16' title='bbox 2299 423 2512 488; x_wconf 81' lang='lat' dir='ltr'><strong>gavisus</strong></span> <span class='ocrx_word' id='word_1_17' title='bbox 2542 418 2847 487; x_wconf 82' lang='lat' dir='ltr'><strong>Eberullus,</strong></span> <span class='ocrx_word' id='word_1_18' title='bbox 2891 421 3166 489; x_wconf 76' lang='lat' dir='ltr'><strong>reSpondit</strong></span> <span class='ocrx_word' id='word_1_19' title='bbox 3206 419 3402 476; x_wconf 89' lang='lat' dir='ltr'><strong>habere</strong></span> <span class='ocrx_word' id='word_1_20' title='bbox 3438 434 3515 484; x_wconf 90' lang='lat' dir='ltr'><strong>se,</strong></span> <span class='ocrx_word' id='word_1_21' title='bbox 3550 421 3630 475; x_wconf 89' lang='lat' dir='ltr'><strong>di-</strong></span> 
     </span>
    </p>
   </div>
   <div class='ocr_carea' id='block_1_5' title="bbox 370 507 1952 567">
    <p class='ocr_par' dir='ltr' id='par_1_5' title="bbox 370 507 1952 567">
     <span class='ocr_line' id='line_1_5' title="bbox 370 507 1952 567; baseline 0.001 -2"><span class='ocrx_word' id='word_1_22' title='bbox 370 511 573 567; x_wconf 83' lang='lat' dir='ltr'><strong>volavit</strong></span> <span class='ocrx_word' id='word_1_23' title='bbox 605 527 619 562; x_wconf 91' lang='lat'><strong>:</strong></span> <span class='ocrx_word' id='word_1_24' title='bbox 659 525 792 563; x_wconf 84' lang='lat' dir='ltr'><strong>uxor</strong></span> <span class='ocrx_word' id='word_1_25' title='bbox 830 508 974 563; x_wconf 89' lang='lat' dir='ltr'><strong>enim</strong></span> <span class='ocrx_word' id='word_1_26' title='bbox 1003 509 1054 563; x_wconf 89' lang='lat' dir='ltr'><strong>ei</strong></span> <span class='ocrx_word' id='word_1_27' title='bbox 1085 523 1147 562; x_wconf 80' lang='lat' dir='ltr'><strong>ex</strong></span> <span class='ocrx_word' id='word_1_28' title='bbox 1195 507 1454 564; x_wconf 81' lang='lat' dir='ltr'><strong>Meldensi</strong></span> <span class='ocrx_word' id='word_1_29' title='bbox 1499 509 1769 564; x_wconf 86' lang='lat' dir='ltr'><strong>territorio</strong></span> <span class='ocrx_word' id='word_1_30' title='bbox 1815 518 1952 566; x_wconf 85' lang='lat' dir='ltr'><strong>erat.</strong></span> 
     </span>
    </p>
   </div>
   <div class='ocr_carea' id='block_1_6' title="bbox 368 598 1950 668">
    <p class='ocr_par' dir='ltr' id='par_1_6' title="bbox 368 598 1950 668">
     <span class='ocr_line' id='line_1_6' title="bbox 368 598 1950 668; baseline -0.003 -12"><span class='ocrx_word' id='word_1_31' title='bbox 368 602 591 657; x_wconf 78' lang='lat' dir='ltr'><strong>Volvere</strong></span> <span class='ocrx_word' id='word_1_32' title='bbox 632 599 812 654; x_wconf 90' lang='lat' dir='ltr'><strong>animo</strong></span> <span class='ocrx_word' id='word_1_33' title='bbox 849 599 1014 667; x_wconf 73' lang='lat' dir='ltr'><strong>empit</strong></span> <span class='ocrx_word' id='word_1_34' title='bbox 1052 606 1228 652; x_wconf 89' lang='lat' dir='ltr'><strong>utrum</strong></span> <span class='ocrx_word' id='word_1_35' title='bbox 1261 598 1661 668; x_wconf 86' lang='lat' dir='ltr'><strong>Fredeguudem</strong></span> <span class='ocrx_word' id='word_1_36' title='bbox 1714 600 1950 668; x_wconf 76' lang='lat' dir='ltr'><strong>reginam</strong></span> 
     </span>
    </p>
   </div>
   <div class='ocr_carea' id='block_1_7' title="bbox 367 689 1952 761">
    <p class='ocr_par' dir='ltr' id='par_1_7' title="bbox 367 689 1952 761">
     <span class='ocr_line' id='line_1_7' title="bbox 367 689 1952 761; baseline -0.001 -16"><span class='ocrx_word' id='word_1_37' title='bbox 367 693 591 761; x_wconf 81' lang='lat' dir='ltr'><strong>videret,</strong></span> <span class='ocrx_word' id='word_1_38' title='bbox 615 692 800 746; x_wconf 88' lang='lat' dir='ltr'><strong>dicens</strong></span> <span class='ocrx_word' id='word_1_39' title='bbox 825 708 837 742; x_wconf 88' lang='lat'><strong>:</strong></span> <span class='ocrx_word' id='word_1_40' title='bbox 864 690 924 744; x_wconf 88' lang='lat' dir='ltr'><strong>Si</strong></span> <span class='ocrx_word' id='word_1_41' title='bbox 947 705 1064 745; x_wconf 87' lang='lat' dir='ltr'><strong>eam</strong></span> <span class='ocrx_word' id='word_1_42' title='bbox 1096 689 1302 756; x_wconf 87' lang='lat' dir='ltr'><strong>videro,</strong></span> <span class='ocrx_word' id='word_1_43' title='bbox 1334 690 1526 744; x_wconf 82' lang='lat' dir='ltr'><strong>elicere</strong></span> <span class='ocrx_word' id='word_1_44' title='bbox 1572 690 1640 745; x_wconf 88' lang='lat' dir='ltr'><strong>ab</strong></span> <span class='ocrx_word' id='word_1_45' title='bbox 1667 704 1729 744; x_wconf 91' lang='lat' dir='ltr'><strong>ea</strong></span> <span class='ocrx_word' id='word_1_46' title='bbox 1756 689 1952 760; x_wconf 90' lang='lat' dir='ltr'><strong>aliquid</strong></span> 
     </span>
    </p>
   </div>
   <div class='ocr_carea' id='block_1_8' title="bbox 367 778 1951 851">
    <p class='ocr_par' dir='ltr' id='par_1_8' title="bbox 367 778 1951 851">
     <span class='ocr_line' id='line_1_8' title="bbox 367 778 1951 851; baseline -0.002 -13"><span class='ocrx_word' id='word_1_47' title='bbox 367 783 605 839; x_wconf 88' lang='lat' dir='ltr'><strong>muneris</strong></span> <span class='ocrx_word' id='word_1_48' title='bbox 621 796 858 851; x_wconf 90' lang='lat' dir='ltr'><strong>possum.</strong></span> <span class='ocrx_word' id='word_1_49' title='bbox 881 780 1007 835; x_wconf 90' lang='lat' dir='ltr'><strong>Scio</strong></span> <span class='ocrx_word' id='word_1_50' title='bbox 1023 778 1166 835; x_wconf 91' lang='lat' dir='ltr'><strong>enim</strong></span> <span class='ocrx_word' id='word_1_51' title='bbox 1191 794 1305 832; x_wconf 88' lang='lat' dir='ltr'><strong>eam</strong></span> <span class='ocrx_word' id='word_1_52' title='bbox 1323 794 1445 834; x_wconf 89' lang='lat' dir='ltr'><strong>esse</strong></span> <span class='ocrx_word' id='word_1_53' title='bbox 1462 779 1684 845; x_wconf 86' lang='lat' dir='ltr'><strong>homini,</strong></span> <span class='ocrx_word' id='word_1_54' title='bbox 1709 781 1773 834; x_wconf 89' lang='lat' dir='ltr'><strong>ad</strong></span> <span class='ocrx_word' id='word_1_55' title='bbox 1795 795 1951 850; x_wconf 88' lang='lat' dir='ltr'><strong>quem</strong></span> 
     </span>
    </p>
   </div>
   <div class='ocr_carea' id='block_1_9' title="bbox 365 872 1954 942">
    <p class='ocr_par' dir='ltr' id='par_1_9' title="bbox 365 872 1954 942">
     <span class='ocr_line' id='line_1_9' title="bbox 365 872 1954 942; baseline -0.002 -11"><span class='ocrx_word' id='word_1_56' title='bbox 365 876 601 931; x_wconf 87' lang='lat' dir='ltr'><strong>directus</strong></span> <span class='ocrx_word' id='word_1_57' title='bbox 623 889 764 940; x_wconf 87' lang='lat' dir='ltr'><strong>sum,</strong></span> <span class='ocrx_word' id='word_1_58' title='bbox 796 875 1086 927; x_wconf 81' lang='lat' dir='ltr'><strong>inimicam.</strong></span> <span class='ocrx_word' id='word_1_59' title='bbox 1121 873 1272 926; x_wconf 88' lang='lat' dir='ltr'><strong>Tunc</strong></span> <span class='ocrx_word' id='word_1_60' title='bbox 1308 872 1572 927; x_wconf 81' lang='lat' dir='ltr'><strong>accedens</strong></span> <span class='ocrx_word' id='word_1_61' title='bbox 1612 873 1678 927; x_wconf 91' lang='lat' dir='ltr'><strong>ad</strong></span> <span class='ocrx_word' id='word_1_62' title='bbox 1718 889 1858 942; x_wconf 91' lang='lat' dir='ltr'><strong>eam,</strong></span> <span class='ocrx_word' id='word_1_63' title='bbox 1886 873 1954 928; x_wconf 90' lang='lat' dir='ltr'><strong>de</strong></span> 
     </span>
    </p>
   </div>
   <div class='ocr_carea' id='block_1_10' title="bbox 366 961 1952 1035">
    <p class='ocr_par' dir='ltr' id='par_1_10' title="bbox 366 961 1952 1035">
     <span class='ocr_line' id='line_1_10' title="bbox 366 961 1952 1035; baseline -0.001 -18"><span class='ocrx_word' id='word_1_64' title='bbox 366 961 616 1035; x_wconf 75' lang='lat' dir='ltr'><strong>pncsenti</strong></span> <span class='ocrx_word' id='word_1_65' title='bbox 646 976 868 1018; x_wconf 88' lang='lat' dir='ltr'><strong>munera</strong></span> <span class='ocrx_word' id='word_1_66' title='bbox 898 976 1087 1030; x_wconf 87' lang='lat' dir='ltr'><strong>magna</strong></span> <span class='ocrx_word' id='word_1_67' title='bbox 1125 962 1366 1030; x_wconf 88' lang='lat' dir='ltr'><strong>capiens,</strong></span> <span class='ocrx_word' id='word_1_68' title='bbox 1398 961 1782 1029; x_wconf 89' lang='lat' dir='ltr'><strong>promissioucs</strong></span> <span class='ocrx_word' id='word_1_69' title='bbox 1809 962 1952 1017; x_wconf 82' lang='lat' dir='ltr'><strong>mul-</strong></span> 
     </span>
    </p>
   </div>
   <div class='ocr_carea' id='block_1_11' title="bbox 368 1051 1954 1116">
    <p class='ocr_par' dir='ltr' id='par_1_11' title="bbox 368 1051 1954 1116">
     <span class='ocr_line' id='line_1_11' title="bbox 368 1051 1954 1116; baseline 0.001 -9"><span class='ocrx_word' id='word_1_70' title='bbox 368 1063 450 1107; x_wconf 88' lang='lat' dir='ltr'><strong>tas</strong></span> <span class='ocrx_word' id='word_1_71' title='bbox 475 1054 680 1116; x_wconf 76' lang='lat' dir='ltr'><strong>elicuit,</strong></span> <span class='ocrx_word' id='word_1_72' title='bbox 709 1060 762 1106; x_wconf 87' lang='lat' dir='ltr'><strong>ut</strong></span> <span class='ocrx_word' id='word_1_73' title='bbox 792 1061 882 1106; x_wconf 88' lang='lat' dir='ltr'><strong>aut</strong></span> <span class='ocrx_word' id='word_1_74' title='bbox 912 1059 1210 1107; x_wconf 89' lang='lat' dir='ltr'><strong>extractum</strong></span> <span class='ocrx_word' id='word_1_75' title='bbox 1233 1067 1261 1104; x_wconf 88' lang='lat' dir='ltr'><strong>a</strong></span> <span class='ocrx_word' id='word_1_76' title='bbox 1285 1051 1504 1106; x_wconf 86' lang='lat' dir='ltr'><strong>basilica</strong></span> <span class='ocrx_word' id='word_1_77' title='bbox 1534 1052 1847 1107; x_wconf 83' lang='lat' dir='ltr'><strong>Eberulfum</strong></span> <span class='ocrx_word' id='word_1_78' title='bbox 1870 1067 1954 1108; x_wconf 84' lang='lat' dir='ltr'><strong>oc-</strong></span> 
     </span>
    </p>
   </div>
   <div class='ocr_carea' id='block_1_12' title="bbox 367 1141 1956 1214">
    <p class='ocr_par' dir='ltr' id='par_1_12' title="bbox 367 1141 1956 1214">
     <span class='ocr_line' id='line_1_12' title="bbox 367 1141 1956 1214; baseline 0.001 -15"><span class='ocrx_word' id='word_1_79' title='bbox 367 1141 591 1213; x_wconf 86' lang='lat' dir='ltr'><strong>cideret,</strong></span> <span class='ocrx_word' id='word_1_80' title='bbox 619 1147 708 1198; x_wconf 85' lang='lat' dir='ltr'><strong>aut</strong></span> <span class='ocrx_word' id='word_1_81' title='bbox 734 1145 1157 1198; x_wconf 84' lang='lat' dir='ltr'><strong>circumventum</strong></span> <span class='ocrx_word' id='word_1_82' title='bbox 1189 1143 1325 1199; x_wconf 89' lang='lat' dir='ltr'><strong>dolis</strong></span> <span class='ocrx_word' id='word_1_83' title='bbox 1351 1145 1559 1200; x_wconf 86' lang='lat' dir='ltr'><strong>catenis</strong></span> <span class='ocrx_word' id='word_1_84' title='bbox 1583 1145 1830 1214; x_wconf 85' lang='lat' dir='ltr'><strong>vinciret,</strong></span> <span class='ocrx_word' id='word_1_85' title='bbox 1863 1154 1956 1201; x_wconf 89' lang='lat' dir='ltr'><strong>aut</strong></span> 
     </span>
    </p>
   </div>
   <div class='ocr_carea' id='block_1_13' title="bbox 367 1232 1952 1304">
    <p class='ocr_par' dir='ltr' id='par_1_13' title="bbox 367 1232 1952 1304">
     <span class='ocr_line' id='line_1_13' title="bbox 367 1232 1952 1304; baseline -0.001 -16"><span class='ocrx_word' id='word_1_86' title='bbox 367 1244 514 1288; x_wconf 83' lang='lat' dir='ltr'><strong>cene</strong></span> <span class='ocrx_word' id='word_1_87' title='bbox 545 1235 598 1287; x_wconf 95' lang='lat' dir='ltr'><strong>in</strong></span> <span class='ocrx_word' id='word_1_88' title='bbox 639 1234 754 1301; x_wconf 90' lang='lat' dir='ltr'><strong>ipso</strong></span> <span class='ocrx_word' id='word_1_89' title='bbox 789 1247 911 1286; x_wconf 90' lang='lat' dir='ltr'><strong>eum</strong></span> <span class='ocrx_word' id='word_1_90' title='bbox 944 1233 1081 1286; x_wconf 89' lang='lat' dir='ltr'><strong>atrio</strong></span> <span class='ocrx_word' id='word_1_91' title='bbox 1111 1232 1420 1287; x_wconf 87' lang='lat' dir='ltr'><strong>trucidaret.</strong></span> <span class='ocrx_word' id='word_1_92' title='bbox 1455 1232 1747 1304; x_wconf 77' lang='lat' dir='ltr'><strong>Regressus</strong></span> <span class='ocrx_word' id='word_1_93' title='bbox 1775 1243 1952 1288; x_wconf 87' lang='lat' dir='ltr'><strong>autem</strong></span> 
     </span>
    </p>
   </div>
   <div class='ocr_carea' id='block_1_14' title="bbox 367 1325 1955 1393">
    <p class='ocr_par' dir='ltr' id='par_1_14' title="bbox 367 1325 1955 1393">
     <span class='ocr_line' id='line_1_14' title="bbox 367 1325 1955 1393; baseline 0.003 -15"><span class='ocrx_word' id='word_1_94' title='bbox 367 1326 432 1378; x_wconf 89' lang='lat' dir='ltr'><strong>ad</strong></span> <span class='ocrx_word' id='word_1_95' title='bbox 466 1325 713 1380; x_wconf 88' lang='lat' dir='ltr'><strong>Dunense</strong></span> <span class='ocrx_word' id='word_1_96' title='bbox 742 1334 1002 1393; x_wconf 87' lang='lat' dir='ltr'><strong>castrum,</strong></span> <span class='ocrx_word' id='word_1_97' title='bbox 1027 1327 1276 1379; x_wconf 91' lang='lat' dir='ltr'><strong>comitem</strong></span> <span class='ocrx_word' id='word_1_98' title='bbox 1318 1336 1640 1392; x_wconf 84' lang='lat' dir='ltr'><strong>commonet,</strong></span> <span class='ocrx_word' id='word_1_99' title='bbox 1668 1335 1725 1382; x_wconf 90' lang='lat' dir='ltr'><strong>ut</strong></span> <span class='ocrx_word' id='word_1_100' title='bbox 1753 1327 1800 1381; x_wconf 87' lang='lat' dir='ltr'><strong>ci</strong></span> <span class='ocrx_word' id='word_1_101' title='bbox 1849 1336 1955 1382; x_wconf 86' lang='lat' dir='ltr'><strong>tre-</strong></span> 
     </span>
    </p>
   </div>
   <div class='ocr_carea' id='block_1_15' title="bbox 366 1416 1955 1485">
    <p class='ocr_par' dir='ltr' id='par_1_15' title="bbox 366 1416 1955 1485">
     <span class='ocr_line' id='line_1_15' title="bbox 366 1416 1955 1485; baseline 0 -11"><span class='ocrx_word' id='word_1_102' title='bbox 366 1426 554 1474; x_wconf 83' lang='lat' dir='ltr'><strong>ecutos</strong></span> <span class='ocrx_word' id='word_1_103' title='bbox 581 1417 750 1483; x_wconf 88' lang='lat' dir='ltr'><strong>viros,</strong></span> <span class='ocrx_word' id='word_1_104' title='bbox 781 1416 931 1485; x_wconf 88' lang='lat' dir='ltr'><strong>quasi</strong></span> <span class='ocrx_word' id='word_1_105' title='bbox 973 1416 1040 1470; x_wconf 91' lang='lat' dir='ltr'><strong>ad</strong></span> <span class='ocrx_word' id='word_1_106' title='bbox 1076 1416 1455 1473; x_wconf 85' lang='lat' dir='ltr'><strong>custodiendas</strong></span> <span class='ocrx_word' id='word_1_107' title='bbox 1500 1419 1777 1474; x_wconf 78' lang='lat' dir='ltr'><strong>Turoniczc</strong></span> <span class='ocrx_word' id='word_1_108' title='bbox 1805 1419 1955 1475; x_wconf 87' lang='lat' dir='ltr'><strong>urbis</strong></span> 
     </span>
    </p>
   </div>
   <div class='ocr_carea' id='block_1_16' title="bbox 370 1506 1956 1578">
    <p class='ocr_par' dir='ltr' id='par_1_16' title="bbox 370 1506 1956 1578">
     <span class='ocr_line' id='line_1_16' title="bbox 370 1506 1956 1578; baseline 0.001 -18"><span class='ocrx_word' id='word_1_109' title='bbox 370 1518 570 1576; x_wconf 83' lang='lat' dir='ltr'><strong>portas,</strong></span> <span class='ocrx_word' id='word_1_110' title='bbox 597 1506 908 1578; x_wconf 88' lang='lat' dir='ltr'><strong>adiungeret</strong></span> <span class='ocrx_word' id='word_1_111' title='bbox 935 1523 949 1561; x_wconf 89' lang='lat'><strong>:</strong></span> <span class='ocrx_word' id='word_1_112' title='bbox 978 1507 1187 1564; x_wconf 84' lang='lat' dir='ltr'><strong>scilicet</strong></span> <span class='ocrx_word' id='word_1_113' title='bbox 1213 1517 1270 1563; x_wconf 92' lang='lat' dir='ltr'><strong>ut</strong></span> <span class='ocrx_word' id='word_1_114' title='bbox 1305 1523 1428 1564; x_wconf 90' lang='lat' dir='ltr'><strong>cum</strong></span> <span class='ocrx_word' id='word_1_115' title='bbox 1462 1509 1714 1575; x_wconf 73' lang='lat' dir='ltr'><strong>venisset,</strong></span> <span class='ocrx_word' id='word_1_116' title='bbox 1747 1523 1841 1576; x_wconf 87' lang='lat' dir='ltr'><strong>per</strong></span> <span class='ocrx_word' id='word_1_117' title='bbox 1863 1525 1956 1564; x_wconf 91' lang='lat' dir='ltr'><strong>eo-</strong></span> 
     </span>
    </p>
   </div>
   <div class='ocr_carea' id='block_1_17' title="bbox 368 1597 1954 1672">
    <p class='ocr_par' dir='ltr' id='par_1_17' title="bbox 368 1597 1954 1672">
     <span class='ocr_line' id='line_1_17' title="bbox 368 1597 1954 1672; baseline 0.004 -21"><span class='ocrx_word' id='word_1_118' title='bbox 368 1613 487 1652; x_wconf 87' lang='lat' dir='ltr'><strong>rum</strong></span> <span class='ocrx_word' id='word_1_119' title='bbox 521 1597 771 1653; x_wconf 84' lang='lat' dir='ltr'><strong>solatium</strong></span> <span class='ocrx_word' id='word_1_120' title='bbox 805 1599 1116 1656; x_wconf 87' lang='lat' dir='ltr'><strong>Eberttlfum</strong></span> <span class='ocrx_word' id='word_1_121' title='bbox 1155 1609 1338 1670; x_wconf 86' lang='lat' dir='ltr'><strong>posset</strong></span> <span class='ocrx_word' id='word_1_122' title='bbox 1365 1601 1687 1672; x_wconf 78' lang='lat' dir='ltr'><strong>opprimere.</strong></span> <span class='ocrx_word' id='word_1_123' title='bbox 1714 1603 1954 1671; x_wconf 81' lang='lat' dir='ltr'><strong>Cumque</strong></span> 
     </span>
    </p>
   </div>
   <div class='ocr_carea' id='block_1_18' title="bbox 368 1691 1955 1760">
    <p class='ocr_par' dir='ltr' id='par_1_18' title="bbox 368 1691 1955 1760">
     <span class='ocr_line' id='line_1_18' title="bbox 368 1691 1955 1760; baseline 0.003 -15"><span class='ocrx_word' id='word_1_124' title='bbox 368 1703 549 1745; x_wconf 83' lang='lat' dir='ltr'><strong>eomes</strong></span> <span class='ocrx_word' id='word_1_125' title='bbox 577 1691 678 1746; x_wconf 88' lang='lat' dir='ltr'><strong>loci</strong></span> <span class='ocrx_word' id='word_1_126' title='bbox 708 1693 851 1746; x_wconf 88' lang='lat' dir='ltr'><strong>viros</strong></span> <span class='ocrx_word' id='word_1_127' title='bbox 873 1693 1006 1748; x_wconf 89' lang='lat' dir='ltr'><strong>istos</strong></span> <span class='ocrx_word' id='word_1_128' title='bbox 1033 1701 1417 1760; x_wconf 81' lang='lat' dir='ltr'><strong>commoveret,</strong></span> <span class='ocrx_word' id='word_1_129' title='bbox 1449 1693 1704 1748; x_wconf 87' lang='lat' dir='ltr'><strong>Claudius</strong></span> <span class='ocrx_word' id='word_1_130' title='bbox 1725 1695 1955 1750; x_wconf 80' lang='lat' dir='ltr'><strong>Turonis</strong></span> 
     </span>
    </p>
   </div>
   <div class='ocr_carea' id='block_1_19' title="bbox 2052 511 3631 580">
    <p class='ocr_par' dir='ltr' id='par_1_19' title="bbox 2052 511 3631 580">
     <span class='ocr_line' id='line_1_19' title="bbox 2052 511 3631 580; baseline -0.001 -15"><span class='ocrx_word' id='word_1_131' title='bbox 2052 526 2212 565; x_wconf 86' lang='lat' dir='ltr'><strong>cens:</strong></span> <span class='ocrx_word' id='word_1_132' title='bbox 2245 511 2309 564; x_wconf 87' lang='lat' dir='ltr'><strong>Et</strong></span> <span class='ocrx_word' id='word_1_133' title='bbox 2333 515 2508 565; x_wconf 86' lang='lat' dir='ltr'><strong>omnia</strong></span> <span class='ocrx_word' id='word_1_134' title='bbox 2528 526 2645 580; x_wconf 75' lang='lat' dir='ltr'><strong>quze</strong></span> <span class='ocrx_word' id='word_1_135' title='bbox 2668 511 2898 564; x_wconf 90' lang='lat' dir='ltr'><strong>volueris</strong></span> <span class='ocrx_word' id='word_1_136' title='bbox 2915 513 2980 564; x_wconf 88' lang='lat' dir='ltr'><strong>ad</strong></span> <span class='ocrx_word' id='word_1_137' title='bbox 3001 519 3255 564; x_wconf 86' lang='lat' dir='ltr'><strong>metatum</strong></span> <span class='ocrx_word' id='word_1_138' title='bbox 3279 524 3454 564; x_wconf 91' lang='lat' dir='ltr'><strong>meum</strong></span> <span class='ocrx_word' id='word_1_139' title='bbox 3478 525 3631 579; x_wconf 84' lang='lat' dir='ltr'><strong>repe-</strong></span> 
     </span>
    </p>
   </div>
   <div class='ocr_carea' id='block_1_20' title="bbox 2053 599 3627 670">
    <p class='ocr_par' dir='ltr' id='par_1_20' title="bbox 2053 599 3627 670">
     <span class='ocr_line' id='line_1_20' title="bbox 2053 599 3627 670; baseline -0.001 -16"><span class='ocrx_word' id='word_1_140' title='bbox 2053 602 2159 655; x_wconf 89' lang='lat' dir='ltr'><strong>ries</strong></span> <span class='ocrx_word' id='word_1_141' title='bbox 2211 617 2225 654; x_wconf 92' lang='lat'><strong>:</strong></span> <span class='ocrx_word' id='word_1_142' title='bbox 2272 610 2474 655; x_wconf 87' lang='lat' dir='ltr'><strong>tantum</strong></span> <span class='ocrx_word' id='word_1_143' title='bbox 2507 611 2567 655; x_wconf 90' lang='lat' dir='ltr'><strong>ut</strong></span> <span class='ocrx_word' id='word_1_144' title='bbox 2600 603 2845 670; x_wconf 88' lang='lat' dir='ltr'><strong>dignetur</strong></span> <span class='ocrx_word' id='word_1_145' title='bbox 2887 600 3135 655; x_wconf 85' lang='lat' dir='ltr'><strong>dominus</strong></span> <span class='ocrx_word' id='word_1_146' title='bbox 3177 615 3329 654; x_wconf 90' lang='lat' dir='ltr'><strong>meus</strong></span> <span class='ocrx_word' id='word_1_147' title='bbox 3365 599 3627 670; x_wconf 88' lang='lat' dir='ltr'><strong>tugurium</strong></span> 
     </span>
    </p>
   </div>
   <div class='ocr_carea' id='block_1_21' title="bbox 2051 690 3633 760">
    <p class='ocr_par' dir='ltr' id='par_1_21' title="bbox 2051 690 3633 760">
     <span class='ocr_line' id='line_1_21' title="bbox 2051 690 3633 760; baseline 0.001 -15"><span class='ocrx_word' id='word_1_148' title='bbox 2051 690 2255 760; x_wconf 78' lang='lat' dir='ltr'><strong>ingredi</strong></span> <span class='ocrx_word' id='word_1_149' title='bbox 2286 690 2578 746; x_wconf 85' lang='lat' dir='ltr'><strong>mansionis</strong></span> <span class='ocrx_word' id='word_1_150' title='bbox 2605 707 2757 746; x_wconf 75' lang='lat' dir='ltr'><strong>mete.</strong></span> <span class='ocrx_word' id='word_1_151' title='bbox 2793 691 3035 760; x_wconf 85' lang='lat' dir='ltr'><strong>Misitque</strong></span> <span class='ocrx_word' id='word_1_152' title='bbox 3084 706 3297 760; x_wconf 89' lang='lat' dir='ltr'><strong>pueros,</strong></span> <span class='ocrx_word' id='word_1_153' title='bbox 3322 706 3480 743; x_wconf 89' lang='lat' dir='ltr'><strong>unum</strong></span> <span class='ocrx_word' id='word_1_154' title='bbox 3517 702 3633 756; x_wconf 86' lang='lat' dir='ltr'><strong>post</strong></span> 
     </span>
    </p>
   </div>
   <div class='ocr_carea' id='block_1_22' title="bbox 2052 780 3633 853">
    <p class='ocr_par' dir='ltr' id='par_1_22' title="bbox 2052 780 3633 853">
     <span class='ocr_line' id='line_1_22' title="bbox 2052 780 3633 853; baseline -0.001 -17"><span class='ocrx_word' id='word_1_155' title='bbox 2052 784 2244 848; x_wconf 91' lang='lat' dir='ltr'><strong>alium,</strong></span> <span class='ocrx_word' id='word_1_156' title='bbox 2276 783 2340 838; x_wconf 91' lang='lat' dir='ltr'><strong>ad</strong></span> <span class='ocrx_word' id='word_1_157' title='bbox 2372 785 2688 853; x_wconf 89' lang='lat' dir='ltr'><strong>requirenda</strong></span> <span class='ocrx_word' id='word_1_158' title='bbox 2729 785 3025 853; x_wconf 90' lang='lat' dir='ltr'><strong>potentiora</strong></span> <span class='ocrx_word' id='word_1_159' title='bbox 3065 784 3208 848; x_wconf 85' lang='lat' dir='ltr'><strong>vina,</strong></span> <span class='ocrx_word' id='word_1_160' title='bbox 3240 781 3476 836; x_wconf 88' lang='lat' dir='ltr'><strong>Latieina</strong></span> <span class='ocrx_word' id='word_1_161' title='bbox 3497 780 3522 818; x_wconf 69' lang='grc' dir='ltr'><strong>ι’</strong></span> <span class='ocrx_word' id='word_1_162' title='bbox 3556 781 3633 835; x_wconf 78' lang='lat' dir='ltr'><strong>vi-</strong></span> 
     </span>
    </p>
   </div>
   <div class='ocr_carea' id='block_1_23' title="bbox 2054 873 3632 946">
    <p class='ocr_par' dir='ltr' id='par_1_23' title="bbox 2054 873 3632 946">
     <span class='ocr_line' id='line_1_23' title="bbox 2054 873 3632 946; baseline -0.003 -16"><span class='ocrx_word' id='word_1_163' title='bbox 2054 875 2266 938; x_wconf 82' lang='lat' dir='ltr'><strong>delicet.</strong></span> <span class='ocrx_word' id='word_1_164' title='bbox 2294 886 2450 946; x_wconf 85' lang='lat' dir='ltr'><strong>atque</strong></span> <span class='ocrx_word' id='word_1_165' title='bbox 2483 875 2744 932; x_wconf 85' lang='lat' dir='ltr'><strong>Gazitina.</strong></span> <span class='ocrx_word' id='word_1_166' title='bbox 2774 875 3012 946; x_wconf 90' lang='lat' dir='ltr'><strong>Cumque</strong></span> <span class='ocrx_word' id='word_1_167' title='bbox 3050 875 3202 929; x_wconf 87' lang='lat' dir='ltr'><strong>illum</strong></span> <span class='ocrx_word' id='word_1_168' title='bbox 3235 889 3264 927; x_wconf 92' lang='lat' dir='ltr'><strong>a</strong></span> <span class='ocrx_word' id='word_1_169' title='bbox 3297 875 3472 942; x_wconf 87' lang='lat' dir='ltr'><strong>pueris</strong></span> <span class='ocrx_word' id='word_1_170' title='bbox 3510 873 3632 927; x_wconf 89' lang='lat' dir='ltr'><strong>reli-</strong></span> 
     </span>
    </p>
   </div>
   <div class='ocr_carea' id='block_1_24' title="bbox 2054 956 3632 1035">
    <p class='ocr_par' dir='ltr' id='par_1_24' title="bbox 2054 956 3632 1035">
     <span class='ocr_line' id='line_1_24' title="bbox 2054 956 3632 1035; baseline -0.003 -13"><span class='ocrx_word' id='word_1_171' title='bbox 2054 977 2195 1022; x_wconf 76' lang='lat' dir='ltr'><strong>crum</strong></span> <span class='ocrx_word' id='word_1_172' title='bbox 2249 968 2419 1022; x_wconf 83' lang='lat' dir='ltr'><strong>solum</strong></span> <span class='ocrx_word' id='word_1_173' title='bbox 2457 965 2708 1022; x_wconf 87' lang='lat' dir='ltr'><strong>Claudius</strong></span> <span class='ocrx_word' id='word_1_174' title='bbox 2757 956 3150 1035; x_wconf 80' lang='lat' dir='ltr'><strong>conspexisset,</strong></span> <span class='ocrx_word' id='word_1_175' title='bbox 3202 965 3404 1020; x_wconf 91' lang='lat' dir='ltr'><strong>elevata</strong></span> <span class='ocrx_word' id='word_1_176' title='bbox 3445 975 3632 1019; x_wconf 87' lang='lat' dir='ltr'><strong>contra</strong></span> 
     </span>
    </p>
   </div>
   <div class='ocr_carea' id='block_1_25' title="bbox 2054 1053 3632 1125">
    <p class='ocr_par' dir='ltr' id='par_1_25' title="bbox 2054 1053 3632 1125">
     <span class='ocr_line' id='line_1_25' title="bbox 2054 1053 3632 1125; baseline -0.002 -15"><span class='ocrx_word' id='word_1_177' title='bbox 2054 1055 2324 1111; x_wconf 87' lang='lat' dir='ltr'><strong>basilicam</strong></span> <span class='ocrx_word' id='word_1_178' title='bbox 2391 1071 2589 1125; x_wconf 83' lang='lat' dir='ltr'><strong>manu,</strong></span> <span class='ocrx_word' id='word_1_179' title='bbox 2663 1056 2799 1111; x_wconf 86' lang='lat' dir='ltr'><strong>ait:</strong></span> <span class='ocrx_word' id='word_1_180' title='bbox 2850 1055 3075 1110; x_wconf 80' lang='lat' dir='ltr'><strong>Martine</strong></span> <span class='ocrx_word' id='word_1_181' title='bbox 3140 1053 3486 1120; x_wconf 75' lang='lat' dir='ltr'><strong>beatissime,</strong></span> <span class='ocrx_word' id='word_1_182' title='bbox 3550 1053 3632 1107; x_wconf 86' lang='lat' dir='ltr'><strong>fac</strong></span> 
     </span>
    </p>
   </div>
   <div class='ocr_carea' id='block_1_26' title="bbox 2056 1143 3631 1218">
    <p class='ocr_par' dir='ltr' id='par_1_26' title="bbox 2056 1143 3631 1218">
     <span class='ocr_line' id='line_1_26' title="bbox 2056 1143 3631 1218; baseline -0.004 -16"><span class='ocrx_word' id='word_1_183' title='bbox 2056 1162 2143 1203; x_wconf 89' lang='lat' dir='ltr'><strong>me</strong></span> <span class='ocrx_word' id='word_1_184' title='bbox 2168 1162 2396 1203; x_wconf 83' lang='lat' dir='ltr'><strong>uxorem</strong></span> <span class='ocrx_word' id='word_1_185' title='bbox 2419 1146 2580 1218; x_wconf 57' lang='lat'><strong>35‘.</strong></span> <span class='ocrx_word' id='word_1_186' title='bbox 2605 1162 2722 1201; x_wconf 92' lang='lat' dir='ltr'><strong>cum</strong></span> <span class='ocrx_word' id='word_1_187' title='bbox 2755 1146 3058 1216; x_wconf 87' lang='lat' dir='ltr'><strong>parentibus</strong></span> <span class='ocrx_word' id='word_1_188' title='bbox 3080 1145 3186 1200; x_wconf 89' lang='lat' dir='ltr'><strong>cito</strong></span> <span class='ocrx_word' id='word_1_189' title='bbox 3217 1144 3417 1199; x_wconf 89' lang='lat' dir='ltr'><strong>videre.</strong></span> <span class='ocrx_word' id='word_1_190' title='bbox 3452 1143 3631 1198; x_wconf 80' lang='lat' dir='ltr'><strong>Infelix</strong></span> 
     </span>
    </p>
   </div>
   <div class='ocr_carea' id='block_1_27' title="bbox 2055 1239 3632 1311">
    <p class='ocr_par' dir='ltr' id='par_1_27' title="bbox 2055 1239 3632 1311">
     <span class='ocr_line' id='line_1_27' title="bbox 2055 1239 3632 1311; baseline -0.004 -13"><span class='ocrx_word' id='word_1_191' title='bbox 2055 1244 2195 1298; x_wconf 81' lang='lat' dir='ltr'><strong>enim</strong></span> <span class='ocrx_word' id='word_1_192' title='bbox 2215 1244 2266 1297; x_wconf 92' lang='lat' dir='ltr'><strong>in</strong></span> <span class='ocrx_word' id='word_1_193' title='bbox 2292 1243 2599 1298; x_wconf 85' lang='lat' dir='ltr'><strong>discrimine</strong></span> <span class='ocrx_word' id='word_1_194' title='bbox 2621 1245 2842 1311; x_wconf 77' lang='lat' dir='ltr'><strong>positus,</strong></span> <span class='ocrx_word' id='word_1_195' title='bbox 2868 1253 2921 1297; x_wconf 88' lang='lat' dir='ltr'><strong>et</strong></span> <span class='ocrx_word' id='word_1_196' title='bbox 2941 1242 3081 1296; x_wconf 91' lang='lat' dir='ltr'><strong>hunc</strong></span> <span class='ocrx_word' id='word_1_197' title='bbox 3098 1240 3397 1295; x_wconf 83' lang='lat' dir='ltr'><strong>interficere</strong></span> <span class='ocrx_word' id='word_1_198' title='bbox 3420 1239 3474 1293; x_wconf 90' lang='lat' dir='ltr'><strong>in</strong></span> <span class='ocrx_word' id='word_1_199' title='bbox 3496 1242 3632 1294; x_wconf 89' lang='lat' dir='ltr'><strong>atrio</strong></span> 
     </span>
    </p>
   </div>
   <div class='ocr_carea' id='block_1_28' title="bbox 2055 1331 3633 1402">
    <p class='ocr_par' dir='ltr' id='par_1_28' title="bbox 2055 1331 3633 1402">
     <span class='ocr_line' id='line_1_28' title="bbox 2055 1331 3633 1402; baseline -0.003 -14"><span class='ocrx_word' id='word_1_200' title='bbox 2055 1334 2340 1402; x_wconf 80' lang='lat' dir='ltr'><strong>cogitabat,</strong></span> <span class='ocrx_word' id='word_1_201' title='bbox 2365 1343 2417 1387; x_wconf 86' lang='lat' dir='ltr'><strong>et</strong></span> <span class='ocrx_word' id='word_1_202' title='bbox 2437 1335 2687 1387; x_wconf 86' lang='lat' dir='ltr'><strong>virtutem</strong></span> <span class='ocrx_word' id='word_1_203' title='bbox 2709 1334 2876 1387; x_wconf 78' lang='lat' dir='ltr'><strong>Sancti</strong></span> <span class='ocrx_word' id='word_1_204' title='bbox 2901 1332 3152 1386; x_wconf 87' lang='lat' dir='ltr'><strong>antistitis</strong></span> <span class='ocrx_word' id='word_1_205' title='bbox 3175 1331 3462 1386; x_wconf 86' lang='lat' dir='ltr'><strong>metuebat.</strong></span> <span class='ocrx_word' id='word_1_206' title='bbox 3484 1331 3633 1385; x_wconf 85' lang='lat' dir='ltr'><strong>Tunc</strong></span> 
     </span>
    </p>
   </div>
   <div class='ocr_carea' id='block_1_29' title="bbox 2056 1422 3632 1493">
    <p class='ocr_par' dir='ltr' id='par_1_29' title="bbox 2056 1422 3632 1493">
     <span class='ocr_line' id='line_1_29' title="bbox 2056 1422 3632 1493; baseline -0.003 -14"><span class='ocrx_word' id='word_1_207' title='bbox 2056 1440 2194 1479; x_wconf 88' lang='lat' dir='ltr'><strong>unus</strong></span> <span class='ocrx_word' id='word_1_208' title='bbox 2225 1441 2254 1479; x_wconf 90' lang='lat' dir='ltr'><strong>e</strong></span> <span class='ocrx_word' id='word_1_209' title='bbox 2277 1426 2455 1493; x_wconf 89' lang='lat' dir='ltr'><strong>pueris</strong></span> <span class='ocrx_word' id='word_1_210' title='bbox 2484 1424 2688 1478; x_wconf 86' lang='lat' dir='ltr'><strong>Claudii</strong></span> <span class='ocrx_word' id='word_1_211' title='bbox 2729 1423 2816 1492; x_wconf 92' lang='lat' dir='ltr'><strong>qui</strong></span> <span class='ocrx_word' id='word_1_212' title='bbox 2857 1434 2972 1478; x_wconf 90' lang='lat' dir='ltr'><strong>erat</strong></span> <span class='ocrx_word' id='word_1_213' title='bbox 3013 1423 3304 1488; x_wconf 78' lang='lat' dir='ltr'><strong>robuSIior,</strong></span> <span class='ocrx_word' id='word_1_214' title='bbox 3338 1422 3632 1490; x_wconf 82' lang='lat' dir='ltr'><strong>apprchen-</strong></span> 
     </span>
    </p>
   </div>
   <div class='ocr_carea' id='block_1_30' title="bbox 2055 1512 3630 1588">
    <p class='ocr_par' dir='ltr' id='par_1_30' title="bbox 2055 1512 3630 1588">
     <span class='ocr_line' id='line_1_30' title="bbox 2055 1512 3630 1588; baseline -0.005 -19"><span class='ocrx_word' id='word_1_215' title='bbox 2055 1528 2172 1569; x_wconf 78' lang='lat' dir='ltr'><strong>sum</strong></span> <span class='ocrx_word' id='word_1_216' title='bbox 2199 1514 2506 1569; x_wconf 86' lang='lat' dir='ltr'><strong>Eberulfum</strong></span> <span class='ocrx_word' id='word_1_217' title='bbox 2538 1529 2565 1567; x_wconf 89' lang='lat' dir='ltr'><strong>a</strong></span> <span class='ocrx_word' id='word_1_218' title='bbox 2592 1524 2740 1584; x_wconf 88' lang='lat' dir='ltr'><strong>tergo</strong></span> <span class='ocrx_word' id='word_1_219' title='bbox 2766 1515 3112 1588; x_wconf 59' lang='grc' dir='ltr'><strong>νωΙίἀίοι-ἱιιμε</strong></span> <span class='ocrx_word' id='word_1_220' title='bbox 3136 1513 3346 1567; x_wconf 85' lang='lat' dir='ltr'><strong>lacertis</strong></span> <span class='ocrx_word' id='word_1_221' title='bbox 3367 1512 3630 1580; x_wconf 81' lang='lat' dir='ltr'><strong>astringit,</strong></span> 
     </span>
    </p>
   </div>
   <div class='ocr_carea' id='block_1_31' title="bbox 2056 1589 3632 1675">
    <p class='ocr_par' dir='ltr' id='par_1_31' title="bbox 2056 1589 3632 1675">
     <span class='ocr_line' id='line_1_31' title="bbox 2056 1589 3632 1675; baseline -0.005 -15"><span class='ocrx_word' id='word_1_222' title='bbox 2056 1589 2522 1675; x_wconf 71' lang='lat' dir='ltr'><strong>resupinatumque</strong></span> <span class='ocrx_word' id='word_1_223' title='bbox 2548 1615 2729 1674; x_wconf 89' lang='lat' dir='ltr'><strong>pectus</strong></span> <span class='ocrx_word' id='word_1_224' title='bbox 2755 1605 2871 1674; x_wconf 81' lang='lat' dir='ltr'><strong>eius</strong></span> <span class='ocrx_word' id='word_1_225' title='bbox 2900 1603 2970 1659; x_wconf 88' lang='lat' dir='ltr'><strong>ad</strong></span> <span class='ocrx_word' id='word_1_226' title='bbox 2988 1602 3335 1674; x_wconf 88' lang='lat' dir='ltr'><strong>iugulandum</strong></span> <span class='ocrx_word' id='word_1_227' title='bbox 3365 1613 3536 1672; x_wconf 79' lang='lat' dir='ltr'><strong>parat.</strong></span> <span class='ocrx_word' id='word_1_228' title='bbox 3563 1603 3632 1654; x_wconf 70' lang='lat' dir='ltr'><strong>All.</strong></span> 
     </span>
    </p>
   </div>
   <div class='ocr_carea' id='block_1_32' title="bbox 2057 1694 3629 1766">
    <p class='ocr_par' dir='ltr' id='par_1_32' title="bbox 2057 1694 3629 1766">
     <span class='ocr_line' id='line_1_32' title="bbox 2057 1694 3629 1766; baseline -0.003 -15"><span class='ocrx_word' id='word_1_229' title='bbox 2057 1697 2339 1764; x_wconf 87' lang='lat' dir='ltr'><strong>Claudius,</strong></span> <span class='ocrx_word' id='word_1_230' title='bbox 2372 1706 2612 1752; x_wconf 83' lang='lat' dir='ltr'><strong>extracto</strong></span> <span class='ocrx_word' id='word_1_231' title='bbox 2638 1711 2667 1751; x_wconf 93' lang='lat' dir='ltr'><strong>a</strong></span> <span class='ocrx_word' id='word_1_232' title='bbox 2698 1697 2876 1751; x_wconf 90' lang='lat' dir='ltr'><strong>balteo</strong></span> <span class='ocrx_word' id='word_1_233' title='bbox 2921 1696 3117 1766; x_wconf 90' lang='lat' dir='ltr'><strong>gladio,</strong></span> <span class='ocrx_word' id='word_1_234' title='bbox 3171 1695 3235 1750; x_wconf 91' lang='lat' dir='ltr'><strong>ad</strong></span> <span class='ocrx_word' id='word_1_235' title='bbox 3267 1710 3385 1748; x_wconf 90' lang='lat' dir='ltr'><strong>cum</strong></span> <span class='ocrx_word' id='word_1_236' title='bbox 3429 1694 3629 1761; x_wconf 81' lang='lat' dir='ltr'><strong>dirigit.</strong></span> 
     </span>
    </p>
   </div>
   <div class='ocr_carea' id='block_1_33' title="bbox 367 1784 3630 1857">
    <p class='ocr_par' dir='ltr' id='par_1_33' title="bbox 367 1784 3630 1857">
     <span class='ocr_line' id='line_1_33' title="bbox 367 1784 3630 1857; baseline -0 -18"><span class='ocrx_word' id='word_1_237' title='bbox 367 1785 614 1840; x_wconf 80' lang='lat' dir='ltr'><strong>accessit.</strong></span> <span class='ocrx_word' id='word_1_238' title='bbox 642 1784 709 1840; x_wconf 84' lang='lat' dir='ltr'><strong>Et</strong></span> <span class='ocrx_word' id='word_1_239' title='bbox 735 1799 854 1839; x_wconf 90' lang='lat' dir='ltr'><strong>cum</strong></span> <span class='ocrx_word' id='word_1_240' title='bbox 879 1787 980 1841; x_wconf 91' lang='lat' dir='ltr'><strong>iter</strong></span> <span class='ocrx_word' id='word_1_241' title='bbox 999 1794 1204 1856; x_wconf 91' lang='lat' dir='ltr'><strong>ageret,</strong></span> <span class='ocrx_word' id='word_1_242' title='bbox 1229 1795 1283 1855; x_wconf 69' lang='lat' dir='ltr'><strong>ul</strong></span> <span class='ocrx_word' id='word_1_243' title='bbox 1305 1788 1634 1842; x_wconf 86' lang='lat' dir='ltr'><strong>consuetudo</strong></span> <span class='ocrx_word' id='word_1_244' title='bbox 1660 1796 1744 1843; x_wconf 89' lang='lat' dir='ltr'><strong>est</strong></span> <span class='ocrx_word' id='word_1_245' title='bbox 1765 1789 1956 1843; x_wconf 79' lang='lat' dir='ltr'><strong>barba~</strong></span> <span class='ocrx_word' id='word_1_246' title='bbox 1985 1786 2033 1847; x_wconf 77' lang='grc' dir='ltr'><strong>Β</strong></span> <span class='ocrx_word' id='word_1_247' title='bbox 2060 1787 2164 1842; x_wconf 88' lang='lat' dir='ltr'><strong>Sed</strong></span> <span class='ocrx_word' id='word_1_248' title='bbox 2187 1799 2238 1842; x_wconf 92' lang='lat' dir='ltr'><strong>et</strong></span> <span class='ocrx_word' id='word_1_249' title='bbox 2261 1788 2349 1841; x_wconf 90' lang='lat' dir='ltr'><strong>ille</strong></span> <span class='ocrx_word' id='word_1_250' title='bbox 2373 1789 2632 1855; x_wconf 65' lang='lat' dir='ltr'><strong>prolatum</strong></span> <span class='ocrx_word' id='word_1_251' title='bbox 2655 1803 2684 1842; x_wconf 93' lang='lat' dir='ltr'><strong>a</strong></span> <span class='ocrx_word' id='word_1_252' title='bbox 2707 1789 2918 1857; x_wconf 73' lang='lat' dir='ltr'><strong>cingulo</strong></span> <span class='ocrx_word' id='word_1_253' title='bbox 2939 1787 3136 1841; x_wconf 84' lang='lat' dir='ltr'><strong>ferrum</strong></span> <span class='ocrx_word' id='word_1_254' title='bbox 3164 1801 3222 1841; x_wconf 90' lang='lat' dir='ltr'><strong>se</strong></span> <span class='ocrx_word' id='word_1_255' title='bbox 3247 1786 3311 1841; x_wconf 90' lang='lat' dir='ltr'><strong>ad</strong></span> <span class='ocrx_word' id='word_1_256' title='bbox 3335 1787 3630 1855; x_wconf 79' lang='lat' dir='ltr'><strong>percutien-</strong></span> 
     </span>
    </p>
   </div>
   <div class='ocr_carea' id='block_1_34' title="bbox 368 1875 1953 1946">
    <p class='ocr_par' dir='ltr' id='par_1_34' title="bbox 368 1875 1953 1946">
     <span class='ocr_line' id='line_1_34' title="bbox 368 1875 1953 1946; baseline 0.003 -18"><span class='ocrx_word' id='word_1_257' title='bbox 368 1887 570 1940; x_wconf 88' lang='lat' dir='ltr'><strong>rorum,</strong></span> <span class='ocrx_word' id='word_1_258' title='bbox 603 1875 836 1944; x_wconf 83' lang='lat' dir='ltr'><strong>auspicia</strong></span> <span class='ocrx_word' id='word_1_259' title='bbox 877 1875 1154 1931; x_wconf 85' lang='lat' dir='ltr'><strong>intendere</strong></span> <span class='ocrx_word' id='word_1_260' title='bbox 1179 1878 1362 1946; x_wconf 83' lang='lat' dir='ltr'><strong>coepit,</strong></span> <span class='ocrx_word' id='word_1_261' title='bbox 1404 1891 1469 1932; x_wconf 88' lang='lat' dir='ltr'><strong>ac</strong></span> <span class='ocrx_word' id='word_1_262' title='bbox 1498 1877 1678 1934; x_wconf 91' lang='lat' dir='ltr'><strong>dicere</strong></span> <span class='ocrx_word' id='word_1_263' title='bbox 1706 1879 1805 1933; x_wconf 87' lang='lat' dir='ltr'><strong>sibi</strong></span> <span class='ocrx_word' id='word_1_264' title='bbox 1833 1894 1953 1934; x_wconf 84' lang='lat' dir='ltr'><strong>esse</strong></span> 
     </span>
    </p>
   </div>
   <div class='ocr_carea' id='block_1_35' title="bbox 369 1966 1950 2039">
    <p class='ocr_par' dir='ltr' id='par_1_35' title="bbox 369 1966 1950 2039">
     <span class='ocr_line' id='line_1_35' title="bbox 369 1966 1950 2039; baseline 0.004 -19"><span class='ocrx_word' id='word_1_265' title='bbox 369 1966 656 2032; x_wconf 86' lang='lat' dir='ltr'><strong>contraria,</strong></span> <span class='ocrx_word' id='word_1_266' title='bbox 679 1966 942 2037; x_wconf 86' lang='lat' dir='ltr'><strong>simulque</strong></span> <span class='ocrx_word' id='word_1_267' title='bbox 962 1968 1290 2039; x_wconf 82' lang='lat' dir='ltr'><strong>interrogare</strong></span> <span class='ocrx_word' id='word_1_268' title='bbox 1312 1968 1530 2036; x_wconf 91' lang='lat' dir='ltr'><strong>multos,</strong></span> <span class='ocrx_word' id='word_1_269' title='bbox 1552 1971 1595 2024; x_wconf 92' lang='lat' dir='ltr'><strong>si</strong></span> <span class='ocrx_word' id='word_1_270' title='bbox 1621 1970 1787 2025; x_wconf 87' lang='lat' dir='ltr'><strong>virtus</strong></span> <span class='ocrx_word' id='word_1_271' title='bbox 1810 1970 1950 2026; x_wconf 89' lang='lat' dir='ltr'><strong>beati</strong></span> 
     </span>
    </p>
   </div>
   <div class='ocr_carea' id='block_1_36' title="bbox 372 2056 1952 2130">
    <p class='ocr_par' dir='ltr' id='par_1_36' title="bbox 372 2056 1952 2130">
     <span class='ocr_line' id='line_1_36' title="bbox 372 2056 1952 2130; baseline 0.003 -19"><span class='ocrx_word' id='word_1_272' title='bbox 372 2056 581 2111; x_wconf 72' lang='lat' dir='ltr'><strong>Martini</strong></span> <span class='ocrx_word' id='word_1_273' title='bbox 624 2056 692 2112; x_wconf 86' lang='lat' dir='ltr'><strong>de</strong></span> <span class='ocrx_word' id='word_1_274' title='bbox 731 2059 981 2126; x_wconf 87' lang='lat' dir='ltr'><strong>pra-senti</strong></span> <span class='ocrx_word' id='word_1_275' title='bbox 1023 2059 1452 2114; x_wconf 81' lang='lat' dir='ltr'><strong>mattil‘cstarctur</strong></span> <span class='ocrx_word' id='word_1_276' title='bbox 1493 2060 1544 2113; x_wconf 91' lang='lat' dir='ltr'><strong>in</strong></span> <span class='ocrx_word' id='word_1_277' title='bbox 1578 2060 1831 2130; x_wconf 79' lang='lat' dir='ltr'><strong>perfidis?</strong></span> <span class='ocrx_word' id='word_1_278' title='bbox 1860 2071 1952 2115; x_wconf 92' lang='lat' dir='ltr'><strong>aut</strong></span> 
     </span>
    </p>
   </div>
   <div class='ocr_carea' id='block_1_37' title="bbox 369 2149 1951 2219">
    <p class='ocr_par' dir='ltr' id='par_1_37' title="bbox 369 2149 1951 2219">
     <span class='ocr_line' id='line_1_37' title="bbox 369 2149 1951 2219; baseline 0.004 -17"><span class='ocrx_word' id='word_1_279' title='bbox 369 2159 530 2209; x_wconf 85' lang='lat' dir='ltr'><strong>certe,</strong></span> <span class='ocrx_word' id='word_1_280' title='bbox 562 2153 607 2203; x_wconf 91' lang='lat' dir='ltr'><strong>sl</strong></span> <span class='ocrx_word' id='word_1_281' title='bbox 635 2149 828 2218; x_wconf 84' lang='lat' dir='ltr'><strong>aliquis</strong></span> <span class='ocrx_word' id='word_1_282' title='bbox 863 2150 1108 2218; x_wconf 89' lang='lat' dir='ltr'><strong>iniuriam</strong></span> <span class='ocrx_word' id='word_1_283' title='bbox 1138 2150 1191 2205; x_wconf 94' lang='lat' dir='ltr'><strong>in</strong></span> <span class='ocrx_word' id='word_1_284' title='bbox 1219 2165 1340 2206; x_wconf 88' lang='lat' dir='ltr'><strong>eum</strong></span> <span class='ocrx_word' id='word_1_285' title='bbox 1364 2151 1703 2219; x_wconf 86' lang='lat' dir='ltr'><strong>sperantibus</strong></span> <span class='ocrx_word' id='word_1_286' title='bbox 1743 2152 1951 2208; x_wconf 90' lang='lat' dir='ltr'><strong>intulis-</strong></span> 
     </span>
    </p>
   </div>
   <div class='ocr_carea' id='block_1_38' title="bbox 368 2242 1946 2316">
    <p class='ocr_par' dir='ltr' id='par_1_38' title="bbox 368 2242 1946 2316">
     <span class='ocr_line' id='line_1_38' title="bbox 368 2242 1946 2316; baseline 0.004 -21"><span class='ocrx_word' id='word_1_287' title='bbox 368 2251 464 2309; x_wconf 83' lang='lat' dir='ltr'><strong>set,</strong></span> <span class='ocrx_word' id='word_1_288' title='bbox 491 2242 538 2296; x_wconf 91' lang='lat' dir='ltr'><strong>si</strong></span> <span class='ocrx_word' id='word_1_289' title='bbox 578 2243 816 2311; x_wconf 86' lang='lat' dir='ltr'><strong>protinus</strong></span> <span class='ocrx_word' id='word_1_290' title='bbox 844 2243 973 2298; x_wconf 90' lang='lat' dir='ltr'><strong>ultio</strong></span> <span class='ocrx_word' id='word_1_291' title='bbox 1009 2245 1366 2314; x_wconf 80' lang='lat' dir='ltr'><strong>sequeretur?</strong></span> <span class='ocrx_word' id='word_1_292' title='bbox 1397 2246 1561 2315; x_wconf 90' lang='lat' dir='ltr'><strong>Igitur</strong></span> <span class='ocrx_word' id='word_1_293' title='bbox 1603 2246 1911 2316; x_wconf 88' lang='lat' dir='ltr'><strong>postpositis</strong></span> <span class='ocrx_word' id='word_1_294' title='bbox 1931 2287 1946 2313; x_wconf 93' lang='lat'><strong>,</strong></span> 
     </span>
    </p>
   </div>
   <div class='ocr_carea' id='block_1_39' title="bbox 367 2333 1951 2408">
    <p class='ocr_par' dir='ltr' id='par_1_39' title="bbox 367 2333 1951 2408">
     <span class='ocr_line' id='line_1_39' title="bbox 367 2333 1951 2408; baseline 0.005 -21"><span class='ocrx_word' id='word_1_295' title='bbox 367 2343 422 2387; x_wconf 87' lang='lat' dir='ltr'><strong>ut</strong></span> <span class='ocrx_word' id='word_1_296' title='bbox 451 2333 712 2402; x_wconf 80' lang='lat' dir='ltr'><strong>diximus,</strong></span> <span class='ocrx_word' id='word_1_297' title='bbox 748 2335 879 2390; x_wconf 82' lang='lat' dir='ltr'><strong>viris</strong></span> <span class='ocrx_word' id='word_1_298' title='bbox 909 2335 999 2404; x_wconf 91' lang='lat' dir='ltr'><strong>qui</strong></span> <span class='ocrx_word' id='word_1_299' title='bbox 1048 2337 1209 2408; x_wconf 79' lang='lat'><strong>353</strong></span> <span class='ocrx_word' id='word_1_300' title='bbox 1241 2336 1306 2391; x_wconf 91' lang='lat' dir='ltr'><strong>ad</strong></span> <span class='ocrx_word' id='word_1_301' title='bbox 1342 2337 1591 2392; x_wconf 84' lang='lat' dir='ltr'><strong>solatium</strong></span> <span class='ocrx_word' id='word_1_302' title='bbox 1623 2338 1737 2407; x_wconf 86' lang='lat' dir='ltr'><strong>eius</strong></span> <span class='ocrx_word' id='word_1_303' title='bbox 1767 2339 1951 2395; x_wconf 87' lang='lat' dir='ltr'><strong>venire</strong></span> 
     </span>
    </p>
   </div>
   <div class='ocr_carea' id='block_1_40' title="bbox 367 2419 1950 2493">
    <p class='ocr_par' dir='ltr' id='par_1_40' title="bbox 367 2419 1950 2493">
     <span class='ocr_line' id='line_1_40' title="bbox 367 2419 1950 2493; baseline 0.004 -17"><span class='ocrx_word' id='word_1_304' title='bbox 367 2419 678 2487; x_wconf 77' lang='lat' dir='ltr'><strong>debuerant,</strong></span> <span class='ocrx_word' id='word_1_305' title='bbox 715 2425 827 2493; x_wconf 89' lang='lat' dir='ltr'><strong>ipse</strong></span> <span class='ocrx_word' id='word_1_306' title='bbox 863 2425 928 2477; x_wconf 89' lang='lat' dir='ltr'><strong>ad</strong></span> <span class='ocrx_word' id='word_1_307' title='bbox 961 2425 1232 2480; x_wconf 89' lang='lat' dir='ltr'><strong>basilicam</strong></span> <span class='ocrx_word' id='word_1_308' title='bbox 1281 2437 1518 2482; x_wconf 89' lang='lat' dir='ltr'><strong>sanctam</strong></span> <span class='ocrx_word' id='word_1_309' title='bbox 1549 2429 1800 2482; x_wconf 76' lang='lat' dir='ltr'><strong>accessit.</strong></span> <span class='ocrx_word' id='word_1_310' title='bbox 1829 2429 1950 2485; x_wconf 90' lang='lat' dir='ltr'><strong>Sta-</strong></span> 
     </span>
    </p>
   </div>
   <div class='ocr_carea' id='block_1_41' title="bbox 368 2514 1950 2591">
    <p class='ocr_par' dir='ltr' id='par_1_41' title="bbox 368 2514 1950 2591">
     <span class='ocr_line' id='line_1_41' title="bbox 368 2514 1950 2591; baseline 0.004 -23"><span class='ocrx_word' id='word_1_311' title='bbox 368 2514 570 2591; x_wconf 76' lang='lat' dir='ltr'><strong>timque</strong></span> <span class='ocrx_word' id='word_1_312' title='bbox 599 2514 796 2571; x_wconf 80' lang='lat' dir='ltr'><strong>infelici</strong></span> <span class='ocrx_word' id='word_1_313' title='bbox 827 2517 1077 2572; x_wconf 83' lang='lat' dir='ltr'><strong>Eberull‘o</strong></span> <span class='ocrx_word' id='word_1_314' title='bbox 1107 2517 1446 2586; x_wconf 88' lang='lat' dir='ltr'><strong>coniunctus,</strong></span> <span class='ocrx_word' id='word_1_315' title='bbox 1465 2531 1797 2575; x_wconf 78' lang='lat' dir='ltr'><strong>sacramenta</strong></span> <span class='ocrx_word' id='word_1_316' title='bbox 1821 2522 1950 2575; x_wconf 80' lang='lat' dir='ltr'><strong>dare</strong></span> 
     </span>
    </p>
   </div>
   <div class='ocr_carea' id='block_1_42' title="bbox 369 2606 1948 2680">
    <p class='ocr_par' dir='ltr' id='par_1_42' title="bbox 369 2606 1948 2680">
     <span class='ocr_line' id='line_1_42' title="bbox 369 2606 1948 2680; baseline 0.003 -18"><span class='ocrx_word' id='word_1_317' title='bbox 369 2607 551 2674; x_wconf 69' lang='lat' dir='ltr'><strong>coepit,</strong></span> <span class='ocrx_word' id='word_1_318' title='bbox 584 2620 647 2660; x_wconf 87' lang='lat' dir='ltr'><strong>ae</strong></span> <span class='ocrx_word' id='word_1_319' title='bbox 671 2606 850 2676; x_wconf 88' lang='lat' dir='ltr'><strong>iurare</strong></span> <span class='ocrx_word' id='word_1_320' title='bbox 880 2624 972 2677; x_wconf 84' lang='lat' dir='ltr'><strong>per</strong></span> <span class='ocrx_word' id='word_1_321' title='bbox 993 2610 1171 2664; x_wconf 86' lang='lat' dir='ltr'><strong>omnia</strong></span> <span class='ocrx_word' id='word_1_322' title='bbox 1198 2622 1557 2680; x_wconf 89' lang='lat' dir='ltr'><strong>sacrosancta,</strong></span> <span class='ocrx_word' id='word_1_323' title='bbox 1591 2612 1676 2668; x_wconf 90' lang='lat' dir='ltr'><strong>vel</strong></span> <span class='ocrx_word' id='word_1_324' title='bbox 1702 2612 1948 2667; x_wconf 87' lang='lat' dir='ltr'><strong>virtutem</strong></span> 
     </span>
    </p>
   </div>
   <div class='ocr_carea' id='block_1_43' title="bbox 368 2695 1952 2770">
    <p class='ocr_par' dir='ltr' id='par_1_43' title="bbox 368 2695 1952 2770">
     <span class='ocr_line' id='line_1_43' title="bbox 368 2695 1952 2770; baseline 0.006 -23"><span class='ocrx_word' id='word_1_325' title='bbox 368 2695 648 2761; x_wconf 55' lang='lat' dir='ltr'><strong>praesentis</strong></span> <span class='ocrx_word' id='word_1_326' title='bbox 694 2697 968 2764; x_wconf 88' lang='lat' dir='ltr'><strong>antistitis,</strong></span> <span class='ocrx_word' id='word_1_327' title='bbox 999 2698 1200 2752; x_wconf 91' lang='lat' dir='ltr'><strong>nullum</strong></span> <span class='ocrx_word' id='word_1_328' title='bbox 1239 2699 1292 2754; x_wconf 92' lang='lat' dir='ltr'><strong>in</strong></span> <span class='ocrx_word' id='word_1_329' title='bbox 1324 2701 1499 2755; x_wconf 89' lang='lat' dir='ltr'><strong>causis</strong></span> <span class='ocrx_word' id='word_1_330' title='bbox 1525 2700 1642 2770; x_wconf 89' lang='lat' dir='ltr'><strong>eius</strong></span> <span class='ocrx_word' id='word_1_331' title='bbox 1681 2700 1794 2758; x_wconf 85' lang='lat' dir='ltr'><strong>fore</strong></span> <span class='ocrx_word' id='word_1_332' title='bbox 1822 2701 1952 2757; x_wconf 82' lang='lat' dir='ltr'><strong>lide-</strong></span> 
     </span>
    </p>
   </div>
   <div class='ocr_carea' id='block_1_44' title="bbox 369 2785 1947 2860">
    <p class='ocr_par' dir='ltr' id='par_1_44' title="bbox 369 2785 1947 2860">
     <span class='ocr_line' id='line_1_44' title="bbox 369 2785 1947 2860; baseline 0.006 -21"><span class='ocrx_word' id='word_1_333' title='bbox 369 2785 576 2852; x_wconf 91' lang='lat' dir='ltr'><strong>Iiorem,</strong></span> <span class='ocrx_word' id='word_1_334' title='bbox 601 2787 689 2856; x_wconf 91' lang='lat' dir='ltr'><strong>qui</strong></span> <span class='ocrx_word' id='word_1_335' title='bbox 713 2787 784 2841; x_wconf 89' lang='lat' dir='ltr'><strong>ita</strong></span> <span class='ocrx_word' id='word_1_336' title='bbox 808 2802 927 2842; x_wconf 89' lang='lat' dir='ltr'><strong>eum</strong></span> <span class='ocrx_word' id='word_1_337' title='bbox 955 2804 1081 2859; x_wconf 87' lang='lat' dir='ltr'><strong>rege</strong></span> <span class='ocrx_word' id='word_1_338' title='bbox 1109 2803 1298 2844; x_wconf 87' lang='lat' dir='ltr'><strong>causas</strong></span> <span class='ocrx_word' id='word_1_339' title='bbox 1319 2789 1432 2858; x_wconf 90' lang='lat' dir='ltr'><strong>eius</strong></span> <span class='ocrx_word' id='word_1_340' title='bbox 1453 2793 1622 2860; x_wconf 89' lang='lat' dir='ltr'><strong>possit</strong></span> <span class='ocrx_word' id='word_1_341' title='bbox 1635 2806 1884 2848; x_wconf 80' lang='lat' dir='ltr'><strong>exserere</strong></span> <span class='ocrx_word' id='word_1_342' title='bbox 1900 2802 1947 2848; x_wconf 77' lang='grc' dir='ltr'><strong>ε’.</strong></span> 
     </span>
    </p>
   </div>
   <div class='ocr_carea' id='block_1_45' title="bbox 370 2875 1948 2949">
    <p class='ocr_par' dir='ltr' id='par_1_45' title="bbox 370 2875 1948 2949">
     <span class='ocr_line' id='line_1_45' title="bbox 370 2875 1948 2949; baseline 0.004 -18"><span class='ocrx_word' id='word_1_343' title='bbox 370 2875 480 2933; x_wconf 82' lang='lat' dir='ltr'><strong>Hoc</strong></span> <span class='ocrx_word' id='word_1_344' title='bbox 505 2879 650 2933; x_wconf 92' lang='lat' dir='ltr'><strong>enim</strong></span> <span class='ocrx_word' id='word_1_345' title='bbox 678 2879 815 2949; x_wconf 81' lang='lat' dir='ltr'><strong>apud</strong></span> <span class='ocrx_word' id='word_1_346' title='bbox 859 2894 918 2935; x_wconf 93' lang='lat' dir='ltr'><strong>se</strong></span> <span class='ocrx_word' id='word_1_347' title='bbox 947 2881 1227 2936; x_wconf 83' lang='lat' dir='ltr'><strong>consilium</strong></span> <span class='ocrx_word' id='word_1_348' title='bbox 1269 2881 1531 2937; x_wconf 89' lang='lat' dir='ltr'><strong>habuerat</strong></span> <span class='ocrx_word' id='word_1_349' title='bbox 1570 2883 1900 2939; x_wconf 85' lang='lat' dir='ltr'><strong>miserrimus</strong></span> <span class='ocrx_word' id='word_1_350' title='bbox 1934 2899 1948 2936; x_wconf 92' lang='lat'>:</span> 
     </span>
    </p>
   </div>
   <div class='ocr_carea' id='block_1_46' title="bbox 369 2969 1946 3043">
    <p class='ocr_par' dir='ltr' id='par_1_46' title="bbox 369 2969 1946 3043">
     <span class='ocr_line' id='line_1_46' title="bbox 369 2969 1946 3043; baseline 0.004 -20"><span class='ocrx_word' id='word_1_351' title='bbox 369 2969 477 3024; x_wconf 84' lang='lat' dir='ltr'><strong>Nisi</strong></span> <span class='ocrx_word' id='word_1_352' title='bbox 521 2985 644 3026; x_wconf 88' lang='lat' dir='ltr'><strong>eum</strong></span> <span class='ocrx_word' id='word_1_353' title='bbox 687 2971 979 3042; x_wconf 87' lang='lat' dir='ltr'><strong>peierando</strong></span> <span class='ocrx_word' id='word_1_354' title='bbox 1013 2973 1300 3043; x_wconf 84' lang='lat' dir='ltr'><strong>decepere,</strong></span> <span class='ocrx_word' id='word_1_355' title='bbox 1339 2989 1444 3029; x_wconf 90' lang='lat' dir='ltr'><strong>non</strong></span> <span class='ocrx_word' id='word_1_356' title='bbox 1493 2975 1724 3032; x_wconf 88' lang='lat' dir='ltr'><strong>vincam.</strong></span> <span class='ocrx_word' id='word_1_357' title='bbox 1752 2974 1946 3030; x_wconf 81' lang='lat' dir='ltr'><strong>Verum</strong></span> 
     </span>
    </p>
   </div>
   <div class='ocr_carea' id='block_1_47' title="bbox 370 3059 1947 3135">
    <p class='ocr_par' dir='ltr' id='par_1_47' title="bbox 370 3059 1947 3135">
     <span class='ocr_line' id='line_1_47' title="bbox 370 3059 1947 3135; baseline 0.004 -20"><span class='ocrx_word' id='word_1_358' title='bbox 370 3059 455 3115; x_wconf 85' lang='lat' dir='ltr'><strong>ubi</strong></span> <span class='ocrx_word' id='word_1_359' title='bbox 482 3061 614 3116; x_wconf 87' lang='lat' dir='ltr'><strong>vidit</strong></span> <span class='ocrx_word' id='word_1_360' title='bbox 642 3063 946 3132; x_wconf 85' lang='lat' dir='ltr'><strong>Eberulfus,</strong></span> <span class='ocrx_word' id='word_1_361' title='bbox 979 3066 1117 3135; x_wconf 90' lang='lat' dir='ltr'><strong>quod</strong></span> <span class='ocrx_word' id='word_1_362' title='bbox 1147 3068 1193 3120; x_wconf 92' lang='lat' dir='ltr'><strong>ei</strong></span> <span class='ocrx_word' id='word_1_363' title='bbox 1227 3067 1348 3120; x_wconf 90' lang='lat' dir='ltr'><strong>talia</strong></span> <span class='ocrx_word' id='word_1_364' title='bbox 1378 3081 1498 3121; x_wconf 88' lang='lat' dir='ltr'><strong>cum</strong></span> <span class='ocrx_word' id='word_1_365' title='bbox 1528 3078 1864 3122; x_wconf 88' lang='lat' dir='ltr'><strong>sacramento</strong></span> <span class='ocrx_word' id='word_1_366' title='bbox 1895 3069 1947 3122; x_wconf 93' lang='lat' dir='ltr'><strong>in</strong></span> 
     </span>
    </p>
   </div>
   <div class='ocr_carea' id='block_1_48' title="bbox 2057 1877 3629 1947">
    <p class='ocr_par' dir='ltr' id='par_1_48' title="bbox 2057 1877 3629 1947">
     <span class='ocr_line' id='line_1_48' title="bbox 2057 1877 3629 1947; baseline -0.003 -14"><span class='ocrx_word' id='word_1_367' title='bbox 2057 1880 2181 1933; x_wconf 90' lang='lat' dir='ltr'><strong>dum</strong></span> <span class='ocrx_word' id='word_1_368' title='bbox 2211 1878 2336 1932; x_wconf 91' lang='lat' dir='ltr'><strong>dum</strong></span> <span class='ocrx_word' id='word_1_369' title='bbox 2373 1887 2644 1933; x_wconf 87' lang='lat' dir='ltr'><strong>teneretur</strong></span> <span class='ocrx_word' id='word_1_370' title='bbox 2681 1879 2916 1947; x_wconf 86' lang='lat' dir='ltr'><strong>adaptat.</strong></span> <span class='ocrx_word' id='word_1_371' title='bbox 2958 1877 3197 1944; x_wconf 84' lang='lat' dir='ltr'><strong>Cumque</strong></span> <span class='ocrx_word' id='word_1_372' title='bbox 3239 1877 3496 1930; x_wconf 83' lang='lat' dir='ltr'><strong>Claudius</strong></span> <span class='ocrx_word' id='word_1_373' title='bbox 3524 1877 3629 1929; x_wconf 77' lang='lat' dir='ltr'><strong>ele-</strong></span> 
     </span>
    </p>
   </div>
   <div class='ocr_carea' id='block_1_49' title="bbox 2053 1965 3628 2035">
    <p class='ocr_par' dir='ltr' id='par_1_49' title="bbox 2053 1965 3628 2035">
     <span class='ocr_line' id='line_1_49' title="bbox 2053 1965 3628 2035; baseline -0.005 -12"><span class='ocrx_word' id='word_1_374' title='bbox 2053 1980 2171 2023; x_wconf 70' lang='lat' dir='ltr'><strong>uta</strong></span> <span class='ocrx_word' id='word_1_375' title='bbox 2205 1968 2424 2023; x_wconf 82' lang='lat' dir='ltr'><strong>dextera</strong></span> <span class='ocrx_word' id='word_1_376' title='bbox 2469 1967 2696 2022; x_wconf 88' lang='lat' dir='ltr'><strong>cultrum</strong></span> <span class='ocrx_word' id='word_1_377' title='bbox 2728 1968 2841 2035; x_wconf 87' lang='lat' dir='ltr'><strong>eius</strong></span> <span class='ocrx_word' id='word_1_378' title='bbox 2887 1967 3086 2035; x_wconf 89' lang='lat' dir='ltr'><strong>pectori</strong></span> <span class='ocrx_word' id='word_1_379' title='bbox 3120 1966 3407 2034; x_wconf 87' lang='lat' dir='ltr'><strong>iniecisset,</strong></span> <span class='ocrx_word' id='word_1_380' title='bbox 3445 1974 3494 2018; x_wconf 89' lang='lat' dir='ltr'><strong>et</strong></span> <span class='ocrx_word' id='word_1_381' title='bbox 3541 1965 3628 2017; x_wconf 84' lang='lat' dir='ltr'><strong>ille</strong></span> 
     </span>
    </p>
   </div>
   <div class='ocr_carea' id='block_1_50' title="bbox 2052 2055 3627 2129">
    <p class='ocr_par' dir='ltr' id='par_1_50' title="bbox 2052 2055 3627 2129">
     <span class='ocr_line' id='line_1_50' title="bbox 2052 2055 3627 2129; baseline -0.004 -16"><span class='ocrx_word' id='word_1_382' title='bbox 2052 2075 2158 2114; x_wconf 91' lang='lat' dir='ltr'><strong>non</strong></span> <span class='ocrx_word' id='word_1_383' title='bbox 2187 2060 2420 2129; x_wconf 85' lang='lat' dir='ltr'><strong>segniter</strong></span> <span class='ocrx_word' id='word_1_384' title='bbox 2463 2057 2561 2112; x_wconf 90' lang='lat' dir='ltr'><strong>sub</strong></span> <span class='ocrx_word' id='word_1_385' title='bbox 2601 2058 2791 2112; x_wconf 90' lang='lat' dir='ltr'><strong>ascclla</strong></span> <span class='ocrx_word' id='word_1_386' title='bbox 2840 2057 2981 2110; x_wconf 94' lang='lat' dir='ltr'><strong>illius</strong></span> <span class='ocrx_word' id='word_1_387' title='bbox 3014 2056 3291 2125; x_wconf 83' lang='lat' dir='ltr'><strong>pugionem</strong></span> <span class='ocrx_word' id='word_1_388' title='bbox 3334 2055 3627 2118; x_wconf 87' lang='lat' dir='ltr'><strong>delixisset,</strong></span> 
     </span>
    </p>
   </div>
   <div class='ocr_carea' id='block_1_51' title="bbox 2051 2147 3628 2222">
    <p class='ocr_par' dir='ltr' id='par_1_51' title="bbox 2051 2147 3628 2222">
     <span class='ocr_line' id='line_1_51' title="bbox 2051 2147 3628 2222; baseline -0.006 -14"><span class='ocrx_word' id='word_1_389' title='bbox 2051 2160 2389 2222; x_wconf 87' lang='lat' dir='ltr'><strong>retraeloque</strong></span> <span class='ocrx_word' id='word_1_390' title='bbox 2415 2151 2480 2204; x_wconf 89' lang='lat' dir='ltr'><strong>ad</strong></span> <span class='ocrx_word' id='word_1_391' title='bbox 2503 2165 2583 2217; x_wconf 90' lang='lat' dir='ltr'><strong>se,</strong></span> <span class='ocrx_word' id='word_1_392' title='bbox 2613 2150 2803 2204; x_wconf 89' lang='lat' dir='ltr'><strong>librato</strong></span> <span class='ocrx_word' id='word_1_393' title='bbox 2828 2151 2930 2204; x_wconf 91' lang='lat' dir='ltr'><strong>ictu</strong></span> <span class='ocrx_word' id='word_1_394' title='bbox 2963 2151 3206 2217; x_wconf 80' lang='lat' dir='ltr'><strong>pollicem</strong></span> <span class='ocrx_word' id='word_1_395' title='bbox 3227 2147 3432 2203; x_wconf 88' lang='lat' dir='ltr'><strong>Claudii</strong></span> <span class='ocrx_word' id='word_1_396' title='bbox 3463 2148 3628 2200; x_wconf 89' lang='lat' dir='ltr'><strong>inter—</strong></span> 
     </span>
    </p>
   </div>
   <div class='ocr_carea' id='block_1_52' title="bbox 2050 2236 3625 2307">
    <p class='ocr_par' dir='ltr' id='par_1_52' title="bbox 2050 2236 3625 2307">
     <span class='ocr_line' id='line_1_52' title="bbox 2050 2236 3625 2307; baseline -0.005 -9"><span class='ocrx_word' id='word_1_397' title='bbox 2050 2242 2199 2298; x_wconf 87' lang='lat' dir='ltr'><strong>cidit.</strong></span> <span class='ocrx_word' id='word_1_398' title='bbox 2246 2241 2322 2294; x_wconf 83' lang='lat' dir='ltr'><strong>Ex</strong></span> <span class='ocrx_word' id='word_1_399' title='bbox 2361 2240 2462 2294; x_wconf 90' lang='lat' dir='ltr'><strong>hoc</strong></span> <span class='ocrx_word' id='word_1_400' title='bbox 2500 2241 2886 2293; x_wconf 75' lang='lat' dir='ltr'><strong>convenientes</strong></span> <span class='ocrx_word' id='word_1_401' title='bbox 2917 2239 3062 2306; x_wconf 90' lang='lat' dir='ltr'><strong>pueri</strong></span> <span class='ocrx_word' id='word_1_402' title='bbox 3091 2237 3208 2307; x_wconf 89' lang='lat' dir='ltr'><strong>eius</strong></span> <span class='ocrx_word' id='word_1_403' title='bbox 3237 2252 3357 2292; x_wconf 92' lang='lat' dir='ltr'><strong>cum</strong></span> <span class='ocrx_word' id='word_1_404' title='bbox 3395 2236 3586 2305; x_wconf 88' lang='lat' dir='ltr'><strong>gladiis</strong></span> <span class='ocrx_word' id='word_1_405' title='bbox 3609 2276 3625 2301; x_wconf 92' lang='lat'><strong>,</strong></span> 
     </span>
    </p>
   </div>
   <div class='ocr_carea' id='block_1_53' title="bbox 2054 2329 3625 2397">
    <p class='ocr_par' dir='ltr' id='par_1_53' title="bbox 2054 2329 3625 2397">
     <span class='ocr_line' id='line_1_53' title="bbox 2054 2329 3625 2397; baseline -0.006 -7"><span class='ocrx_word' id='word_1_406' title='bbox 2054 2333 2361 2390; x_wconf 87' lang='lat' dir='ltr'><strong>Ebcrnlfum</strong></span> <span class='ocrx_word' id='word_1_407' title='bbox 2382 2333 2608 2388; x_wconf 80' lang='lat' dir='ltr'><strong>diversis</strong></span> <span class='ocrx_word' id='word_1_408' title='bbox 2627 2332 2817 2386; x_wconf 87' lang='lat' dir='ltr'><strong>ictibus</strong></span> <span class='ocrx_word' id='word_1_409' title='bbox 2835 2331 3095 2386; x_wconf 80' lang='lat' dir='ltr'><strong>sauciant.</strong></span> <span class='ocrx_word' id='word_1_410' title='bbox 3119 2331 3352 2397; x_wconf 88' lang='lat' dir='ltr'><strong>Quorum</strong></span> <span class='ocrx_word' id='word_1_411' title='bbox 3379 2329 3444 2383; x_wconf 88' lang='lat' dir='ltr'><strong>de</strong></span> <span class='ocrx_word' id='word_1_412' title='bbox 3467 2343 3625 2382; x_wconf 91' lang='lat' dir='ltr'><strong>manu</strong></span> 
     </span>
    </p>
   </div>
   <div class='ocr_carea' id='block_1_54' title="bbox 2051 2420 3627 2494">
    <p class='ocr_par' dir='ltr' id='par_1_54' title="bbox 2051 2420 3627 2494">
     <span class='ocr_line' id='line_1_54' title="bbox 2051 2420 3627 2494; baseline -0.006 -15"><span class='ocrx_word' id='word_1_413' title='bbox 2051 2426 2307 2494; x_wconf 87' lang='lat' dir='ltr'><strong>dilapsus,</strong></span> <span class='ocrx_word' id='word_1_414' title='bbox 2338 2423 2462 2478; x_wconf 87' lang='lat' dir='ltr'><strong>dum</strong></span> <span class='ocrx_word' id='word_1_415' title='bbox 2496 2423 2675 2493; x_wconf 81' lang='lat' dir='ltr'><strong>fugere</strong></span> <span class='ocrx_word' id='word_1_416' title='bbox 2710 2423 2815 2490; x_wconf 82' lang='lat' dir='ltr'><strong>iam</strong></span> <span class='ocrx_word' id='word_1_417' title='bbox 2843 2420 3103 2476; x_wconf 86' lang='lat' dir='ltr'><strong>exanimis</strong></span> <span class='ocrx_word' id='word_1_418' title='bbox 3147 2420 3419 2484; x_wconf 88' lang='lat' dir='ltr'><strong>niteretur,</strong></span> <span class='ocrx_word' id='word_1_419' title='bbox 3452 2428 3627 2473; x_wconf 57' lang='lat' dir='ltr'><strong>extra.</strong></span> 
     </span>
    </p>
   </div>
   <div class='ocr_carea' id='block_1_55' title="bbox 2049 2510 3624 2588">
    <p class='ocr_par' dir='ltr' id='par_1_55' title="bbox 2049 2510 3624 2588">
     <span class='ocr_line' id='line_1_55' title="bbox 2049 2510 3624 2588; baseline -0.006 -17"><span class='ocrx_word' id='word_1_420' title='bbox 2049 2529 2136 2572; x_wconf 92' lang='lat' dir='ltr'><strong>cto</strong></span> <span class='ocrx_word' id='word_1_421' title='bbox 2163 2517 2336 2588; x_wconf 85' lang='lat' dir='ltr'><strong>gladio</strong></span> <span class='ocrx_word' id='word_1_422' title='bbox 2357 2524 2512 2584; x_wconf 89' lang='lat' dir='ltr'><strong>caput</strong></span> <span class='ocrx_word' id='word_1_423' title='bbox 2536 2513 2652 2584; x_wconf 87' lang='lat' dir='ltr'><strong>eius</strong></span> <span class='ocrx_word' id='word_1_424' title='bbox 2680 2512 2993 2582; x_wconf 85' lang='lat' dir='ltr'><strong>gravissime</strong></span> <span class='ocrx_word' id='word_1_425' title='bbox 3022 2511 3319 2575; x_wconf 84' lang='lat' dir='ltr'><strong>verberant,</strong></span> <span class='ocrx_word' id='word_1_426' title='bbox 3347 2510 3624 2578; x_wconf 87' lang='lat' dir='ltr'><strong>effusoque</strong></span> 
     </span>
    </p>
   </div>
   <div class='ocr_carea' id='block_1_56' title="bbox 2051 2602 3625 2672">
    <p class='ocr_par' dir='ltr' id='par_1_56' title="bbox 2051 2602 3625 2672">
     <span class='ocr_line' id='line_1_56' title="bbox 2051 2602 3625 2672; baseline -0.006 -8"><span class='ocrx_word' id='word_1_427' title='bbox 2051 2613 2274 2666; x_wconf 85' lang='lat' dir='ltr'><strong>cerebro</strong></span> <span class='ocrx_word' id='word_1_428' title='bbox 2305 2608 2516 2668; x_wconf 81' lang='lat' dir='ltr'><strong>cecidit,</strong></span> <span class='ocrx_word' id='word_1_429' title='bbox 2549 2617 2602 2661; x_wconf 93' lang='lat' dir='ltr'><strong>et</strong></span> <span class='ocrx_word' id='word_1_430' title='bbox 2630 2615 2869 2660; x_wconf 88' lang='lat' dir='ltr'><strong>mortuus</strong></span> <span class='ocrx_word' id='word_1_431' title='bbox 2897 2614 3011 2670; x_wconf 88' lang='lat' dir='ltr'><strong>est;</strong></span> <span class='ocrx_word' id='word_1_432' title='bbox 3042 2618 3137 2657; x_wconf 89' lang='lat' dir='ltr'><strong>nec</strong></span> <span class='ocrx_word' id='word_1_433' title='bbox 3161 2602 3450 2672; x_wconf 87' lang='lat' dir='ltr'><strong>promeruit</strong></span> <span class='ocrx_word' id='word_1_434' title='bbox 3476 2602 3542 2654; x_wconf 79' lang='lat' dir='ltr'><strong>ab</strong></span> <span class='ocrx_word' id='word_1_435' title='bbox 3564 2617 3625 2655; x_wconf 85' lang='lat' dir='ltr'><strong>eo</strong></span> 
     </span>
    </p>
   </div>
   <div class='ocr_carea' id='block_1_57' title="bbox 2052 2691 3625 2767">
    <p class='ocr_par' dir='ltr' id='par_1_57' title="bbox 2052 2691 3625 2767">
     <span class='ocr_line' id='line_1_57' title="bbox 2052 2691 3625 2767; baseline -0.007 -14"><span class='ocrx_word' id='word_1_436' title='bbox 2052 2699 2268 2762; x_wconf 84' lang='lat' dir='ltr'><strong>salvari,</strong></span> <span class='ocrx_word' id='word_1_437' title='bbox 2297 2712 2453 2767; x_wconf 89' lang='lat' dir='ltr'><strong>quem</strong></span> <span class='ocrx_word' id='word_1_438' title='bbox 2485 2695 2713 2751; x_wconf 88' lang='lat' dir='ltr'><strong>fideliter</strong></span> <span class='ocrx_word' id='word_1_439' title='bbox 2738 2692 3004 2762; x_wconf 78' lang='lat' dir='ltr'><strong>nunquam’</strong></span> <span class='ocrx_word' id='word_1_440' title='bbox 3030 2691 3288 2746; x_wconf 77' lang='lat' dir='ltr'><strong>intellexit</strong></span> <span class='ocrx_word' id='word_1_441' title='bbox 3317 2706 3625 2757; x_wconf 75' lang='lat' dir='ltr'><strong>exposcere.</strong></span> 
     </span>
    </p>
   </div>
   <div class='ocr_carea' id='block_1_58' title="bbox 2053 2779 3626 2860">
    <p class='ocr_par' dir='ltr' id='par_1_58' title="bbox 2053 2779 3626 2860">
     <span class='ocr_line' id='line_1_58' title="bbox 2053 2779 3626 2860; baseline -0.008 -16"><span class='ocrx_word' id='word_1_442' title='bbox 2053 2790 2214 2860; x_wconf 89' lang='lat' dir='ltr'><strong>Igitur</strong></span> <span class='ocrx_word' id='word_1_443' title='bbox 2241 2779 2494 2842; x_wconf 87' lang='lat' dir='ltr'><strong>Claudius</strong></span> <span class='ocrx_word' id='word_1_444' title='bbox 2535 2787 2724 2839; x_wconf 88' lang='lat' dir='ltr'><strong>timore</strong></span> <span class='ocrx_word' id='word_1_445' title='bbox 2756 2784 3097 2854; x_wconf 29' lang='lat' dir='ltr'><strong>perterritus.</strong></span> <span class='ocrx_word' id='word_1_446' title='bbox 3136 2783 3379 2836; x_wconf 88' lang='lat' dir='ltr'><strong>cellulam</strong></span> <span class='ocrx_word' id='word_1_447' title='bbox 3421 2781 3626 2834; x_wconf 78' lang='lat' dir='ltr'><strong>abbatis</strong></span> 
     </span>
    </p>
   </div>
   <div class='ocr_carea' id='block_1_59' title="bbox 2052 2873 3624 2949">
    <p class='ocr_par' dir='ltr' id='par_1_59' title="bbox 2052 2873 3624 2949">
     <span class='ocr_line' id='line_1_59' title="bbox 2052 2873 3624 2949; baseline -0.007 -14"><span class='ocrx_word' id='word_1_448' title='bbox 2052 2879 2289 2949; x_wconf 88' lang='lat' dir='ltr'><strong>expetiit,</strong></span> <span class='ocrx_word' id='word_1_449' title='bbox 2318 2879 2384 2933; x_wconf 92' lang='lat' dir='ltr'><strong>ab</strong></span> <span class='ocrx_word' id='word_1_450' title='bbox 2411 2892 2476 2933; x_wconf 92' lang='lat' dir='ltr'><strong>eo</strong></span> <span class='ocrx_word' id='word_1_451' title='bbox 2502 2876 2660 2930; x_wconf 89' lang='lat' dir='ltr'><strong>tutari</strong></span> <span class='ocrx_word' id='word_1_452' title='bbox 2687 2891 2745 2930; x_wconf 90' lang='lat' dir='ltr'><strong>se</strong></span> <span class='ocrx_word' id='word_1_453' title='bbox 2769 2875 3012 2944; x_wconf 86' lang='lat' dir='ltr'><strong>cupiens,</strong></span> <span class='ocrx_word' id='word_1_454' title='bbox 3035 2875 3084 2926; x_wconf 91' lang='lat' dir='ltr'><strong>in</strong></span> <span class='ocrx_word' id='word_1_455' title='bbox 3116 2873 3264 2941; x_wconf 85' lang='lat' dir='ltr'><strong>cujus</strong></span> <span class='ocrx_word' id='word_1_456' title='bbox 3297 2883 3576 2941; x_wconf 90' lang='lat' dir='ltr'><strong>patronum</strong></span> <span class='ocrx_word' id='word_1_457' title='bbox 3601 2882 3624 2910; x_wconf 73' lang='grc' dir='ltr'><em>ε</em></span> 
     </span>
    </p>
   </div>
   <div class='ocr_carea' id='block_1_60' title="bbox 2052 2964 3626 3034">
    <p class='ocr_par' dir='ltr' id='par_1_60' title="bbox 2052 2964 3626 3034">
     <span class='ocr_line' id='line_1_60' title="bbox 2052 2964 3626 3034; baseline -0.006 -8"><span class='ocrx_word' id='word_1_458' title='bbox 2052 2969 2404 3026; x_wconf 87' lang='lat' dir='ltr'><strong>reverentiam</strong></span> <span class='ocrx_word' id='word_1_459' title='bbox 2431 2968 2625 3021; x_wconf 89' lang='lat' dir='ltr'><strong>habere</strong></span> <span class='ocrx_word' id='word_1_460' title='bbox 2649 2982 2754 3020; x_wconf 92' lang='lat' dir='ltr'><strong>non</strong></span> <span class='ocrx_word' id='word_1_461' title='bbox 2775 2967 2967 3034; x_wconf 88' lang='lat' dir='ltr'><strong>sapuit.</strong></span> <span class='ocrx_word' id='word_1_462' title='bbox 2994 2965 3086 3018; x_wconf 91' lang='lat' dir='ltr'><strong>Illo</strong></span> <span class='ocrx_word' id='word_1_463' title='bbox 3111 2979 3319 3034; x_wconf 89' lang='lat' dir='ltr'><strong>quoque</strong></span> <span class='ocrx_word' id='word_1_464' title='bbox 3341 2964 3626 3028; x_wconf 88' lang='lat' dir='ltr'><strong>residente,</strong></span> 
     </span>
    </p>
   </div>
   <div class='ocr_carea' id='block_1_61' title="bbox 2051 3055 3626 3127">
    <p class='ocr_par' dir='ltr' id='par_1_61' title="bbox 2051 3055 3626 3127">
     <span class='ocr_line' id='line_1_61' title="bbox 2051 3055 3626 3127; baseline -0.003 -13"><span class='ocrx_word' id='word_1_465' title='bbox 2051 3061 2125 3115; x_wconf 89' lang='lat' dir='ltr'><strong>ait</strong></span> <span class='ocrx_word' id='word_1_466' title='bbox 2156 3078 2167 3112; x_wconf 91' lang='lat'><strong>:</strong></span> <span class='ocrx_word' id='word_1_467' title='bbox 2203 3059 2572 3127; x_wconf 87' lang='lat' dir='ltr'><strong>Perpelratnm</strong></span> <span class='ocrx_word' id='word_1_468' title='bbox 2602 3064 2688 3111; x_wconf 88' lang='lat' dir='ltr'><strong>est</strong></span> <span class='ocrx_word' id='word_1_469' title='bbox 2727 3058 2905 3110; x_wconf 88' lang='lat' dir='ltr'><strong>scelus</strong></span> <span class='ocrx_word' id='word_1_470' title='bbox 2934 3056 3289 3122; x_wconf 90' lang='lat' dir='ltr'><strong>immensum,</strong></span> <span class='ocrx_word' id='word_1_471' title='bbox 3333 3064 3386 3110; x_wconf 92' lang='lat' dir='ltr'><strong>et</strong></span> <span class='ocrx_word' id='word_1_472' title='bbox 3427 3055 3527 3109; x_wconf 88' lang='lat' dir='ltr'><strong>nisi</strong></span> <span class='ocrx_word' id='word_1_473' title='bbox 3574 3065 3626 3109; x_wconf 91' lang='lat' dir='ltr'><strong>tu</strong></span> 
     </span>
    </p>
   </div>
   <div class='ocr_carea' id='block_1_62' title="bbox 368 3146 3625 3227">
    <p class='ocr_par' dir='ltr' id='par_1_62' title="bbox 368 3146 3625 3227">
     <span class='ocr_line' id='line_1_62' title="bbox 368 3146 3625 3227; baseline -0.003 -17"><span class='ocrx_word' id='word_1_474' title='bbox 368 3153 480 3220; x_wconf 76' lang='lat' dir='ltr'><strong>ipsa</strong></span> <span class='ocrx_word' id='word_1_475' title='bbox 512 3152 730 3208; x_wconf 81' lang='lat' dir='ltr'><strong>basilica</strong></span> <span class='ocrx_word' id='word_1_476' title='bbox 758 3169 821 3209; x_wconf 86' lang='lat' dir='ltr'><strong>ac</strong></span> <span class='ocrx_word' id='word_1_477' title='bbox 851 3170 946 3224; x_wconf 86' lang='lat' dir='ltr'><strong>per</strong></span> <span class='ocrx_word' id='word_1_478' title='bbox 967 3157 1229 3227; x_wconf 89' lang='lat' dir='ltr'><strong>porticus,</strong></span> <span class='ocrx_word' id='word_1_479' title='bbox 1261 3167 1315 3212; x_wconf 90' lang='lat' dir='ltr'><strong>et</strong></span> <span class='ocrx_word' id='word_1_480' title='bbox 1335 3157 1541 3227; x_wconf 88' lang='lat' dir='ltr'><strong>singula</strong></span> <span class='ocrx_word' id='word_1_481' title='bbox 1570 3158 1684 3213; x_wconf 88' lang='lat' dir='ltr'><strong>loca</strong></span> <span class='ocrx_word' id='word_1_482' title='bbox 1714 3159 1833 3213; x_wconf 89' lang='lat' dir='ltr'><strong>atrii</strong></span> <span class='ocrx_word' id='word_1_483' title='bbox 1858 3175 1948 3213; x_wconf 86' lang='lat' dir='ltr'><strong>ve-</strong></span> <span class='ocrx_word' id='word_1_484' title='bbox 1977 3149 2021 3209; x_wconf 89' lang='lat' dir='ltr'><strong>C</strong></span> <span class='ocrx_word' id='word_1_485' title='bbox 2050 3149 2383 3212; x_wconf 77' lang='lat' dir='ltr'><strong>Subvencris,</strong></span> <span class='ocrx_word' id='word_1_486' title='bbox 2426 3147 2735 3217; x_wconf 84' lang='lat' dir='ltr'><strong>peribtmus.</strong></span> <span class='ocrx_word' id='word_1_487' title='bbox 2777 3146 2900 3200; x_wconf 65' lang='lat' dir='ltr'><strong>Illuc</strong></span> <span class='ocrx_word' id='word_1_488' title='bbox 2942 3162 3004 3200; x_wconf 89' lang='lat' dir='ltr'><strong>eo</strong></span> <span class='ocrx_word' id='word_1_489' title='bbox 3051 3146 3328 3215; x_wconf 86' lang='lat' dir='ltr'><strong>loquente,</strong></span> <span class='ocrx_word' id='word_1_490' title='bbox 3365 3148 3625 3200; x_wconf 88' lang='lat' dir='ltr'><strong>irruerunt</strong></span> 
     </span>
    </p>
   </div>
   <div class='ocr_carea' id='block_1_63' title="bbox 371 3242 1944 3319">
    <p class='ocr_par' dir='ltr' id='par_1_63' title="bbox 371 3242 1944 3319">
     <span class='ocr_line' id='line_1_63' title="bbox 371 3242 1944 3319; baseline 0.006 -24"><span class='ocrx_word' id='word_1_491' title='bbox 371 3242 602 3297; x_wconf 82' lang='lat' dir='ltr'><strong>ueranda</strong></span> <span class='ocrx_word' id='word_1_492' title='bbox 624 3245 988 3314; x_wconf 85' lang='lat' dir='ltr'><strong>promitteret,</strong></span> <span class='ocrx_word' id='word_1_493' title='bbox 1013 3247 1239 3302; x_wconf 91' lang='lat' dir='ltr'><strong>credidit</strong></span> <span class='ocrx_word' id='word_1_494' title='bbox 1259 3247 1420 3304; x_wconf 90' lang='lat' dir='ltr'><strong>miser</strong></span> <span class='ocrx_word' id='word_1_495' title='bbox 1448 3248 1644 3303; x_wconf 91' lang='lat' dir='ltr'><strong>homini</strong></span> <span class='ocrx_word' id='word_1_496' title='bbox 1668 3248 1944 3319; x_wconf 84' lang='lat' dir='ltr'><strong>peieranti.</strong></span> 
     </span>
    </p>
   </div>
   <div class='ocr_carea' id='block_1_64' title="bbox 375 3333 1949 3410">
    <p class='ocr_par' dir='ltr' id='par_1_64' title="bbox 375 3333 1949 3410">
     <span class='ocr_line' id='line_1_64' title="bbox 375 3333 1949 3410; baseline 0.004 -22"><span class='ocrx_word' id='word_1_497' title='bbox 375 3333 468 3389; x_wconf 85' lang='lat' dir='ltr'><strong>Die</strong></span> <span class='ocrx_word' id='word_1_498' title='bbox 503 3345 682 3390; x_wconf 88' lang='lat' dir='ltr'><strong>autem</strong></span> <span class='ocrx_word' id='word_1_499' title='bbox 728 3336 900 3392; x_wconf 90' lang='lat' dir='ltr'><strong>altero</strong></span> <span class='ocrx_word' id='word_1_500' title='bbox 937 3354 1060 3393; x_wconf 91' lang='lat' dir='ltr'><strong>cum</strong></span> <span class='ocrx_word' id='word_1_501' title='bbox 1097 3354 1194 3393; x_wconf 92' lang='lat' dir='ltr'><strong>nos</strong></span> <span class='ocrx_word' id='word_1_502' title='bbox 1226 3339 1280 3394; x_wconf 93' lang='lat' dir='ltr'><strong>in</strong></span> <span class='ocrx_word' id='word_1_503' title='bbox 1309 3340 1429 3394; x_wconf 79' lang='lat' dir='ltr'><strong>villa</strong></span> <span class='ocrx_word' id='word_1_504' title='bbox 1468 3342 1618 3410; x_wconf 88' lang='lat' dir='ltr'><strong>quasi</strong></span> <span class='ocrx_word' id='word_1_505' title='bbox 1662 3341 1822 3396; x_wconf 90' lang='lat' dir='ltr'><strong>millia</strong></span> <span class='ocrx_word' id='word_1_506' title='bbox 1857 3344 1949 3396; x_wconf 88' lang='lat' dir='ltr'><strong>tri-</strong></span> 
     </span>
    </p>
   </div>
   <div class='ocr_carea' id='block_1_65' title="bbox 374 3427 1947 3498">
    <p class='ocr_par' dir='ltr' id='par_1_65' title="bbox 374 3427 1947 3498">
     <span class='ocr_line' id='line_1_65' title="bbox 374 3427 1947 3498; baseline 0.008 -20"><span class='ocrx_word' id='word_1_507' title='bbox 374 3427 512 3494; x_wconf 80' lang='lat' dir='ltr'><strong>ginta</strong></span> <span class='ocrx_word' id='word_1_508' title='bbox 544 3427 612 3480; x_wconf 90' lang='lat' dir='ltr'><strong>ab</strong></span> <span class='ocrx_word' id='word_1_509' title='bbox 633 3428 763 3482; x_wconf 90' lang='lat' dir='ltr'><strong>urbe</strong></span> <span class='ocrx_word' id='word_1_510' title='bbox 789 3445 1266 3498; x_wconf 90' lang='lat' dir='ltr'><strong>comtnoraremur,</strong></span> <span class='ocrx_word' id='word_1_511' title='bbox 1290 3432 1355 3487; x_wconf 91' lang='lat' dir='ltr'><strong>ad</strong></span> <span class='ocrx_word' id='word_1_512' title='bbox 1384 3433 1688 3489; x_wconf 87' lang='lat' dir='ltr'><strong>convivium</strong></span> <span class='ocrx_word' id='word_1_513' title='bbox 1717 3434 1947 3491; x_wconf 67' lang='lat' dir='ltr'><strong>basilica:</strong></span> 
     </span>
    </p>
   </div>
   <div class='ocr_carea' id='block_1_66' title="bbox 375 3520 1949 3592">
    <p class='ocr_par' dir='ltr' id='par_1_66' title="bbox 375 3520 1949 3592">
     <span class='ocr_line' id='line_1_66' title="bbox 375 3520 1949 3592; baseline 0.007 -22"><span class='ocrx_word' id='word_1_514' title='bbox 375 3525 570 3571; x_wconf 68' lang='lat' dir='ltr'><strong>sanctae</strong></span> <span class='ocrx_word' id='word_1_515' title='bbox 593 3531 714 3572; x_wconf 90' lang='lat' dir='ltr'><strong>cum</strong></span> <span class='ocrx_word' id='word_1_516' title='bbox 735 3521 922 3573; x_wconf 89' lang='lat' dir='ltr'><strong>eodem</strong></span> <span class='ocrx_word' id='word_1_517' title='bbox 945 3529 996 3574; x_wconf 88' lang='lat' dir='ltr'><strong>et</strong></span> <span class='ocrx_word' id='word_1_518' title='bbox 1022 3520 1244 3592; x_wconf 90' lang='lat' dir='ltr'><strong>reliquis</strong></span> <span class='ocrx_word' id='word_1_519' title='bbox 1266 3523 1473 3578; x_wconf 88' lang='lat' dir='ltr'><strong>civibus</strong></span> <span class='ocrx_word' id='word_1_520' title='bbox 1493 3531 1575 3579; x_wconf 91' lang='lat' dir='ltr'><strong>est</strong></span> <span class='ocrx_word' id='word_1_521' title='bbox 1593 3524 1821 3590; x_wconf 88' lang='lat' dir='ltr'><strong>ascitus;</strong></span> <span class='ocrx_word' id='word_1_522' title='bbox 1851 3526 1949 3581; x_wconf 85' lang='lat' dir='ltr'><strong>ibi-</strong></span> 
     </span>
    </p>
   </div>
   <div class='ocr_carea' id='block_1_67' title="bbox 375 3606 1948 3685">
    <p class='ocr_par' dir='ltr' id='par_1_67' title="bbox 375 3606 1948 3685">
     <span class='ocr_line' id='line_1_67' title="bbox 375 3606 1948 3685; baseline 0.004 -22"><span class='ocrx_word' id='word_1_523' title='bbox 375 3621 475 3675; x_wconf 83' lang='lat' dir='ltr'><strong>que</strong></span> <span class='ocrx_word' id='word_1_524' title='bbox 502 3621 625 3662; x_wconf 84' lang='lat' dir='ltr'><strong>eum</strong></span> <span class='ocrx_word' id='word_1_525' title='bbox 655 3606 907 3664; x_wconf 87' lang='lat' dir='ltr'><strong>Claudius</strong></span> <span class='ocrx_word' id='word_1_526' title='bbox 946 3610 1124 3680; x_wconf 87' lang='lat' dir='ltr'><strong>gladio</strong></span> <span class='ocrx_word' id='word_1_527' title='bbox 1167 3612 1330 3667; x_wconf 83' lang='lat' dir='ltr'><strong>ferire</strong></span> <span class='ocrx_word' id='word_1_528' title='bbox 1369 3615 1536 3669; x_wconf 90' lang='lat' dir='ltr'><strong>voluit</strong></span> <span class='ocrx_word' id='word_1_529' title='bbox 1583 3614 1630 3671; x_wconf 89' lang='lat' dir='ltr'><strong>si</strong></span> <span class='ocrx_word' id='word_1_530' title='bbox 1661 3615 1810 3685; x_wconf 92' lang='lat' dir='ltr'><strong>pueri</strong></span> <span class='ocrx_word' id='word_1_531' title='bbox 1832 3615 1948 3682; x_wconf 87' lang='lat' dir='ltr'><strong>eius</strong></span> 
     </span>
    </p>
   </div>
   <div class='ocr_carea' id='block_1_68' title="bbox 375 3698 1948 3773">
    <p class='ocr_par' dir='ltr' id='par_1_68' title="bbox 375 3698 1948 3773">
     <span class='ocr_line' id='line_1_68' title="bbox 375 3698 1948 3773; baseline 0.006 -22"><span class='ocrx_word' id='word_1_532' title='bbox 375 3698 579 3766; x_wconf 87' lang='lat' dir='ltr'><strong>longius</strong></span> <span class='ocrx_word' id='word_1_533' title='bbox 608 3698 929 3754; x_wconf 88' lang='lat' dir='ltr'><strong>astitissent.</strong></span> <span class='ocrx_word' id='word_1_534' title='bbox 965 3699 1342 3757; x_wconf 87' lang='lat' dir='ltr'><strong>Verumtamen</strong></span> <span class='ocrx_word' id='word_1_535' title='bbox 1367 3707 1632 3773; x_wconf 81' lang='lat' dir='ltr'><strong>nunquam</strong></span> <span class='ocrx_word' id='word_1_536' title='bbox 1660 3704 1775 3760; x_wconf 74' lang='lat' dir='ltr'><strong>hmc</strong></span> <span class='ocrx_word' id='word_1_537' title='bbox 1807 3705 1948 3760; x_wconf 76' lang='lat' dir='ltr'><strong>Ebe-</strong></span> 
     </span>
    </p>
   </div>
   <div class='ocr_carea' id='block_1_69' title="bbox 374 3785 1950 3862">
    <p class='ocr_par' dir='ltr' id='par_1_69' title="bbox 374 3785 1950 3862">
     <span class='ocr_line' id='line_1_69' title="bbox 374 3785 1950 3862; baseline 0.006 -22"><span class='ocrx_word' id='word_1_538' title='bbox 374 3785 564 3850; x_wconf 90' lang='lat' dir='ltr'><strong>rulfus,</strong></span> <span class='ocrx_word' id='word_1_539' title='bbox 587 3796 646 3842; x_wconf 88' lang='lat' dir='ltr'><strong>ut</strong></span> <span class='ocrx_word' id='word_1_540' title='bbox 664 3796 782 3843; x_wconf 89' lang='lat' dir='ltr'><strong>erat</strong></span> <span class='ocrx_word' id='word_1_541' title='bbox 805 3791 1263 3856; x_wconf 87' lang='lat' dir='ltr'><strong>vanus,advertit.</strong></span> <span class='ocrx_word' id='word_1_542' title='bbox 1295 3792 1580 3862; x_wconf 85' lang='lat' dir='ltr'><strong>Postquam</strong></span> <span class='ocrx_word' id='word_1_543' title='bbox 1611 3804 1790 3850; x_wconf 90' lang='lat' dir='ltr'><strong>autem</strong></span> <span class='ocrx_word' id='word_1_544' title='bbox 1816 3810 1950 3850; x_wconf 88' lang='lat' dir='ltr'><strong>con-</strong></span> 
     </span>
    </p>
   </div>
   <div class='ocr_carea' id='block_1_70' title="bbox 375 3881 1947 3956">
    <p class='ocr_par' dir='ltr' id='par_1_70' title="bbox 375 3881 1947 3956">
     <span class='ocr_line' id='line_1_70' title="bbox 375 3881 1947 3956; baseline 0.004 -20"><span class='ocrx_word' id='word_1_545' title='bbox 375 3881 567 3936; x_wconf 82' lang='lat' dir='ltr'><strong>vivium</strong></span> <span class='ocrx_word' id='word_1_546' title='bbox 595 3891 681 3938; x_wconf 88' lang='lat' dir='ltr'><strong>est</strong></span> <span class='ocrx_word' id='word_1_547' title='bbox 709 3881 932 3950; x_wconf 90' lang='lat' dir='ltr'><strong>finitum,</strong></span> <span class='ocrx_word' id='word_1_548' title='bbox 959 3885 1072 3954; x_wconf 90' lang='lat' dir='ltr'><strong>ipse</strong></span> <span class='ocrx_word' id='word_1_549' title='bbox 1099 3884 1255 3940; x_wconf 90' lang='lat' dir='ltr'><strong>simul</strong></span> <span class='ocrx_word' id='word_1_550' title='bbox 1276 3898 1340 3940; x_wconf 91' lang='lat' dir='ltr'><strong>ac</strong></span> <span class='ocrx_word' id='word_1_551' title='bbox 1366 3886 1619 3942; x_wconf 88' lang='lat' dir='ltr'><strong>Claudius</strong></span> <span class='ocrx_word' id='word_1_552' title='bbox 1649 3902 1742 3956; x_wconf 90' lang='lat' dir='ltr'><strong>per</strong></span> <span class='ocrx_word' id='word_1_553' title='bbox 1758 3890 1947 3943; x_wconf 89' lang='lat' dir='ltr'><strong>atrium</strong></span> 
     </span>
    </p>
   </div>
   <div class='ocr_carea' id='block_1_71' title="bbox 376 3973 1947 4047">
    <p class='ocr_par' dir='ltr' id='par_1_71' title="bbox 376 3973 1947 4047">
     <span class='ocr_line' id='line_1_71' title="bbox 376 3973 1947 4047; baseline 0.003 -18"><span class='ocrx_word' id='word_1_554' title='bbox 376 3973 560 4029; x_wconf 82' lang='lat' dir='ltr'><strong>domus</strong></span> <span class='ocrx_word' id='word_1_555' title='bbox 602 3974 834 4031; x_wconf 70' lang='lat' dir='ltr'><strong>basilicte</strong></span> <span class='ocrx_word' id='word_1_556' title='bbox 873 3976 1212 4032; x_wconf 89' lang='lat' dir='ltr'><strong>deambulare</strong></span> <span class='ocrx_word' id='word_1_557' title='bbox 1239 3988 1535 4047; x_wconf 72' lang='lat' dir='ltr'><strong>cmpernnt,</strong></span> <span class='ocrx_word' id='word_1_558' title='bbox 1579 3980 1676 4034; x_wconf 88' lang='lat' dir='ltr'><strong>sibi</strong></span> <span class='ocrx_word' id='word_1_559' title='bbox 1722 3981 1947 4036; x_wconf 88' lang='lat' dir='ltr'><strong>invicem</strong></span> 
     </span>
    </p>
   </div>
   <div class='ocr_carea' id='block_1_72' title="bbox 377 4066 1950 4139">
    <p class='ocr_par' dir='ltr' id='par_1_72' title="bbox 377 4066 1950 4139">
     <span class='ocr_line' id='line_1_72' title="bbox 377 4066 1950 4139; baseline 0.004 -19"><span class='ocrx_word' id='word_1_560' title='bbox 377 4066 530 4123; x_wconf 83' lang='lat' dir='ltr'><strong>ﬁdem</strong></span> <span class='ocrx_word' id='word_1_561' title='bbox 556 4082 619 4123; x_wconf 90' lang='lat' dir='ltr'><strong>ac</strong></span> <span class='ocrx_word' id='word_1_562' title='bbox 641 4068 952 4124; x_wconf 88' lang='lat' dir='ltr'><strong>charitatem</strong></span> <span class='ocrx_word' id='word_1_563' title='bbox 970 4073 1316 4127; x_wconf 89' lang='lat' dir='ltr'><strong>sacramentis</strong></span> <span class='ocrx_word' id='word_1_564' title='bbox 1333 4073 1804 4128; x_wconf 83' lang='lat' dir='ltr'><strong>lntercurreutibus</strong></span> <span class='ocrx_word' id='word_1_565' title='bbox 1830 4088 1950 4139; x_wconf 84' lang='lat' dir='ltr'><strong>pro-</strong></span> 
     </span>
    </p>
   </div>
   <div class='ocr_carea' id='block_1_73' title="bbox 375 4157 1945 4230">
    <p class='ocr_par' dir='ltr' id='par_1_73' title="bbox 375 4157 1945 4230">
     <span class='ocr_line' id='line_1_73' title="bbox 375 4157 1945 4230; baseline 0.003 -19"><span class='ocrx_word' id='word_1_566' title='bbox 375 4157 663 4215; x_wconf 84' lang='lat' dir='ltr'><strong>mittentes.</strong></span> <span class='ocrx_word' id='word_1_567' title='bbox 697 4159 788 4216; x_wconf 85' lang='lat' dir='ltr'><strong>flis</strong></span> <span class='ocrx_word' id='word_1_568' title='bbox 808 4159 882 4214; x_wconf 88' lang='lat' dir='ltr'><strong>ita</strong></span> <span class='ocrx_word' id='word_1_569' title='bbox 908 4162 1267 4230; x_wconf 90' lang='lat' dir='ltr'><strong>loquentibus,</strong></span> <span class='ocrx_word' id='word_1_570' title='bbox 1295 4162 1369 4215; x_wconf 88' lang='lat' dir='ltr'><strong>ait</strong></span> <span class='ocrx_word' id='word_1_571' title='bbox 1388 4162 1642 4217; x_wconf 85' lang='lat' dir='ltr'><strong>Claudius</strong></span> <span class='ocrx_word' id='word_1_572' title='bbox 1667 4162 1945 4216; x_wconf 85' lang='lat' dir='ltr'><strong>Ebernlfo:</strong></span> 
     </span>
    </p>
   </div>
   <div class='ocr_carea' id='block_1_74' title="bbox 377 4248 1952 4322">
    <p class='ocr_par' dir='ltr' id='par_1_74' title="bbox 377 4248 1952 4322">
     <span class='ocr_line' id='line_1_74' title="bbox 377 4248 1952 4322; baseline 0.002 -17"><span class='ocrx_word' id='word_1_573' title='bbox 377 4248 616 4306; x_wconf 82' lang='lat' dir='ltr'><strong>Delectat</strong></span> <span class='ocrx_word' id='word_1_574' title='bbox 636 4252 870 4306; x_wconf 91' lang='lat' dir='ltr'><strong>animum</strong></span> <span class='ocrx_word' id='word_1_575' title='bbox 899 4252 966 4306; x_wconf 90' lang='lat' dir='ltr'><strong>ad</strong></span> <span class='ocrx_word' id='word_1_576' title='bbox 991 4263 1244 4307; x_wconf 89' lang='lat' dir='ltr'><strong>metatum</strong></span> <span class='ocrx_word' id='word_1_577' title='bbox 1276 4262 1421 4307; x_wconf 91' lang='lat' dir='ltr'><strong>tuum</strong></span> <span class='ocrx_word' id='word_1_578' title='bbox 1445 4253 1658 4309; x_wconf 90' lang='lat' dir='ltr'><strong>haurire</strong></span> <span class='ocrx_word' id='word_1_579' title='bbox 1687 4265 1889 4322; x_wconf 88' lang='lat' dir='ltr'><strong>potum,</strong></span> <span class='ocrx_word' id='word_1_580' title='bbox 1908 4254 1952 4308; x_wconf 88' lang='lat' dir='ltr'><strong>si</strong></span> 
     </span>
    </p>
   </div>
   <div class='ocr_carea' id='block_1_75' title="bbox 375 4341 1954 4413">
    <p class='ocr_par' dir='ltr' id='par_1_75' title="bbox 375 4341 1954 4413">
     <span class='ocr_line' id='line_1_75' title="bbox 375 4341 1954 4413; baseline 0.002 -20"><span class='ocrx_word' id='word_1_581' title='bbox 375 4341 494 4395; x_wconf 84' lang='lat' dir='ltr'><strong>vina</strong></span> <span class='ocrx_word' id='word_1_582' title='bbox 523 4342 882 4398; x_wconf 86' lang='lat' dir='ltr'><strong>odoramentis</strong></span> <span class='ocrx_word' id='word_1_583' title='bbox 920 4353 1099 4398; x_wconf 92' lang='lat' dir='ltr'><strong>essent</strong></span> <span class='ocrx_word' id='word_1_584' title='bbox 1123 4345 1376 4410; x_wconf 88' lang='lat' dir='ltr'><strong>immista,</strong></span> <span class='ocrx_word' id='word_1_585' title='bbox 1410 4353 1663 4399; x_wconf 89' lang='lat' dir='ltr'><strong>autcerte</strong></span> <span class='ocrx_word' id='word_1_586' title='bbox 1692 4345 1954 4413; x_wconf 85' lang='lat' dir='ltr'><strong>potentio-</strong></span> 
     </span>
    </p>
   </div>
   <div class='ocr_carea' id='block_1_76' title="bbox 377 4431 1951 4505">
    <p class='ocr_par' dir='ltr' id='par_1_76' title="bbox 377 4431 1951 4505">
     <span class='ocr_line' id='line_1_76' title="bbox 377 4431 1951 4505; baseline 0.004 -21"><span class='ocrx_word' id='word_1_587' title='bbox 377 4431 448 4487; x_wconf 89' lang='lat' dir='ltr'><strong>ris</strong></span> <span class='ocrx_word' id='word_1_588' title='bbox 477 4433 584 4487; x_wconf 86' lang='lat' dir='ltr'><strong>vini</strong></span> <span class='ocrx_word' id='word_1_589' title='bbox 616 4432 924 4489; x_wconf 85' lang='lat' dir='ltr'><strong>libationem</strong></span> <span class='ocrx_word' id='word_1_590' title='bbox 954 4435 1241 4490; x_wconf 81' lang='lat' dir='ltr'><strong>Strenuitas</strong></span> <span class='ocrx_word' id='word_1_591' title='bbox 1271 4445 1358 4489; x_wconf 90' lang='lat' dir='ltr'><strong>tua</strong></span> <span class='ocrx_word' id='word_1_592' title='bbox 1389 4437 1701 4505; x_wconf 86' lang='lat' dir='ltr'><strong>requireret.</strong></span> <span class='ocrx_word' id='word_1_593' title='bbox 1743 4435 1868 4490; x_wconf 70' lang='lat' dir='ltr'><strong>llme</strong></span> <span class='ocrx_word' id='word_1_594' title='bbox 1886 4451 1951 4490; x_wconf 88' lang='lat' dir='ltr'><strong>eo</strong></span> 
     </span>
    </p>
   </div>
   <div class='ocr_carea' id='block_1_77' title="bbox 447 4565 1399 4634">
    <p class='ocr_par' dir='ltr' id='par_1_77' title="bbox 447 4565 1399 4634">
     <span class='ocr_line' id='line_1_77' title="bbox 447 4565 1399 4634; baseline 0.009 -19"><span class='ocrx_word' id='word_1_595' title='bbox 447 4573 486 4615; x_wconf 67' lang='lat' dir='ltr'><strong>at</strong></span> <span class='ocrx_word' id='word_1_596' title='bbox 507 4565 694 4634; x_wconf 73' lang='lat' dir='ltr'><strong>Regm.</strong></span> <span class='ocrx_word' id='word_1_597' title='bbox 725 4575 780 4621; x_wconf 91' lang='lat' dir='ltr'><strong>et</strong></span> <span class='ocrx_word' id='word_1_598' title='bbox 801 4567 1000 4623; x_wconf 85' lang='lat' dir='ltr'><strong>Cltesn.</strong></span> <span class='ocrx_word' id='word_1_599' title='bbox 1031 4569 1128 4632; x_wconf 89' lang='lat' dir='ltr'><strong>al.,</strong></span> <span class='ocrx_word' id='word_1_600' title='bbox 1153 4584 1399 4624; x_wconf 74' lang='lat' dir='ltr'><strong>exercere.</strong></span> 
     </span>
    </p>
   </div>
   <div class='ocr_carea' id='block_1_78' title="bbox 504 4635 1952 4709">
    <p class='ocr_par' dir='ltr' id='par_1_78' title="bbox 504 4635 1952 4709">
     <span class='ocr_line' id='line_1_78' title="bbox 504 4635 1952 4709; baseline 0.001 -17"><span class='ocrx_word' id='word_1_601' title='bbox 504 4635 816 4709; x_wconf 78' lang='lat' dir='ltr'><strong>Legendum</strong></span> <span class='ocrx_word' id='word_1_602' title='bbox 838 4637 975 4709; x_wconf 80' lang='lat' dir='ltr'><strong>forte</strong></span> <span class='ocrx_word' id='word_1_603' title='bbox 1006 4637 1212 4704; x_wconf 81' lang='lat' dir='ltr'><strong>Latina,</strong></span> <span class='ocrx_word' id='word_1_604' title='bbox 1239 4641 1287 4692; x_wconf 90' lang='lat' dir='ltr'><strong>id</strong></span> <span class='ocrx_word' id='word_1_605' title='bbox 1314 4651 1396 4694; x_wconf 87' lang='lat' dir='ltr'><strong>est</strong></span> <span class='ocrx_word' id='word_1_606' title='bbox 1428 4640 1672 4706; x_wconf 83' lang='lat' dir='ltr'><strong>Falerna,</strong></span> <span class='ocrx_word' id='word_1_607' title='bbox 1714 4651 1770 4693; x_wconf 91' lang='lat' dir='ltr'><strong>nt</strong></span> <span class='ocrx_word' id='word_1_608' title='bbox 1795 4655 1952 4709; x_wconf 85' lang='lat' dir='ltr'><strong>sopra</strong></span> 
     </span>
    </p>
   </div>
   <div class='ocr_carea' id='block_1_79' title="bbox 383 4705 1957 4773">
    <p class='ocr_par' dir='ltr' id='par_1_79' title="bbox 383 4705 1957 4773">
     <span class='ocr_line' id='line_1_79' title="bbox 383 4705 1957 4773; baseline 0.003 -14"><span class='ocrx_word' id='word_1_609' title='bbox 383 4705 474 4760; x_wconf 90' lang='lat' dir='ltr'><strong>lib.</strong></span> <span class='ocrx_word' id='word_1_610' title='bbox 506 4722 584 4766; x_wconf 83' lang='grc' dir='ltr'><strong>ιιι.</strong></span> <span class='ocrx_word' id='word_1_611' title='bbox 609 4722 732 4766; x_wconf 73' lang='lat' dir='ltr'><strong>catt.</strong></span> <span class='ocrx_word' id='word_1_612' title='bbox 765 4707 851 4773; x_wconf 76' lang='lat' dir='ltr'><strong>I9,</strong></span> <span class='ocrx_word' id='word_1_613' title='bbox 893 4707 969 4762; x_wconf 89' lang='lat' dir='ltr'><strong>sic</strong></span> <span class='ocrx_word' id='word_1_614' title='bbox 997 4710 1135 4763; x_wconf 86' lang='lat' dir='ltr'><strong>dicla</strong></span> <span class='ocrx_word' id='word_1_615' title='bbox 1165 4726 1192 4762; x_wconf 90' lang='lat' dir='ltr'><strong>a</strong></span> <span class='ocrx_word' id='word_1_616' title='bbox 1243 4711 1467 4763; x_wconf 73' lang='lat' dir='ltr'><strong>Falerno</strong></span> <span class='ocrx_word' id='word_1_617' title='bbox 1500 4705 1678 4766; x_wconf 86' lang='lat' dir='ltr'><strong>monte</strong></span> <span class='ocrx_word' id='word_1_618' title='bbox 1718 4712 1768 4765; x_wconf 86' lang='lat' dir='ltr'><strong>in</strong></span> <span class='ocrx_word' id='word_1_619' title='bbox 1801 4705 1957 4765; x_wconf 66' lang='lat' dir='ltr'><strong>Cain-</strong></span> 
     </span>
    </p>
   </div>
   <div class='ocr_carea' id='block_1_80' title="bbox 382 4775 1958 4846">
    <p class='ocr_par' dir='ltr' id='par_1_80' title="bbox 382 4775 1958 4846">
     <span class='ocr_line' id='line_1_80' title="bbox 382 4775 1958 4846; baseline 0.004 -18"><span class='ocrx_word' id='word_1_620' title='bbox 382 4777 538 4846; x_wconf 88' lang='lat' dir='ltr'><strong>pania</strong></span> <span class='ocrx_word' id='word_1_621' title='bbox 568 4775 771 4831; x_wconf 85' lang='lat' dir='ltr'><strong>Felice.</strong></span> <span class='ocrx_word' id='word_1_622' title='bbox 806 4777 1046 4832; x_wconf 88' lang='lat' dir='ltr'><strong>Laticina</strong></span> <span class='ocrx_word' id='word_1_623' title='bbox 1092 4790 1266 4834; x_wconf 81' lang='lat' dir='ltr'><strong>tamen</strong></span> <span class='ocrx_word' id='word_1_624' title='bbox 1315 4782 1582 4836; x_wconf 81' lang='lat' dir='ltr'><strong>Alteserra</strong></span> <span class='ocrx_word' id='word_1_625' title='bbox 1634 4792 1780 4846; x_wconf 82' lang='lat' dir='ltr'><strong>putat</strong></span> <span class='ocrx_word' id='word_1_626' title='bbox 1819 4783 1958 4836; x_wconf 87' lang='lat' dir='ltr'><strong>dicta</strong></span> 
     </span>
    </p>
   </div>
   <div class='ocr_carea' id='block_1_81' title="bbox 379 4843 1956 4919">
    <p class='ocr_par' dir='ltr' id='par_1_81' title="bbox 379 4843 1956 4919">
     <span class='ocr_line' id='line_1_81' title="bbox 379 4843 1956 4919; baseline 0.005 -22"><span class='ocrx_word' id='word_1_627' title='bbox 379 4843 841 4919; x_wconf 80' lang='lat' dir='ltr'><strong>fuissevinaalha,</strong></span> <span class='ocrx_word' id='word_1_628' title='bbox 867 4846 1006 4914; x_wconf 86' lang='lat' dir='ltr'><strong>quod</strong></span> <span class='ocrx_word' id='word_1_629' title='bbox 1030 4864 1180 4916; x_wconf 72' lang='lat' dir='ltr'><strong>aqua:</strong></span> <span class='ocrx_word' id='word_1_630' title='bbox 1205 4852 1440 4904; x_wconf 80' lang='lat' dir='ltr'><strong>colorem</strong></span> <span class='ocrx_word' id='word_1_631' title='bbox 1468 4843 1915 4918; x_wconf 43' lang='lat' dir='ltr'><strong>reprte&#39;sentarent</strong></span> <span class='ocrx_word' id='word_1_632' title='bbox 1938 4867 1956 4919; x_wconf 84' lang='lat'><strong>;</strong></span> 
     </span>
    </p>
   </div>
   <div class='ocr_carea' id='block_1_82' title="bbox 382 4916 1956 4991">
    <p class='ocr_par' dir='ltr' id='par_1_82' title="bbox 382 4916 1956 4991">
     <span class='ocr_line' id='line_1_82' title="bbox 382 4916 1956 4991; baseline 0.003 -22"><span class='ocrx_word' id='word_1_633' title='bbox 382 4916 1032 4991; x_wconf 28' lang='lat' dir='ltr'><strong>hincAVirg‘ilius_Alneid.</strong></span> <span class='ocrx_word' id='word_1_634' title='bbox 1060 4920 1152 4991; x_wconf 80' lang='lat' dir='ltr'><strong>lib.</strong></span> <span class='ocrx_word' id='word_1_635' title='bbox 1189 4936 1200 4972; x_wconf 92' lang='lat' dir='ltr'><strong>l</strong></span> <span class='ocrx_word' id='word_1_636' title='bbox 1233 4919 1492 4973; x_wconf 74' lang='lat' dir='ltr'><strong>Laticeum</strong></span> <span class='ocrx_word' id='word_1_637' title='bbox 1523 4916 1732 4990; x_wconf 76' lang='lat' dir='ltr'><strong>Lywum</strong></span> <span class='ocrx_word' id='word_1_638' title='bbox 1760 4916 1956 4991; x_wconf 47' lang='lat' dir='ltr'><strong>regali-&#39;-</strong></span> 
     </span>
    </p>
   </div>
   <div class='ocr_carea' id='block_1_83' title="bbox 383 4985 1960 5055">
    <p class='ocr_par' dir='ltr' id='par_1_83' title="bbox 383 4985 1960 5055">
     <span class='ocr_line' id='line_1_83' title="bbox 383 4985 1960 5055; baseline 0.003 -16"><span class='ocrx_word' id='word_1_639' title='bbox 383 4987 481 5040; x_wconf 74' lang='lat' dir='ltr'><strong>lius</strong></span> <span class='ocrx_word' id='word_1_640' title='bbox 510 4985 723 5040; x_wconf 78' lang='lat' dir='ltr'><strong>ferculis</strong></span> <span class='ocrx_word' id='word_1_641' title='bbox 753 4987 1013 5055; x_wconf 72' lang='lat' dir='ltr'><strong>adiungit.</strong></span> <span class='ocrx_word' id='word_1_642' title='bbox 1046 4989 1284 5044; x_wconf 73' lang='lat' dir='ltr'><strong>Gazutina</strong></span> <span class='ocrx_word' id='word_1_643' title='bbox 1311 4999 1484 5042; x_wconf 86' lang='lat' dir='ltr'><strong>autem</strong></span> <span class='ocrx_word' id='word_1_644' title='bbox 1509 4985 1629 5044; x_wconf 78' lang='lat' dir='ltr'><strong>vina</strong></span> <span class='ocrx_word' id='word_1_645' title='bbox 1672 5002 1794 5044; x_wconf 90' lang='lat' dir='ltr'><strong>tunc</strong></span> <span class='ocrx_word' id='word_1_646' title='bbox 1822 4985 1960 5044; x_wconf 69' lang='grc' dir='ltr'><strong>ῖοιιιι-</strong></span> 
     </span>
    </p>
   </div>
   <div class='ocr_carea' id='block_1_84' title="bbox 383 5056 1958 5146">
    <p class='ocr_par' dir='ltr' id='par_1_84' title="bbox 383 5056 1958 5146">
     <span class='ocr_line' id='line_1_84' title="bbox 383 5056 1958 5146; baseline 0.005 -39"><span class='ocrx_word' id='word_1_647' title='bbox 383 5058 529 5146; x_wconf 72' lang='lat' dir='ltr'><strong>poris</strong></span> <span class='ocrx_word' id='word_1_648' title='bbox 553 5056 787 5146; x_wconf 51' lang='lat' dir='ltr'><strong>c‘elerrta</strong></span> <span class='ocrx_word' id='word_1_649' title='bbox 811 5067 996 5146; x_wconf 58' lang='grc' dir='ltr'><strong>Ιωηιξη,</strong></span> <span class='ocrx_word' id='word_1_650' title='bbox 1020 5070 1164 5146; x_wconf 44' lang='lat' dir='ltr'><strong>pileis</strong></span> <span class='ocrx_word' id='word_1_651' title='bbox 1191 5061 1294 5141; x_wconf 78' lang='lat' dir='ltr'><strong>_ltoe</strong></span> <span class='ocrx_word' id='word_1_652' title='bbox 1317 5062 1797 5146; x_wconf 60' lang='lat' dir='ltr'><strong>aliiStittt:_Gregorii</strong></span> <span class='ocrx_word' id='word_1_653' title='bbox 1828 5062 1958 5146; x_wconf 73' lang='lat' dir='ltr'><strong>locis</strong></span> 
     </span>
    </p>
   </div>
   <div class='ocr_carea' id='block_1_85' title="bbox 385 5125 1955 5192">
    <p class='ocr_par' dir='ltr' id='par_1_85' title="bbox 385 5125 1955 5192">
     <span class='ocr_line' id='line_1_85' title="bbox 385 5125 1955 5192; baseline 0.005 -15"><span class='ocrx_word' id='word_1_654' title='bbox 385 5136 547 5191; x_wconf 89' lang='lat' dir='ltr'><strong>patet.</strong></span> <span class='ocrx_word' id='word_1_655' title='bbox 580 5125 778 5180; x_wconf 84' lang='lat' dir='ltr'><strong>Eadem</strong></span> <span class='ocrx_word' id='word_1_656' title='bbox 811 5127 994 5181; x_wconf 87' lang='lat' dir='ltr'><strong>laudat</strong></span> <span class='ocrx_word' id='word_1_657' title='bbox 1020 5129 1271 5184; x_wconf 88' lang='lat' dir='ltr'><strong>Sidonius</strong></span> <span class='ocrx_word' id='word_1_658' title='bbox 1311 5125 1479 5183; x_wconf 71' lang='lat' dir='ltr'><strong>carni.</strong></span> <span class='ocrx_word' id='word_1_659' title='bbox 1517 5130 1602 5192; x_wconf 89' lang='lat' dir='ltr'><strong>I7,</strong></span> <span class='ocrx_word' id='word_1_660' title='bbox 1650 5125 1955 5186; x_wconf 84' lang='lat' dir='ltr'><strong>Cassiodor.</strong></span> 
     </span>
    </p>
   </div>
   <div class='ocr_carea' id='block_1_86' title="bbox 383 5195 1960 5264">
    <p class='ocr_par' dir='ltr' id='par_1_86' title="bbox 383 5195 1960 5264">
     <span class='ocr_line' id='line_1_86' title="bbox 383 5195 1960 5264; baseline 0.003 -15"><span class='ocrx_word' id='word_1_661' title='bbox 383 5195 475 5264; x_wconf 86' lang='lat' dir='ltr'><strong>lib.</strong></span> <span class='ocrx_word' id='word_1_662' title='bbox 521 5212 618 5260; x_wconf 90' lang='lat' dir='ltr'><strong>xtt,</strong></span> <span class='ocrx_word' id='word_1_663' title='bbox 673 5196 836 5264; x_wconf 88' lang='lat' dir='ltr'><strong>epist.</strong></span> <span class='ocrx_word' id='word_1_664' title='bbox 891 5197 980 5263; x_wconf 63' lang='grc' dir='ltr'><strong>Η,</strong></span> <span class='ocrx_word' id='word_1_665' title='bbox 1011 5208 1064 5254; x_wconf 92' lang='lat' dir='ltr'><strong>et</strong></span> <span class='ocrx_word' id='word_1_666' title='bbox 1108 5199 1219 5253; x_wconf 88' lang='lat' dir='ltr'><strong>alii.</strong></span> <span class='ocrx_word' id='word_1_667' title='bbox 1261 5199 1350 5255; x_wconf 72' lang='lat' dir='ltr'><strong>Sic</strong></span> <span class='ocrx_word' id='word_1_668' title='bbox 1402 5199 1540 5253; x_wconf 87' lang='lat' dir='ltr'><strong>dicta</strong></span> <span class='ocrx_word' id='word_1_669' title='bbox 1592 5201 1755 5254; x_wconf 85' lang='lat' dir='ltr'><strong>fuisse</strong></span> <span class='ocrx_word' id='word_1_670' title='bbox 1803 5202 1960 5255; x_wconf 89' lang='lat' dir='ltr'><strong>docet</strong></span> 
     </span>
    </p>
   </div>
   <div class='ocr_carea' id='block_1_87' title="bbox 386 5261 1958 5337">
    <p class='ocr_par' dir='ltr' id='par_1_87' title="bbox 386 5261 1958 5337">
     <span class='ocr_line' id='line_1_87' title="bbox 386 5261 1958 5337; baseline 0.005 -21"><span class='ocrx_word' id='word_1_671' title='bbox 386 5261 620 5337; x_wconf 85' lang='lat' dir='ltr'><strong>Isidorus</strong></span> <span class='ocrx_word' id='word_1_672' title='bbox 672 5261 768 5319; x_wconf 87' lang='lat' dir='ltr'><strong>lib.</strong></span> <span class='ocrx_word' id='word_1_673' title='bbox 824 5261 992 5332; x_wconf 62' lang='grc' dir='ltr'>ιιιιῐ,</span> <span class='ocrx_word' id='word_1_674' title='bbox 1047 5269 1186 5337; x_wconf 87' lang='lat' dir='ltr'><strong>quod</strong></span> <span class='ocrx_word' id='word_1_675' title='bbox 1237 5285 1267 5321; x_wconf 88' lang='lat' dir='ltr'><strong>e</strong></span> <span class='ocrx_word' id='word_1_676' title='bbox 1319 5268 1454 5322; x_wconf 86' lang='lat' dir='ltr'><strong>Gaza</strong></span> <span class='ocrx_word' id='word_1_677' title='bbox 1503 5271 1783 5324; x_wconf 63' lang='lat' dir='ltr'><strong>Palestina:</strong></span> <span class='ocrx_word' id='word_1_678' title='bbox 1827 5272 1958 5326; x_wconf 91' lang='lat' dir='ltr'><strong>urbe</strong></span> 
     </span>
    </p>
   </div>
   <div class='ocr_carea' id='block_1_88' title="bbox 386 5335 1846 5407">
    <p class='ocr_par' dir='ltr' id='par_1_88' title="bbox 386 5335 1846 5407">
     <span class='ocr_line' id='line_1_88' title="bbox 386 5335 1846 5407; baseline 0.003 -20"><span class='ocrx_word' id='word_1_679' title='bbox 386 5335 798 5407; x_wconf 85' lang='lat' dir='ltr'><strong>adveherentur.</strong></span> <span class='ocrx_word' id='word_1_680' title='bbox 829 5337 961 5391; x_wconf 83' lang='lat' dir='ltr'><strong>Vide</strong></span> <span class='ocrx_word' id='word_1_681' title='bbox 984 5335 1077 5394; x_wconf 80' lang='lat' dir='ltr'><strong>lib.</strong></span> <span class='ocrx_word' id='word_1_682' title='bbox 1100 5339 1168 5393; x_wconf 91' lang='lat' dir='ltr'><strong>de</strong></span> <span class='ocrx_word' id='word_1_683' title='bbox 1199 5339 1377 5392; x_wconf 81' lang='lat' dir='ltr'><strong>Gloria</strong></span> <span class='ocrx_word' id='word_1_684' title='bbox 1407 5339 1725 5407; x_wconf 84' lang='lat' dir='ltr'><strong>Conf.,cap.</strong></span> <span class='ocrx_word' id='word_1_685' title='bbox 1758 5340 1846 5394; x_wconf 81' lang='grc'><strong>65.</strong></span> 
     </span>
    </p>
   </div>
   <div class='ocr_carea' id='block_1_89' title="bbox 461 5406 1960 5479">
    <p class='ocr_par' dir='ltr' id='par_1_89' title="bbox 461 5406 1960 5479">
     <span class='ocr_line' id='line_1_89' title="bbox 461 5406 1960 5479; baseline 0.002 -19"><span class='ocrx_word' id='word_1_686' title='bbox 461 5415 485 5442; x_wconf 70' lang='grc' dir='ltr'>ε</span> <span class='ocrx_word' id='word_1_687' title='bbox 523 5406 676 5461; x_wconf 86' lang='lat' dir='ltr'><strong>Colb.</strong></span> <span class='ocrx_word' id='word_1_688' title='bbox 707 5421 761 5460; x_wconf 88' lang='lat' dir='ltr'><strong>a.</strong></span> <span class='ocrx_word' id='word_1_689' title='bbox 782 5408 874 5479; x_wconf 81' lang='lat' dir='ltr'><strong>alt.</strong></span> <span class='ocrx_word' id='word_1_690' title='bbox 894 5423 1088 5479; x_wconf 90' lang='lat' dir='ltr'><strong>_manu,</strong></span> <span class='ocrx_word' id='word_1_691' title='bbox 1126 5411 1178 5460; x_wconf 84' lang='lat' dir='ltr'><strong>in</strong></span> <span class='ocrx_word' id='word_1_692' title='bbox 1221 5411 1368 5479; x_wconf 77' lang='lat' dir='ltr'><strong>cujus</strong></span> <span class='ocrx_word' id='word_1_693' title='bbox 1394 5407 1566 5463; x_wconf 81' lang='lat' dir='ltr'><strong>Putris</strong></span> <span class='ocrx_word' id='word_1_694' title='bbox 1595 5406 1748 5464; x_wconf 80' lang='lat' dir='ltr'><strong>atrio.</strong></span> <span class='ocrx_word' id='word_1_695' title='bbox 1779 5410 1960 5464; x_wconf 84' lang='lat' dir='ltr'><strong>Abhas</strong></span> 
     </span>
    </p>
   </div>
   <div class='ocr_carea' id='block_1_90' title="bbox 385 5476 1956 5547">
    <p class='ocr_par' dir='ltr' id='par_1_90' title="bbox 385 5476 1956 5547">
     <span class='ocr_line' id='line_1_90' title="bbox 385 5476 1956 5547; baseline 0.003 -20"><span class='ocrx_word' id='word_1_696' title='bbox 385 5489 512 5528; x_wconf 88' lang='lat' dir='ltr'><strong>vero</strong></span> <span class='ocrx_word' id='word_1_697' title='bbox 523 5476 867 5547; x_wconf 82' lang='lat' dir='ltr'><strong>_monasterio</strong></span> <span class='ocrx_word' id='word_1_698' title='bbox 888 5477 946 5531; x_wconf 93' lang='lat' dir='ltr'><strong>S.</strong></span> <span class='ocrx_word' id='word_1_699' title='bbox 981 5478 1190 5532; x_wconf 83' lang='lat' dir='ltr'><strong>Martini</strong></span> <span class='ocrx_word' id='word_1_700' title='bbox 1228 5476 1350 5531; x_wconf 81' lang='lat' dir='ltr'><strong>tunc</strong></span> <span class='ocrx_word' id='word_1_701' title='bbox 1373 5488 1599 5547; x_wconf 68' lang='lat' dir='ltr'><strong>praeerat</strong></span> <span class='ocrx_word' id='word_1_702' title='bbox 1617 5481 1956 5544; x_wconf 72' lang='lat' dir='ltr'><strong>Eustachius,</strong></span> 
     </span>
    </p>
   </div>
   <div class='ocr_carea' id='block_1_91' title="bbox 382 5541 1958 5618">
    <p class='ocr_par' dir='ltr' id='par_1_91' title="bbox 382 5541 1958 5618">
     <span class='ocr_line' id='line_1_91' title="bbox 382 5541 1958 5618; baseline 0.003 -20"><span class='ocrx_word' id='word_1_703' title='bbox 382 5541 866 5618; x_wconf 62' lang='lat' dir='ltr'><strong>seu__£ttst9eltius,</strong></span> <span class='ocrx_word' id='word_1_704' title='bbox 897 5562 953 5599; x_wconf 91' lang='lat' dir='ltr'><strong>ut</strong></span> <span class='ocrx_word' id='word_1_705' title='bbox 983 5549 1234 5618; x_wconf 84' lang='lat' dir='ltr'><strong>observat</strong></span> <span class='ocrx_word' id='word_1_706' title='bbox 1280 5541 1542 5614; x_wconf 71' lang='lat' dir='ltr'><strong>Cttiittius,</strong></span> <span class='ocrx_word' id='word_1_707' title='bbox 1576 5551 1640 5603; x_wconf 86' lang='lat' dir='ltr'><strong>de</strong></span> <span class='ocrx_word' id='word_1_708' title='bbox 1669 5566 1774 5618; x_wconf 90' lang='lat' dir='ltr'><strong>quo</strong></span> <span class='ocrx_word' id='word_1_709' title='bbox 1823 5541 1958 5603; x_wconf 77' lang='lat' dir='ltr'><strong>infra</strong></span> 
     </span>
    </p>
   </div>
   <div class='ocr_carea' id='block_1_92' title="bbox 384 5613 1959 5683">
    <p class='ocr_par' dir='ltr' id='par_1_92' title="bbox 384 5613 1959 5683">
     <span class='ocr_line' id='line_1_92' title="bbox 384 5613 1959 5683; baseline 0.003 -17"><span class='ocrx_word' id='word_1_710' title='bbox 384 5613 436 5683; x_wconf 87' lang='lat' dir='ltr'><strong>in</strong></span> <span class='ocrx_word' id='word_1_711' title='bbox 481 5613 616 5669; x_wconf 64' lang='lat' dir='ltr'><strong>Vitis</strong></span> <span class='ocrx_word' id='word_1_712' title='bbox 649 5615 885 5680; x_wconf 86' lang='lat' dir='ltr'><strong>Patrum,</strong></span> <span class='ocrx_word' id='word_1_713' title='bbox 914 5632 1031 5683; x_wconf 90' lang='lat' dir='ltr'><strong>cap.</strong></span> <span class='ocrx_word' id='word_1_714' title='bbox 1067 5618 1159 5672; x_wconf 77' lang='grc'><strong>20.</strong></span> <span class='ocrx_word' id='word_1_715' title='bbox 1199 5617 1333 5672; x_wconf 81' lang='lat' dir='ltr'><strong>Male</strong></span> <span class='ocrx_word' id='word_1_716' title='bbox 1364 5619 1506 5674; x_wconf 87' lang='lat' dir='ltr'><strong>hunc</strong></span> <span class='ocrx_word' id='word_1_717' title='bbox 1532 5613 1710 5674; x_wconf 80' lang='lat' dir='ltr'><strong>locum</strong></span> <span class='ocrx_word' id='word_1_718' title='bbox 1739 5620 1805 5675; x_wconf 89' lang='lat' dir='ltr'><strong>de</strong></span> <span class='ocrx_word' id='word_1_719' title='bbox 1851 5622 1959 5674; x_wconf 83' lang='lat' dir='ltr'><strong>illa-</strong></span> 
     </span>
    </p>
   </div>
   <div class='ocr_carea' id='block_1_93' title="bbox 385 5682 1955 5757">
    <p class='ocr_par' dir='ltr' id='par_1_93' title="bbox 385 5682 1955 5757">
     <span class='ocr_line' id='line_1_93' title="bbox 385 5682 1955 5757; baseline 0.003 -20"><span class='ocrx_word' id='word_1_720' title='bbox 385 5682 486 5757; x_wconf 77' lang='lat' dir='ltr'><strong>iori</strong></span> <span class='ocrx_word' id='word_1_721' title='bbox 523 5684 856 5757; x_wconf 75' lang='lat' dir='ltr'><strong>_Mpnasterio</strong></span> <span class='ocrx_word' id='word_1_722' title='bbox 881 5682 1135 5757; x_wconf 82' lang='lat' dir='ltr'><strong>intelligit</strong></span> <span class='ocrx_word' id='word_1_723' title='bbox 1183 5687 1453 5742; x_wconf 85' lang='lat' dir='ltr'><strong>Alteserra</strong></span> <span class='ocrx_word' id='word_1_724' title='bbox 1479 5730 1495 5752; x_wconf 93' lang='lat'><strong>,</strong></span> <span class='ocrx_word' id='word_1_725' title='bbox 1539 5692 1683 5757; x_wconf 88' lang='lat' dir='ltr'><strong>quod</strong></span> <span class='ocrx_word' id='word_1_726' title='bbox 1721 5707 1750 5742; x_wconf 91' lang='lat' dir='ltr'><strong>a</strong></span> <span class='ocrx_word' id='word_1_727' title='bbox 1789 5691 1955 5744; x_wconf 86' lang='lat' dir='ltr'><strong>sancti</strong></span> 
     </span>
    </p>
   </div>
   <div class='ocr_carea' id='block_1_94' title="bbox 385 5751 1958 5828">
    <p class='ocr_par' dir='ltr' id='par_1_94' title="bbox 385 5751 1958 5828">
     <span class='ocr_line' id='line_1_94' title="bbox 385 5751 1958 5828; baseline 0.004 -20"><span class='ocrx_word' id='word_1_728' title='bbox 385 5751 622 5822; x_wconf 77' lang='lat' dir='ltr'><strong>Iartini,</strong></span> <span class='ocrx_word' id='word_1_729' title='bbox 670 5755 829 5813; x_wconf 83' lang='lat' dir='ltr'><strong>hodie</strong></span> <span class='ocrx_word' id='word_1_730' title='bbox 874 5751 1085 5828; x_wconf 68' lang='lat' dir='ltr'><strong>insigni</strong></span> <span class='ocrx_word' id='word_1_731' title='bbox 1110 5757 1425 5828; x_wconf 71' lang='lat' dir='ltr'><strong>collegiala,</strong></span> <span class='ocrx_word' id='word_1_732' title='bbox 1481 5751 1804 5815; x_wconf 75' lang='lat' dir='ltr'><strong>monasterio</strong></span> <span class='ocrx_word' id='word_1_733' title='bbox 1855 5776 1958 5814; x_wconf 86' lang='lat' dir='ltr'><strong>non</strong></span> 
     </span>
    </p>
   </div>
   <div class='ocr_carea' id='block_1_95' title="bbox 2052 3235 3626 3310">
    <p class='ocr_par' dir='ltr' id='par_1_95' title="bbox 2052 3235 3626 3310">
     <span class='ocr_line' id='line_1_95' title="bbox 2052 3235 3626 3310; baseline -0.003 -16"><span class='ocrx_word' id='word_1_734' title='bbox 2052 3241 2201 3310; x_wconf 91' lang='lat' dir='ltr'><strong>pueri</strong></span> <span class='ocrx_word' id='word_1_735' title='bbox 2230 3239 2466 3294; x_wconf 84' lang='lat' dir='ltr'><strong>Ebcrulli</strong></span> <span class='ocrx_word' id='word_1_736' title='bbox 2489 3252 2608 3292; x_wconf 93' lang='lat' dir='ltr'><strong>cum</strong></span> <span class='ocrx_word' id='word_1_737' title='bbox 2643 3236 2832 3304; x_wconf 79' lang='lat' dir='ltr'><strong>gladiis</strong></span> <span class='ocrx_word' id='word_1_738' title='bbox 2872 3251 2934 3289; x_wconf 92' lang='lat' dir='ltr'><strong>ac</strong></span> <span class='ocrx_word' id='word_1_739' title='bbox 2961 3236 3190 3290; x_wconf 87' lang='lat' dir='ltr'><strong>lanceis:</strong></span> <span class='ocrx_word' id='word_1_740' title='bbox 3219 3235 3626 3304; x_wconf 85' lang='lat' dir='ltr'><strong>obseratumque</strong></span> 
     </span>
    </p>
   </div>
   <div class='ocr_carea' id='block_1_96' title="bbox 2048 3325 3628 3404">
    <p class='ocr_par' dir='ltr' id='par_1_96' title="bbox 2048 3325 3628 3404">
     <span class='ocr_line' id='line_1_96' title="bbox 2048 3325 3628 3404; baseline -0.007 -14"><span class='ocrx_word' id='word_1_741' title='bbox 2048 3335 2376 3404; x_wconf 81' lang='lat' dir='ltr'><strong>reperientes</strong></span> <span class='ocrx_word' id='word_1_742' title='bbox 2411 3331 2636 3395; x_wconf 89' lang='lat' dir='ltr'><strong>ostium,</strong></span> <span class='ocrx_word' id='word_1_743' title='bbox 2683 3326 2919 3383; x_wconf 76' lang='lat' dir='ltr'><strong>effracds</strong></span> <span class='ocrx_word' id='word_1_744' title='bbox 2948 3327 3154 3382; x_wconf 72' lang='lat' dir='ltr'><strong>cellula:</strong></span> <span class='ocrx_word' id='word_1_745' title='bbox 3202 3327 3412 3389; x_wconf 88' lang='lat' dir='ltr'><strong>vitreis,</strong></span> <span class='ocrx_word' id='word_1_746' title='bbox 3449 3325 3628 3380; x_wconf 83' lang='lat' dir='ltr'><strong>hastas</strong></span> 
     </span>
    </p>
   </div>
   <div class='ocr_carea' id='block_1_97' title="bbox 2051 3418 3624 3495">
    <p class='ocr_par' dir='ltr' id='par_1_97' title="bbox 2051 3418 3624 3495">
     <span class='ocr_line' id='line_1_97' title="bbox 2051 3418 3624 3495; baseline -0.006 -16"><span class='ocrx_word' id='word_1_747' title='bbox 2051 3441 2145 3495; x_wconf 92' lang='lat' dir='ltr'><strong>per</strong></span> <span class='ocrx_word' id='word_1_748' title='bbox 2175 3423 2390 3494; x_wconf 85' lang='lat' dir='ltr'><strong>parietis</strong></span> <span class='ocrx_word' id='word_1_749' title='bbox 2411 3422 2676 3478; x_wconf 83' lang='lat' dir='ltr'><strong>fenestras</strong></span> <span class='ocrx_word' id='word_1_750' title='bbox 2705 3420 2972 3489; x_wconf 91' lang='lat' dir='ltr'><strong>injiciunt,</strong></span> <span class='ocrx_word' id='word_1_751' title='bbox 3000 3418 3513 3486; x_wconf 78' lang='lat' dir='ltr'><strong>Claudiumqttcjum</strong></span> <span class='ocrx_word' id='word_1_752' title='bbox 3538 3434 3624 3470; x_wconf 85' lang='lat' dir='ltr'><strong>sc-</strong></span> 
     </span>
    </p>
   </div>
   <div class='ocr_carea' id='block_1_98' title="bbox 2050 3512 3630 3582">
    <p class='ocr_par' dir='ltr' id='par_1_98' title="bbox 2050 3512 3630 3582">
     <span class='ocr_line' id='line_1_98' title="bbox 2050 3512 3630 3582; baseline -0.004 -9"><span class='ocrx_word' id='word_1_753' title='bbox 2050 3518 2303 3574; x_wconf 90' lang='lat' dir='ltr'><strong>mivivum</strong></span> <span class='ocrx_word' id='word_1_754' title='bbox 2349 3516 2457 3571; x_wconf 92' lang='lat' dir='ltr'><strong>ictu</strong></span> <span class='ocrx_word' id='word_1_755' title='bbox 2494 3513 2824 3582; x_wconf 82' lang='lat' dir='ltr'><strong>lransligunt.</strong></span> <span class='ocrx_word' id='word_1_756' title='bbox 2868 3512 3132 3568; x_wconf 88' lang='lat' dir='ltr'><strong>Satellites</strong></span> <span class='ocrx_word' id='word_1_757' title='bbox 3157 3521 3333 3566; x_wconf 89' lang='lat' dir='ltr'><strong>autem</strong></span> <span class='ocrx_word' id='word_1_758' title='bbox 3370 3512 3484 3581; x_wconf 89' lang='lat' dir='ltr'><strong>eius</strong></span> <span class='ocrx_word' id='word_1_759' title='bbox 3512 3521 3630 3580; x_wconf 87' lang='lat' dir='ltr'><strong>post</strong></span> 
     </span>
    </p>
   </div>
   <div class='ocr_carea' id='block_1_99' title="bbox 2047 3603 3630 3673">
    <p class='ocr_par' dir='ltr' id='par_1_99' title="bbox 2047 3603 3630 3673">
     <span class='ocr_line' id='line_1_99' title="bbox 2047 3603 3630 3673; baseline -0.005 -9"><span class='ocrx_word' id='word_1_760' title='bbox 2047 3610 2182 3664; x_wconf 88' lang='lat' dir='ltr'><strong>ostia</strong></span> <span class='ocrx_word' id='word_1_761' title='bbox 2193 3619 2242 3663; x_wconf 90' lang='lat' dir='ltr'><strong>et</strong></span> <span class='ocrx_word' id='word_1_762' title='bbox 2257 3608 2516 3662; x_wconf 86' lang='lat' dir='ltr'><strong>sublectis</strong></span> <span class='ocrx_word' id='word_1_763' title='bbox 2529 3605 2996 3660; x_wconf 78' lang='lat' dir='ltr'><strong>abduntur.Abb:is</strong></span> <span class='ocrx_word' id='word_1_764' title='bbox 3008 3603 3370 3673; x_wconf 87' lang='lat' dir='ltr'><strong>apprehensus</strong></span> <span class='ocrx_word' id='word_1_765' title='bbox 3384 3616 3413 3656; x_wconf 89' lang='lat' dir='ltr'><strong>a</strong></span> <span class='ocrx_word' id='word_1_766' title='bbox 3426 3603 3630 3656; x_wconf 82' lang='lat' dir='ltr'><strong>duobus</strong></span> 
     </span>
    </p>
   </div>
   <div class='ocr_carea' id='block_1_100' title="bbox 2049 3693 3632 3768">
    <p class='ocr_par' dir='ltr' id='par_1_100' title="bbox 2049 3693 3632 3768">
     <span class='ocr_line' id='line_1_100' title="bbox 2049 3693 3632 3768; baseline -0.007 -9"><span class='ocrx_word' id='word_1_767' title='bbox 2049 3702 2279 3767; x_wconf 88' lang='lat' dir='ltr'><strong>clericis,</strong></span> <span class='ocrx_word' id='word_1_768' title='bbox 2312 3701 2451 3755; x_wconf 84' lang='lat' dir='ltr'><strong>inter</strong></span> <span class='ocrx_word' id='word_1_769' title='bbox 2477 3699 2772 3768; x_wconf 73' lang='lat' dir='ltr'><strong>gladiorum</strong></span> <span class='ocrx_word' id='word_1_770' title='bbox 2800 3698 2941 3750; x_wconf 89' lang='lat' dir='ltr'><strong>acies</strong></span> <span class='ocrx_word' id='word_1_771' title='bbox 2968 3696 3054 3750; x_wconf 90' lang='lat' dir='ltr'><strong>vix</strong></span> <span class='ocrx_word' id='word_1_772' title='bbox 3081 3698 3232 3749; x_wconf 87' lang='lat' dir='ltr'><strong>vivus</strong></span> <span class='ocrx_word' id='word_1_773' title='bbox 3263 3693 3513 3763; x_wconf 81' lang='lat' dir='ltr'><strong>eripitur;</strong></span> <span class='ocrx_word' id='word_1_774' title='bbox 3548 3709 3632 3749; x_wconf 91' lang='lat' dir='ltr'><strong>re-</strong></span> 
     </span>
    </p>
   </div>
   <div class='ocr_carea' id='block_1_101' title="bbox 2049 3785 3631 3864">
    <p class='ocr_par' dir='ltr' id='par_1_101' title="bbox 2049 3785 3631 3864">
     <span class='ocr_line' id='line_1_101' title="bbox 2049 3785 3631 3864; baseline -0.008 -13"><span class='ocrx_word' id='word_1_775' title='bbox 2049 3795 2348 3864; x_wconf 87' lang='lat' dir='ltr'><strong>seratisque</strong></span> <span class='ocrx_word' id='word_1_776' title='bbox 2377 3792 2528 3846; x_wconf 92' lang='lat' dir='ltr'><strong>ostiis</strong></span> <span class='ocrx_word' id='word_1_777' title='bbox 2570 3791 2722 3845; x_wconf 88' lang='lat' dir='ltr'><strong>turba</strong></span> <span class='ocrx_word' id='word_1_778' title='bbox 2751 3789 3100 3858; x_wconf 84' lang='lat' dir='ltr'><strong>gladiatorum</strong></span> <span class='ocrx_word' id='word_1_779' title='bbox 3140 3786 3458 3858; x_wconf 84' lang='lat' dir='ltr'><strong>ingreditur.</strong></span> <span class='ocrx_word' id='word_1_780' title='bbox 3488 3785 3631 3840; x_wconf 80' lang='lat' dir='ltr'><strong>Non-</strong></span> 
     </span>
    </p>
   </div>
   <div class='ocr_carea' id='block_1_102' title="bbox 2053 3877 3632 3950">
    <p class='ocr_par' dir='ltr' id='par_1_102' title="bbox 2053 3877 3632 3950">
     <span class='ocr_line' id='line_1_102' title="bbox 2053 3877 3632 3950; baseline -0.006 -7"><span class='ocrx_word' id='word_1_781' title='bbox 2053 3887 2181 3943; x_wconf 89' lang='lat' dir='ltr'><strong>nulli</strong></span> <span class='ocrx_word' id='word_1_782' title='bbox 2231 3887 2392 3942; x_wconf 87' lang='lat' dir='ltr'><strong>etiam</strong></span> <span class='ocrx_word' id='word_1_783' title='bbox 2444 3879 2972 3938; x_wconf 70' lang='lat' dir='ltr'><strong>matrieulariorumd</strong></span> <span class='ocrx_word' id='word_1_784' title='bbox 3005 3889 3059 3935; x_wconf 89' lang='lat' dir='ltr'><strong>et</strong></span> <span class='ocrx_word' id='word_1_785' title='bbox 3101 3881 3427 3950; x_wconf 89' lang='lat' dir='ltr'><strong>reliquorum</strong></span> <span class='ocrx_word' id='word_1_786' title='bbox 3474 3877 3632 3949; x_wconf 82' lang='lat'><strong>355</strong></span> 
     </span>
    </p>
   </div>
   <div class='ocr_carea' id='block_1_103' title="bbox 2054 3973 3632 4050">
    <p class='ocr_par' dir='ltr' id='par_1_103' title="bbox 2054 3973 3632 4050">
     <span class='ocr_line' id='line_1_103' title="bbox 2054 3973 3632 4050; baseline -0.003 -20"><span class='ocrx_word' id='word_1_787' title='bbox 2054 3994 2368 4050; x_wconf 86' lang='lat' dir='ltr'><strong>pauperum,</strong></span> <span class='ocrx_word' id='word_1_788' title='bbox 2402 3993 2495 4044; x_wconf 88' lang='lat' dir='ltr'><strong>pro</strong></span> <span class='ocrx_word' id='word_1_789' title='bbox 2519 3977 2724 4032; x_wconf 82' lang='lat' dir='ltr'><strong>scelere</strong></span> <span class='ocrx_word' id='word_1_790' title='bbox 2751 3974 3040 4028; x_wconf 83' lang='lat' dir='ltr'><strong>commisso</strong></span> <span class='ocrx_word' id='word_1_791' title='bbox 3072 3982 3268 4027; x_wconf 88' lang='lat' dir='ltr'><strong>lectum</strong></span> <span class='ocrx_word' id='word_1_792' title='bbox 3309 3973 3517 4028; x_wconf 80' lang='lat' dir='ltr'><strong>cellulte</strong></span> <span class='ocrx_word' id='word_1_793' title='bbox 3546 3987 3632 4026; x_wconf 90' lang='lat' dir='ltr'><strong>co-</strong></span> 
     </span>
    </p>
   </div>
   <div class='ocr_carea' id='block_1_104' title="bbox 2054 4064 3634 4134">
    <p class='ocr_par' dir='ltr' id='par_1_104' title="bbox 2054 4064 3634 4134">
     <span class='ocr_line' id='line_1_104' title="bbox 2054 4064 3634 4134; baseline -0.006 -7"><span class='ocrx_word' id='word_1_794' title='bbox 2054 4082 2248 4127; x_wconf 77' lang='lat' dir='ltr'><strong>nantur</strong></span> <span class='ocrx_word' id='word_1_795' title='bbox 2271 4078 2534 4125; x_wconf 88' lang='lat' dir='ltr'><strong>evertere.</strong></span> <span class='ocrx_word' id='word_1_796' title='bbox 2566 4067 2668 4122; x_wconf 82' lang='lat' dir='ltr'><strong>Sed</strong></span> <span class='ocrx_word' id='word_1_797' title='bbox 2695 4080 2745 4120; x_wconf 91' lang='lat' dir='ltr'><strong>et</strong></span> <span class='ocrx_word' id='word_1_798' title='bbox 2780 4081 3128 4134; x_wconf 83' lang='lat' dir='ltr'><strong>energument</strong></span> <span class='ocrx_word' id='word_1_799' title='bbox 3159 4081 3222 4120; x_wconf 91' lang='lat' dir='ltr'><strong>ac</strong></span> <span class='ocrx_word' id='word_1_800' title='bbox 3252 4066 3451 4119; x_wconf 64' lang='lat' dir='ltr'><strong>diversi</strong></span> <span class='ocrx_word' id='word_1_801' title='bbox 3481 4064 3634 4134; x_wconf 80' lang='lat' dir='ltr'><strong>egeni</strong></span> 
     </span>
    </p>
   </div>
   <div class='ocr_carea' id='block_1_105' title="bbox 2052 4155 3634 4230">
    <p class='ocr_par' dir='ltr' id='par_1_105' title="bbox 2052 4155 3634 4230">
     <span class='ocr_line' id='line_1_105' title="bbox 2052 4155 3634 4230; baseline -0.006 -11"><span class='ocrx_word' id='word_1_802' title='bbox 2052 4179 2171 4220; x_wconf 89' lang='lat' dir='ltr'><strong>eum</strong></span> <span class='ocrx_word' id='word_1_803' title='bbox 2203 4161 2366 4230; x_wconf 90' lang='lat' dir='ltr'><strong>petris</strong></span> <span class='ocrx_word' id='word_1_804' title='bbox 2394 4169 2448 4214; x_wconf 89' lang='lat' dir='ltr'><strong>et</strong></span> <span class='ocrx_word' id='word_1_805' title='bbox 2477 4159 2704 4213; x_wconf 87' lang='lat' dir='ltr'><strong>fustibus</strong></span> <span class='ocrx_word' id='word_1_806' title='bbox 2742 4159 2806 4211; x_wconf 90' lang='lat' dir='ltr'><strong>ad</strong></span> <span class='ocrx_word' id='word_1_807' title='bbox 2840 4156 3199 4211; x_wconf 89' lang='lat' dir='ltr'><strong>ulciscendam</strong></span> <span class='ocrx_word' id='word_1_808' title='bbox 3239 4155 3472 4210; x_wconf 70' lang='lat' dir='ltr'><strong>basilicae</strong></span> <span class='ocrx_word' id='word_1_809' title='bbox 3513 4157 3634 4210; x_wconf 89' lang='lat' dir='ltr'><strong>vio-</strong></span> 
     </span>
    </p>
   </div>
   <div class='ocr_carea' id='block_1_106' title="bbox 2053 4245 3604 4319">
    <p class='ocr_par' dir='ltr' id='par_1_106' title="bbox 2053 4245 3604 4319">
     <span class='ocr_line' id='line_1_106' title="bbox 2053 4245 3604 4319; baseline -0.006 -11"><span class='ocrx_word' id='word_1_810' title='bbox 2053 4253 2271 4308; x_wconf 81' lang='lat' dir='ltr'><strong>lentiam</strong></span> <span class='ocrx_word' id='word_1_811' title='bbox 2320 4248 2761 4319; x_wconf 82' lang='lat' dir='ltr'><strong>proficiscuntur,</strong></span> <span class='ocrx_word' id='word_1_812' title='bbox 2805 4246 3019 4316; x_wconf 87' lang='lat' dir='ltr'><strong>indigne</strong></span> <span class='ocrx_word' id='word_1_813' title='bbox 3051 4245 3311 4308; x_wconf 88' lang='lat' dir='ltr'><strong>ferentes,</strong></span> <span class='ocrx_word' id='word_1_814' title='bbox 3354 4261 3450 4299; x_wconf 91' lang='lat' dir='ltr'><strong>cur</strong></span> <span class='ocrx_word' id='word_1_815' title='bbox 3481 4246 3604 4299; x_wconf 87' lang='lat' dir='ltr'><strong>talia</strong></span> 
     </span>
    </p>
   </div>
   <div class='ocr_carea' id='block_1_107' title="bbox 2053 4336 3634 4414">
    <p class='ocr_par' dir='ltr' id='par_1_107' title="bbox 2053 4336 3634 4414">
     <span class='ocr_line' id='line_1_107' title="bbox 2053 4336 3634 4414; baseline -0.004 -16"><span class='ocrx_word' id='word_1_816' title='bbox 2053 4359 2176 4414; x_wconf 77' lang='lat' dir='ltr'><strong>qua:</strong></span> <span class='ocrx_word' id='word_1_817' title='bbox 2226 4355 2496 4409; x_wconf 89' lang='lat' dir='ltr'><strong>nunquam</strong></span> <span class='ocrx_word' id='word_1_818' title='bbox 2541 4339 2676 4394; x_wconf 87' lang='lat' dir='ltr'><strong>facta</strong></span> <span class='ocrx_word' id='word_1_819' title='bbox 2718 4336 2951 4404; x_wconf 85' lang='lat' dir='ltr'><strong>fuerant,</strong></span> <span class='ocrx_word' id='word_1_820' title='bbox 2989 4346 3170 4392; x_wconf 91' lang='lat' dir='ltr'><strong>essent</strong></span> <span class='ocrx_word' id='word_1_821' title='bbox 3221 4336 3415 4391; x_wconf 90' lang='lat' dir='ltr'><strong>ibidem</strong></span> <span class='ocrx_word' id='word_1_822' title='bbox 3447 4351 3634 4404; x_wconf 84' lang='lat' dir='ltr'><strong>perpe-</strong></span> 
     </span>
    </p>
   </div>
   <div class='ocr_carea' id='block_1_108' title="bbox 2056 4430 3634 4504">
    <p class='ocr_par' dir='ltr' id='par_1_108' title="bbox 2056 4430 3634 4504">
     <span class='ocr_line' id='line_1_108' title="bbox 2056 4430 3634 4504; baseline -0.005 -15"><span class='ocrx_word' id='word_1_823' title='bbox 2056 4445 2214 4491; x_wconf 88' lang='lat' dir='ltr'><strong>trata.</strong></span> <span class='ocrx_word' id='word_1_824' title='bbox 2243 4434 2378 4502; x_wconf 80' lang='lat' dir='ltr'><strong>Quid</strong></span> <span class='ocrx_word' id='word_1_825' title='bbox 2409 4433 2589 4504; x_wconf 83' lang='lat' dir='ltr'><strong>plura?</strong></span> <span class='ocrx_word' id='word_1_826' title='bbox 2617 4431 2980 4487; x_wconf 81' lang='lat' dir='ltr'><strong>Extraltuntur</strong></span> <span class='ocrx_word' id='word_1_827' title='bbox 3003 4430 3216 4500; x_wconf 84' lang='lat' dir='ltr'><strong>fugaces</strong></span> <span class='ocrx_word' id='word_1_828' title='bbox 3247 4445 3310 4484; x_wconf 88' lang='lat' dir='ltr'><strong>ex</strong></span> <span class='ocrx_word' id='word_1_829' title='bbox 3340 4430 3556 4497; x_wconf 86' lang='lat' dir='ltr'><strong>abditis,</strong></span> <span class='ocrx_word' id='word_1_830' title='bbox 3581 4439 3634 4484; x_wconf 92' lang='lat' dir='ltr'><strong>et</strong></span> 
     </span>
    </p>
   </div>
   <div class='ocr_carea' id='block_1_109' title="bbox 1984 4569 2363 4638">
    <p class='ocr_par' dir='ltr' id='par_1_109' title="bbox 1984 4569 2363 4638">
     <span class='ocr_line' id='line_1_109' title="bbox 1984 4569 2363 4638; baseline -0.013 -12"><span class='ocrx_word' id='word_1_831' title='bbox 1984 4573 2033 4633; x_wconf 89' lang='lat' dir='ltr'><strong>D</strong></span> <span class='ocrx_word' id='word_1_832' title='bbox 2060 4569 2363 4638; x_wconf 88' lang='lat' dir='ltr'><strong>distinguit.</strong></span> 
     </span>
    </p>
   </div>
   <div class='ocr_carea' id='block_1_110' title="bbox 2130 4636 3638 4707">
    <p class='ocr_par' dir='ltr' id='par_1_110' title="bbox 2130 4636 3638 4707">
     <span class='ocr_line' id='line_1_110' title="bbox 2130 4636 3638 4707; baseline 0 -14"><span class='ocrx_word' id='word_1_833' title='bbox 2130 4640 2155 4676; x_wconf 75' lang='grc' dir='ltr'>ά</span> <span class='ocrx_word' id='word_1_834' title='bbox 2203 4636 2542 4693; x_wconf 63' lang='grc' dir='ltr'><strong>Μηιιδὶιτιιιπτίἰ</strong></span> <span class='ocrx_word' id='word_1_835' title='bbox 2594 4637 2909 4690; x_wconf 88' lang='lat' dir='ltr'><strong>dicebantur</strong></span> <span class='ocrx_word' id='word_1_836' title='bbox 2956 4651 3217 4707; x_wconf 89' lang='lat' dir='ltr'><strong>pauperes</strong></span> <span class='ocrx_word' id='word_1_837' title='bbox 3259 4636 3347 4705; x_wconf 86' lang='lat' dir='ltr'><strong>qui</strong></span> <span class='ocrx_word' id='word_1_838' title='bbox 3397 4637 3638 4692; x_wconf 56' lang='lat' dir='ltr'><strong>ecclesiis</strong></span> 
     </span>
    </p>
   </div>
   <div class='ocr_carea' id='block_1_111' title="bbox 2061 4707 3639 4776">
    <p class='ocr_par' dir='ltr' id='par_1_111' title="bbox 2061 4707 3639 4776">
     <span class='ocr_line' id='line_1_111' title="bbox 2061 4707 3639 4776; baseline -0.001 -14"><span class='ocrx_word' id='word_1_839' title='bbox 2061 4709 2404 4764; x_wconf 83' lang='lat' dir='ltr'><strong>facultatibus</strong></span> <span class='ocrx_word' id='word_1_840' title='bbox 2431 4709 2730 4768; x_wconf 89' lang='lat' dir='ltr'><strong>alebantur,</strong></span> <span class='ocrx_word' id='word_1_841' title='bbox 2764 4707 2905 4775; x_wconf 90' lang='lat' dir='ltr'><strong>quod</strong></span> <span class='ocrx_word' id='word_1_842' title='bbox 2936 4708 2988 4762; x_wconf 93' lang='lat' dir='ltr'><strong>in</strong></span> <span class='ocrx_word' id='word_1_843' title='bbox 3039 4709 3283 4776; x_wconf 86' lang='lat' dir='ltr'><strong>catalogo</strong></span> <span class='ocrx_word' id='word_1_844' title='bbox 3313 4722 3408 4761; x_wconf 90' lang='lat' dir='ltr'><strong>seu</strong></span> <span class='ocrx_word' id='word_1_845' title='bbox 3451 4710 3639 4762; x_wconf 91' lang='lat' dir='ltr'><strong>matri-</strong></span> 
     </span>
    </p>
   </div>
   <div class='ocr_carea' id='block_1_112' title="bbox 2007 4776 3639 4845">
    <p class='ocr_par' dir='ltr' id='par_1_112' title="bbox 2007 4776 3639 4845">
     <span class='ocr_line' id='line_1_112' title="bbox 2007 4776 3639 4845; baseline -0.001 -11"><span class='ocrx_word' id='word_1_846' title='bbox 2007 4801 2014 4807; x_wconf 93' lang='grc'>·</span> <span class='ocrx_word' id='word_1_847' title='bbox 2061 4783 2180 4835; x_wconf 89' lang='lat' dir='ltr'><strong>eula</strong></span> <span class='ocrx_word' id='word_1_848' title='bbox 2224 4795 2408 4833; x_wconf 91' lang='lat' dir='ltr'><strong>eorum</strong></span> <span class='ocrx_word' id='word_1_849' title='bbox 2440 4777 2650 4831; x_wconf 90' lang='lat' dir='ltr'><strong>nomina</strong></span> <span class='ocrx_word' id='word_1_850' title='bbox 2701 4776 2972 4845; x_wconf 90' lang='lat' dir='ltr'><strong>descripta</strong></span> <span class='ocrx_word' id='word_1_851' title='bbox 3015 4787 3216 4842; x_wconf 90' lang='lat' dir='ltr'><strong>essent,</strong></span> <span class='ocrx_word' id='word_1_852' title='bbox 3253 4786 3307 4830; x_wconf 93' lang='lat' dir='ltr'><strong>ut</strong></span> <span class='ocrx_word' id='word_1_853' title='bbox 3345 4778 3527 4832; x_wconf 91' lang='lat' dir='ltr'><strong>videre</strong></span> <span class='ocrx_word' id='word_1_854' title='bbox 3556 4789 3639 4833; x_wconf 90' lang='lat' dir='ltr'><strong>est</strong></span> 
     </span>
    </p>
   </div>
   <div class='ocr_carea' id='block_1_113' title="bbox 2064 4847 3640 4918">
    <p class='ocr_par' dir='ltr' id='par_1_113' title="bbox 2064 4847 3640 4918">
     <span class='ocr_line' id='line_1_113' title="bbox 2064 4847 3640 4918; baseline -0.001 -14"><span class='ocrx_word' id='word_1_855' title='bbox 2064 4851 2201 4918; x_wconf 87' lang='lat' dir='ltr'><strong>apud</strong></span> <span class='ocrx_word' id='word_1_856' title='bbox 2243 4849 2605 4903; x_wconf 87' lang='lat' dir='ltr'><strong>Frodoardum</strong></span> <span class='ocrx_word' id='word_1_857' title='bbox 2642 4847 2734 4900; x_wconf 90' lang='lat' dir='ltr'><strong>lib.</strong></span> <span class='ocrx_word' id='word_1_858' title='bbox 2792 4863 2829 4901; x_wconf 91' lang='lat' dir='ltr'><strong>tt</strong></span> <span class='ocrx_word' id='word_1_859' title='bbox 2867 4849 3001 4902; x_wconf 87' lang='lat' dir='ltr'><strong>Hist.</strong></span> <span class='ocrx_word' id='word_1_860' title='bbox 3047 4847 3390 4911; x_wconf 83' lang='lat' dir='ltr'><strong>themensis,</strong></span> <span class='ocrx_word' id='word_1_861' title='bbox 3420 4862 3540 4915; x_wconf 90' lang='lat' dir='ltr'><strong>cap.</strong></span> <span class='ocrx_word' id='word_1_862' title='bbox 3587 4850 3640 4909; x_wconf 88' lang='lat'><strong>5.</strong></span> 
     </span>
    </p>
   </div>
   <div class='ocr_carea' id='block_1_114' title="bbox 2064 4919 3640 4984">
    <p class='ocr_par' dir='ltr' id='par_1_114' title="bbox 2064 4919 3640 4984">
     <span class='ocr_line' id='line_1_114' title="bbox 2064 4919 3640 4984; baseline -0.003 -9"><span class='ocrx_word' id='word_1_863' title='bbox 2064 4921 2508 4982; x_wconf 84' lang='lat' dir='ltr'><strong>llincmar.,etc.</strong></span> <span class='ocrx_word' id='word_1_864' title='bbox 2558 4919 2632 4972; x_wconf 82' lang='lat' dir='ltr'><strong>Eo</strong></span> <span class='ocrx_word' id='word_1_865' title='bbox 2661 4919 2822 4971; x_wconf 89' lang='lat' dir='ltr'><strong>etiam</strong></span> <span class='ocrx_word' id='word_1_866' title='bbox 2874 4920 3092 4972; x_wconf 90' lang='lat' dir='ltr'><strong>nomine</strong></span> <span class='ocrx_word' id='word_1_867' title='bbox 3147 4919 3328 4971; x_wconf 82' lang='lat' dir='ltr'><strong>donati</strong></span> <span class='ocrx_word' id='word_1_868' title='bbox 3381 4927 3506 4970; x_wconf 89' lang='lat' dir='ltr'><strong>sunt</strong></span> <span class='ocrx_word' id='word_1_869' title='bbox 3550 4919 3640 4984; x_wconf 89' lang='lat' dir='ltr'><strong>qui</strong></span> 
     </span>
    </p>
   </div>
   <div class='ocr_carea' id='block_1_115' title="bbox 2063 4988 3650 5059">
    <p class='ocr_par' dir='ltr' id='par_1_115' title="bbox 2063 4988 3650 5059">
     <span class='ocr_line' id='line_1_115' title="bbox 2063 4988 3650 5059; baseline -0.004 -14"><span class='ocrx_word' id='word_1_870' title='bbox 2063 4989 2324 5059; x_wconf 78' lang='lat' dir='ltr'><strong>eiusmodi</strong></span> <span class='ocrx_word' id='word_1_871' title='bbox 2357 5003 2667 5058; x_wconf 89' lang='lat' dir='ltr'><strong>pauperum,</strong></span> <span class='ocrx_word' id='word_1_872' title='bbox 2701 4997 2756 5059; x_wconf 85' lang='lat' dir='ltr'><strong>et</strong></span> <span class='ocrx_word' id='word_1_873' title='bbox 2775 4988 2971 5044; x_wconf 90' lang='lat' dir='ltr'><strong>domus</strong></span> <span class='ocrx_word' id='word_1_874' title='bbox 3004 4990 3183 5054; x_wconf 86' lang='lat' dir='ltr'><strong>inqua</strong></span> <span class='ocrx_word' id='word_1_875' title='bbox 3212 4988 3650 5059; x_wconf 69' lang='lat' dir='ltr'><strong>ltospitabantur,</strong></span> 
     </span>
    </p>
   </div>
   <div class='ocr_carea' id='block_1_116' title="bbox 2062 5056 3640 5130">
    <p class='ocr_par' dir='ltr' id='par_1_116' title="bbox 2062 5056 3640 5130">
     <span class='ocr_line' id='line_1_116' title="bbox 2062 5056 3640 5130; baseline -0.003 -16"><span class='ocrx_word' id='word_1_876' title='bbox 2062 5056 2182 5130; x_wconf 54' lang='lat' dir='ltr'><strong>q&#39;ure</strong></span> <span class='ocrx_word' id='word_1_877' title='bbox 2209 5056 2478 5130; x_wconf 66' lang='lat' dir='ltr'><strong>matricum</strong></span> <span class='ocrx_word' id='word_1_878' title='bbox 2519 5060 2682 5113; x_wconf 89' lang='lat' dir='ltr'><strong>etiam</strong></span> <span class='ocrx_word' id='word_1_879' title='bbox 2731 5058 3026 5130; x_wconf 86' lang='lat' dir='ltr'><strong>dicebatur,</strong></span> <span class='ocrx_word' id='word_1_880' title='bbox 3056 5073 3238 5111; x_wconf 87' lang='lat' dir='ltr'><strong>curam</strong></span> <span class='ocrx_word' id='word_1_881' title='bbox 3264 5056 3551 5130; x_wconf 70' lang='lat' dir='ltr'><strong>habebant,</strong></span> <span class='ocrx_word' id='word_1_882' title='bbox 3582 5065 3640 5110; x_wconf 89' lang='lat' dir='ltr'><strong>ut</strong></span> 
     </span>
    </p>
   </div>
   <div class='ocr_carea' id='block_1_117' title="bbox 2065 5125 3640 5199">
    <p class='ocr_par' dir='ltr' id='par_1_117' title="bbox 2065 5125 3640 5199">
     <span class='ocr_line' id='line_1_117' title="bbox 2065 5125 3640 5199; baseline -0.004 -15"><span class='ocrx_word' id='word_1_883' title='bbox 2065 5125 2284 5199; x_wconf 73' lang='lat' dir='ltr'><strong>patetex</strong></span> <span class='ocrx_word' id='word_1_884' title='bbox 2318 5129 2539 5183; x_wconf 83' lang='lat' dir='ltr'><strong>formula</strong></span> <span class='ocrx_word' id='word_1_885' title='bbox 2565 5130 2620 5182; x_wconf 90' lang='lat' dir='ltr'><strong>Il</strong></span> <span class='ocrx_word' id='word_1_886' title='bbox 2642 5144 2706 5181; x_wconf 85' lang='lat' dir='ltr'><strong>ex</strong></span> <span class='ocrx_word' id='word_1_887' title='bbox 2735 5129 2852 5196; x_wconf 82' lang='lat' dir='ltr'><strong>lege</strong></span> <span class='ocrx_word' id='word_1_888' title='bbox 2873 5129 3109 5183; x_wconf 83' lang='lat' dir='ltr'><strong>llomana</strong></span> <span class='ocrx_word' id='word_1_889' title='bbox 3141 5127 3275 5199; x_wconf 81' lang='lat' dir='ltr'><strong>apud</strong></span> <span class='ocrx_word' id='word_1_890' title='bbox 3303 5125 3640 5199; x_wconf 74' lang='lat' dir='ltr'><strong>Bignonium,</strong></span> 
     </span>
    </p>
   </div>
   <div class='ocr_carea' id='block_1_118' title="bbox 2063 5195 3641 5268">
    <p class='ocr_par' dir='ltr' id='par_1_118' title="bbox 2063 5195 3641 5268">
     <span class='ocr_line' id='line_1_118' title="bbox 2063 5195 3641 5268; baseline -0.003 -14"><span class='ocrx_word' id='word_1_891' title='bbox 2063 5195 2215 5268; x_wconf 81' lang='lat' dir='ltr'><strong>cuius</strong></span> <span class='ocrx_word' id='word_1_892' title='bbox 2258 5199 2418 5254; x_wconf 90' lang='lat' dir='ltr'><strong>etiam</strong></span> <span class='ocrx_word' id='word_1_893' title='bbox 2473 5200 2534 5253; x_wconf 86' lang='lat' dir='ltr'><strong>V.</strong></span> <span class='ocrx_word' id='word_1_894' title='bbox 2567 5200 2650 5254; x_wconf 87' lang='lat' dir='ltr'><strong>Cl.</strong></span> <span class='ocrx_word' id='word_1_895' title='bbox 2709 5195 2854 5252; x_wconf 76' lang='lat' dir='ltr'><strong>nota:</strong></span> <span class='ocrx_word' id='word_1_896' title='bbox 2901 5201 2955 5254; x_wconf 82' lang='lat' dir='ltr'><strong>in</strong></span> <span class='ocrx_word' id='word_1_897' title='bbox 3001 5200 3164 5268; x_wconf 86' lang='lat' dir='ltr'><strong>hune</strong></span> <span class='ocrx_word' id='word_1_898' title='bbox 3197 5198 3366 5268; x_wconf 82' lang='lat' dir='ltr'><strong>locum</strong></span> <span class='ocrx_word' id='word_1_899' title='bbox 3401 5195 3641 5268; x_wconf 74' lang='lat' dir='ltr'><strong>legendrn</strong></span> 
     </span>
    </p>
   </div>
   <div class='ocr_carea' id='block_1_119' title="bbox 2065 5265 3639 5325">
    <p class='ocr_par' dir='ltr' id='par_1_119' title="bbox 2065 5265 3639 5325">
     <span class='ocr_line' id='line_1_119' title="bbox 2065 5265 3639 5325; baseline -0.003 0"><span class='ocrx_word' id='word_1_900' title='bbox 2065 5265 2212 5325; x_wconf 83' lang='lat' dir='ltr'><strong>sunt.</strong></span> <span class='ocrx_word' id='word_1_901' title='bbox 2245 5271 2324 5323; x_wconf 81' lang='lat' dir='ltr'><strong>Ex</strong></span> <span class='ocrx_word' id='word_1_902' title='bbox 2359 5269 2460 5323; x_wconf 89' lang='lat' dir='ltr'><strong>hoc</strong></span> <span class='ocrx_word' id='word_1_903' title='bbox 2511 5269 2827 5322; x_wconf 87' lang='lat' dir='ltr'><strong>translatum</strong></span> <span class='ocrx_word' id='word_1_904' title='bbox 2855 5280 2939 5324; x_wconf 88' lang='lat' dir='ltr'><strong>est</strong></span> <span class='ocrx_word' id='word_1_905' title='bbox 2966 5270 3124 5321; x_wconf 85' lang='lat' dir='ltr'><strong>etiam</strong></span> <span class='ocrx_word' id='word_1_906' title='bbox 3157 5265 3292 5318; x_wconf 75' lang='lat' dir='ltr'><strong>istud</strong></span> <span class='ocrx_word' id='word_1_907' title='bbox 3349 5281 3542 5320; x_wconf 84' lang='lat' dir='ltr'><strong>nomen</strong></span> <span class='ocrx_word' id='word_1_908' title='bbox 3574 5267 3639 5319; x_wconf 85' lang='lat' dir='ltr'><strong>ad</strong></span> 
     </span>
    </p>
   </div>
   <div class='ocr_carea' id='block_1_120' title="bbox 2064 5334 3645 5407">
    <p class='ocr_par' dir='ltr' id='par_1_120' title="bbox 2064 5334 3645 5407">
     <span class='ocr_line' id='line_1_120' title="bbox 2064 5334 3645 5407; baseline -0.003 -12"><span class='ocrx_word' id='word_1_909' title='bbox 2064 5355 2181 5405; x_wconf 89' lang='lat' dir='ltr'><strong>eos,</strong></span> <span class='ocrx_word' id='word_1_910' title='bbox 2214 5341 2300 5406; x_wconf 87' lang='lat' dir='ltr'><strong>qui</strong></span> <span class='ocrx_word' id='word_1_911' title='bbox 2342 5337 2629 5407; x_wconf 86' lang='lat' dir='ltr'><strong>cuiuslibet</strong></span> <span class='ocrx_word' id='word_1_912' title='bbox 2676 5339 2917 5392; x_wconf 69' lang='lat' dir='ltr'><strong>ecclesiae</strong></span> <span class='ocrx_word' id='word_1_913' title='bbox 2969 5351 3150 5407; x_wconf 88' lang='lat' dir='ltr'><strong>curam</strong></span> <span class='ocrx_word' id='word_1_914' title='bbox 3208 5335 3493 5407; x_wconf 76' lang='lat' dir='ltr'><strong>habebant,</strong></span> <span class='ocrx_word' id='word_1_915' title='bbox 3553 5334 3645 5405; x_wconf 85' lang='lat' dir='ltr'><strong>qui</strong></span> 
     </span>
    </p>
   </div>
   <div class='ocr_carea' id='block_1_121' title="bbox 2065 5404 3648 5472">
    <p class='ocr_par' dir='ltr' id='par_1_121' title="bbox 2065 5404 3648 5472">
     <span class='ocr_line' id='line_1_121' title="bbox 2065 5404 3648 5472; baseline -0.004 -6"><span class='ocrx_word' id='word_1_916' title='bbox 2065 5404 2315 5466; x_wconf 86' lang='lat' dir='ltr'><strong>custodes</strong></span> <span class='ocrx_word' id='word_1_917' title='bbox 2352 5404 2447 5462; x_wconf 81' lang='lat' dir='ltr'><strong>seu</strong></span> <span class='ocrx_word' id='word_1_918' title='bbox 2479 5408 2822 5461; x_wconf 88' lang='lat' dir='ltr'><strong>malricnlarii</strong></span> <span class='ocrx_word' id='word_1_919' title='bbox 2853 5406 3200 5460; x_wconf 85' lang='lat' dir='ltr'><strong>ecclesiarum</strong></span> <span class='ocrx_word' id='word_1_920' title='bbox 3239 5404 3365 5457; x_wconf 86' lang='lat' dir='ltr'><strong>dicti</strong></span> <span class='ocrx_word' id='word_1_921' title='bbox 3398 5404 3648 5472; x_wconf 76' lang='lat' dir='ltr'><strong>fuerunt;</strong></span> 
     </span>
    </p>
   </div>
   <div class='ocr_carea' id='block_1_122' title="bbox 2066 5476 3640 5548">
    <p class='ocr_par' dir='ltr' id='par_1_122' title="bbox 2066 5476 3640 5548">
     <span class='ocr_line' id='line_1_122' title="bbox 2066 5476 3640 5548; baseline -0.003 -15"><span class='ocrx_word' id='word_1_922' title='bbox 2066 5481 2207 5548; x_wconf 91' lang='lat' dir='ltr'><strong>quod</strong></span> <span class='ocrx_word' id='word_1_923' title='bbox 2237 5494 2429 5534; x_wconf 87' lang='lat' dir='ltr'><strong>nomen</strong></span> <span class='ocrx_word' id='word_1_924' title='bbox 2474 5483 2709 5548; x_wconf 88' lang='lat' dir='ltr'><strong>retinent</strong></span> <span class='ocrx_word' id='word_1_925' title='bbox 2751 5480 2910 5548; x_wconf 88' lang='lat' dir='ltr'><strong>etiam</strong></span> <span class='ocrx_word' id='word_1_926' title='bbox 2963 5491 3124 5548; x_wconf 81' lang='lat' dir='ltr'><strong>nunc,</strong></span> <span class='ocrx_word' id='word_1_927' title='bbox 3167 5477 3257 5548; x_wconf 86' lang='lat' dir='ltr'><strong>qui</strong></span> <span class='ocrx_word' id='word_1_928' title='bbox 3289 5476 3640 5548; x_wconf 82' lang='lat' dir='ltr'><strong>ecclesiarum</strong></span> 
     </span>
    </p>
   </div>
   <div class='ocr_carea' id='block_1_123' title="bbox 2065 5545 3644 5627">
    <p class='ocr_par' dir='ltr' id='par_1_123' title="bbox 2065 5545 3644 5627">
     <span class='ocr_line' id='line_1_123' title="bbox 2065 5545 3644 5627; baseline -0.002 -24"><span class='ocrx_word' id='word_1_929' title='bbox 2065 5545 2445 5627; x_wconf 63' lang='lat' dir='ltr'><strong>parocliialtium</strong></span> <span class='ocrx_word' id='word_1_930' title='bbox 2471 5549 2608 5627; x_wconf 83' lang='lat' dir='ltr'><strong>bona</strong></span> <span class='ocrx_word' id='word_1_931' title='bbox 2629 5545 3195 5627; x_wconf 38' lang='lat' dir='ltr'><strong>adntit&#39;tistrant,_vnlg.o</strong></span> <span class='ocrx_word' id='word_1_932' title='bbox 3209 5545 3280 5627; x_wconf 48' lang='lat' dir='ltr'><strong>(_e-s</strong></span> <span class='ocrx_word' id='word_1_933' title='bbox 3303 5547 3644 5627; x_wconf 49' lang='lat' dir='ltr'><strong>murguilliers</strong></span> 
     </span>
    </p>
   </div>
   <div class='ocr_carea' id='block_1_124' title="bbox 2064 5615 3640 5675">
    <p class='ocr_par' dir='ltr' id='par_1_124' title="bbox 2064 5615 3640 5675">
     <span class='ocr_line' id='line_1_124' title="bbox 2064 5615 3640 5675; baseline -0.006 -1"><span class='ocrx_word' id='word_1_934' title='bbox 2064 5615 2217 5675; x_wconf 74' lang='lat' dir='ltr'><strong>dicti.</strong></span> <span class='ocrx_word' id='word_1_935' title='bbox 2244 5620 2413 5673; x_wconf 86' lang='lat' dir='ltr'><strong>Immo</strong></span> <span class='ocrx_word' id='word_1_936' title='bbox 2441 5622 2599 5672; x_wconf 87' lang='lat' dir='ltr'><strong>etiam</strong></span> <span class='ocrx_word' id='word_1_937' title='bbox 2647 5617 2903 5671; x_wconf 81' lang='lat' dir='ltr'><strong>Alcuinus</strong></span> <span class='ocrx_word' id='word_1_938' title='bbox 2934 5633 2990 5671; x_wconf 88' lang='lat' dir='ltr'><strong>se</strong></span> <span class='ocrx_word' id='word_1_939' title='bbox 3034 5615 3170 5671; x_wconf 74' lang='lat' dir='ltr'><strong>beati</strong></span> <span class='ocrx_word' id='word_1_940' title='bbox 3217 5615 3428 5669; x_wconf 81' lang='lat' dir='ltr'><strong>Martini</strong></span> <span class='ocrx_word' id='word_1_941' title='bbox 3459 5615 3640 5666; x_wconf 72' lang='lat' dir='ltr'><strong>tnatri~</strong></span> 
     </span>
    </p>
   </div>
   <div class='ocr_carea' id='block_1_125' title="bbox 2065 5684 3635 5760">
    <p class='ocr_par' dir='ltr' id='par_1_125' title="bbox 2065 5684 3635 5760">
     <span class='ocr_line' id='line_1_125' title="bbox 2065 5684 3635 5760; baseline -0.007 -16"><span class='ocrx_word' id='word_1_942' title='bbox 2065 5690 2346 5755; x_wconf 83' lang='lat' dir='ltr'><strong>etrlarium,</strong></span> <span class='ocrx_word' id='word_1_943' title='bbox 2379 5689 2428 5741; x_wconf 87' lang='lat' dir='ltr'><strong>id</strong></span> <span class='ocrx_word' id='word_1_944' title='bbox 2453 5700 2534 5744; x_wconf 83' lang='lat' dir='ltr'><strong>est</strong></span> <span class='ocrx_word' id='word_1_945' title='bbox 2561 5689 2854 5755; x_wconf 83' lang='lat' dir='ltr'><strong>alumnum,</strong></span> <span class='ocrx_word' id='word_1_946' title='bbox 2884 5689 3088 5760; x_wconf 88' lang='lat' dir='ltr'><strong>passim.</strong></span> <span class='ocrx_word' id='word_1_947' title='bbox 3111 5686 3258 5742; x_wconf 88' lang='lat' dir='ltr'><strong>dicit.</strong></span> <span class='ocrx_word' id='word_1_948' title='bbox 3297 5685 3426 5738; x_wconf 81' lang='lat' dir='ltr'><strong>Vide</strong></span> <span class='ocrx_word' id='word_1_949' title='bbox 3452 5684 3635 5751; x_wconf 81' lang='lat' dir='ltr'><strong>Cangii</strong></span> 
     </span>
    </p>
   </div>
   <div class='ocr_carea' id='block_1_126' title="bbox 2069 5761 2419 5815">
    <p class='ocr_par' dir='ltr' id='par_1_126' title="bbox 2069 5761 2419 5815">
     <span class='ocr_line' id='line_1_126' title="bbox 2069 5761 2419 5815; baseline -0.006 -1"><span class='ocrx_word' id='word_1_950' title='bbox 2069 5761 2419 5815; x_wconf 78' lang='lat' dir='ltr'><strong>Glossarium.</strong></span> 
     </span>
    </p>
   </div>
  </div>
