3974 6174
271 346 369 401 437

1191 343 1506 402 HISTORIA
1550 344 1989 401 FRANCORUM.
2033 344 2229 400 LIBER
2272 345 2630 401 SEPTIMUS.

3440 350 3554 406 438

336 455 556 515 XXXII.
601 456 846 511 Posthrec
889 455 1035 511 misit
1075 453 1266 512 iterum
1295 459 1677 514 Gundovaldus
1715 459 1850 513 duos
1880 462 1927 520 Α
1959 458 2056 512 hac
2086 472 2244 513 causa
2295 460 2614 526 putabantur
2651 474 2771 515 esse
2813 461 3123 529 participes.
3157 462 3403 517 Posthu‘c
3448 479 3547 519 rex

268 553 508 621 legatos,
540 548 840 615 Zotanmu,
889 562 1095 603 necnon
1142 558 1195 604 et
1223 549 1530 616 Zahulfum,
1575 553 1639 603 ad
1680 566 1857 619 regem

266 662 388 700 cum
416 644 583 712 virgis
614 642 941 697 consecratis
974 651 1024 707 ⁸,
1053 643 1199 711 juxta
1233 644 1389 697 ritum
1424 634 1769 709 Frntwrum,
1804 652 1861 699 ut

267 735 490 799 scilicet,
522 750 629 790 non
651 736 1092 802 contingereutur
1120 733 1187 788 ab
1219 733 1344 794 ullo.
1373 734 1465 787 sed
1508 738 1745 802 exposita
1786 734 1861 788 le-

266 838 485 907 gatione
515 849 636 889 cum
664 846 926 899 responso
964 838 1384 886 reverterentur.
1418 830 1522 885 Sed
1557 830 1607 883 hi
1636 830 1855 895 incauti,

268 918 580 997 priusquam
620 923 759 993 regis
790 921 1129 993 praesentiam
1173 930 1492 987 cernerent,
1537 922 1717 976 multis
1741 937 1858 991 qua:

265 1018 522 1086 petebant
549 1014 991 1083 cxplanaverunt.
1022 1012 1303 1082 Extemplo
1323 1027 1501 1067 sermo
1530 1013 1767 1067 cucurrit
1792 1012 1857 1067 ad

262 1123 490 1180 regem;
518 1107 701 1176 itaque
729 1105 893 1160 v.neti
922 1105 1127 1160 catenis
1154 1106 1205 1159 in
1232 1104 1371 1173 regis
1402 1104 1738 1173 praesentiam
1764 1104 1859 1159 de-

259 1197 555 1253 ducuntur.
581 1195 731 1251 Tunc
756 1194 828 1250 illi
856 1196 980 1266 quid
1007 1204 1331 1264 quarercnt,
1362 1193 1427 1248 ad
1460 1209 1619 1263 θυμω
1644 1194 1854 1258 directi,

260 1289 403 1345 vela
431 1302 538 1359 quo
566 1286 763 1342 fuerint
793 1286 940 1342 missi
966 1300 1161 1357 negare
1185 1301 1289 1341 non
1313 1284 1448 1348 ausi,
1480 1287 1632 1340 aiunt
1665 1302 1680 1339 :
1711 1284 1857 1340 Gun-

261 1380 550 1445 dovaldus,
576 1378 667 1448 qui
686 1392 856 1448 nuper
878 1379 945 1432 ab
965 1377 1181 1432 Oriente
1199 1377 1444 1445 veniens,
1465 1376 1591 1432 dicit
1609 1392 1668 1432 se
1691 1377 1853 1431 lilium

261 1490 387 1531 esse
417 1473 584 1543 patris
612 1472 773 1528 vestri
819 1472 961 1540 regis
981 1467 1423 1535 Chlothaeharii,
1475 1470 1618 1525 misit
1656 1486 1753 1525 nos
1799 1480 1856 1525 ut

261 1568 430 1637 358
454 1564 688 1618 debitam
721 1564 1020 1631 portionem
1047 1563 1196 1631 regni
1241 1563 1321 1616 sui
1358 1562 1576 1630 recipiat
1608 1578 1622 1615 :
1653 1562 1732 1616 sin
1763 1578 1856 1616 au-

261 1668 373 1711 tem
395 1672 423 1709 a
452 1656 602 1710 vobis
630 1670 735 1708 non
760 1653 1020 1720 redditur,
1045 1654 1298 1708 noveritis
1324 1668 1446 1706 eum
1474 1654 1526 1707 in
1553 1654 1647 1706 has
1672 1664 1853 1722 partes

260 1765 384 1802 cum
416 1749 661 1804 exercitu
688 1760 810 1801 esse
837 1740 1144 1801 venturum.
1192 1745 1392 1800 Omnes
1421 1745 1567 1799 enim
1596 1744 1698 1799 viri
1743 1746 1850 1798 lor-

1964 549 2395 606 Guntchramnus
2419 552 2541 605 data
2572 553 2623 606 in
2655 566 2813 607 manu
2845 554 2984 623 regis
3010 552 3335 611 Childeberti
3366 554 3543 622 hasta,

1960 639 2070 694 ait:
2098 640 2208 696 Hoc
2234 652 2320 695 est
2347 642 2600 697 indicium
2624 642 2763 712 quod
2797 644 2890 699 tibi
2930 660 3089 702 omne
3115 660 3337 717 regnum
3364 662 3542 705 meum

1963 731 2152 786 tradidi
2194 731 2245 787 ά.
2304 734 2382 789 Ex
2429 734 2529 787 hoc
2568 750 2708 789 nunc
2748 737 2914 799 vade,
2961 748 3013 791 et
3064 751 3254 801 omnes
3302 737 3545 795 civitates

1962 838 2127 887 meas,
2159 833 2406 894 tanquam
2439 836 2552 879 tuas
2582 828 2844 897 proprius,
2886 830 2985 883 sub
3017 828 3091 882 tui
3129 821 3267 899 juris
3294 829 3545 884 domina-

1961 917 2161 971 tionem
2190 918 2415 987 subjit'e.
2448 920 2588 973 Nihil
2620 921 2784 987 enim,
2821 921 3135 976 facientibus
3165 922 3327 992 359
3356 937 3543 990 pecca-

1961 1006 2048 1075 tis,
2077 1007 2147 1063 de
2185 1012 2351 1077 st‘rpe
2382 1026 2497 1065 mea
2550 1013 2824 1077 remansit,
2875 1012 2976 1066 nisi
3027 1022 3079 1066 tu
3115 1022 3318 1067 tantum
3353 1022 3411 1080 ο,
3450 1015 3544 1083 qui

1960 1099 2063 1153 mei
2090 1099 2273 1154 fratris
2302 1115 2362 1155 es
2402 1102 2559 1155 Iilius.
2601 1103 2677 1157 'l‘u
2723 1104 2865 1157 enim
2897 1102 3069 1159 haeres
3111 1104 3162 1158 in
3193 1105 3341 1167 omni
3382 1120 3546 1175 regno

1959 1204 2080 1245 meo
2107 1192 2365 1257 succede,
2416 1195 2627 1248 caneris
2655 1194 3027 1252 exhazredibus
3068 1196 3240 1265 Iactis.
3280 1197 3431 1256 Tune
3461 1213 3546 1254 re-

1957 1284 2097 1340 lictis
2128 1287 2395 1353 oninibus,
2423 1299 2697 1360 assumpto
2721 1284 2963 1345 seorsum
2996 1305 3161 1359 puero
3224 1292 3360 1347 clam
3394 1292 3544 1347 locu—

1956 1385 2043 1434 tus
2078 1391 2195 1448 est,
2239 1383 2384 1450 prius
2412 1384 2688 1439 obtestans
2740 1384 3177 1455 diligentissime,
3228 1402 3299 1455 ne
3334 1396 3557 1442 secreta

1955 1471 2243 1528 collocutio
2286 1473 2377 1527 ulli
2409 1473 2680 1528 hominum
2714 1474 3057 1544 panderetur.
3091 1475 3242 1532 Tunc
3284 1475 3544 1532 indicavit

1954 1561 2006 1618 ei
2052 1576 2187 1631 quos
2227 1563 2279 1616 in
2326 1564 2554 1619 consilio
2593 1564 2854 1633 haberet,
2890 1574 2981 1620 aut
3008 1576 3287 1635 sperneret
3316 1580 3347 1620 a
3374 1566 3543 1621 collo-

1954 1648 2109 1722 quio;
2141 1653 2335 1722 quibus
2355 1668 2414 1708 se
2443 1655 2708 1722 crederet,
2741 1671 2876 1725 quos
2905 1658 3129 1723 vitaret,
3154 1671 3287 1727 quos
3310 1658 3543 1719 honora.-

1955 1754 2036 1800 ret
2064 1747 2413 1815 muneribus,
2462 1764 2595 1817 quos
2624 1749 2691 1804 ab
2718 1750 2924 1806 honore
2968 1751 3283 1819 depelleret.
3334 1752 3540 1823 Interea

262 1841 457 1895 tissimi
492 1838 722 1909 regionis
748 1837 913 1903 illius,
946 1851 1065 1905 qua:
1093 1837 1232 1891 ultra
1272 1836 1629 1891 Doronon‘am
1657 1837 1758 1891 sita
1782 1834 1850 1890 ad
1879 1822 1924 1882 Β
1953 1836 2299 1903 interdicens,
2332 1847 2391 1893 ut
2424 1840 2665 1908 Egidimn
2699 1842 3007 1911 episcopum
3040 1842 3419 1911 Rhemensem,
3450 1822 3539 1914 qui

260 1932 466 1985 Gallias
509 1930 762 1997 pertinet,
792 1929 843 1984 ei
872 1928 1142 1997 conjuncti
1173 1937 1330 1992 sunt;
1361 1937 1416 1982 et
1444 1928 1514 1981 ita
1563 1926 1682 1981 iniit
1713 1943 1726 1980 :
1755 1926 1849 1981 Ju-

260 2019 460 2075 dicnbit
485 2027 609 2074 tunc
634 2019 791 2082 Deus,
820 2032 940 2071 eum
968 2017 1019 2071 in
1047 2017 1202 2070 unius
1223 2016 1396 2084 campi
1421 2015 1639 2084 planitie
1658 2016 1850 2084 junxe-

262 2111 456 2177 rimus,
488 2120 664 2163 utrum
690 2106 790 2161 sint
821 2107 1218 2161 Chlmhacharii
1246 2104 1406 2170 filius,
1445 2121 1511 2159 an
1540 2121 1669 2162 non.
1699 2106 1849 2161 Tunc

257 2217 357 2257 rex
391 2201 574 2255 furore
602 2213 890 2255 succensus
916 2198 1079 2270 jussit
1120 2213 1216 2254 eos
1241 2200 1307 2254 ad
1339 2198 1605 2255 trochleas
1633 2202 1847 2256 extendi

258 2301 317 2349 et
342 2292 635 2348 fortissime
663 2292 833 2359 ca‘di,
880 2303 937 2344 ut
962 2290 1007 2345 si
1049 2304 1175 2345 vera
1219 2300 1401 2345 essent
1424 2305 1542 2359 quas
1580 2290 1843 2357 dicereut,

258 2384 563 2440 evidentius
590 2382 982 2451 approbarent;
1008 2389 1064 2437 et
1084 2382 1129 2435 si
1159 2381 1359 2451 aliquid
1383 2382 1488 2436 doli
1513 2382 1688 2438 adhuc
1707 2382 1845 2438 intra

261 2489 543 2546 pectorum
570 2490 763 2529 arcana
796 2476 1107 2535 relinerent.
1138 2475 1217 2528 vis
1250 2482 1636 2528 tormentorum
1669 2484 1846 2530 extor-

254 2580 451 2640 queret
474 2569 673 2624 invitis.
708 2568 908 2623 Deinde
938 2568 1359 2623 iuercscentibus
1387 2568 1675 2637 suppliciis.
1700 2569 1849 2623 aiunt

256 2672 476 2730 neptem
507 2661 643 2715 illius
665 2701 682 2727 ,
728 2660 780 2714 id
810 2668 891 2715 est
923 2661 1062 2729 regis
1098 2644 1384 2733 Chilperic‘i
1432 2663 1593 2715 tiliam
1620 2659 1683 2725 ι’,
1724 2677 1843 2716 eum

256 2752 532 2821 Magnull’o
560 2752 946 2806 Tulo~anorum
994 2750 1245 2819 episcopo
1290 2751 1480 2805 exsilio
1511 2752 1842 2819 deputatam,

254 2846 542 2899 thesauros
586 2857 773 2896 omnes
814 2840 881 2893 ab
930 2843 1044 2910 ipso
1093 2840 1441 2895 Gundovaldo
1489 2842 1728 2897 sublatos
1779 2854 1841 2910 c;

252 2932 435 3002 ipsum
481 2946 689 3002 quoque
734 2946 911 2998 regem
969 2929 1038 2984 ab
1082 2930 1334 2986 omnibus
1384 2929 1677 2999 majoribus
1716 2943 1843 2989 natu

251 3024 584 3081 Childeberti
640 3021 779 3093 regis
834 3022 1128 3091 expetitum
1179 3035 1301 3075 esse
1340 3036 1354 3073 :
1395 3019 1490 3076 sed
1548 3023 1841 3090 praesertim

252 3132 383 3174 cum
410 3116 842 3172 Guntchramnus
876 3115 1012 3169 Boso
1039 3121 1163 3168 ante
1194 3113 1293 3168 hos
1323 3127 1492 3169 annos
1534 3112 1844 3172 Constanti-

255 3208 495 3276 n0polim
527 3208 773 3271 abiisset,
822 3206 1100 3276 ipsumque
1127 3205 1179 3259 in
1210 3203 1411 3259 Gallias
1436 3206 1731 3263 Invitasset.

335 3296 573 3354 XXXIII.
613 3296 814 3364 Quibus
842 3298 1033 3362 caesis,
1074 3306 1127 3352 et
1156 3297 1208 3351 in
1255 3310 1529 3352 carcerem
1579 3300 1833 3364 retrusis,

256 3407 360 3447 rex
390 3390 635 3446 arcessiri
679 3398 926 3453 nepotem
954 3402 1108 3440 suum
1137 3384 1533 3443 Cbildebertum
1556 3388 1739 3457 jubet,
1787 3397 1845 3444 ut

255 3481 467 3537 scilicet
510 3479 779 3548 conjuncti
829 3477 1025 3547 pariter
1072 3476 1315 3532 homines
1364 3480 1495 3533 istos
1532 3479 1719 3534 audire
1748 3478 1843 3535 de-

255 3570 471 3625 berent.
503 3568 741 3637 Denique
767 3584 887 3623 cum
929 3567 1087 3622 simul
1134 3566 1406 3636 conjuncti
1437 3569 1584 3623 viros
1613 3569 1843 3625 interro-

255 3670 467 3730 garent,
500 3661 830 3713 iteraverunt
863 3673 925 3713 ea
955 3657 1167 3727 regibus
1196 3658 1353 3713 simul
1383 3657 1701 3728 astantibus,
1726 3676 1842 3729 qua:

255 3756 408 3821 prius
433 3751 579 3805 solus
626 3765 720 3805 rex
762 3749 1193 3804 Guntchramnus
1238 3748 1461 3804 audivit.
1509 3752 1841 3805 Asserebant

256 3844 421 3899 etiam
451 3852 755 3897 constanter
784 3843 921 3895 hanc
945 3855 1183 3906 causam,
1216 3842 1353 3895 sicut
1377 3841 1485 3909 jam
1515 3856 1675 3909 supra
1703 3843 1842 3897 dixi-

258 3948 410 4001 mus,
455 3934 699 3989 omnibus
724 3932 1027 3988 senioribus
1059 3933 1113 3985 in
1156 3945 1319 3999 regno
1345 3931 1672 3987 Childeberti
1702 3934 1842 4005 regis

256 4042 382 4085 esse
412 4014 712 4097 cognitam.
731 4026 795 4080 Et
832 4026 903 4081 ob
927 4024 1027 4078 hoc
1049 4024 1288 4079 nonnulli
1317 4024 1383 4079 de
1413 4025 1678 4093 prioribus
1701 4025 1841 4095 regis

256 4121 590 4177 Cbildeberti
621 4124 671 4173 In
718 4119 820 4174 hoc
848 4118 1097 4188 placitum
1128 4116 1274 4171 abire
1304 4117 1626 4181 timuerunt,
1668 4118 1755 4188 qui
1786 4115 1841 4171 in

333 4264 360 4292 ⁸
399 4254 565 4310 Graeci
614 4253 769 4314 legati
801 4250 1089 4305 caduceum
1142 4247 1453 4303 deferebant
1489 4263 1555 4304 ex
1596 4249 1660 4304 L.
1704 4250 1842 4305 San-

255 4336 395 4380 ctum
426 4324 488 4391 IT.
518 4326 580 4375 de
608 4341 775 4375 rerum
809 4322 1076 4375 dirisivnr.
1111 4320 1240 4372 llinc
1278 4320 1595 4391 Mercurius,
1617 4320 1837 4375 deorum

257 4390 477 4450 nuntius
517 4409 673 4447 manu
716 4394 955 4462 gestabat
1016 4392 1349 4462 caduceum,
1390 4406 1545 4457 quem
1590 4390 1838 4462 Virgilius

255 4468 350 4521 lib.
383 4480 433 4519 tv
465 4462 677 4519 Eneid.
711 4460 911 4532 virgam
946 4463 1199 4530 appellat.
1230 4460 1492 4515 Craterum
1538 4461 1685 4518 solus
1713 4462 1833 4523 cod.

251 4536 411 4592 Colb.
442 4550 491 4589 a.
533 4535 825 4602 legatorum
856 4534 1069 4586 nomina
1102 4532 1375 4602 citprimit.
1552 4540 1561 4547 ’

332 4604 359 4643 δ
399 4603 719 4675 Rigunthem
748 4601 1477 4675 RecearedtrdeSponsatam.

334 4686 360 4715 ο
402 4672 571 4738 Ειῖἰιί,
616 4674 839 4726 sublatos
868 4672 1167 4725 reddidisse.

331 4743 358 4782 ά
400 4746 613 4798 llastam
640 4747 844 4811 regium
879 4742 1082 4809 insigne
1121 4742 1256 4809 apud
1300 4740 1533 4811 Francos
1558 4740 1834 4795 exstitisse

250 4825 401 4886 patet
427 4831 486 4886 ex
512 4810 1012 4866 annulo’Cltilderici
1038 4812 1053 4864 Ι
1078 4813 1245 4886 regis,
1258 4813 1344 4886 qui
1371 4814 1421 4886 in
1448 4810 1563 4876 ejus
1584 4811 1832 4875 sepulcro

249 4882 376 4938 eum
408 4884 525 4937 aliis
552 4885 778 4937 eimeliis
804 4886 1053 4936 inventus
1094 4892 1195 4935 est.
1233 4882 1305 4935 Ibi
1335 4882 1475 4936 enim
1501 4895 1593 4933 rex
1625 4895 1829 4947 reprte-

248 4963 527 5021 sentatnr,
572 4954 848 5022 promissis
877 4954 927 5005 in
970 4953 1221 5005 humeros
1262 4950 1735 5022 capillis,itastatti
1774 4949 1829 5004 itt

248 5026 453 5091 sceptri
515 5019 730 5078 modum
789 5038 946 5076 manu
1007 5031 1242 5091 gestans.
1310 5021 1439 5075 Vide
1503 5019 1827 5073 Chillletinm

250 5110 375 5165 pag.
410 5096 505 5159 9‘5,
558 5096 609 5146 in
640 5096 775 5149 libro
819 5108 883 5147 ea
907 5095 974 5147 de
1001 5109 1059 5147 re.
1085 5092 1229 5146 edito
1259 5093 1356 5147 sub
1380 5091 1655 5145 Anastasis
1684 5091 1831 5144 Cbil-

245 5166 417 5219 dcrici
458 5166 695 5219 nomine.

344 5246 367 5272 ο
397 5236 521 5288 Erat
562 5247 739 5287 tamen
778 5234 991 5300 insuper
1038 5232 1340 5286 Chlotarius
1380 5230 1629 5301 parvulus
1674 5228 1827 5301 Chii:-

250 5305 420 5374 perici
464 5305 623 5368 ﬁlius,
651 5305 738 5372 qui
768 5299 1309 5374 apudVictoriacutu
1334 5299 1663 5374 nutriebatur
1688 5317 1701 5352 :
1731 5299 1827 5354 sed

248 5372 376 5428 cum
406 5376 639 5427 nondum
666 5387 696 5426 a
719 5374 1050 5429 Guntramno
1077 5372 1221 5425 visus
1246 5373 1448 5435 luisset,
1478 5381 1534 5425 ut
1564 5373 1675 5439 ipse
1702 5383 1832 5423 con-

248 5447 495 5514 queritur
524 5445 619 5501 lib.
649 5459 766 5512 vm,
794 5459 912 5512 cap.
939 5444 993 5509 9,
1022 5444 1107 5497 vix
1138 5443 1308 5510 ipsum
1343 5442 1568 5497 habebat
1598 5454 1695 5511 pro
1718 5440 1830 5495 ﬁlio

249 5529 485 5640 "ﬁlmsie
510 5584 667 5640 Colb.
688 5600 741 5639 a.
773 5585 866 5638 alt.
896 5598 1087 5650 manu;
1110 5583 1224 5652 alii,
1249 5594 1338 5637 aut
1366 5581 1585 5637 haberet.
1613 5579 1825 5652 Regm.,

247 5655 603 5709 consiliarium
640 5655 864 5709 haberet.

329 5733 355 5772 ι
393 5723 765 5780 Childcbertus
808 5740 1002 5779 artuum
1031 5726 1198 5778 atatis
1230 5722 1295 5777 M
1332 5736 1595 5792 egressus,
1627 5731 1679 5776 et
1708 5737 1820 5773 ma-

245 5797 361 5864 ior.
401 5797 479 5851 uti
507 5810 649 5852 nunc
693 5798 989 5861 loquimur,
1034 5795 1366 5862 declaratus,
1409 5808 1624 5861 regnum
1666 5802 1822 5846 suum

1951 1927 2001 1980 ei
2043 1940 2257 1994 semper
2288 1929 2531 1985 inimicus
2559 1933 2874 1998 exstiterat,
2927 1932 3072 1987 nulio
3111 1934 3270 1987 modo
3302 1941 3394 1988 aut
3421 1949 3540 1989 cre-

1950 2016 2120 2082 deret,
2150 2027 2242 2073 aut
2268 2034 2447 2075 secum
2476 2021 2696 2077 haberet
2732 2021 2773 2088 ί,
2807 2025 2933 2093 quia
2960 2031 3015 2079 et
3052 2023 3152 2094 ipsi
3180 2034 3233 2079 et
3272 2026 3407 2094 patri
3436 2042 3536 2097 suo

1947 2110 2144 2178 saepius
2179 2110 2494 2180 pejerasset.
2527 2113 2731 2169 Deinde
2759 2132 2876 2169 rum
2906 2116 2973 2170 ad
3005 2117 3307 2173 convivium
3337 2133 3535 2175 conve-

1950 2199 2192 2267 nissent,
2247 2201 2628 2258 cohortabatur
2682 2202 3111 2261 Guntchramnus
3168 2223 3267 2264 rex
3319 2224 3547 2265 omnem.

1949 2290 2278 2358 exercitum,
2319 2292 2542 2348 dicens:
2576 2294 2796 2360 Videte,
2828 2311 2861 2349 ο
2893 2296 3016 2363 viri,
3057 2299 3177 2365 quia
3208 2300 3347 2354 {ilius
3388 2316 3535 2359 meus

1948 2379 2321 2438 Cbildebertus
2344 2382 2455 2453 jam
2486 2382 2567 2438 vir
2594 2400 2815 2455 magnus
2843 2386 3068 2443 eil‘ectus
3097 2399 3199 2443 est.
3237 2390 3440 2455 Videte,
3477 2400 3533 2446 et

1948 2481 2166 2537 cavete,
2211 2488 2280 2528 ne
2322 2488 2441 2528 eum
2484 2490 2579 2543 pro
2608 2477 2829 2544 parvqu
2862 2480 3101 2534 habeatis
3126 2488 3176 2534 ε.
3227 2480 3533 2552 Relinquite

1949 2574 2089 2614 nunc
2122 2563 2529 2629 perversitates,
2559 2574 2718 2634 atque
2750 2569 3191 2636 prmsumptiones
3217 2586 3349 2640 quas
3379 2587 3532 2631 θητ-

1946 2652 2079 2706 cetis
2106 2670 2119 2705 :
2149 2652 2269 2721 quia
2300 2669 2392 2709 rex
2420 2664 2533 2720 est,
2574 2657 2660 2710 cui
2695 2673 2787 2712 vos
2816 2674 2955 2713 nunc
2994 2660 3266 2717 deservire
3306 2663 3533 2719 debetis.

1950 2741 2076 2797 llrcc
2113 2751 2168 2798 et
2208 2744 2292 2798 his
2327 2745 2522 2801 similia
2564 2747 2803 2815 locutus,
2855 2765 2948 2818 per
2997 2752 3227 2807 triduum
3255 2755 3545 2822 epulantes

1947 2841 2106 2899 atque
2130 2832 2504 2901 jocundantes,
2537 2836 2825 2907 multisque
2856 2841 3166 2897 muneribus
3200 2844 3532 2913 locupletan-

1948 2931 2063 2987 tes,
2115 2940 2235 2978 cum
2290 2939 2419 2993 pace
2456 2926 2839 2985 discesserunt.
2891 2931 3039 2988 Tunc
3077 2935 3125 2985 ei
3165 2934 3395 2989 reddidit
3436 2917 3529 2991 rex

1945 3013 2379 3071 Guntchramnus
2407 3020 2606 3083 omnia,
2640 3035 2759 3089 qua:
2788 3031 2936 3090 pater
2965 3022 3079 3091 ejus
3108 3023 3403 3094 Sigibertus
3435 3026 3534 3082 ha-

1947 3105 2157 3174 buerat,
2183 3108 2462 3167 obtestans
2494 3125 2561 3167 ne
2590 3111 2659 3166 ad
2688 3121 2915 3168 matrem
2959 3116 3269 3183 accederet,
3301 3134 3367 3174 ne
3394 3118 3530 3173 forte

1869 3189 1914 3249 C
1946 3199 2139 3271 aliquis
2186 3202 2406 3258 daretur
2451 3203 2670 3271 aditus,
2721 3208 2950 3275 qualiter
2997 3211 3066 3265 ad
3119 3212 3537 3279 Gundovaldutnt

1941 3291 2221 3355 scriberet,
2250 3300 2344 3347 aut
2368 3293 2437 3348 ab
2464 3308 2530 3349 eo
2554 3295 2753 3364 scripta
2780 3297 3102 3369 susciperet.

2013 3382 2259 3440 XXXIV.
2310 3384 2476 3456 Igitur
2527 3384 2909 3443 Gundovaldus
2942 3404 3068 3446 cum
3127 3390 3365 3463 audisset
3423 3393 3526 3451 sibi

1941 3476 2234 3530 exercitum
2284 3476 2667 3547 propinquare,
2716 3479 2935 3541 relictus
2962 3497 2993 3536 a
3024 3480 3296 3539 Desiderio
3359 3484 3535 3551 duce,

1943 3562 2247 3620 Garunnam
2303 3580 2425 3621 cum
2466 3567 2753 3637 Sagittario
2800 3570 3093 3641 episcopo,
3143 3572 3433 3643 Mummtilo
3471 3585 3525 3628 et

1943 3654 2192 3710 Bladaste
2218 3655 2471 3723 ductbus,
2514 3667 2672 3729 atque
2704 3659 2987 3719 Waddone
3014 3665 3275 3733 transivit,
3319 3664 3526 3723 Convc-
3600 3654 3607 3661 ’

1944 3758 2041 3801 nas
2080 3743 2108 3784 δ
2140 3756 2401 3816 petentes.
2450 3747 2547 3803 Est
2589 3749 2730 3807 enim
2779 3753 2911 3809 urbs
2952 3753 3005 3809 in
3031 3755 3305 3819 cacumine
3329 3758 3526 3831 montis

1941 3840 2069 3905 sita,
2114 3840 2349 3908 nullique
2376 3842 2541 3895 monti
2568 3845 2839 3910 contigua.
2874 3845 3020 3911 Fons
3049 3861 3272 3915 piagnus
3343 3850 3411 3903 ad
3441 3865 3524 3923 ra-

1940 3931 2113 3987 dicem
2138 3933 2331 3987 montis
2351 3947 2659 4003 erumpens,
2680 3935 3041 3997 circumdatus
3063 3952 3205 3995 turre
3226 3942 3515 4009 tutissima;

1941 4021 2010 4076 ad
2039 4037 2194 4092 quem
2215 4023 2376 4093 360
2402 4037 2497 4092 per
2533 4024 2833 4083 cuniculum
2861 4028 3247 4103 descendentes
3270 4045 3335 4085 ex
3368 4032 3521 4100 urbe,

1942 4111 2172 4168 latenter
2208 4111 2394 4169 latices
2440 4113 2718 4171 hauriunt.
2773 4117 2922 4189 lianc
2949 4118 3092 4174 enim
3136 4120 3406 4193 ingressus
3439 4138 3523 4177 ur-

1942 4248 2057 4319 ipse
2114 4247 2484 4304 administrare
2529 4251 2717 4316 cmpit.
2775 4253 2863 4307 Sic
2901 4262 2954 4307 et
3004 4263 3185 4319 postea
3240 4254 3519 4313 Balthildis

1941 4318 2348 4395 (_llilotariontilio
2373 4333 2485 4395 suo
2512 4320 2848 4395 pubertatem
2880 4318 3120 4395 ingresso
3161 4326 3310 4395 regni
3337 4341 3519 4384 curam

1940 4389 2164 4444 dimisit.
2206 4388 2416 4443 Videsis
2446 4389 2621 4445 Vales.
2668 4393 2759 4450 I.b.
2797 4408 2871 4447 xu
2916 4388 3020 4447 rer.
3066 4388 3305 4450 Francic.

2014 4457 2039 4498 ιι
2081 4460 2393 4534 Lugdunum
2434 4460 2806 4534 Convennrmn
2854 4464 2991 4533 apud
3037 4474 3245 4518 veteres
3284 4466 3516 4534 dicitur,

1944 4540 2051 4584 tum
2076 4545 2103 4581 a
2138 4541 2262 4595 situ,
2292 4529 2499 4583 Dunum
2530 4531 2728 4598 quipne
2758 4529 2900 4600 apud
2926 4542 3130 4587 veteres
3158 4534 3337 4587 Gallos
3367 4529 3519 4591 tuens

1944 4609 2062 4673 est,
2098 4610 2205 4673 tum
2231 4601 2313 4673 _ab
2345 4603 2626 4673 occasione
2664 4618 2765 4669 qua
2791 4603 3060 4655 conditum
3088 4602 3211 4662 fuit.
3247 4606 3385 4673 quod
3415 4610 3522 4659 sci-

1946 4671 2069 4724 licet
2095 4669 2244 4723 multi
2291 4674 2483 4742 ineunt
2526 4672 3102 4742 locmneonvencrint.
3131 4669 3520 4742 Rem'explicat

1945 4741 2299 4808 llieronymus
2330 4739 2585 4794 adversus
2613 4741 2953 4810 Vigilantium
2985 4742 3036 4797 in
3062 4758 3121 4796 ca
3146 4748 3276 4798 urbe
3297 4739 3474 4799 natum
3502 4764 3517 4801 :

1945 4812 2251 4880 Respondet,
2286 4812 2469 4876 inquit,
2500 4815 2672 4880 generi
2713 4829 2837 4877 tuo,
2878 4822 2932 4865 ut
2968 4814 3050 4880 qui
3082 4815 3147 4865 de
3177 4816 3429 4867 latronum
3473 4825 3520 4870 et

1935 4878 2283 4954 Camenarum
2313 4890 2459 4954 natus
2474 4878 2554 4954 έιιι
2574 4884 2784 4943 semine,
2813 4900 2938 4951 quos
2969 4878 3059 4937 Cn.
3093 4881 3366 4954 Pompeius
3396 4886 3519 4939 edo-

1933 4954 2056 5024 mita
2087 4949 2355 5024 Hispania
2382 4950 2432 5002 in
2466 4949 2705 5020 Pyrenen
2725 4949 2868 5023 jugis
2908 4953 3162 5024 deposuit,
3202 4949 3247 5007 εἰ
3276 4955 3330 5009 in
3363 4972 3519 5010 unum

1937 5021 2183 5090 oppiduni
2231 5023 2546 5090 congregavit
2572 5062 2588 5086 ,
2644 5021 2869 5076 unde—et
2915 5021 3261 5078 Genuenarum
3305 5024 3441 5077 urbs.
3479 5027 3517 5081 li

1935 5089 2089 5163 erant
2114 5089 2437 5163 Wascones,
2460 5093 2559 5163 qui
2594 5092 3126 5163 tunel’yrenzcorum
3152 5096 3276 5163 juga
3317 5095 3516 5153 incole-

1935 5161 2086 5233 bant.
2131 5161 2270 5233 Lege
2302 5162 2562 5233 \alesium
2602 5161 2660 5233 in
2694 5160 2890 5216 Notitia
2921 5160 3233 5233 Galliarum.
3254 5162 3519 5233 Cteterum
3602 5230 3605 5233 Α

1938 5231 2052 5285 haec
2081 5232 2206 5287 nrhs
2231 5245 2371 5285 anno
2400 5231 2504 5286 685
2541 5248 2570 5284 a
2602 5231 2937 5291 Gnntramno
2967 5232 3159 5295 diruta,
3192 5243 3248 5285 ut
3293 5232 3511 5287 inferius

1936 5310 2117 5355 narrat
2156 5300 2478 5370 Gregorius,
2530 5304 2617 5355 diu
2669 5296 2863 5367 jaeuit,
2909 5303 3035 5355 sede
3080 5301 3366 5370 episcopali
3406 5303 3513 5357 alio

1936 5374 2224 5437 translata;
2271 5369 2364 5426 Sed
2394 5388 2421 5423 a
2456 5371 2786 5434 Bcrtranuo,
2833 5372 2917 5440 qui
2967 5386 3106 5423 anno
3155 5369 3297 5440 “'20,
3330 5370 3509 5427 vivere

1934 5443 2122 5507 desiit,
2156 5451 2421 5510 utcunque
2466 5453 2745 5510 reparata,
2787 5439 2887 5494 coli
2919 5456 2979 5494 ac
3024 5439 3305 5494 inhabitari
3329 5442 3512 5505 cmpiI.

1939 5512 2090 5569 Unde
2119 5526 2310 5566 nomen
2338 5510 2657 5567 restitutoris
2680 5512 2972 5580 accipiens,
2998 5524 3139 5580 _nnnc
3161 5511 3315 5580 vulgo
3340 5515 3511 5566 sancti

1934 5582 2208 5638 Bertrandi
2238 5582 2597 5643 Conveneusis
2625 5578 2772 5639 urbs,
2812 5578 3239 5633 Saint-Bertrand
3262 5578 3326 5634 de
3357 5580 3509 5633 Com-

1934 5655 2150 5721 minges,
2202 5653 2425 5721 dicitur,
2473 5656 2571 5711 sub
2620 5649 2902 5719 metropoli
2941 5651 3217 5708 Auscieusi
3267 5652 3319 5707 in
3380 5650 3509 5705 Wa-

1927 5737 2053 5779 που
2062 5737 2129 5778 Ia.
2902 5761 2907 5767 .
