3974 6174
509 399 613 454 459

1509 393 1569 448 S.
1609 391 1939 450 GREGORII
1981 392 2282 450 EPlSCOPl
2324 388 2745 447 TURONENSIS

3637 403 3724 458 HO

507 523 627 576 hem
664 520 716 574 in
747 518 896 574 Initio
923 517 1355 591 Quadragesima:
1384 521 1590 578 locutus
1621 532 1700 576 est
1729 522 1970 588 civibus,
1999 522 2082 576 di-
2115 525 2164 582 Λ
2189 526 2314 567 esse
2352 526 2381 564 3
2408 509 2726 565 Christianis
2774 510 2906 564 tanti
2957 509 3205 580 martyris
3247 507 3509 568 basilicam
3551 516 3725 576 violan-

505 627 630 668 cens
665 613 981 668 ;-Noveritis
1017 630 1106 670 me
1147 630 1269 669 cum
1318 617 1606 680 omnibus,
1659 621 1746 684 qui
1809 618 1860 670 in
1914 631 2081 688 regno

501 704 830 762 Childeberti
873 706 1167 776 habentur,
1218 709 1445 763 electum
1497 724 1616 763 esse
1663 724 1873 779 regem,
1921 719 2080 777 atque

501 797 684 852 haberi
714 813 922 852 meeum
953 815 1054 853 non
1087 799 1352 854 modicum
1378 799 1652 856 solatium.
1692 800 1797 856 Sed
1828 804 2076 868 quoniam

502 892 668 944 frater
707 905 856 944 meus
885 889 1316 944 Guntchramnus
1347 906 1438 945 rex
1478 891 1795 945 immensum
1824 892 2079 947 adversus

501 997 587 1036 me
635 991 818 1037 movet
862 983 1189 1050 exercitum,
1240 992 1451 1050 Oportet
1490 997 1584 1036 vos
1628 983 1879 1037 alimenta
1921 994 2079 1052 atque

502 1084 748 1129 cunctam
793 1075 1173 1144 supellectilem
1226 1075 1357 1129 infra
1408 1092 1681 1130 murorutn
1732 1077 2078 1131 munitionem

501 1168 855 1232 concludere,
902 1179 960 1222 ut
1007 1168 1209 1223 scilicet
1238 1168 1363 1223 dum
1393 1169 1548 1223 nobis
1576 1166 1666 1222 illa
1699 1169 1864 1237 pietas
1901 1168 2078 1223 divina

501 1272 658 1331 auget
701 1261 948 1314 solatium
972 1302 987 1326 ,
1041 1276 1145 1315 non
1175 1261 1405 1330 pereatis
1437 1261 1634 1329 in0pia.
1677 1261 1799 1315 [an
1828 1263 1932 1316 illis
1961 1275 2075 1315 cre-

501 1352 782 1418 dentibus,
827 1366 1160 1422 quaecunque
1198 1351 1395 1406 habere
1424 1358 1710 1419 patuerunt
1755 1351 2079 1406 collocantes

502 1444 555 1498 in
584 1444 715 1499 urbe
741 1442 1114 1512 praeparabant
1139 1456 1198 1496 se
1225 1441 1290 1494 ad
1323 1441 1698 1496 resistendum.
1734 1441 1807 1493 Eo
1839 1451 2079 1509 tempore

500 1536 933 1591 Guntchramnus
973 1549 1063 1589 rex
1113 1533 1255 1586 misit
1286 1533 1491 1586 litteras
1531 1531 1597 1584 ad
1630 1531 2032 1592 Gundovaldum
2057 1569 2075 1596 ,

498 1642 564 1684 ex
597 1627 812 1682 nomine
843 1624 1198 1680 Brunichildis
1247 1623 1441 1691 reginae
1469 1623 1521 1675 in
1559 1621 1752 1691 quibus
1796 1632 1913 1675 erat
1947 1622 2079 1675 scri-

500 1728 685 1790 ptum,
717 1726 774 1772 ut
820 1716 1008 1772 relicto
1033 1714 1269 1770 exercitu
1309 1722 1364 1768 et
1388 1713 1440 1768 in
1472 1713 1584 1768 loca
1613 1726 1706 1776 sua
1733 1712 1879 1766 abire
1905 1710 2074 1780 jusso,

504 1813 621 1882 Ipse
664 1810 920 1866 remotior
957 1808 1093 1877 apud
1143 1805 1584 1876 Burdegalensem
1630 1803 1814 1858 urbem
1857 1802 2074 1858 hiberna

2185 605 2330 671 dam,
2361 603 2514 672 cujus
2555 605 2691 657 ostia
2716 617 2928 658 summo
2967 603 3147 658 studio
3175 602 3418 660 obserata
3444 618 3602 662 erant.
3637 610 3730 670 Nec

2184 717 2336 757 mora
2375 708 2808 772 appropinquans
2832 707 3099 761 exercitus
3140 722 3263 762 cum
3310 725 3541 768 reserare
3569 720 3730 788 templ

2143 794 2363 848 .valvas
2409 809 2514 849 non
2545 795 2766 862 valeret,
2799 797 2973 867 ignem
3019 801 3298 882 accendit;
3330 809 3731 881 consumptisqus

2182 887 2368 955 ostiis,
2411 903 2622 941 omnem
2665 890 3018 945 substantiam
3063 903 3412 964 cunctamque
3457 902 3732 969 supellecti-

2184 975 2309 1039 lem,
2340 994 2498 1046 quam
2532 979 2584 1032 in
2614 995 2678 1033 ea
2723 979 3296 1052 invenirepotueruut,
3329 1002 3446 1041 cum
3473 991 3627 1046 sacris
3648 996 3733 1049 mi-

2182 1067 2417 1121 nisteriis
2461 1070 2815 1126 abstulerunt.
2875 1073 2981 1128 Sed
3033 1077 3230 1130 multos
3288 1077 3359 1132 tbi
3410 1082 3535 1136 ultio
3578 1085 3732 1140 divina

2181 1161 2477 1215 conterruit
2508 1159 2554 1214 δ.
2588 1161 2719 1216 Nam
2748 1164 3014 1234 plerisque
3045 1182 3233 1222 manus
3262 1169 3512 1228 divinitus
3536 1177 3734 1232 ureban-

2181 1257 2295 1317 tur,
2331 1251 2641 1308 emittentes
2687 1255 2886 1310 fumum
2919 1273 3202 1327 magnum,
3233 1262 3371 1316 sicut
3407 1278 3471 1318 ex
3515 1265 3734 1323 incendio

2179 1355 2400 1411 surgere
2425 1343 2582 1399 solet.
2629 1345 2879 1402 Nonnulli
2910 1351 3110 1419 arrepti
3143 1367 3168 1404 a
3199 1353 3460 1421 daemone,
3494 1371 3582 1426 per
3599 1374 3736 1414 ener-

2179 1434 2318 1504 giam
2349 1436 2741 1494 debacchantes
2781 1452 3072 1512 martyrem
3104 1443 3493 1500 declamabant.
3539 1446 3733 1503 Plurimi

2180 1542 2308 1582 vero
2331 1531 2524 1584 setnoti
2553 1544 2582 1583 a
2607 1533 2765 1586 sociis
2797 1542 2819 1569 ο
2855 1535 3082 1603 prepriis
3112 1551 3170 1590 se
3195 1536 3391 1604 jaculis
3430 1540 3735 1597 sauciabant.

2180 1618 2462 1689 Reliquum
2504 1637 2632 1678 vero
2661 1624 2849 1693 vulgus
2890 1624 3069 1682 inante
3107 1642 3212 1682 non
3242 1628 3359 1683 sine
3390 1631 3567 1699 grandi
3607 1641 3736 1686 metu

2180 1724 2520 1780 progressum
2549 1723 2650 1768 est.
2684 1714 2819 1780 Quid
2856 1715 3043 1782 plura?
3083 1718 3410 1773 Convenitur
3451 1721 3515 1774 ad
3550 1720 3738 1777 Conve-

2183 1817 2280 1857 uas
2307 1803 2408 1876 (sic
2444 1805 2586 1859 enim
2617 1805 2847 1861 diximus
2879 1823 3070 1863 nomen
3115 1810 3280 1880 urbis)
3313 1812 3584 1880 omnisque
3629 1814 3738 1882 pha-

500 1903 806 1958 deduceret.
835 1900 1132 1969 Scripserat
1155 1897 1295 1951 enim
1329 1901 1443 1949 tunc
1463 1895 1668 1961 dolose,
1696 1902 1754 1948 ut
1783 1892 1850 1949 de
1871 1908 1936 1947 eo
1961 1891 2072 1962 ple-
2112 1904 2150 1962 Β
2177 1897 2329 1966 langa
2353 1898 2405 1952 in
2435 1898 2739 1954 suburbana
2763 1900 2906 1954 urbis
2929 1903 3206 1969 campania
3237 1914 3608 1959 castramctata
3644 1915 3736 1974 est,

499 1996 622 2053 nius
658 1993 782 2065 quid
820 1999 1030 2060 ageret,
1083 1997 1262 2059 posset
1291 2000 1601 2057 agnoscere.
1649 1985 1810 2054 Igitur
1842 1997 2078 2039 commo-

500 2096 652 2144 rante
679 2101 745 2141 eo
785 2082 923 2154 apud
952 2081 1138 2136 urbem
1183 2079 1489 2142 Convenas,
1522 2078 1729 2132 locutus
1756 2085 1839 2132 est
1867 2075 2077 2141 incolis,

498 2177 721 2232 dicens:
752 2174 889 2228 Ecce
933 2173 1042 2241 jam
1095 2169 1364 2225 exercitus
1394 2167 1816 2236 appropinquat,
1868 2164 2077 2234 egredi-

501 2267 628 2322 mini
677 2266 741 2320 ad
774 2263 1155 2320 resistendum.
1185 2261 1388 2326 Quibus
1433 2257 1862 2327 egredientibus.
1907 2259 1956 2312 hi
1987 2271 2078 2312 oc-

499 2369 755 2430 cupantes
793 2367 971 2426 portas
1001 2365 1158 2423 atque
1198 2351 1535 2416 claudentes,
1569 2351 1784 2406 excluso
1811 2347 1941 2405 foris
1981 2362 2077 2417 po-

501 2451 656 2520 pulo,
705 2464 824 2503 cum
876 2449 1126 2514 episcopo
1185 2445 1282 2498 loci
1322 2455 1384 2508 ο,
1435 2452 1621 2497 cuncta
1680 2457 1798 2509 qua:
1848 2443 1898 2495 in
1946 2440 2079 2495 urbe

499 2542 739 2598 invenire
795 2547 1115 2609 potuerant,
1176 2536 1286 2588 suis
1348 2532 1641 2588 ditionibus
1706 2531 2073 2586 subdiderunt.

498 2635 772 2702 Tantaque
811 2630 881 2685 ibi
931 2627 1214 2685 mu'titudo
1254 2641 1478 2680 annona:
1522 2633 1680 2693 atque
1719 2623 1826 2678 vini
1866 2633 2075 2691 reperta

499 2736 601 2792 est,
633 2736 688 2780 ut
713 2725 758 2780 si
786 2722 1015 2778 viriliter
1039 2720 1343 2783 stetissent,
1379 2731 1473 2786 per
1496 2716 1786 2770 multorum
1817 2728 2072 2770 annorum

497 2820 668 2890 spatia
707 2818 883 2873 victus
912 2813 1173 2870 alimentis
1214 2827 1318 2866 non
1350 2819 1589 2880 egerent.

570 2910 784 2968 XXXV.
825 2909 1115 2966 Audierant
1141 2906 1282 2960 enim
1324 2919 1391 2959 eo
1418 2911 1657 2970 tempore
1703 2901 1866 2955 duces
1910 2900 2076 2954 Gunt-

497 3007 737 3060 chramn.
767 3001 931 3070 regis,
976 2995 1380 3052 Gundovaldum
1413 2994 1548 3048 ultra
1579 2990 1880 3046 Garonnam
1912 2991 1963 3043 iu
1992 2990 2077 3042 lit-

497 3107 615 3150 tore
643 3093 876 3149 residere
905 3105 1025 3146 cum
1073 3088 1274 3157 ingenti
1317 3085 1552 3140 hostium
1584 3081 1951 3146 multitudine;
1994 3081 2074 3148 ip-

494 3202 691 3259 sosque
739 3185 1059 3248 thesauros,
1108 3194 1241 3249 quos
1282 3177 1564 3246 Riguntbis
1613 3175 1839 3236 tulerat,
1889 3186 2072 3259 secum

2181 1986 2360 2057 ibique
2404 1989 2640 2050 extensis
2697 1992 2937 2046 tentoriis
2985 1992 3269 2047 residebat.
3336 1995 3646 2050 Vastabatur
3693 1998 3738 2052 in

2179 2077 2403 2132 circuitu
2455 2088 2560 2134 tota
2601 2081 2795 2148 regio:
2840 2083 3078 2136 nonnulli
3127 2095 3304 2138 autem
3359 2083 3427 2139 ab
3475 2087 3740 2152 exercitu,

2180 2186 2314 2239 quos
2357 2171 2544 2226 fortior
2572 2173 2810 2227 avaritia:
2839 2175 3056 2228 aculeus
3106 2176 3451 2242 terebrabat,
3498 2179 3691 2249 longius
3713 2195 3740 2235 ι

2177 2261 2289 2315 suis
2327 2271 2639 2330 evagantes,
2674 2264 3065 2332 perimebantur
3092 2268 3160 2319 ab
3186 2265 3400 2322 incolis.

2249 2353 2410 2424 δερ
2441 2353 2680 2409 XXXVI.
2715 2356 3085 2412 Ascendebant
3114 2358 3255 2413 enim
3281 2356 3308 2395 ἀ
3347 2361 3502 2414 multi
3531 2377 3620 2430 per
3643 2361 3742 2414 col-

2183 2442 2319 2508 lem,
2361 2453 2419 2499 et
2459 2460 2580 2500 cum
2613 2444 2962 2503 Gundovaldo
2987 2450 3182 2516 saepius
3208 2451 3586 2519 loquebantur,
3618 2453 3740 2506 infe.

2182 2545 2365 2590 rentes
2395 2535 2447 2590 ei
2475 2539 2715 2590 convicia
2737 2579 2752 2604 ,
2785 2553 2847 2592 ac
2877 2539 3150 2595 dicentes:
3182 2541 3335 2595 Tune
3364 2559 3424 2596 es
3457 2545 3620 2611 pictor
3648 2545 3742 2606 ille,

2179 2626 2268 2695 qui
2299 2636 2540 2694 tempore
2577 2628 2978 2684 Chlothacharii
3013 2632 3153 2700 regis
3184 2649 3278 2703 per
3311 2638 3549 2688 oratoria
3583 2638 3742 2703 parie-

2181 2730 2263 2774 tes
2292 2729 2454 2789 atque
2475 2736 2718 2777 cameras
2745 2713 3074 2777 cbaraxabas
3101 2725 3161 2776 εἳ
3192 2725 3347 2780 Tune
3372 2741 3430 2778 es
3462 2726 3570 2789 ille,
3601 2740 3746 2793 quem

2182 2811 2539 2868 Ballomcrem
2570 2815 2788 2869 nomine
2816 2816 3008 2884 saepius
3048 2816 3345 2871 Galliarum
3391 2817 3578 2870 incola:
3617 2815 3744 2867 voci-

2180 2904 2393 2958 tabant?
2416 2904 2564 2962 Tune
2592 2920 2650 2960 es
2677 2905 2796 2970 ille,
2821 2906 2910 2973 qui
2943 2905 3252 2975 plerumque
3284 2923 3315 2960 a
3348 2909 3568 2978 regibus
3595 2906 3747 2959 Fran-

2177 3007 2362 3048 corum
2389 3003 2605 3062 pmpter
2627 2994 2722 3049 has
2752 2995 3190 3064 prtesumptiones
3220 3013 3355 3065 quas
3389 2999 3616 3066 prolcrs,
3643 3007 3746 3050 ton~

2179 3095 2390 3142 soratus
2428 3098 2482 3142 et
2529 3086 2716 3142 exsilio
2765 3088 2919 3143 datus
2963 3090 3056 3143 es?
3093 3090 3181 3142 Vel
3223 3092 3344 3157 quis
3386 3101 3475 3157 te,
3517 3089 3748 3143 inielicisa

2179 3177 2314 3234 sime
2345 3177 2649 3244 hominum,
2685 3178 2736 3232 in
2778 3179 2891 3234 ha3c
2932 3181 3046 3234 loca
3088 3181 3344 3250 adduxit,
3386 3183 3608 3238 edicito.
3635 3183 3747 3248 Quis

495 3239 908 3338 retiitereﬂuuc
941 3239 1139 3342 impetu
1160 3269 1301 3323 facto
1320 3239 1438 3322 cum
1473 3262 1879 3335 equitibus[Ed.
1904 3258 2074 3330 equis]
2104 3239 2148 3300 δ
2182 3267 2276 3322 tibi
2308 3275 2508 3322 tantam
2539 3267 2814 3322 audaciam
2846 3272 3118 3336 praestitit,
3143 3280 3200 3325 ut
3224 3239 3570 3326 dominorum
3601 3287 3660 3326 ac
3684 3288 3749 3325 τε·

494 3375 798 3430 Garonnam
849 3368 1006 3438 361
1059 3361 1290 3418 natando
1339 3358 1636 3421 transiere,
1694 3354 1959 3408 nonnullis
2006 3355 2074 3407 de

494 3464 730 3519 exercitu
762 3459 814 3514 in
846 3471 1004 3511 amne
1033 3453 1313 3509 demersis.
1348 3449 1556 3518 Reliqui
1587 3447 1639 3501 in
1671 3447 1817 3501 littus
1846 3444 2070 3515 egressi,

497 3554 828 3618 ic-lu'rentes
854 3545 1255 3602 Gundovaldum
1275 3582 1289 3608 ,
1335 3543 1650 3595 invenerunt
1688 3539 1924 3593 camelos
1951 3553 2069 3590 cum

494 3641 693 3711 ingenti
722 3637 957 3709 pondere
983 3635 1097 3689 auri
1127 3645 1283 3701 atque
1304 3633 1538 3702 argenti,
1570 3632 1682 3685 sive
1713 3630 1916 3698 equites
1945 3627 2071 3699 |Pro

493 3730 695 3804 equos]
725 3743 858 3800 quos
913 3727 1083 3781 fessos
1130 3739 1223 3793 per
1265 3725 1378 3776 vias
1431 3721 1738 3790 reliquerat.
1778 3718 2071 3774 Audientes

493 3823 746 3891 deinceps
787 3833 879 3874 eos
923 3815 1062 3872 infra
1090 3829 1270 3870 muros
1311 3815 1456 3868 urbis
1485 3813 1807 3866 Conveuicae
1831 3826 2072 3867 commo-

492 3915 623 3982 rari,
670 3911 870 3969 relictis
899 3909 1152 3978 plaustris
1179 3922 1242 3960 ac
1271 3907 1499 3960 diversis
1530 3905 1919 3974 impedimentis
1948 3920 2069 3959 cum

493 4010 689 4080 populo
736 4007 977 4071 minore,
1012 4001 1342 4057 robustiores
1374 4000 1467 4054 viri
1517 4001 1687 4068 ipsum
1711 4040 1728 4066 ,
1767 4000 1904 4054 sicut
1958 3999 2068 4068 jam

493 4101 797 4156 Garonnam
848 4096 1208 4161 transierant,
1259 4092 1464 4159 insequi
1531 4091 1818 4144 destinant.
1868 4090 2069 4156 Quibus

493 4188 920 4262 properantibus,
952 4194 1214 4242 venerunt
1242 4184 1308 4238 ad
1342 4182 1613 4238 basilicam
1637 4181 1804 4236 sancti
1840 4180 2070 4235 Vincen-

491 4285 573 4348 tii,
601 4297 718 4351 quae
746 4292 828 4334 est
857 4280 1007 4349 juxta
1058 4277 1346 4332 terminum
1379 4275 1713 4343 Agennensis
1759 4271 1937 4336 urbis,
1979 4271 2066 4325 ubi

493 4377 604 4444 ipse
629 4381 832 4442 martyr
879 4386 973 4438 pro
1000 4369 1195 4423 Christi
1225 4368 1438 4422 nomine
1465 4380 1688 4435 agonem
1713 4365 1907 4418 dicitur
1932 4379 2066 4419 con-

491 4480 820 4530 summasse;
885 4465 1306 4529 inveneruntque
1357 4474 1475 4513 eam
1541 4455 1790 4513 refertam
1839 4456 2067 4511 diversis

490 4557 755 4614 thesauris
811 4555 1124 4610 incolarum.
1182 4551 1312 4605 Erat
1357 4550 1501 4605 enim
1551 4563 1673 4618 spes
1717 4547 1903 4602 incolis
1960 4561 2065 4601 non

2174 3373 2296 3427 gum
2343 3367 2650 3412 nostrorum
2695 3361 2824 3413 ﬁnes
2863 3360 3092 3415 auderes
3133 3361 3441 3430 attingere?
3478 3365 3635 3416 Certe
3659 3364 3748 3415 sia

2174 3461 2441 3516 quoquam
2481 3462 2540 3502 es
2579 3457 2833 3502 evocatus
2859 3490 2874 3516 ,
2917 3450 3062 3503 clara
3105 3466 3235 3506 voce
3276 3461 3510 3507 testare.
3556 3454 3630 3506 En
3670 3453 3751 3505 tibi

2174 3549 2301 3593 ante
2331 3540 2519 3594 oculos
2549 3550 2775 3596 mortem
2805 3543 3104 3611 expositam
3129 3560 3142 3609 ;
3171 3559 3236 3598 en
3271 3547 3449 3614 ipsam
3479 3563 3635 3614 quam
3673 3546 3751 3599 diu

2172 3631 2410 3698 ψιωείειί
2437 3630 2583 3686 exitii
2613 3631 2856 3699 foveam,
2894 3635 2946 3688 in
2987 3650 3145 3704 quam
3179 3652 3432 3707 praeceps
3466 3639 3748 3706 dejiciaris.

2175 3720 2268 3774 Dic
2296 3721 2560 3777 satellites
2585 3722 2782 3777 viritim
2807 3765 2823 3789 ,
2849 3725 2932 3778 vel
2962 3740 2991 3778 a
3019 3726 3210 3794 quibus
3240 3726 3495 3782 inviteris
3525 3729 3752 3782 enuntia.

2173 3813 2242 3866 At
2268 3812 2358 3867 ille
2384 3826 2504 3867 cum
2535 3814 2650 3868 hcce
2678 3816 2921 3881 audiret,
2954 3817 3172 3886 propius
3197 3832 3364 3888 super
3412 3831 3621 3889 portam
3664 3813 3752 3871 as-

2173 3911 2293 3957 tans
2322 3903 2533 3958 dicebat
2563 3923 2574 3957 :
2607 3906 2760 3970 Quod
2795 3923 2882 3962 me
2920 3907 3374 3964 Cblothacharins
3419 3922 3575 3980 pater
3619 3923 3754 3964 meus
3791 3942 3804 3953 ο

2171 4008 2394 4049 exosum
2428 3996 2712 4064 habuerit,
2754 3998 2981 4054 habetur
3023 4001 3360 4072 incognitum
3405 4005 3583 4068 nulli;
3619 4002 3748 4072 quod

2181 4095 2357 4142 autem
2404 4090 2472 4143 ab
2510 4105 2610 4153 eo,
2645 4092 2726 4146 vel
2763 4091 3016 4162 deinceps
3039 4107 3069 4145 a
3100 4093 3353 4148 fratribus
3387 4097 3493 4149 siin
3527 4105 3755 4149 tonsora-

2173 4189 2290 4242 tus,
2333 4180 2675 4235 manifestum
2724 4190 2808 4237 est
2852 4184 3121 4238 omnibus.
3175 4185 3238 4238 Et
3287 4186 3412 4240 iure
3465 4203 3553 4240 tne
3602 4197 3752 4238 causa

2171 4268 2383 4322 Narseti
2417 4269 2672 4336 praefecto
2701 4271 2861 4325 Italia:
2889 4273 3067 4340 junxit
3089 4314 3105 4335 ,
3139 4273 3322 4344 ibique
3356 4291 3594 4330 uxorem
3623 4273 3756 4327 acci-

2175 4360 2328 4428 piens
2353 4400 2366 4424 ,
2393 4361 2524 4414 duos
2555 4361 2694 4415 filios
2719 4362 2986 4431 ge'neravi.
3014 4364 3129 4431 Qua
3160 4375 3378 4421 mortua
3401 4409 3417 4432 ,
3463 4365 3749 4432 assumptis

2172 4469 2381 4508 mecum
2415 4453 2620 4524 liberis,
2650 4455 3163 4525 Constantinopolim
3193 4457 3324 4512 abii.
3353 4459 3445 4513 Ab
3470 4459 3759 4527 imperato-

2171 4547 2321 4602 ribus
2339 4562 2470 4602 vero
2492 4559 2768 4618 susceptus
2791 4548 3189 4619 benignissime,
3214 4562 3394 4619 usque
3415 4551 3486 4605 ad
3507 4551 3614 4603 hoc
3633 4558 3758 4603 tent-

567 4739 592 4765 ι
633 4729 679 4780 Is
708 4739 815 4781 erat
850 4727 1091 4791 Ruﬁnus,
1137 4729 1224 4795 qui
1256 4726 1355 4779 hoc
1379 4726 1492 4794 ipso
1520 4738 1660 4777 anno
1688 4723 1927 4778 Concilio
1960 4723 2063 4776 Ma-
2095 4731 2142 4789 ι)
2174 4723 2407 4795 transiit,
2435 4722 2592 4785 ithuc
2621 4723 2832 4795 itineris
2852 4724 2984 4776 ratio
3015 4733 3347 4791 postulabat,
3382 4737 3556 4793 atque
3583 4741 3643 4780 ea
3674 4741 3753 4778 oc-

493 4802 682 4854 tiscon.
715 4814 749 4850 ll
787 4799 1118 4865 subscripsit.
1476 4821 1489 4836 ο

562 4867 588 4907 '0
622 4865 768 4921 Hanc
792 4862 1063 4921 basilicam
1098 4867 1148 4919 in
1181 4865 1322 4918 valle
1349 4865 1600 4934 Capraria
1646 4878 1812 4933 prope
1853 4862 2062 4934 Lugdu-

492 4954 617 4994 num
645 4937 1013 4991 Convenarum
1043 4937 1198 4990 sitam
1225 4934 1390 4989 fuisse
1415 4933 1689 4989 contendit
1712 4933 1910 4998 Joseph
1935 4933 2065 4988 Sca-

493 5011 626 5078 liger
651 5008 741 5062 lib.
774 5022 821 5060 vt
844 5007 924 5078 de_
942 5006 1334 5078 Emendatione
1352 5014 1513 5078 temp.
1543 5004 1692 5058 Unde
1721 5003 2063 5078 allueinatum

489 5072 654 5136 fuisse
698 5085 848 5147 putat
887 5075 1222 5147 Gregorium,
1248 5074 1334 5147 qui
1381 5076 1548 5147 ipsam
1592 5090 1753 5147 prope
1793 5072 2058 5147 Aginttum

489 5143 710 5206 stetisse
733 5143 1034 5215 scripserit,
1065 5145 1398 5198 confundens
1429 5145 1630 5215 locum,
1665 5143 1715 5196 in
1746 5159 1863 5215 quo
1881 5143 2066 5197 beatus

489 5229 692 5288 martyr
713 5212 896 5288 passu;-
920 5227 1022 5288 est,
1050 5229 1168 5288 cum
1200 5215 1414 5288 basilica
1449 5214 1615 5288 ipsius
1645 5212 1917 5288 memoria:
1938 5226 2066 5288 con-

490 5283 727 5343 secrata:
763 5291 831 5344 At
869 5286 1070 5340 fallitur
1107 5287 1333 5353 ipsemet
1374 5284 1630 5353 Scaliger.
1671 5283 1822 5353 illanc
1865 5284 2065 5351 quippe

490 5357 793 5424 basilicam,
824 5371 979 5426 quam
1012 5352 1324 5426 Guntramni
1357 5352 1550 5426 milites
1577 5352 1863 5426 violarunt,
1898 5367 2064 5426 prope

489 5427 753 5507 égiunum
778 5420 916 5492 erat,
950 5435 1004 5479 et
1033 5425 1246 5507 quidem
1273 5426 1325 5478 in
1361 5426 1476 5478 loco
1507 5424 1844 5507 [fontpeiacm
1871 5420 2056 5507 ubiAS.

493 5492 801 5550 Vincentius
824 5512 1008 5563 passus
1034 5492 1133 5550 est.
1163 5495 1270 5548 Nec
1293 5504 1548 5563 repugnat
1571 5495 1646 5545 rei
1670 5499 1837 5563 gestae
1865 5492 2052 5563 series.

490 5561 843 5619 Gundobaldo
867 5568 1060 5632 quippe
1087 5561 1384 5631 Burdigala:
1414 5561 1706 5627 existente,
1738 5561 2053 5615 Guntramni

490 5633 760 5687 exercitus
794 5647 857 5685 ex
889 5633 1102 5686 i’ictavo
1133 5634 1198 5686 ad
1229 5633 1549 5687 Dordoniatn
1583 5633 1776 5684 ﬂtttnen
1804 5632 2049 5684 accessit.

489 5701 604 5769 Quo
633 5702 818 5755 nuntio
848 5701 1058 5753 territus
1083 5703 1461 5756 Gundobaldus
1481 5745 1493 5766 ,
1525 5702 1660 5768 apud
1689 5700 1968 5753 Convenas
1993 5716 2055 5755 se

491 5776 728 5838 recepit,
761 5785 866 5837 quo
896 5784 1014 5820 cmn
1045 5781 1314 5838 pergeret,
1349 5771 1663 5825 Guntiamni
1701 5771 1967 5823 exercitus
1997 5780 2054 5823 ut

491 5845 698 5898 hostem
751 5841 1149 5904 insequeretur,
1209 5857 1298 5907 per
1359 5842 1708 5910 Agnitio-trem
1766 5840 2047 5893 terminum

2167 4794 2384 4864 casione
2413 4795 2607 4846 milites
2648 4794 2928 4847 ecclesiam
2971 4795 3029 4848 S.
3079 4795 3346 4848 Vincentii
3393 4797 3754 4864 diripuerunt.

2169 4861 2303 4915 Tum
2337 4874 2727 4931 prosequentes
2755 4872 2989 4930 emptum
3020 4864 3120 4917 iter
3145 4864 3212 4918 ad
3243 4867 3458 4918 montis
3481 4861 3626 4928 {cui
3671 4869 3758 4917 im-

2166 4933 2399 5000 positqu
2431 4943 2546 4986 erat
2576 4933 2888 5003 Lugdunum
2929 4935 3294 4987 Convenarum
3323 4976 3339 4995 ,
3378 4936 3607 4990 radices
3639 4951 3759 5000 per-

2167 5017 2396 5069 venere,
2442 5012 2497 5056 ut
2547 5012 2728 5058 narrat
2773 5003 3081 5070 Gregorius.
3122 5003 3250 5058 Vide
3297 5003 3402 5060 lib.
3459 5004 3537 5060 de
3590 5004 3761 5059 Gloria

2168 5072 2321 5124 Mart.
2371 5087 2489 5140 cap.
2542 5073 2661 5127 105.
2717 5075 2788 5126 De
2833 5073 2932 5127 hac
2969 5073 3219 5139 basilica,
3262 5085 3318 5126 et
3364 5077 3550 5130 altera
3598 5077 3762 5129 eideut

2167 5153 2353 5211 sancto
2384 5142 2727 5211 dicata,quas
2758 5152 3100 5197 exstruxerat
3125 5153 3216 5196 aut
3243 5141 3558 5198 adornarat
3594 5146 3758 5198 Leon-

2168 5210 2465 5282 tiusiepisc.
2501 5210 2832 5282 Burdigalae,
2864 5211 3183 5266 Fortunatus
3209 5211 3302 5282 libi.
3343 5229 3358 5265 ι
3385 5255 3404 5279 ,
3445 5231 3625 5270 carm.
3660 5217 3692 5269 8
3717 5224 3766 5268 et

2166 5281 2220 5334 9.
2252 5281 2464 5352 Festum
2493 5283 2652 5352 hujus
2676 5281 2849 5336 Sancti
2880 5284 3070 5336 colitur
3093 5284 3180 5337 die
3206 5284 3236 5335 9
3264 5281 3454 5338 Junii.

2242 5361 2263 5419 9
2302 5350 2390 5404 Sic
2411 5350 2638 5407 Colb.‘a.
2660 5353 2752 5405 alt.
2775 5367 2951 5405 manu.
2971 5352 3161 5406 Caneri
3179 5397 3194 5419 ,
3216 5355 3406 5405 semoti
3432 5373 3467 5407 a
3489 5357 3763 5409 seditione.

2235 5417 2263 5456 δ
2301 5419 2390 5475 Sic
2419 5421 2568 5492 Colb.
2618 5438 2669 5475 a.
2705 5423 2890 5489 liegm.
2913 5463 2928 5485 ,
2964 5423 3068 5476 Sed
3099 5432 3144 5476 et
3176 5417 3398 5487 plurimi
3430 5441 3623 5479 eorum
3653 5442 3770 5492 age-

2165 5491 2284 5542 bant
2314 5491 2503 5544 occulte
2525 5535 2539 5556 ,
2567 5500 2614 5546 et
2643 5492 2976 5560 loquebantur
3005 5509 3116 5545 cum
3144 5492 3542 5549 Gundobaldo.
3576 5491 3766 5550 Caeteri

2163 5575 2285 5614 cum
2319 5561 2857 5624 Bec.,Abscondebant
2886 5563 3021 5615 enim
3048 5580 3101 5615 se
3129 5562 3272 5614 multi
3295 5601 3312 5623 ,
3349 5571 3476 5618 etc.

2236 5639 2258 5667 ε
2300 5631 2430 5682 Hinc
2453 5633 2817 5684 charaxaturze
2842 5632 2995 5686 dicta:
3023 5644 3146 5685 sunt
3169 5632 3489 5688 delationes
3516 5653 3617 5690 seu
3647 5651 3770 5688 can—

2162 5698 2476 5753 cellationes
2504 5703 2812 5767 scriptum,
2838 5714 2889 5755 et
2913 5704 3132 5756 macula:
3159 5703 3224 5755 ab
3253 5708 3616 5759 atramento:
3645 5705 3760 5757 Villa

2161 5777 2534 5892 test'am‘e7ntum
2579 5771 2637 5827 S.
2687 5772 2946 5840 Remigii,
2995 5781 3049 5826 et
3089 5770 3331 5826 Marcull’.
3391 5772 3498 5830 lib.
3558 5793 3636 5842 tt,
3669 5775 3756 5830 io.-

2161 5855 2302 5892 mua
2405 5880 2419 5892 .

2160 5855 2302 5894 muta
2337 5855 2358 5890 1
2379 5855 2419 5894 I.
