3974 6174
362 277 462 336 ιιι

1248 282 1564 340 HISTORIA
1607 282 2049 340 FRANCORUM.
2085 285 2287 341 LIBER
2325 286 2688 349 SEPTIMUS.

3509 291 3612 350 με

357 404 459 461 pus
490 389 618 443 vixi.
660 389 798 445 Ante
837 389 934 447 hos
963 391 1107 447 enim
1148 410 1317 451 annos
1347 411 1466 452 cum
1497 398 1935 454 Guntchramnus
1963 410 2013 468 Α
2039 401 2212 468 posito
2239 403 2356 472 igne
2385 404 2434 457 in
2465 403 2708 460 ecclesiae
2748 404 2927 470 domo,
2953 409 3391 464 concurrentibus
3423 410 3489 465 ad
3532 413 3612 466 iu-

355 482 499 536 Boso
539 479 1060 550 Constantinopolim
1112 483 1365 554 abiisset,
1422 497 1472 541 et
1525 504 1626 558 ego
1671 488 1934 544 sollicitus

352 588 544 632 causas
559 574 780 628 fratrum
799 587 1037 628 meorum
1053 573 1337 644 diligenter
1348 576 1593 643 rimarer,
1609 577 1830 647 cognovi
1845 592 1935 646 ge-

353 671 686 726 nerationem
715 677 951 723 nostram
979 668 1130 723 valde
1154 677 1476 723 attenuatam
1495 711 1508 734 ,
1532 684 1632 725 nec
1655 685 1934 738 superesse

352 760 420 814 de
441 759 610 826 stirpe
633 768 833 822 nostra,
852 756 1363 812 nisiChildebertum
1382 768 1436 812 et
1458 757 1931 825 Guntchramnum,

354 847 575 903 fratrem
626 847 861 914 scilicet,
915 855 968 900 et
1005 846 1184 902 fratris
1228 847 1332 901 tnei
1395 847 1582 901 filium.
1628 846 1742 901 Filii
1789 847 1930 902 enim

353 936 642 1006 Chilperici
688 936 829 1006 regis
868 950 986 990 cum
1031 937 1147 1005 ipso
1189 936 1536 1002 interierant,
1581 951 1686 990 uno
1727 945 1930 990 tantum

355 1028 577 1099 parvulo
601 1029 859 1084 derelicto
884 1037 933 1082 ⁸.
957 1028 1390 1083 Guntchramnus
1413 1029 1572 1099 363
1599 1027 1762 1084 frater
1783 1045 1933 1085 meus

356 1122 495 1175 tilias
526 1136 630 1174 non
664 1120 893 1175 habebat
920 1135 934 1185 ;
966 1118 1343 1174 Cbildebertus
1375 1135 1539 1187 nepos
1582 1129 1784 1186 noster,
1832 1120 1933 1175 mi-

355 1213 495 1267 nime
525 1211 678 1265 fortis
707 1217 843 1266 erat.
877 1210 1026 1265 Tunc
1053 1209 1490 1265 Guntchramnus
1523 1209 1659 1263 Boso
1687 1210 1774 1263 bis
1801 1211 1928 1267 mihi

353 1304 636 1372 diligenter
680 1300 970 1369 expositis,
1025 1300 1262 1354 invitavit
1306 1314 1424 1363 me,
1477 1299 1702 1354 dicens:
1750 1299 1917 1365 Veni,

352 1395 470 1462 quia
504 1393 573 1448 ab
597 1393 846 1447 omnibus
885 1391 1032 1462 regni
1073 1391 1213 1461 regis
1243 1391 1564 1444 Childcberti
1591 1390 1921 1460 principibus

353 1486 623 1552 invitaris,
659 1499 756 1541 nec
783 1485 1064 1554 quisquam
1095 1494 1281 1539 contra
1313 1493 1365 1538 te
1395 1485 1588 1540 mutire
1617 1499 1781 1539 ausus
1809 1493 1914 1541 est.

353 1581 566 1636 Scimus
606 1580 749 1633 enim
791 1591 980 1633 omnes
1021 1587 1073 1632 te
1118 1577 1282 1630 filium
1321 1591 1440 1631 esse
1483 1575 1922 1642 Chlothacharii;

352 1687 449 1726 nec
477 1673 736 1726 remansit
766 1673 818 1725 in
848 1671 1032 1726 Galliis
1060 1671 1146 1739 qui
1179 1685 1400 1739 regnum
1433 1670 1561 1725 illud
1593 1686 1777 1741 regere
1805 1685 1929 1740 pos-

2038 491 2283 545 cendium
2315 494 2654 562 mitigandum
2679 495 2897 551 inclusis
2917 506 2962 562 ε,
2988 498 3076 552 ille
3098 497 3214 567 fuga
3237 500 3470 569 dilapsus
3487 503 3610 557 abs-

2036 582 2218 650 cessit.
2250 584 2404 638 Mane
2439 596 2614 640 autem
2660 586 2818 652 facto,
2846 590 3115 644 exercitus
3142 591 3332 644 iterum
3363 592 3426 644 ad
3467 593 3606 649 bella

2036 678 2329 744 consurgit,
2355 693 2417 730 ac
2448 693 2512 732 ex
2540 679 2702 748 virgis
2734 680 2905 734 fasces
2937 681 3158 748 faciunt,
3181 683 3334 750 quasi
3365 684 3429 737 ad
3459 699 3612 739 coni-

2037 766 2283 834 plendatn
2339 767 2530 823 vallem
2585 771 2930 836 profundam.
2960 788 3080 841 quze
3120 788 3147 826 a
3189 782 3338 842 parte
3379 775 3612 831 Orientis

2037 855 2138 909 sita
2172 867 2287 911 erat
2318 875 2331 910 :
2362 859 2456 912 sed
2489 875 2684 915 nocere
2711 860 2826 915 haec
2857 863 3100 916 machina
3134 864 3262 918 nihil
3291 866 3483 934 potuit.
3513 865 3611 921 Sa-

2036 947 2283 1017 gittarius
2310 965 2439 1003 vero
2466 951 2750 1020 episcopus
2780 953 3106 1022 frequentius
3146 970 3326 1009 muros
3365 971 3483 1009 cum
3526 971 3611 1008 ar-

2035 1038 2135 1090 mis
2181 1038 2533 1104 circumibat,
2581 1049 2634 1094 et
2680 1044 2872 1110 sazpius
2921 1042 3124 1111 lapides
3168 1053 3350 1097 contra
3393 1045 3603 1099 hostem

2037 1141 2194 1179 manu
2229 1129 2444 1196 propria
2469 1129 2598 1197 jeclt
2623 1144 2653 1184 e
2684 1145 2858 1184 muro.

2107 1216 2396 1270 XXXVIII.
2423 1218 2659 1288 Denique
2684 1220 2716 1273 ii
2741 1222 2827 1289 qui
2851 1220 3034 1274 urbem
3061 1220 3463 1290 impugnabant,
3489 1237 3608 1276 cum

2034 1309 2278 1364 viderent
2303 1312 2443 1378 quod
2474 1312 2604 1365 nihil
2629 1312 2883 1380 proficere
2907 1322 3154 1380 possent,
3183 1314 3397 1367 nuntios
3425 1315 3608 1368 occul-

2035 1411 2117 1457 tos
2157 1403 2223 1456 ad
2265 1402 2606 1458 Mummolum
2650 1405 2914 1473 dirigunt,
2949 1405 3226 1458 dicentes:
3267 1405 3607 1477 Recognosce

2032 1491 2304 1546 dominum
2345 1501 2492 1546 tuum
2518 1537 2532 1560 ,
2563 1502 2615 1548 et
2655 1508 2682 1546 a
2733 1496 3076 1562 perversitate
3119 1497 3215 1548 ista
3261 1497 3472 1548 tandem
3513 1496 3607 1549 ali-

2031 1580 2244 1647 quando
2292 1581 2511 1635 desiste.
2563 1582 2692 1648 Qum
2740 1584 2882 1636 enim
2931 1592 2982 1637 te
3026 1585 3255 1637 amentia
3304 1585 3497 1650 vallat,
3550 1594 3606 1638 ut

2033 1672 2214 1740 ignoto
2243 1670 2445 1726 homini
2474 1671 2850 1741 subjungaris?
2884 1672 3026 1727 Uxor
3053 1673 3194 1726 enim
3226 1682 3310 1726 tua
3337 1673 3445 1742 jatn
3474 1688 3594 1726 cum

349 1765 452 1826 sit,
502 1762 601 1816 nisi
654 1771 706 1816 tu
741 1756 1027 1817 'advenias.
1075 1763 1144 1815 At
1185 1777 1284 1831 ego
1329 1762 1471 1816 datis
1518 1762 1567 1817 ei
1598 1762 1781 1818 multis
1809 1777 1926 1816 mu-
1954 1774 2003 1840 Β
2032 1761 2154 1816 filiis
2185 1766 2449 1831 eaptivata
2481 1774 2603 1827 est;
2633 1761 2726 1815 lilii
2760 1763 2831 1816 tui
2873 1771 2928 1816 ut
2970 1773 3094 1830 pote
3127 1761 3148 1800 ί
3176 1762 3287 1831 jam
3333 1761 3598 1817 interfecti
3677 1781 3694 1802 ε

350 1854 599 1920 neribus,
660 1869 756 1922 per
808 1853 1086 1909 duodecim
1134 1853 1250 1907 loca
1303 1863 1487 1907 sancta
1529 1852 1597 1906 ab
1639 1866 1705 1907 eo
1747 1853 1923 1906 susci-

349 1947 435 2014 pio
484 1954 852 2010 sacramenta,
903 1952 962 1998 ut
1024 1957 1246 1998 securus
1305 1942 1356 1997 in
1401 1943 1500 1997 hoc
1567 1939 1786 2011 regnum
1837 1955 1926 1994 ac-

348 2039 617 2095 cederem.
670 2036 799 2092 Veni
850 2037 990 2091 enim
1044 2036 1375 2104 Massiliam,
1420 2037 1602 2104 ibique
1651 2051 1736 2090 me
1784 2034 1926 2104 epis-

347 2144 510 2199 copiis
552 2142 758 2183 summa
806 2125 1129 2197 benignitate
1160 2125 1396 2194 suscepit
1431 2141 1445 2179 :
1503 2124 1733 2179 habebat
1777 2123 1920 2179 enim

349 2223 547 2286 scripta
591 2220 866 2277 seniorum
902 2219 1051 2288 regni
1095 2219 1304 2289 nep0tis
1345 2219 1471 2273 mei.
1515 2217 1593 2272 Ex
1637 2219 1738 2273 hoc
1779 2219 1919 2272 enim

351 2314 668 2371 Avinionem
717 2310 918 2366 accessi
963 2309 1113 2381 juxta
1155 2310 1346 2378 placita
1384 2309 1585 2378 patricii
1625 2307 1916 2362 Mummoli.

347 2401 776 2461 Guntchramnus
799 2417 923 2456 vero
952 2402 1233 2456 immemor
1258 2398 1580 2455 sacramenti
1607 2414 1671 2454 ac
1696 2398 1921 2468 promis-

345 2495 507 2550 sionis
539 2508 683 2559 sum,
714 2493 1002 2547 thesauros
1033 2505 1183 2546 meos
1213 2491 1464 2559 abstulit,
1496 2501 1550 2546 et
1579 2491 1632 2546 in
1661 2506 1811 2545 suam
1841 2490 1921 2544 di-
1947 2487 1954 2495 ’

345 2589 542 2643 tionem
583 2586 813 2656 subegit.
855 2584 1008 2640 Nunc
1045 2594 1221 2638 autem
1264 2585 1631 2654 recognoscite
1659 2585 1779 2653 quia
1819 2598 1919 2652 ego

341 2697 456 2737 sum
488 2696 582 2736 rex
606 2722 622 2747 ,
652 2679 790 2733 sicut
819 2688 873 2733 et
906 2657 1083 2732 frater
1125 2691 1278 2732 meus
1315 2677 1765 2732 Guntchramnus.
1815 2675 1919 2731 'I‘a-

343 2787 461 2827 men
496 2770 540 2824 si
574 2779 720 2823 tanto
750 2768 874 2823 odio
916 2783 1068 2823 mens
1095 2777 1268 2822 vestra
1306 2776 1597 2836 grassatur,
1627 2768 1711 2821 vel
1741 2767 1805 2820 ad
1835 2783 1918 2822 re—

343 2876 457 2932 gem
503 2869 740 2915 vestrum
775 2859 1008 2912 deducar
1031 2898 1046 2924 ,
1090 2867 1144 2913 et
1174 2858 1218 2911 si
1248 2873 1332 2913 me
1359 2861 1626 2926 cognoscit
1658 2858 1870 2912 fratrem
1898 2899 1913 2923 ,

342 2950 479 3018 quod
512 2949 742 3004 voluerit
773 2947 949 3005 faciat.
981 2949 1138 3002 Certe
1166 2948 1208 3001 si
1237 2964 1336 3002 nec
1370 2950 1470 3002 hoc
1503 2947 1798 3014 volueritis,
1833 2948 1915 3002 vel

342 3043 498 3096 liceat
527 3039 654 3095 mihi
687 3039 931 3110 regredi,
957 3040 1096 3093 unde
1128 3039 1276 3106 prius
1305 3054 1550 3107 egressus
1581 3055 1716 3092 sum.
1743 3039 1914 3093 Abibo

2029 1862 2174 1904 Sunt.
2199 1852 2315 1918 Quo
2340 1852 2486 1906 ruis?
2508 1852 2706 1920 quidve
2737 1852 3078 1920 praastolaris,
3110 1854 3206 1905 nisi
3241 1855 3314 1906 uti
3343 1855 3601 1908 corruas?

2029 1939 2151 1995 Ilazc
2164 1941 2249 1996 ille
2267 1941 2512 1995 mandata
2526 1942 2793 2009 accipiens
2804 1941 2935 1995 dixit
2948 1942 3110 2005 :Iam,
3127 1952 3179 1995 ut
3195 1943 3366 2006 video,
3383 1959 3601 2013 regnum

2029 2042 2273 2088 nostrum
2310 2031 2468 2086 finem
2499 2032 2726 2100 accipit,
2759 2042 2813 2086 et
2841 2032 3077 2101 potentia
3110 2032 3268 2086 cadit.
3307 2032 3477 2087 Unum
3510 2049 3604 2087 sn-

2028 2133 2238 2191 perest,
2266 2124 2309 2176 si
2337 2123 2676 2183 securitatem
2708 2122 2830 2176 vitae
2860 2138 2945 2176 me
2975 2122 3173 2177 habere
3197 2138 3594 2192 cognoscerem.
3681 2123 3695 2137 ‘

2024 2213 2092 2268 de
2123 2213 2294 2266 multo
2331 2227 2425 2266 vos
2456 2213 2636 2267 labore
2665 2222 2904 2281 poteram
2935 2228 3230 2268 removere.
3266 2214 3596 2270 Discedenti-

2023 2305 2121 2360 bus
2149 2304 2378 2371 nuntiis,
2423 2304 2740 2374 Sagittarius
2780 2305 3063 2375 episcopus
3104 2320 3224 2359 cum
3268 2305 3552 2361 Mummolo
3576 2347 3593 2372 ,

2021 2397 2296 2453 Chariulfo
2316 2407 2475 2467 atque
2498 2398 2775 2453 Waddone
2806 2399 2870 2450 ad
2898 2397 3180 2452 ecclesiam
3204 2400 3374 2468 pergit
3421 2399 3601 2469 ibique

2020 2488 2123 2543 sibi
2151 2489 2377 2544 invicem
2403 2497 2730 2544 sacramenta
2763 2487 3045 2554 dederunt,
3074 2499 3130 2542 ut
3157 2490 3200 2542 si
3232 2489 3299 2543 de
3332 2498 3451 2543 vitae
3483 2506 3601 2559 pro-

2020 2579 2279 2634 missione
2318 2581 2578 2634 certiores
2621 2578 2846 2648 fierent,
2888 2581 3071 2632 relicta
3112 2580 3342 2633 amicitia
3386 2581 3600 2635 Gundo-

2020 2671 2158 2725 valdi
2177 2711 2191 2737 ,
2222 2672 2391 2739 ipsum
2417 2670 2657 2725 hostibus
2680 2671 2974 2724 traderent.
3004 2671 3223 2724 Reversi
3247 2671 3439 2725 iterum
3465 2689 3602 2727 nun-

2020 2764 2108 2828 lii,
2157 2764 2518 2831 promiserunt
2567 2761 2645 2816 eis
2690 2763 2812 2816 vita":
2859 2764 3222 2816 securitatem.
3276 2763 3600 2819 Mummolus

2017 2870 2144 2910 vero
2169 2857 2338 2909 dixit:
2373 2856 2487 2909 Hoc
2517 2863 2718 2909 tantum
2749 2854 2871 2920 ﬁat,
2898 2869 2996 2924 ego
3025 2855 3166 2907 hunc
3212 2855 3264 2907 in
3295 2870 3453 2908 manu
3509 2871 3599 2910 ve-

2015 2954 2128 3001 stra
2180 2944 2407 3010 tradam,
2433 2955 2489 3002 et
2527 2961 2627 3016 ego
2669 2960 3059 3015 recognoscens
3097 2946 3369 2999 dominum
3413 2961 3589 3000 meum

2017 3053 2234 3108 regem,
2286 3038 2353 3091 ad
2405 3037 2521 3106 ejus
2572 3037 2909 3106 prmsentiam
2953 3036 3270 3105 properabo.
3322 3036 3472 3090 Tunc
3519 3037 3592 3089 illi

341 3131 477 3187 enim
498 3171 512 3195 ,
541 3140 596 3185 et
623 3129 752 3184 nulli
786 3127 1077 3200 quidquam
1110 3129 1318 3197 injuria:
1351 3128 1598 3184 inferam.
1628 3131 1826 3185 Tamen
1859 3139 1914 3183 ut
1941 3134 1988 3198 ο
2021 3132 2373 3202 promittunt,
2405 3130 2545 3199 quod
2573 3129 2618 3182 si
2649 3129 2762 3182 htec
2793 3128 3074 3196 impleret,
3115 3127 3286 3196 ipsum
3331 3128 3381 3181 in
3417 3129 3597 3182 chari-

341 3224 518 3278 sciatis
551 3236 671 3276 vera
700 3235 819 3276 esse
850 3236 969 3290 qua:
1002 3221 1120 3274 dico
1141 3261 1156 3286 ,
1186 3219 1563 3288 Radegundem
1612 3222 1910 3289 Pictavam,

346 3324 396 3368 et
428 3310 763 3382 Ingetrudem
795 3309 819 3348 δ
850 3310 1168 3364 'I‘uronicam
1203 3311 1526 3380 interrogate
1556 3327 1570 3364 :
1603 3313 1730 3381 ipsre
1769 3313 1913 3366 enim

343 3403 491 3458 vobis
534 3401 876 3456 affirmabant
919 3410 1063 3455 certa
1104 3415 1222 3454 esse
1262 3416 1380 3470 quae
1432 3401 1636 3470 loquor.
1684 3400 1808 3470 Iizec
1850 3415 1915 3455 eo

341 3493 570 3560 dicente,
594 3491 745 3546 multi
766 3505 887 3546 cum
911 3490 1166 3545 conviciis
1192 3501 1246 3546 et
1269 3490 1600 3561 imprOperiis
1622 3491 1735 3545 haic
1757 3490 1914 3545 verba

343 3583 824 3655 prosequebantur.

409 3673 674 3729 XXXVII.
714 3673 941 3740 Quintus
969 3681 1025 3729 et
1051 3672 1292 3728 decimus
1323 3673 1376 3728 in
1407 3673 1506 3727 hac
1535 3673 1816 3729 obsidione
1840 3672 1918 3727 ef-

344 3767 566 3823 fulserat
591 3767 739 3834 dies,
771 3761 826 3822 et
856 3764 1224 3835 Leudegisilus
1252 3780 1416 3820 novas
1445 3766 1510 3819 ad
1540 3765 1916 3820 destruendam

343 3857 524 3914 urbem
579 3858 856 3912 machinas
917 3856 1288 3923 praeparabat:
1335 3854 1565 3924 plaustra
1609 3855 1749 3910 enim
1797 3870 1915 3908 cum

343 3950 629 4014 arietibus,
670 3946 888 4002 clitellis
927 3956 979 4000 et
1008 3947 1196 3999 axibus
1225 3956 1377 3999 erant
1408 3954 1549 3999 texta
1585 3955 1606 3981 ο
1632 3987 1648 4011 ,
1679 3946 1778 3998 sub
1803 3946 1921 4012 qni-

344 4041 438 4096 bus
466 4040 740 4096 exercitus
769 4047 1088 4108 properaret
1113 4033 1180 4091 ad
1207 4036 1560 4090 destruendus
1585 4051 1785 4089 muros.
1813 4035 1918 4090 Sed

343 4148 458 4189 cum
481 4131 1035 4202 appropinquassent,
1061 4129 1133 4182 ita
1157 4128 1426 4197 lapidibus
1454 4128 1839 4192 obruebantur,
1866 4139 1922 4182 ut

343 4240 527 4280 omnes
577 4225 1069 4294 appropinquantes
1124 4237 1279 4277 muro
1317 4231 1653 4276 corruerent.
1709 4221 1922 4290 Cuppas

348 4329 465 4369 cum
501 4313 621 4384 pice
652 4322 707 4368 et
732 4313 888 4381 adipe
931 4327 1188 4368 accensas
1231 4325 1391 4380 supra
1422 4326 1514 4366 eos
1545 4311 1917 4380 projicientes,

344 4407 474 4463 alias
515 4420 647 4462 vero
697 4405 962 4474 lapidibus
1010 4405 1194 4474 plenas
1246 4419 1411 4472 super
1435 4419 1527 4458 eos
1577 4403 1917 4472 dejiciebant.

2019 3233 2126 3279 tate
2169 3225 2535 3292 susciperent,
2578 3233 2631 3275 et
2665 3222 2709 3274 si
2748 3237 2869 3276 eum
2901 3222 3008 3290 regi
3043 3235 3299 3275 excusare
3327 3237 3432 3274 non
3466 3236 3591 3288 pos-

2016 3326 2157 3381 sent,
2193 3318 2243 3369 in
2275 3314 2554 3369 ecclesiam
2587 3321 2861 3381 ponerent,
2889 3327 2956 3366 ne
2989 3312 3109 3365 vita
3140 3310 3427 3364 amissione
3457 3311 3596 3363 mul-

2017 3418 2277 3463 etaretur.
2315 3406 2435 3459 Ilazc
2474 3419 2592 3459 cum
2633 3402 2952 3458 sacramenti
2991 3401 3148 3472 365
3181 3399 3588 3468 interpositione

2018 3502 2277 3573 polliciti,
2307 3501 2692 3555 discesserunt.
2728 3499 3043 3553 Mummolus
3083 3512 3211 3551 vero
3252 3513 3372 3550 cum
3415 3497 3589 3564 Sagit-

2020 3594 2156 3650 tario
2185 3594 2440 3663 episcopo
2468 3601 2523 3646 et
2548 3591 2822 3644 Waddone
2852 3590 2916 3644 ad
2943 3588 3346 3644 Gunduvaldum
3376 3604 3597 3658 pergen-

2021 3694 2146 3748 tes,
2207 3685 2502 3738 dixerunt:
2558 3683 2904 3738 Sacramenta
2965 3681 3235 3736 fidelitatis
3278 3681 3453 3750 qualia
3504 3681 3598 3736 tibi

2018 3776 2302 3842 dedimus,
2346 3775 2464 3844 ipse
2507 3773 2599 3844 qui
2646 3789 2881 3842 praesens
2925 3789 2984 3828 es
3020 3774 3183 3828 nosti.
3231 3773 3378 3828 Nunc
3418 3782 3596 3829 autem

2018 3868 2202 3937 accipe
2243 3865 2462 3920 salubre
2498 3865 2782 3920 consilium
2809 3882 2823 3918 :
2855 3864 3074 3920 discede
3105 3863 3172 3917 ab
3200 3864 3299 3919 hac
3333 3866 3463 3918 urbe
3484 3903 3499 3929 ,
3545 3871 3596 3918 et

2019 3965 2409 4027 reprtcsentare
2453 3957 2602 4010 fratri
2650 3967 2778 4022 tuo,
2822 3958 2962 4010 sicut
2999 3971 3142 4024 same
3181 3957 3440 4026 qnarsisti.
3483 3956 3597 4016 .Iam

2020 4051 2162 4105 enim
2206 4066 2325 4104 cum
2369 4051 2450 4102 his
2493 4050 2798 4102 hominibus
2839 4050 3090 4104 collocuti
3135 4063 3353 4112 smnus,
3400 4060 3452 4102 et
3492 4050 3591 4119 ipsi

2019 4142 2295 4206 dixerunt,
2315 4142 2436 4210 quia
2468 4157 2573 4194 non
2603 4143 2715 4195 vult
2745 4157 2836 4195 rex
2865 4140 3089 4209 perdere
3120 4142 3367 4193 solatium
3408 4151 3554 4193 tuutn
3578 4181 3596 4207 ,

2022 4247 2088 4288 eo
2130 4231 2272 4301 quod
2316 4247 2501 4300 parum
2546 4231 2611 4285 de
2656 4232 2998 4300 generatione
3039 4241 3213 4284 vestra
3256 4231 3598 4284 remanserit.

2023 4326 2091 4380 At
2122 4324 2214 4378 ille
2243 4323 2544 4391 intelligens
2570 4323 2750 4376 dolum
2785 4337 2968 4376 eorum
2992 4363 3006 4387 ,
3039 4322 3288 4392 lacrymis
3324 4321 3599 4390 perfusus,

2025 4418 2139 4471 ait:
2171 4416 2488 4472 Invitatione
2519 4425 2698 4471 vestra
2731 4416 2783 4469 in
2817 4415 2911 4468 has
2950 4415 3149 4470 Gallias
3192 4430 3307 4466 smn
3347 4413 3598 4478 delatus;

354 4497 609 4554 Sedcum
640 4511 741 4551 nox
774 4497 1067 4551 certamina
1099 4494 1447 4564 prohiberet,
1482 4496 1660 4548 hostes
1702 4494 1764 4547 ad
1808 4509 1921 4547 eas-

2033 4508 2406 4563 thesaurorum
2455 4521 2584 4560 vero
2631 4520 2903 4569 meorum,
2955 4506 3005 4556 in
3051 4505 3240 4571 quibus
3285 4505 3601 4558 immensum

351 4600 422 4644 tra
450 4590 680 4658 regressi
711 4597 853 4644 sunt.
887 4589 1013 4642 Erat
1037 4598 1214 4642 autem
1247 4604 1364 4641 cum
1389 4587 1735 4642 Gunilovaldo
1761 4587 1922 4657 364

347 4692 397 4736 et
441 4681 747 4737 Chariulfus
790 4678 840 4745 ά,
887 4680 1043 4733 valde
1089 4680 1239 4732 dives
1279 4694 1340 4733 ac
1389 4690 1721 4748 pra'potcns,
1771 4680 1922 4746 cujus

348 4773 620 4842 apothecis
656 4786 719 4826 ac
765 4771 1149 4841 promptuariis
1190 4771 1315 4823 urbs
1354 4770 1510 4822 valde
1549 4771 1740 4823 referta
1768 4778 1918 4823 erat:

349 4865 411 4919 de
433 4864 588 4935 cujus
614 4863 907 4917 substantia
951 4861 1005 4914 hi
1053 4862 1285 4915 maxime
1324 4861 1618 4913 alebantur.
1649 4860 1921 4914 Bladastes

349 4967 521 5011 autem
569 4957 684 5008 haec
731 4968 960 5007 cernens
1009 4968 1127 5021 quae
1168 4952 1510 5019 gerebantur,
1560 4961 1805 5006 metuens
1854 4964 1920 5003 ne

352 5047 712 5118 Leudegisilus
739 5047 956 5100 obtenta
979 5042 1203 5097 victoria
1230 5057 1324 5096 eos
1353 5043 1507 5096 morti
1540 5042 1791 5105 traderet,
1820 5039 1921 5093 im-

421 5212 447 5239 ι
489 5203 553 5256 Et
583 5211 756 5255 tamen
782 5215 847 5253 ex
879 5199 1019 5252 libro
1050 5213 1098 5250 vt
1128 5238 1141 5258 ,
1169 5211 1288 5264 cap.
1320 5193 1422 5259 24,
1452 5193 1836 5264 Gundobaldus
1864 5192 1918 5264 in

351 5272 542 5327 Gallias
579 5280 884 5325 accesserat
921 5280 1045 5323 ante
1095 5263 1380 5335 Chilperici
1440 5267 1732 5318 interitum.
1791 5263 1921 5318 Vide

351 5357 504 5410 supra
534 5357 652 5409 cap.
684 5339 774 5393 52.

417 5430 444 5469 δ
484 5433 638 5486 Culb.
673 5446 721 5484 a.
751 5440 808 5485 et
837 5431 986 5493 Bec.,
1020 5428 1375 5497 Ingetrudem.
1408 5427 1664 5497 Colb.m.
1687 5469 1701 5497 ,
1737 5422 1914 5497 Intro-

351 5502 596 5572 gundam.
633 5502 849 5572 Begm.,
881 5495 1279 5572 Intragundani.
1313 5499 1434 5572 Ilaec
1462 5506 1541 5550 est
1563 5495 1874 5572 Ingelgndis
1900 5534 1916 5572 _,

351 5565 464 5641 qua
515 5565 895 5625 monasterium
947 5571 997 5622 in
1033 5565 1178 5641 atrio
1224 5568 1462 5641 basilicze
1495 5567 1662 5641 sancti
1705 5565 1914 5618 Martini

350 5637 691 5698 condiderat:
719 5641 785 5694 de
813 5655 914 5709 qua
946 5639 1139 5707 smpius
1167 5638 1396 5708 loquitur
1425 5637 1734 5704 Gregorius.

414 5729 435 5756 °
480 5735 568 5788 Sic
607 5735 731 5788 Bcc.
767 5748 889 5786 eum
927 5731 1124 5794 editis;
1164 5730 1288 5792 alii,
1333 5739 1493 5792 tecta;
1533 5727 1687 5783 Colh.
1730 5743 1777 5780 a.
1822 5727 1914 5780 alt.

2030 4599 2239 4669 pondus
2284 4597 2493 4666 argenti
2538 4597 2842 4649 continetur
2887 4603 2943 4646 et
2989 4594 3138 4659 auri,
3168 4608 3231 4646 ac
3270 4594 3602 4647 diversarum

2028 4690 2358 4758 specierum,
2384 4687 2578 4754 aliquid
2611 4687 2661 4740 in
2702 4685 2970 4739 Avenuica
3002 4683 3132 4738 urbe
3177 4684 3462 4745 retinetur,
3507 4684 3602 4736 ali-

2027 4783 2151 4853 quid
2175 4782 2612 4836 Guntchramuus
2631 4778 2768 4831 Boso
2785 4776 3024 4842 diripuit.
3054 4775 3163 4844 Ego
3184 4791 3311 4829 vero
3338 4775 3485 4842 juxta
3512 4775 3603 4827 Dei

2027 4875 2312 4940 auxilium,
2346 4887 2440 4941 spe
2466 4870 2615 4925 omni
2657 4871 2709 4924 in
2741 4868 2893 4922 vobis
2919 4868 3112 4938 posita,
3141 4868 3290 4920 vobis
3317 4866 3600 4943 consilium

2031 4980 2206 5020 tneum
2231 4962 2462 5026 credidi,
2491 4976 2585 5030 per
2610 4974 2707 5014 vos
2736 4973 2959 5027 regnare
2988 4973 3201 5025 semper
3223 4957 3426 5024 optavi.
3455 4956 3604 5008 Nunc

2027 5071 2147 5111 cum
2183 5056 2294 5110 Deo
2325 5054 2475 5109 vobis
2505 5053 2576 5108 sit
2602 5052 2744 5107 actio
2769 5092 2783 5117 ,
2815 5051 2859 5105 si
2889 5051 3014 5120 quid
3045 5048 3174 5103 mihi
3216 5047 3476 5101 mendacii
3522 5047 3603 5100 di-

2027 5207 2184 5245 mattu
2201 5231 2215 5254 ,
2250 5198 2378 5242 tecta
2409 5196 2573 5241 erant.

2095 5281 2123 5320 ‘
2162 5281 2316 5335 Colh.
2348 5296 2398 5334 In
2454 5289 2508 5332 et
2535 5277 2732 5332 Chcsn.
2761 5273 2866 5354 al._,
2910 5270 3174 5392 Ariugusg
3219 5267 3349 5321 infra
3387 5267 3603 5322 Mariti!-

2095 5371 2103 5392 ξ
2134 5370 2147 5378 -
2181 5353 2282 5392 Ωρρ
2320 5391 2326 5392 ,
2372 5318 2677 5392 nIminlrm-
2710 5345 2802 5392 sed
2833 5343 2964 5392 infra
2987 5381 3000 5392 .
3077 5337 3321 5392 ariulfus.

2020 5318 2147 5424 fusi;
2163 5318 2332 5414 ..,
2348 5318 2967 5417 -IIII

2095 5455 2119 5483 ι’
2156 5443 2305 5498 Colh.
2340 5458 2414 5504 a.,
2456 5438 2685 5494 inclusus
2727 5436 2847 5492 ille.
2890 5443 2943 5486 et
2985 5441 3105 5501 post
3149 5432 3559 5486 concurrentibus
3585 5471 3603 5498 ,

2021 5517 2115 5570 alt.
2149 5530 2305 5567 tnanu
2338 5512 2573 5566 additum
2601 5518 2680 5562 est
2707 5504 2956 5559 eumibus.

2029 5673 2040 5683 .
2099 5607 2116 5646 ί
2160 5608 2313 5662 Colh.
2345 5623 2395 5660 a.
2418 5645 2436 5670 ,
2470 5613 2525 5659 ut
2555 5611 2702 5673 pulo.
2749 5598 2942 5672 Regni.
2963 5635 2978 5662 ,
3012 5606 3081 5666 et,
3109 5605 3162 5650 ut
3189 5596 3339 5649 credo
3367 5635 3382 5660 ,
3410 5593 3506 5663 ﬁlii
3534 5602 3607 5646 tiu

2011 5691 2123 5742 1am
2141 5717 2155 5742 ,
2185 5687 2288 5734 etc.
