3920 6188
342 311 448 369 ιιδ

1327 310 1386 367 8.
1427 309 1751 365 ςιιεουιιιι
1794 307 2090 364 El‘lSCOPl
2133 307 2561 364 TURONENSIS

3476 306 3569 361 ιιι
3651 380 3664 394 ⁸

344 424 568 480 xeritls:
610 422 726 493 ipse
769 418 918 477 enim
948 416 1152 490 judicet
1195 435 1416 476 causam
1460 403 1817 479 meamfllarc
1855 439 1920 476 eo
1948 423 2000 480 Δ
2025 430 2081 475 ιιι
2109 422 2282 485 video,
2331 423 2398 477 de
2429 423 2530 475 nde
2563 421 2818 490 promissa
2849 427 3126 486 servatur,
3155 434 3275 474 nam
3307 434 3460 475 cerno
3498 440 3572 481 me

343 519 582 578 dicente,
616 514 890 580 respondit
936 513 1290 567 Mutuntolus:
1336 513 1474 568 Nihil
1519 515 1614 567 tibi
1655 513 1918 568 fallaciter

346 607 634 676 loquimur,
667 606 757 660 sed
790 620 915 658 ecce
942 607 1088 659 virus
1121 605 1442 659 fortissimos
1474 616 1676 660 stantes
1703 607 1766 659 ad
1801 623 1920 674 por-

349 709 456 752 tam
503 707 648 749 tuum
713 696 1018 764 operietttes
1075 696 1381 750 adventum.
1431 697 1578 749 Nunc
1617 706 1792 751 autem
1829 699 1920 753 de-

352 803 490 854 pone
522 786 794 839 baltheum
822 801 996 840 meum
1027 800 1245 840 aureum
1278 800 1382 854 quo
1422 785 1681 855 cingeris,
1725 801 1791 840 ne
1828 791 1920 842 vi-

350 878 527 931 dearis
559 878 611 930 in
639 876 896 944 jactantia
930 876 1252 945 procedere,
1278 885 1333 931 et
1373 885 1517 928 tuum
1559 878 1773 946 accinge
1810 878 1922 945 gla-

348 970 492 1024 dium
515 1011 529 1034 ,
560 984 846 1038 meumque
872 970 1118 1024 restitue.
1168 970 1231 1022 Et
1273 968 1400 1022 ille:
1445 968 1560 1022 Non
1589 970 1920 1037 simpliciter,

355 1061 562 1126 inquit,
593 1059 706 1113 haec
737 1058 896 1113 verba
926 1059 1179 1128 suscipio,
1215 1067 1270 1110 nt
1297 1073 1357 1111 ea
1387 1074 1506 1126 qua:
1532 1059 1598 1113 de
1628 1062 1730 1113 tuis
1759 1075 1924 1128 usque

352 1165 496 1204 nunc
549 1151 600 1203 in
651 1149 913 1203 charitate
961 1158 987 1185 α
1025 1163 1148 1201 usus
1187 1162 1336 1212 sum,
1380 1163 1410 1202 a
1456 1163 1541 1202 me
1593 1148 1920 1204 auferantur.

360 1239 683 1294 Mummolus
710 1253 838 1292 vero
859 1237 1135 1292 asserebat
1155 1253 1276 1292 cum
1323 1238 1660 1308 jnramento,
1705 1238 1832 1294 nihil
1874 1241 1922 1294 ei

353 1330 580 1384 moleste
623 1327 756 1382 fieri.
800 1327 1011 1396 Egressi
1052 1327 1210 1397 igitur
1242 1335 1446 1396 portam
1467 1370 1482 1395 ,
1515 1328 1581 1382 ab
1611 1326 1804 1383 Ollone
1835 1328 1922 1382 Bi-

354 1421 584 1490 turigum
614 1419 811 1476 comite
841 1426 895 1472 et
924 1418 1135 1472 Bosone
1164 1427 1442 1486 susceptus
1470 1427 1571 1472 est.
1603 1418 1923 1474 Mummolus

357 1524 535 1569 autem
564 1529 683 1569 cum
713 1512 1033 1568 satellitibus
1063 1512 1116 1567 in
1149 1513 1335 1568 urbem
1377 1528 1688 1582 regressus,
1716 1525 1922 1583 portam

357 1607 664 1660 firmissime
691 1603 986 1658 obseravit.
1019 1603 1114 1657 llic
1141 1613 1316 1658 autem
1371 1617 1490 1658 cum
1535 1619 1593 1659 se
1647 1605 1697 1658 in
1751 1605 1926 1674 mani:

362 1699 458 1752 bus
485 1698 820 1752 inimicorum
848 1706 1097 1752 cerneret
1126 1696 1411 1761 traditum,
1444 1697 1668 1751 elevatis
1709 1697 1776 1752 ad
1814 1712 1923 1753 cm-

2023 510 2072 563 in
2107 514 2291 565 mortis
2320 514 2490 565 exitio
2522 513 2770 581 positum.
2805 511 2900 565 Cui
2931 511 3020 565 ille
3048 527 3063 565 :
3100 511 3211 581 Ego
3242 511 3477 580 egrediar
3499 514 3573 570 lu-
3624 553 3636 563 .

2022 620 2130 668 ras,
2161 613 2216 658 et
2243 606 2418 658 omnia
2474 606 2744 674 mitigabo.
2777 603 2894 669 Qno
2934 603 3262 674 cgredientc,
3311 605 3574 660 confestim

2021 709 2085 750 ex
2109 695 2262 764 jussu
2289 697 2404 764 ejus
2433 699 2622 750 vallata
2646 704 2731 750 est
2757 697 2963 760 domus,
2991 704 3046 750 ut
3076 695 3161 748 hic
3184 695 3575 752 interﬁceretur.

2022 785 2124 840 Sed
2151 796 2203 839 et
2235 786 2319 840 ille
2340 801 2460 841 cum
2484 786 2779 840 diutissime
2801 794 2981 838 contra
3008 785 3264 839 bellantes
3289 785 3576 855 restitisset,

2023 875 2169 929 venit
2194 877 2258 929 ad
2288 877 2504 930 ostium.
2534 875 2772 946 Cumque
2801 876 3164 945 egrederetur,
3197 875 3301 929 duo
3330 891 3445 929 cum
3477 877 3578 930 lan-

2023 966 2131 1020 ceis
2158 977 2380 1034 utraque
2409 967 2456 1021 ei
2489 968 2651 1020 latera
2682 967 2896 1030 feriunt,
2938 967 3122 1035 sicque
3149 966 3341 1022 cecidit
3370 975 3422 1020 et
3450 983 3579 1021 mor-

2026 1065 2144 1112 tuus
2199 1068 2300 1112 est.
2327 1059 2445 1124 Quo
2473 1059 2585 1112 viso
2613 1058 2905 1128 Episcopus
2937 1057 3328 1129 (Sagittarius),
3359 1058 3480 1113 dum
3523 1059 3581 1113 ti-

2027 1162 2175 1202 more
2218 1158 2585 1204 consternatus
2635 1158 2874 1220 paveret,
2906 1149 2980 1205 ait
3009 1149 3073 1206 ad
3105 1164 3224 1205 eum
3265 1149 3478 1218 quidam
3522 1149 3583 1204 de

2024 1241 2322 1296 astantibus
2353 1259 2367 1294 :
2397 1241 2600 1310 Inspice
2632 1242 2859 1311 propriis
2902 1240 3076 1296 oculis
3096 1285 3109 1310 ,
3155 1242 3421 1311 episcope,
3475 1257 3583 1310 qua:

2025 1339 2302 1400 geruntur,
2329 1341 2383 1387 et
2409 1339 2549 1388 tecto
2579 1333 2735 1403 367
2768 1332 2941 1400 capite
2966 1347 3035 1387 ne
3058 1332 3392 1402 agnoscaris,
3409 1332 3583 1386 silvam

2027 1433 2178 1493 pete,
2210 1433 2267 1477 ιιι
2314 1423 2997 1492 abscondaris,paululum,
3047 1433 3205 1491 atque
3258 1423 3335 1476 ira
3389 1421 3586 1476 labente

2028 1515 2200 1582 possis
2228 1516 2474 1569 evadere.
2507 1517 2574 1569 At
2602 1514 2690 1568 ille
2718 1522 2936 1582 accepto
2966 1513 3208 1579 consilio,
3235 1513 3361 1568 dum
3385 1513 3588 1568 obtecto

2026 1606 2199 1673 capite
2224 1605 2403 1673 lugere
2429 1605 2709 1675 niteretur,
2737 1613 2976 1658 extracto
2996 1604 3212 1674 quidam
3240 1603 3416 1672 gladio
3441 1615 3588 1672 caput

2027 1695 2142 1764 ejus
2185 1712 2302 1748 cum
2355 1696 2564 1749 cucullo
2614 1695 2834 1749 decidit.
2871 1695 3072 1749 Deinde
3120 1694 3479 1764 unusquisque
3528 1695 3587 1747 ad

356 1789 462 1842 lum
494 1789 737 1843 manibus
778 1796 832 1842 et
860 1787 1057 1850 oculis,
1101 1787 1213 1839 ait:
1243 1785 1410 1839 .ludex
1441 1797 1668 1853 mtcrne,
1700 1796 1754 1841 et
1795 1786 1928 1841 ultio
1958 1790 2002 1849 Β
2032 1787 2238 1855 propria
2271 1787 2502 1850 rediens,
2536 1800 2752 1856 magnas
2785 1801 2878 1854 per
2929 1783 3067 1838 viam
3100 1784 3305 1852 prmdas
3335 1796 3389 1838 et
3431 1784 3591 1837 homi-

356 1897 480 1933 vera
523 1880 912 1946 innocentium,
961 1879 1128 1942 Deus,
1157 1892 1186 1930 a
1220 1893 1325 1947 quo
1366 1877 1540 1932 omnis
1565 1878 1768 1946 jUSlilla
1803 1893 1928 1948 pro-

356 1971 531 2033 cedit,
582 1971 667 2022 cui
715 1969 1055 2022 mendacium
1101 1984 1206 2022 non
1255 1968 1465 2036 placet,
1513 1969 1564 2021 in
1609 1985 1714 2039 quo
1755 1971 1930 2025 nullus

356 2064 511 2116 dolus
559 2075 730 2129 neque
770 2060 1004 2115 versutia
1045 2059 1263 2114 malitiae
1297 2063 1627 2126 continetur,
1660 2063 1752 2116 tibi
1782 2077 1930 2117 conn-

283 2165 292 2174 ‘
362 2152 559 2207 mendo
585 2167 798 2206 causam
828 2166 1031 2215 meam,
1064 2150 1358 2218 deprecans
1387 2161 1444 2204 ut
1469 2152 1542 2206 sis
1570 2154 1820 2208 velociter
1847 2154 1925 2208 ul-

367 2252 450 2296 tor
478 2257 638 2309 super
661 2256 774 2301 eos,
795 2241 881 2308 qui
904 2255 990 2293 me
1019 2240 1289 2293 insontem
1321 2241 1566 2294 manibus
1597 2242 1932 2298 tradiderunt

357 2334 719 2390 inimicorum.
758 2333 880 2386 llaec
907 2347 1027 2387 cum
1059 2331 1276 2386 dixisset
1296 2373 1310 2391 .
1339 2334 1656 2400 consignans
1684 2348 1741 2386 se
1772 2350 1928 2387 cruce

358 2426 634 2479 Dominica
657 2465 671 2488 ,
703 2424 852 2478 abire
878 2424 1041 2493 cmpit
1067 2418 1189 2475 cum
1237 2423 1544 2476 hominibus
1585 2425 1939 2489 supradictis.

358 2514 598 2584 Cumque
629 2530 657 2567 a
687 2526 838 2583 porta
869 2532 926 2572 se
948 2519 1108 2587 366
1133 2517 1491 2588 elongasscnt,
1518 2523 1658 2573 sicut
1678 2529 1758 2574 est
1785 2521 1928 2574 circa

361 2607 546 2659 urbem
591 2607 742 2660 vallis
781 2617 887 2661 tota
930 2610 980 2662 in
1019 2613 1402 2680 praecipitium,
1449 2611 1707 2680 impulsus
1739 2612 1809 2668 ab
1838 2614 1928 2668 Ol-

367 2699 489 2753 lone
520 2699 748 2764 cecidit,
780 2701 868 2755 illo
897 2717 1109 2770 quoque
1138 2703 1403 2760 clamante
1429 2723 1442 2756 :
1475 2707 1548 2759 lin
1576 2706 1728 2760 Vobis
1759 2707 1933 2760 Ballo-

362 2804 563 2843 uteretn
597 2801 833 2845 vestrum
855 2832 872 2857 ,
902 2795 990 2861 qui
1037 2809 1097 2849 se
1137 2802 1276 2862 regis
1309 2804 1362 2848 et
1392 2796 1607 2850 fratrem
1635 2796 1762 2850 dicit
1789 2805 1844 2853 et
1872 2797 1931 2851 fl-

367 2879 527 2934 liutu.
547 2882 612 2933 Et
639 2881 873 2938 immissa
896 2885 1099 2949 lancea,
1121 2887 1284 2940 voluit
1310 2902 1431 2941 eum
1465 2891 1806 2957 transfigere,
1837 2889 1931 2944 sed

359 2969 569 3034 repulsa
607 2983 637 3021 a
678 2970 895 3024 circulis
927 2972 1105 3027 loricae
1133 2965 1261 3026 nihil
1293 2975 1492 3028 nocuit.
1535 2976 1771 3046 Denique
1810 2991 1931 3034 cum

366 3059 601 3114 elevatus
631 3059 698 3113 ad
736 3069 968 3116 montem
1013 3065 1219 3132 regredi
1250 3065 1530 3131 niueretur,
1567 3067 1704 3122 Boso
1735 3070 1932 3122 emisso

2019 1878 2163 1930 'cidia
2196 1878 2334 1932 iecit.
2368 1875 2729 1944 Fredegundis
2759 1885 2934 1930 autem
2967 1875 3048 1929 his
3078 1875 3260 1930 diebus
3290 1874 3589 1943 Cuppanetn

2031 1967 2084 2022 in
2110 1969 2431 2023 Tolosanum
2462 1968 2683 2029 direxit,
2719 1976 2773 2020 ut
2803 1966 3003 2020 scilicet
3031 1967 3190 2019 filiam
3213 1979 3366 2018 suam
3411 1966 3593 2020 exinde

2030 2075 2346 2130 quocunque
2377 2061 2532 2116 modo
2565 2067 2760 2127 posset,
2786 2066 3018 2113 erueret.
3043 2057 3304 2114 Ferebant
3323 2059 3464 2112 enim
3492 2059 3593 2125 ple~

2029 2154 2179 2222 rique
2204 2152 2272 2207 ob
2302 2153 2401 2206 hoc
2445 2166 2564 2206 eum
2597 2150 2966 2204 transmissum
2991 2189 3004 2213 ,
3037 2157 3092 2203 ut
3121 2149 3165 2203 si
3198 2147 3592 2202 Gundovaldum

2031 2244 2316 2312 reperisset
2347 2243 2554 2307 vivum,
2582 2241 2760 2296 multis
2787 2241 3030 2294 illectum
3066 2239 3504 2308 promissionibus
3533 2239 3591 2293 ad

2031 2351 2145 2390 eam
2179 2334 2563 2388 transduceret.
2595 2333 2700 2389 Sed
2731 2349 2852 2388 cum
2891 2333 2989 2386 hcc
3032 2331 3208 2386 facere
3256 2332 3596 2400 nequivisset,

2030 2436 2299 2494 aceteptam
2331 2425 2652 2494 Rigunthem
2684 2440 2713 2479 a
2744 2425 2862 2480 loco
2909 2425 2999 2478 illo
3046 2424 3270 2489 reduxit,
3333 2439 3434 2477 non
3489 2426 3598 2478 sine

2029 2515 2212 2587 grandi
2246 2516 2538 2568 humilitate
2567 2524 2723 2582 atque
2750 2515 3070 2568 contumelia
3105 2523 3152 2564 ο.

2101 2607 2212 2662 XL.
2248 2607 2406 2675 Igitur
2435 2605 2794 2673 Leudegisilus
2825 2603 2925 2657 dux
2964 2617 3082 2656 cum
3113 2601 3384 2654 thesauris
3432 2601 3600 2654 omni-

2031 2698 2148 2764 bus,
2182 2712 2313 2766 quos
2343 2697 2586 2764 superius
2617 2695 3027 2756 nominavimus,
3079 2694 3142 2746 ad
3198 2709 3381 2764 regem
3433 2695 3598 2759 venit;

2032 2802 2167 2858 quos
2195 2797 2372 2856 postea
2396 2803 2489 2842 rex
2516 2787 2834 2858 pauperibut
2865 2796 2919 2839 et
2948 2785 3192 2840 ecclesiis
3216 2786 3480 2854 erogavit.
3504 2785 3601 2855 Ap<

2033 2879 2292 2948 prehensa
2322 2893 2445 2932 vero
2477 2893 2643 2933 uxore
2674 2878 2941 2930 Mummoli
2969 2919 2983 2942 ,
3015 2875 3279 2945 inquirere
3308 2892 3402 2931 rex
3431 2877 3602 2945 coepit,

2032 2971 2156 3042 quid
2190 2971 2421 3026 thesauri
2453 2985 2585 3040 quos
2633 2971 2666 3024 ii
2715 2976 3186 3040 congregaverant,
3237 2967 3599 3024 devenissent.

2034 3061 2139 3118 Sed
2172 3061 2259 3116 illa
2288 3075 2615 3131 cognoscens
2645 3060 2812 3114 virum
2845 3077 2996 3115 suum
3041 3058 3384 3114 interfectum
3417 3059 3602 3128 fuisse,

365 3149 540 3218 lapide
565 3159 725 3218 caput
771 3152 888 3220 ejus
926 3153 1168 3219 libravit,
1214 3156 1302 3225 qui
1334 3157 1556 3217 cecidit.
1596 3167 1647 3210 et
1688 3169 1928 3212 mortuus
1960 3147 2008 3210 C
2039 3163 2093 3208 et
2118 3167 2332 3208 omnem
2354 3152 2664 3221 jactanliam
2699 3167 2880 3206 eorum
2914 3166 3131 3219 prorsus
3161 3151 3212 3204 in
3245 3161 3444 3204 terram
3495 3165 3604 3204 cor-

358 3249 458 3294 est.
504 3239 764 3311 Venitque
808 3257 970 3298 omne
1010 3246 1226 3316 vulgus,
1269 3256 1322 3300 et
1359 3247 1547 3302 deﬁxis
1592 3249 1640 3301 in
1672 3265 1791 3302 cum
1824 3249 1937 3302 latt-

359 3335 488 3397 ceis,
518 3335 681 3402 pedes
710 3336 826 3404 ejus
851 3337 973 3392 fune
997 3337 1252 3408 ligantes,
1280 3354 1373 3407 per
1400 3342 1575 3392 omnia
1606 3342 1938 3394 exercituum

360 3433 533 3478 castra
565 3435 840 3480 traxerunt
865 3445 879 3490 ;
907 3428 1306 3496 evellentesque
1333 3430 1605 3483 caesariem
1633 3445 1694 3483 ac
1723 3430 1938 3483 barbam

370 3515 486 3584 ejus
508 3556 522 3577 ,
555 3517 871 3584 insepultum
902 3519 1014 3586 ipso
1044 3520 1093 3572 ιιι
1128 3519 1241 3572 loco
1265 3535 1369 3588 quo
1401 3520 1710 3575 interfectus
1740 3521 1940 3588 fuerat,

363 3606 713 3672 reliquerunt.
739 3607 905 3662 Noote
926 3624 1055 3662 vero
1081 3612 1342 3678 sequenti,
1370 3612 1404 3666 ii
1428 3614 1514 3677 qui
1542 3613 1695 3681 primi
1719 3627 1869 3670 erant
1890 3613 1941 3684 δ,

364 3705 551 3746 omnes
592 3695 872 3750 thesauros
911 3713 1042 3766 quos
1086 3700 1136 3752 in
1183 3703 1314 3756 urbe
1355 3705 1592 3771 reperire
1620 3715 1938 3778 potuerunt,

367 3800 487 3838 cum
517 3785 827 3841 ministeriis
854 3789 1094 3844 ecclesia:
1115 3792 1247 3845 clam
1270 3792 1620 3849 abstulerunt.
1646 3796 1796 3851 Mane
1818 3813 1946 3856 vero

368 3879 622 3932 reseratis
651 3889 922 3946 portarum
953 3882 1120 3936 valvis
1143 3927 1158 3949 ,
1204 3886 1443 3939 immisso
1481 3888 1714 3942 exercitu
1736 3931 1748 3954 ,
1788 3904 1946 3948 omne

366 3966 554 4034 vulgus
583 3968 843 4023 inclusum
877 3974 928 4026 in
959 3988 1050 4027 ore
1075 3974 1233 4042 gladii
1263 3976 1614 4040 tradderunt,
1645 3981 1948 4037 sacerdotes

367 4073 574 4127 quoque
619 4060 826 4117 Domini
870 4079 990 4118 cum
1038 4068 1296 4122 ministris
1332 4071 1396 4122 ad
1441 4070 1554 4138 ipsa
1591 4073 1946 4132 ecclesiarum

367 4149 553 4205 altaria
596 4153 942 4212 trucidantes.
989 4158 1272 4228 Postquam
1327 4171 1502 4215 autem
1533 4173 1752 4220 cunctos
1784 4166 1948 4224 inter-

373 4241 720 4311 fecerunt,ut
761 4262 866 4302 non
909 4261 1210 4306 remaneret
1249 4253 1493 4322 mingens
1528 4255 1595 4309 ad
1644 4259 1898 4326 parietem
1928 4303 1943 4328 ,

373 4350 588 4390 omnem
643 4337 828 4393 urbem
873 4355 991 4393 cum
1041 4343 1282 4397 ecclesiis
1333 4343 1660 4414 reliquisque
1712 4348 1948 4404 :edificiis

377 4426 795 4496 succenderunt,
821 4431 954 4484 nihil
979 4432 1049 4485 ibi
1071 4445 1262 4500 prmter
1292 4432 1509 4486 humum
1540 4449 1757 4491 vacuam
1787 4438 1948 4494 relin-

369 4525 612 4584 quentes.

445 4605 683 4662 ΧΧΧΙΧ.
712 4609 873 4678 Igitur
901 4611 1266 4683 Leudegisilus
1294 4617 1506 4673 rediens
1533 4618 1596 4672 ad
1627 4629 1798 4674 castra
1827 4635 1946 4677 cum

373 4694 660 4752 Mummolo
704 4713 752 4756 et
787 4701 1095 4770 Sagittario,
1123 4705 1397 4763 Chariulfo
1419 4717 1473 4764 et
1494 4708 1792 4776 Waddone,
1817 4728 1949 4765 nuu-

371 4787 476 4840 tios
503 4789 708 4845 occulte
737 4793 802 4846 ad
836 4808 1013 4864 regem
1043 4797 1243 4866 dirigit,
1277 4801 1401 4868 quid
1428 4801 1495 4856 de
1538 4802 1618 4856 his
1649 4803 1764 4858 fieri
1798 4805 1941 4858 velit.

373 4880 441 4932 At
485 4878 574 4933 ille
604 4884 818 4950 capitali
850 4900 944 4940 eos
983 4888 1141 4955 jussit
1195 4891 1350 4946 finire
1402 4897 1689 4952 sententia.
1740 4897 1946 4952 Waddo

372 4978 498 5024 tunc
526 4987 644 5024 cum
674 4974 966 5045 Cltariulio,
993 4981 1192 5036 relictis
1215 4984 1335 5040 liliis
1361 4986 1654 5052 obsidibus,
1688 4988 1951 5044 discesse—

371 5073 498 5116 runt
525 5066 592 5119 ab
619 5065 718 5120 eis.
753 5068 939 5123 Delato
961 5087 1168 5142 quoque
1197 5077 1378 5129 nuntio
1402 5077 1468 5131 de
1498 5077 1686 5133 horum
1712 5079 1949 5149 interitu,

371 5169 492 5207 cum
526 5157 626 5211 huc
656 5159 978 5216 Mummolus
1006 5165 1342 5233 advertisset,
1377 5171 1651 5225 accinctus
1681 5172 1843 5225 armis
1873 5181 1955 5225 lu-

373 5245 578 5307 guriutn
612 5247 930 5320 Leudegisili
963 5255 1108 5322 petit.
1164 5254 1352 5311 Atille
1401 5259 1586 5314 videns
1638 5276 1779 5326 eum,
1835 5263 1949 5316 ait:

375 5332 513 5398 Quid
545 5339 644 5405 sic,
675 5342 865 5413 inquit,
897 5349 1045 5413 quasi
1077 5347 1280 5416 fugiens
1303 5351 1486 5406 venis?
1515 5352 1609 5408 Cui
1635 5353 1722 5407 ille
1749 5371 1762 5408 :
1793 5353 1954 5422 Nihil,

452 5518 478 5594 ς
506 5510 646 5594 god.
676 5518 878 5594 Ca_sin.,
914 5525 964 5578 in
996 5528 1215 5583 civitate.

451 5577 478 5670 ξ
503 5582 704 5670 Easirn,
737 5591 771 5641 ἑξ
795 5577 889 5669 qui.
910 5597 1046 5648 missi
1075 5608 1238 5650 erant.

452 5659 477 5687 ε
507 5653 946 5734 Ntttiqjtaiti_i-tiim
978 5666 1281 5721 Iteccaredo
1304 5669 1499 5734 nupsit,
1524 5667 1702 5730 sicuti,
1735 5677 1793 5721 ut.
1815 5669 1959 5722 vide-

378 5727 486 5789 tur,
517 5739 612 5780 nec
637 5727 1027 5786 Chlodosvindu
1057 5736 1302 5804 Sigiberti
1328 5727 1453 5793 lilia.
1487 5727 1620 5794 V'ide
1647 5727 1780 5793 intra
1803 5748 1956 5792 notas

2040 3246 2230 3309 ruisse,
2259 3245 2434 3298 omnia
2468 3244 2682 3313 pandit,
2715 3243 2953 3312 dixitque
2983 3243 3207 3296 multum
3258 3242 3438 3296 adhuc
3478 3241 3606 3310 apud

2043 3339 2228 3394 urbem
2259 3339 2584 3395 Avennicam
2636 3336 2747 3392 auri
2779 3346 2936 3405 atque
2965 3335 3169 3404 argenti
3199 3349 3345 3403 esse,
3396 3347 3513 3401 quae
3549 3333 3607 3386 ad

2042 3431 2183 3498 regis
2227 3432 2466 3486 notitiam
2498 3443 2604 3483 non
2654 3429 2945 3483 venissent.
2995 3427 3289 3497 Statimque
3340 3425 3481 3480 misit
3523 3439 3608 3478 rex

2042 3523 2184 3579 viros
2211 3521 2298 3592 qui
2331 3523 2442 3576 haec
2472 3519 2681 3576 deferre
2700 3520 3088 3574 deberentcum
3116 3534 3219 3573 uno
3251 3534 3443 3587 puero,
3464 3532 3611 3588 quem

2042 3609 2198 3665 valde
2224 3609 2484 3665 creditum
2514 3609 2832 3664 Mummolus
2865 3608 3095 3671 habens,
3129 3607 3241 3662 haec
3270 3606 3326 3660 ei
3352 3619 3612 3662 commen-

2043 3701 2288 3758 daverat.
2321 3703 2590 3757 Abeuntes
2621 3709 2796 3756 autem
2828 3708 3152 3769 acceperunt
3179 3700 3382 3765 omnia,
3426 3713 3541 3768 quae
3568 3698 3615 3752 in

2045 3797 2178 3852 urbe
2208 3797 2390 3852 relicta
2420 3795 2654 3852 fuerant.
2687 3795 2888 3850 Ferunt
2916 3803 3090 3850 autem
3123 3795 3357 3852 ducenta
3385 3804 3436 3849 et
3466 3792 3614 3862 quin-

2046 3891 2295 3960 quaginta
2328 3891 2524 3944 talenta
2567 3887 2773 3957 argenti
2821 3885 3008 3952 fuisse,
3062 3888 3174 3941 auri
3229 3901 3359 3941 vero
3401 3884 3617 3954 amplius

2047 3994 2205 4048 quam
2237 3980 2471 4048 triginta.
2501 3976 2608 4034 Sed
2641 3977 2774 4041 haec,
2805 3987 2862 4031 ut
2886 3976 3080 4037 ferunt,
3112 3976 3178 4030 de
3220 3985 3438 4045 reperto
3487 3974 3614 4027 anti-

2047 4058 2158 4142 quo.
2199 4072 2450 4126 thesauro
2477 4070 2714 4125 abstulit.
2762 4069 2913 4136 Quod
2945 4085 3036 4123 rex
3067 4067 3297 4122 divisum
3329 4083 3450 4122 cum
3479 4063 3619 4119 Chil-

2047 4165 2269 4220 deberto
2296 4179 2421 4234 rege
2449 4171 2642 4228 nepote
2667 4177 2784 4226 suo,
2822 4170 3024 4230 partem
3052 4175 3197 4214 suam
3231 4160 3467 4214 maxime
3497 4171 3618 4225 pau-

2051 4255 2268 4325 peribus
2295 4262 2377 4308 est
2423 4253 2677 4321 largitus;
2709 4252 2917 4307 mulieri
2969 4260 3147 4304 autem
3193 4250 3329 4303 nihil
3382 4246 3620 4317 amplius,

2048 4361 2205 4416 quam
2233 4361 2293 4400 ea
2321 4360 2436 4414 quae
2462 4344 2527 4398 dc
2558 4342 2860 4411 parentibus
2887 4343 3161 4404 habuerat,
3188 4341 3523 4410 relinquens.

2121 4436 2257 4492 XLI.
2286 4435 2435 4490 Tunc
2462 4442 2516 4488 et
2538 4433 2695 4488 homo
2719 4432 2806 4488 ille
2834 4434 3076 4488 immensi
3093 4431 3333 4500 corporis
3361 4430 3426 4484 ad
3450 4442 3616 4499 regem

1977 4509 2123 4583 Dde
2152 4525 2418 4579 Mummoli
2468 4523 2816 4577 familiaribus
2865 4523 3122 4576 adductus
3167 4531 3269 4585 est,
3319 4522 3391 4575 ita
3443 4533 3624 4588 magno

2055 4631 2278 4685 corpore
2309 4617 2499 4680 elatus,
2531 4623 2588 4667 ut
2616 4613 2748 4668 duos
2779 4622 2870 4667 aut
2901 4622 3008 4667 tres
3041 4613 3199 4680 pedes
3229 4627 3393 4679 super
3436 4608 3615 4679 longis-

2053 4714 2218 4765 simos
2261 4711 2506 4764 homines
2558 4717 2834 4777 putaretur
2873 4721 3110 4777 magnus,
3161 4705 3416 4776 lignarius
3460 4701 3622 4770 faber,

2054 4803 2142 4872 qui
2173 4817 2274 4855 non
2297 4801 2465 4855 multo
2494 4809 2611 4869 post
2638 4799 2786 4854 obiit.

2123 4894 2285 4962 368
2311 4891 2468 4945 XLII.
2492 4889 2735 4945 Posthmc
2755 4887 2981 4942 edictum
3005 4901 3031 4938 a
3045 4885 3313 4958 judicibus
3335 4885 3516 4940 datum
3532 4892 3626 4947 est,

2053 4993 2113 5038 ut
2141 4983 2228 5052 qui
2261 4985 2312 5036 in
2344 4982 2442 5035 hac
2469 4979 2804 5049 expeditione
2822 4978 2952 5033 tardi
2980 4977 3206 5044 fuerant,
3228 4977 3624 5030 damnarentur.

2056 5073 2348 5143 Biturigum
2382 5085 2593 5140 quoque
2637 5084 2820 5125 comes
2849 5070 2996 5124 misit
3044 5083 3236 5138 pueros
3278 5081 3430 5131 suos,
3483 5078 3536 5120 ut
3585 5065 3628 5117 in

2056 5164 2215 5219 domo
2245 5162 2384 5216 beati
2422 5161 2656 5227 Martini,
2687 5175 2805 5229 qua:
2856 5161 2906 5213 in
2955 5161 3057 5213 hoc
3108 5157 3332 5212 termino
3378 5156 3479 5210 sita
3533 5165 3627 5212 est.

2059 5252 2358 5320 hujusmodi
2387 5251 2629 5304 homines
2655 5249 2884 5318 spoliare
2911 5247 3186 5302 deberent.
3219 5246 3324 5301 Sed
3353 5259 3518 5315 agens
3544 5245 3630 5295 do-

2061 5359 2179 5398 mus
2224 5343 2366 5396 illius
2409 5342 2657 5397 resistere
2698 5338 2911 5395 fortiter
2953 5339 3149 5409 cmpit,
3191 5339 3422 5393 dicens:
3457 5333 3630 5391 Saneti

2060 5525 2123 5580 ad
2168 5540 2286 5593 cap.
2314 5522 2385 5576 9.5
2421 5522 2514 5576 lih.
2550 5537 2622 5593 tx.
2655 5518 2807 5593 Unde
2838 5525 2916 5593 tot
2944 5532 3208 5573 morarum
3238 5511 3424 5593 procul
3474 5508 3630 5564 dubio

2061 5585 2313 5664 pertaesus
2363 5592 2712 5664 Reccarcdtts,
2763 5589 3068 5664 Badtloncm
3129 5585 3438 5658 popularem
3484 5593 3629 5635 suam

2059 5660 2156 5720 sibi
2190 5666 2399 5720 tandem
2431 5661 2674 5730 coniugio
2699 5660 2981 5730 copulavit.
