3974 6174
1617 149 1667 167 ...κ
1680 170 1700 177 κ

273 272 380 332 μδ

1171 265 1482 323 HISTORIA
1527 264 1967 322 FRANCORUM.
2014 264 2215 319 LIBER
2257 262 2613 320 SEPTWUS.

3446 266 3551 325 μϐ

272 389 482 446 Martini
518 388 758 441 homines
791 382 824 437 ii
854 390 997 438 sunt.
1032 381 1181 437 Nihil
1208 384 1287 435 eis
1308 380 1597 451 quidquam
1626 376 1865 433 iuteratis
1884 359 1940 435 ,Α
1970 374 2214 431 Graviter
2246 384 2369 428 tunc
2394 376 2751 443 negotiatores
2780 374 3035 446 populum
3062 346 3446 447 spoliaverunt,
3475 379 3552 438 ita

275 478 511 547 injuriae,
560 476 684 544 quia
716 489 821 527 non
855 472 1154 525 habuerunt
1186 469 1630 524 consuetudinem
1660 467 1713 521 in
1744 465 1865 517 tali-

271 571 377 625 bus
404 567 585 623 causis
612 566 779 620 abire.
810 564 871 617 At
904 562 976 617 illi
1001 563 1253 617 dixerunt
1279 579 1290 613 :
1319 561 1457 615 Nihil
1483 560 1636 613 nobis
1661 567 1714 612 et
1732 558 1868 611 hlar-

269 660 391 715 tino
413 667 539 725 tuo,
569 672 724 725 quem
772 669 984 723 semper
1024 655 1077 707 in
1123 652 1300 709 causis
1349 654 1577 707 inaniter
1611 649 1818 720 profers
1851 666 1864 702 :

269 750 366 804 sed
401 758 454 802 et
486 757 540 802 tu
570 756 623 802 et
648 748 770 814 ipsi,
801 744 969 813 pretia
1003 743 1306 799 dissolvetis
1330 784 1344 804 ,
1373 758 1469 811 pro
1496 758 1560 796 eo
1604 741 1743 809 quod
1776 756 1867 794 re-

267 843 352 910 gis
384 840 667 908 imperium
699 836 1029 903 neglexistis.
1091 836 1156 889 Et
1200 836 1314 890 haec
1362 835 1544 888 dicens
1591 834 1865 903 ingressus

267 948 352 991 est
382 938 577 990 atrium
612 934 823 987 domus.
859 931 1109 985 Protinus
1140 930 1324 985 dolore
1351 941 1637 998 percussus
1651 925 1863 991 cecidit,

268 1040 324 1083 et
358 1028 598 1099 graviter
627 1040 787 1095 agere
817 1025 1000 1091 rmpit.
1046 1023 1457 1090 Conversusque
1506 1020 1569 1073 ad
1616 1028 1863 1088 agentem

266 1134 409 1174 voce
439 1117 601 1171 ﬂebili
647 1117 768 1169 ait:
816 1114 965 1184 Rogo
1009 1126 1063 1168 ut
1094 1112 1261 1167 facias
1302 1126 1464 1180 super
1513 1126 1598 1165 me
1650 1124 1863 1164 crucem

271 1208 515 1274 Domini,
540 1215 595 1262 et
623 1207 839 1262 invoces
866 1220 1058 1260 nomen
1080 1204 1221 1260 beati
1245 1203 1475 1259 Martini.
1508 1202 1661 1257 Nunc
1685 1211 1863 1255 autem

268 1300 524 1371 cognovi,
556 1299 697 1368 quod
730 1312 919 1368 magna
975 1305 1058 1352 est
1101 1298 1273 1351 virtus
1316 1297 1470 1365 ejus;
1522 1309 1641 1349 nam
1688 1293 1865 1364 ingre-

267 1389 456 1443 diente
487 1403 571 1442 me
598 1386 789 1441 atrium
820 1387 1033 1453 domus,
1062 1386 1170 1439 vidi
1201 1387 1370 1439 virmn
1397 1400 1581 1440 senem
1606 1385 1864 1440 exhiben—

270 1488 379 1534 tem
412 1478 659 1548 arborem
689 1478 740 1530 in
775 1492 932 1530 manu
959 1491 1077 1545 sua,
1115 1490 1236 1544 qua:
1278 1490 1401 1529 mox
1435 1476 1669 1530 extensis
1696 1473 1860 1529 ramis

272 1586 436 1626 omne
466 1571 661 1623 atrium
696 1568 848 1622 texit.
883 1568 955 1622 Ex
988 1583 1051 1622 ea
1079 1569 1222 1623 enim
1251 1582 1387 1622 unus
1438 1583 1525 1623 nte
1565 1566 1740 1636 attigit
1779 1580 1864 1620 ra-

275 1679 419 1727 mus,
449 1663 517 1717 de
542 1662 698 1729 cujus
740 1661 847 1716 ictu
876 1660 1119 1715 turbatus
1148 1659 1345 1714 corrui.
1383 1660 1448 1713 Et
1479 1660 1705 1715 innueus
1751 1660 1862 1715 suis

1969 477 2023 520 ut
2048 466 2133 520 vix
2160 466 2245 520 vel
2300 464 2533 520 modium
2566 475 2589 504 ο
2612 480 2860 529 annonre,
2893 475 2987 522 aut
3035 467 3410 529 semitnodium
3439 465 3552 526 vini

1970 574 2075 612 uno
2117 559 2311 611 triante
2357 558 2762 612 venumdarent.
2817 557 3127 614 Subdebant
3179 574 3240 615 se
3285 574 3549 629 pauperes

1967 651 2207 715 servitio,
2257 661 2312 703 ut
2349 652 2881 721 quantulumcunque
2917 652 2986 707 de
3028 651 3281 707 alimento
3311 652 3551 721 porrige-

1967 751 2086 795 renl.
2107 739 2156 796 ά.

2038 832 2223 888 XLVI.
2256 832 2348 887 llis
2373 834 2561 888 diebus
2589 834 3010 901 Cltristophorus
3032 833 3331 916 negotiator
3351 832 3415 887 ad
3443 836 3552 888 Au-

1969 926 2324 982 relianensem
2352 928 2541 981 urbem
2598 927 2752 981 abiit.
2780 927 3039 982 Audierat
3089 927 3254 991 enim,
3312 925 3453 994 quod
3483 939 3551 981 eo

1968 1017 2195 1073 multum
2220 1018 2327 1070 vini
2350 1018 2583 1073 delatum
2607 1018 2814 1072 fuisset.
2847 1017 3049 1072 Abiens
3067 1032 3217 1086 ergo,
3242 1025 3552 1084 comparato
3612 1010 3615 1015 ’

1965 1109 2112 1172 vino,
2135 1118 2190 1163 et
2217 1110 2467 1169 lintribus
2508 1110 2718 1163 invecto
2740 1149 2755 1176 ,
2782 1118 3003 1177 accepta
3048 1123 3078 1162 a
3105 1123 3294 1163 socero
3325 1107 3550 1176 pecunia

1965 1200 2157 1266 multa,
2182 1217 2302 1257 cum
2325 1202 2533 1257 duobus
2558 1204 2740 1271 pueris
2763 1202 3074 1257 Saxonibus
3099 1204 3240 1257 viam
3262 1201 3548 1271 equitando

1967 1294 2196 1349 terebat.
2222 1293 2377 1349 Pueri
2403 1309 2535 1351 vero
2564 1295 2655 1350 diu
2678 1296 2956 1350 dominum
3004 1309 3225 1351 exosum
3261 1294 3543 1362 habebant.

1964 1396 2019 1439 et
2051 1384 2368 1455 plerumque
2398 1386 2640 1455 fugerant
2686 1387 2857 1453 illum,
2888 1402 2954 1442 eo
2974 1386 3117 1456 quod
3164 1386 3404 1445 crebrius
3424 1402 3543 1457 gra‘

1963 1476 2185 1532 vissime
2213 1477 2643 1533 verberarentur.
2673 1479 2807 1533 Cum
2862 1480 3139 1535 venissent
3181 1479 3234 1537 in
3263 1479 3549 1549 quamdam

1964 1569 2177 1635 silvam,
2204 1569 2545 1639 praecedente
2588 1570 2829 1635 domino,
2862 1586 2996 1639 puer
3035 1584 3173 1626 unus
3197 1570 3429 1636 iaculata
3452 1583 3549 1626 va-

1968 1663 2077 1717 lide
2100 1663 2286 1717 lancea
2310 1703 2325 1727 ,
2353 1663 2631 1717 dominum
2663 1678 2818 1716 suum
2876 1663 3162 1717 transfixit.
3186 1661 3306 1728 Quo
3333 1671 3545 1723 ruente.

272 1755 525 1823 rogabat,
558 1760 616 1806 ut
643 1752 933 1821 ejiceretur
961 1750 1029 1805 de
1056 1751 1215 1805 atrio.
1265 1748 1528 1821 Egressus
1556 1759 1732 1805 autem
1782 1751 1862 1805 in-
1893 1742 1940 1801 B
1966 1754 2104 1810 alius
2123 1770 2243 1809 cum
2294 1754 2496 1809 framea
2538 1764 2697 1824 caput
2752 1755 2869 1825 ejus
2910 1755 3243 1819 dilaceravit,
3273 1760 3328 1807 et
3376 1754 3457 1807 sic
3483 1752 3550 1809 ab
3614 1772 3617 1773 '

276 1860 475 1900 vocare
496 1859 690 1899 nomen
724 1843 862 1899 beati
895 1842 1103 1897 Martini
1148 1844 1404 1898 attentius
1430 1844 1615 1919 tmpit.
1649 1844 1726 1898 Ex
1760 1844 1861 1899 hoc

276 1939 421 1991 enim
453 1936 784 1991 commodius
813 1948 998 2004 agens,
1032 1944 1248 1989 sanatus
1279 1942 1381 1989 est.

347 2024 530 2080 XLIII.
563 2024 873 2081 Desiderius
902 2038 1031 2079 vero
1074 2023 1211 2077 infra
1259 2032 1555 2077 castrorum
1610 2022 1860 2078 munitio-

276 2134 400 2174 nem
429 2134 487 2172 se
516 2132 709 2188 resque
758 2132 883 2172 suas
928 2118 1135 2171 tutavit.
1194 2116 1397 2172 Waddo
1449 2117 1621 2185 major
1669 2118 1859 2172 domus

276 2210 563 2277 Rigunthis
589 2211 655 2265 ad
683 2209 1079 2265 Brunicbildetn
1105 2210 1339 2278 reginam
1364 2210 1598 2271 transiit,
1630 2218 1683 2263 et
1709 2210 1776 2263 ab
1795 2224 1856 2262 ea

274 2312 738 2374 susceptus,,cum
790 2301 1100 2358 muneribus
1140 2310 1193 2355 et
1228 2301 1395 2372 gratia
1446 2309 1530 2356 est
1575 2301 1853 2365 dimissus;

273 2397 576 2453 Chariulfns
608 2397 881 2452 basilicam
912 2397 1079 2450 sancti
1109 2393 1316 2449 Martini
1344 2392 1564 2460 expetiit
1594 2401 1642 2446 ιι.

348 2489 527 2545 XLIV.
562 2490 682 2543 Fuit
712 2488 738 2527 δ
774 2499 898 2543 tunc
927 2487 1184 2557 temporis
1213 2487 1422 2551 mulier,
1458 2501 1575 2556 qua:
1614 2485 1854 2556 spiritum

273 2582 527 2651 pythonis
575 2580 681 2654 [Αἰ.
730 2590 775 2633 ει
815 2582 985 2651 infra,
1037 2576 1311 2649 phytonis]
1362 2578 1579 2645 habens,
1632 2579 1853 2632 multum

272 2671 559 2737 pnestabat
587 2670 816 2725 dominis
841 2669 1127 2724 divinando
1146 2678 1437 2738 quaestum;
1468 2682 1637 2737 eoque
1661 2667 1709 2720 in
1735 2683 1856 2735 gra-

274 2764 344 2816 tia
376 2760 621 2831 profecit,
652 2769 710 2815 ut
732 2760 803 2816 ab
846 2759 931 2814 bis
960 2759 1125 2814 libera
1157 2758 1314 2822 facta,
1343 2759 1456 2813 suis
1498 2758 1856 2812 voluntatibus

274 2857 567 2911 laxaretur.
600 2855 657 2911 Si
688 2856 808 2924 quis
840 2855 982 2909 enim
1014 2864 1106 2907 aut
1135 2853 1352 2918 furtum,
1383 2862 1472 2906 aut
1501 2852 1698 2919 aliquid
1730 2852 1853 2904 mali

276 2945 559 3016 perferret,
589 2946 766 3000 statim
798 2946 912 3000 hmc
952 2960 1057 3014 quo
1086 2940 1170 2998 fur
1197 2943 1347 3004 abiit,
1377 2944 1461 2997 cui
1504 2942 1736 3006 tradidit,
1769 2944 1852 2996 Vel

276 3040 398 3103 quid
425 3055 490 3094 ex
527 3039 628 3093 hoc
680 3038 883 3097 iecerit,
915 3036 1178 3091 edicebat.
1208 3033 1577 3105 Congregabat
1620 3034 1854 3101 quotidie

1966 1856 2196 1914 utroque
2235 1846 2287 1899 in
2320 1846 2488 1899 frusta
2532 1846 2768 1907 decisus,
2794 1844 3058 1900 exanimis
3081 1854 3165 1900 est
3212 1844 3453 1899 relictus.
3487 1844 3549 1899 lli

1965 1951 2094 1989 vero
2124 1936 2454 2004 accipientes
2486 1937 2789 2001 pecuniam,
2825 1938 2943 2004 luga
2976 1935 3165 2003 dilapsi
3187 1941 3330 1989 sunt.
3365 1934 3548 1988 Frater

1964 2042 2093 2081 vero
2119 2027 2517 2095 ChristOphori,
2544 2028 2754 2095 sepulto
2770 2026 3111 2095 corpusculo,
3147 2026 3393 2080 homines
3420 2040 3547 2079 suos

1962 2127 2084 2186 post
2109 2133 2305 2187 pueros
2333 2118 2514 2187 dirigit
2553 2136 2567 2173 :
2593 2118 2682 2187 qui
2704 2116 2976 2186 juniorem
3007 2117 3453 2185 comprehensum
3485 2114 3546 2168 li-

1962 2221 2107 2277 gant,
2151 2210 2366 2264 seniore
2413 2224 2534 2263 cum
2565 2211 2784 2276 pecunia
2842 2208 3100 2276 fugiente.
3132 2207 3294 2279 370
3336 2207 3541 2273 Quibus

1965 2300 2329 2364 redeuntibus,
2356 2314 2478 2353 cum
2504 2298 2921 2354 vinctumlaxius
2940 2300 3303 2371 reliquissent,
3322 2306 3544 2367 accepta

1962 2394 2142 2448 lancea
2176 2409 2338 2447 unum
2369 2409 2435 2446 ex
2468 2392 2551 2448 his
2600 2406 2631 2447 a
2681 2392 2873 2462 quibus
2928 2390 3320 2454 adducebatur,
3372 2390 3541 2445 inter-
3608 2414 3611 2415 ν

1959 2487 2108 2541 emit.
2134 2486 2239 2541 Sed
2265 2486 2523 2540 deductus
2549 2485 2619 2539 ab
2661 2484 2784 2538 aliis
2830 2498 2998 2553 usque
3033 2484 3285 2549 Turonis,
3317 2464 3543 2536 diversis

1959 2578 2237 2646 suppliciis
2283 2576 2553 2642 allectus,
2597 2576 3068 2646 detruncatusquc,
3121 2575 3359 2645 patibulo
3387 2572 3543 2629 valde

1957 2670 2218 2725 exanimis
2246 2678 2271 2707 θ
2303 2678 2383 2724 est
2404 2684 2691 2738 appensus.

2031 2761 2239 2817 XLVII.
2273 2761 2466 2817 Gravia
2498 2770 2626 2816 tunc
2649 2761 2788 2815 inter
2810 2759 3104 2814 Turonicos
3126 2760 3270 2814 cives
3298 2758 3436 2813 bella
3466 2758 3543 2811 ci-

1960 2854 2083 2906 vilia
2113 2861 2486 2907 surrexerunt.
2523 2853 2651 2905 Nam
2694 2852 2986 2916 Sicharius,
3022 2851 3241 2905 Joannis
3272 2848 3538 2917 quondam

1960 2946 2120 3013 ﬁlius,
2151 2946 2273 3000 dum
2298 2946 2490 2999 natalis
2521 2944 2781 2999 Dominici
2818 2943 3076 2997 solemnia
3109 2941 3248 3010 apud
3279 2940 3535 2994 Montalu-

1960 3052 2266 3110 magensem
2302 3036 2321 3075 ί
2356 3038 2526 3092 vicum
2555 3052 2677 3091 cum
2712 3035 3064 3103 Austregisilo
3099 3033 3426 3102 reliquisque
3450 3045 3541 3099 pa-

278 3146 462 3184 aurum
494 3138 894 3198 argentumque.
924 3126 1220 3196 procedens
1248 3128 1298 3179 in
1323 3126 1672 3189 ornamentis,
1704 3126 1775 3178 ita
1798 3134 1857 3179 ut
1882 3110 1929 3173 ϐ
1958 3133 2213 3203 sensibus
2254 3131 2568 3197 celebraret,
2598 3128 2875 3199 presbyter
2902 3128 3004 3183 loci
3049 3127 3195 3181 misit
3220 3141 3438 3194 puerum
3470 3124 3539 3178 ad

278 3231 557 3293 putaretur
585 3221 786 3290 aliquid
817 3235 936 3275 esse
963 3220 1198 3273 divinum
1248 3219 1300 3271 in
1334 3217 1558 3287 populis.
1598 3215 1705 3272 Sed
1733 3230 1853 3271 cum

278 3316 502 3387 Agerico
534 3312 873 3368 Viridunensi
904 3313 1157 3382 episcopo
1185 3311 1301 3366 hazc
1325 3312 1562 3366 nuntiata
1603 3308 1850 3375 fuissent,

279 3409 420 3461 misit
456 3407 621 3478 369
648 3407 713 3461 ad
742 3405 1306 3475 comprehendendum
1337 3420 1477 3460 eam.
1517 3406 1629 3471 Qua
1665 3419 1856 3473 appre-

280 3495 439 3549 hensa
474 3505 526 3550 et
556 3498 618 3548 ad
644 3511 703 3549 se
734 3495 979 3559 adducta,
1008 3493 1157 3563 juxta
1191 3493 1241 3547 id
1269 3494 1407 3561 quod
1454 3494 1503 3545 in
1534 3491 1752 3547 Aetibus
1780 3492 1857 3547 le-

279 3589 445 3655 gimus
494 3585 797 3655 apostolicis
827 3586 976 3655 (Act.
1009 3600 1118 3651 xvt,
1159 3584 1273 3649 16),
1306 3583 1552 3652 cognovit
1580 3583 1631 3636 in
1661 3597 1720 3637 ea
1753 3583 1855 3636 im-

281 3678 532 3732 mundum
562 3678 805 3747 spiritum
830 3692 948 3732 esse
977 3676 1247 3747 pythonis.
1275 3675 1515 3744 Denique
1540 3690 1662 3729 cum
1692 3690 1851 3731 exor-

282 3770 501 3824 cismnm
547 3784 708 3839 super
736 3783 854 3823 eam
884 3768 1105 3831 diceret,
1154 3782 1217 3821 ac
1260 3767 1488 3821 frontem
1546 3767 1687 3820 illius
1732 3767 1854 3821 oleo

282 3873 463 3916 sancto
500 3871 853 3932 perungeret,
904 3860 1221 3914 exclamavit
1249 3860 1594 3927 dannonium,
1626 3868 1679 3914 et
1725 3860 1852 3928 quid

285 3963 419 4008 esset
446 3953 679 4021 prodidit
709 3952 994 4005 sacerdoti.
1031 3951 1134 4005 Sed
1165 3966 1285 4004 cum
1321 3966 1413 4015 per
1441 3965 1563 4004 eum
1594 3965 1624 4004 a
1679 3952 1854 4019 puella

287 4059 385 4098 non
414 4044 807 4109 extrutleretur,
838 4042 987 4096 abire
1017 4041 1273 4109 permissa
1306 4050 1407 4094 est.
1439 4039 1678 4095 Cernens
1724 4055 1853 4095 vero

230 4190 247 4193 ..
287 4136 474 4204 puella,
503 4136 642 4203 quod
667 4137 718 4187 in
743 4134 860 4188 loco
886 4132 974 4186 illo
996 4132 1236 4186 habitare
1264 4142 1368 4185 non
1399 4138 1604 4199 posset,
1631 4130 1697 4186 ad
1723 4132 1853 4187 Fre-

286 4228 578 4297 degnndem
610 4228 847 4295 reginam
876 4225 1237 4296 abiit,-ibique
1275 4234 1329 4278 et
1357 4224 1528 4277 latuit.

352 4320 510 4374 XLV.
544 4320 730 4388 Magna
769 4319 871 4373 hoc
908 4332 1049 4371 anno
1100 4315 1268 4371 fames
1294 4330 1429 4391 pene
1469 4313 1667 4370 Gallias
1714 4322 1852 4369 totas

285 4413 583 4483 oppressit;
620 4426 742 4465 nam
776 4410 985 4479 plurimi
1020 4423 1241 4463 uvarum
1271 4407 1497 4472 semina,
1524 4405 1686 4462 ﬂores
1708 4407 1853 4463 avel-

1954 3224 2254 3293 aliquorum
2286 3221 2560 3276 hominum
2593 3219 2984 3283 invitationem,
3013 3226 3072 3271 ut
3095 3216 3161 3270 ad
3178 3215 3394 3270 domum
3422 3213 3539 3282 ejus

1956 3314 2170 3370 bibendi
2200 3315 2367 3384 gtatia
2397 3313 2582 3367 venire
2606 3310 2884 3365 deberent.
2914 3308 3175 3363 Veniente
3196 3321 3322 3361 vero
3350 3318 3539 3375 puero,

1958 3423 2094 3465 unus
2126 3422 2190 3462 ex
2222 3408 2303 3460 his
2332 3406 2421 3475 qui
2468 3404 2848 3467 imitabantur,
2898 3408 3138 3455 extracto
3193 3399 3369 3469 gladio
3414 3411 3565 3450 eum-

1955 3499 2119 3554 ferire
2145 3514 2252 3553 non
2280 3497 2468 3552 metuit
2498 3514 2511 3549 :
2542 3496 2633 3565 qui
2657 3504 2837 3550 statim
2870 3492 3061 3549 cecxuit
3090 3500 3142 3547 et
3168 3498 3409 3544 mortuus
3430 3497 3537 3543 est.

1956 3595 2107 3663 Quod
2161 3609 2282 3649 cum
2334 3592 2611 3648 Sieharius
2662 3592 2939 3656 audisset,
2996 3588 3086 3658 qui
3123 3585 3387 3641 amicitias
3416 3598 3536 3637 cum

1958 3688 2274 3758 presbytero
2319 3685 2607 3751 retinebat,
2636 3682 2777 3751 quod
2822 3681 3028 3736 scilicet
3060 3694 3190 3749 puer
3237 3678 3352 3746 ejus
3385 3674 3539 3731 fuerit

1957 3778 2291 3843 interfectus,
2320 3774 2548 3844 arreptis
2594 3775 2758 3827 armis
2786 3772 3072 3827 ecclesiam
3117 3771 3288 3840 petiit,
3317 3775 3538 3823 Austre-

1955 3872 2165 3941 gisilutn
2234 3869 2503 3937 operiens.
2557 3867 2651 3920 llle
2704 3875 2880 3919 autem
2910 3866 3024 3917 hate
3074 3863 3319 3929 audiens,
3347 3876 3535 3929 appre-

1956 3967 2129 4018 henso
2160 3977 2429 4016 armorum
2460 3969 2738 4028 apparatu,
2774 3968 2955 4011 contra
2986 3971 3107 4009 eum
3157 3954 3376 4024 dirigit:
3412 3953 3539 4006 mis.

1961 4057 2133 4124 lisque
2159 4053 2432 4117 outnibus,
2463 4065 2581 4103 cum
2614 4064 2672 4102 se
2716 4056 3089 4116 parsiutraque
3122 4043 3417 4106 collideret,
3445 4039 3534 4094 Si-

1953 4144 2171 4200 charius
2199 4145 2340 4197 inter
2362 4142 2587 4195 clericos
2619 4149 2855 4207 ereptus,
2891 4136 2955 4190 ad
2988 4136 3166 4188 villam
3214 4148 3364 4187 suam
3398 4132 3535 4186 etfu-

1955 4235 2049 4306 git,
2074 4233 2275 4287 relictis
2300 4233 2353 4285 in
2384 4232 2545 4284 domo
2585 4227 2908 4298 presbyteri,
2942 4242 3063 4281 cum
3093 4232 3317 4294 argento
3341 4232 3396 4281 et
3421 4239 3532 4279 ves-

1956 4325 2232 4391 timentis,
2285 4333 2514 4393 quatuor
2560 4321 2740 4390 pueris
2782 4317 3052 4372 sauciatis.
3109 4319 3227 4383 Quo
3276 4314 3535 4383 fugiente,

1956 4416 2539 4485 Auslregisilusiterum
2569 4413 2798 4477 irruens,
2826 4408 3118 4464 interfectis
3131 4407 3329 4478 pueris,
3349 4422 3535 4461 aurum

285 4505 536 4569 lanarum,
562 4503 801 4558 nonnulli
829 4502 1038 4556 radices
1069 4500 1248 4555 herba:
1278 4499 1432 4554 ﬁlicis
1460 4498 1742 4566 arefactas,
1769 4515 1854 4554 re—
1882 4483 1932 4545 Ῑ)
1958 4483 2342 4576 argentumque
2359 4520 2478 4559 cum
2507 4505 2725 4572 reliquis
2753 4502 2912 4556 rebus
2932 4499 3169 4555 abstulit.
3195 4498 3399 4552 Dehinc
3414 4511 3534 4551 cum
3566 4566 3567 4569 η

285 4598 566 4667 dactasque
588 4599 638 4653 in
672 4598 944 4665 pulverem
968 4636 982 4659 ,
1012 4595 1368 4650 admiscentes
1411 4608 1594 4662 parum
1644 4594 1847 4661 farinae,

284 4704 468 4760 panem
498 4689 885 4753 conﬁciebant;
935 4688 1086 4741 multi
1130 4688 1289 4742 etiarn
1342 4685 1559 4740 herbam
1613 4694 1851 4755 segetum

282 4782 616 4846 decidentes,
640 4780 889 4835 similiter
918 4778 1201 4832 faciebant.
1230 4777 1465 4831 Fuerunt
1490 4776 1651 4831 etiam
1679 4773 1849 4840 multi,

282 4874 465 4943 quibus
492 4887 596 4926 non
620 4878 737 4925 erat
765 4868 963 4939 aliquid
984 4868 1189 4934 farinae,
1214 4868 1303 4938 qui
1333 4868 1572 4922 diversas
1597 4867 1851 4938 colligen-

284 4976 359 5021 tes
382 4966 597 5027 berbas,
626 4962 1038 5018 etcomedentes
1068 4959 1335 5015 tumefacti
1358 4958 1698 5014 deﬁciebant.
1730 4958 1849 5013 Plu-

287 5058 401 5112 rimi
431 5058 573 5112 enim
607 5066 730 5110 tunc
770 5070 835 5110 ex
880 5052 1053 5109 inedia
1097 5052 1451 5117 tabescentes,
1481 5051 1677 5106 mortui
1704 5059 1849 5105 sunt.

364 5224 389 5253 ⁸
415 5215 508 5269 llic
537 5212 802 5280 designari
828 5210 1011 5264 volunt
1042 5207 1320 5280 ecclesiam
1350 5207 1517 5261 sancti
1546 5206 1755 5280 Martini
1787 5207 1852 5263 de

286 5283 521 5349 Lcriaeo,
558 5278 818 5351 hodieque
866 5280 1089 5351 collegio
1123 5278 1849 5351 canonicortttninsignigm

285 5356 417 5418 apud
445 5347 746 5425 Bituriges,
768 5352 868 5407 sub
904 5348 1270 5419 jurisdictione
1316 5349 1483 5401 sancti
1514 5347 1722 5402 Martini
1748 5348 1855 5403 Tu-

286 5427 542 5480 ronensis.
670 5440 679 5446 ·

361 5504 387 5543 b
411 5496 521 5550 Hoc
547 5499 709 5561 caput
733 5492 883 5544 deest
910 5491 962 5544 in
984 5489 1138 5543 ϐοιο.
1162 5504 1213 5542 a.
1245 5498 1297 5541 et
1328 5487 1447 5540 Vat.

362 5586 383 5613 ς
410 5566 561 5619 Colb.
591 5580 662 5624 a.,
686 5565 762 5615 vel
791 5563 1067 5614 modicum.

361 5645 384 5682 d
414 5638 507 5689 llic
536 5635 732 5688 tiesinit
760 5633 896 5685 liber
926 5645 996 5682 vn
1020 5630 1081 5684 in
1112 5628 1229 5682 Vat.
1253 5638 1307 5683 et
1345 5628 1499 5683 Colb.
1529 5642 1604 5692 a.,
1636 5637 1689 5684 ct
1714 5628 1765 5682 in
1790 5627 1853 5682 iis

288 5709 472 5763 desunt
501 5706 613 5784 duo
641 5705 810 5772 capita
838 5700 1137 5771 sequentia.

1960 4601 2012 4654 in
2040 4598 2242 4669 judicio
2285 4597 2479 4652 civium
2510 4596 2905 4656 convenissent,
2937 4601 2992 4648 et
3031 4600 3354 4661 praereptum
3396 4597 3538 4646 esset

1961 4704 2020 4750 ut
2062 4694 2462 4762 Anstregisilus,
2494 4689 2581 4756 qui
2633 4688 2900 4744 homicida
2952 4700 3085 4752 erat,
3135 4698 3191 4745 et
3241 4688 3536 4745 interfectis

1963 4790 2138 4857 pueris
2166 4801 2254 4841 res
2293 4785 2410 4839 sine
2440 4783 2706 4838 audientia
2729 4790 2753 4829 Β
2782 4781 3102 4850 diripuerat,
3134 4797 3356 4837 censura
3383 4782 3534 4851 legali

1959 4877 2427 4934 condemnaretur.
2465 4876 2601 4930 lnito
2657 4874 2853 4945 placito
2897 4875 3079 4941 paucis
3132 4874 3268 4929 infra
3320 4874 3532 4938 diebus,

1958 4972 2234 5029 Sicbarius
2258 4972 2481 5028 audiens
2528 4969 2669 5036 quod
2718 4984 2805 5024 res
2835 4982 2965 5037 quas
2997 4968 3378 5035 Anstregisilus
3406 4966 3533 5019 diri-

1958 5072 2168 5136 puerat,
2199 5077 2319 5119 cum
2351 5064 2577 5117 Aunone
2597 5069 2654 5116 et
2704 5060 2814 5115 tilio
2834 5069 2996 5129 atque
3017 5060 3134 5126 ejus
3181 5057 3347 5111 fratre
3398 5056 3533 5110 Ebe-

2032 5228 2056 5289 ῗ
2085 5219 2296 5289 Regm.,
2328 5217 2554 5289 patibulo
2580 5224 2651 5268 es!
2674 5229 2949 5289 appensus.

2033 5286 2055 5326 ί
2079 5276 2246 5342 Locus
2271 5276 2405 5352 :ip'utl
2432 5287 2671 5338 Turonos
2708 5276 2857 5335 satis
2909 5279 3157 5352 celebris,
3187 5276 3516 5352 vulgoNep-

1962 5359 2118 5414 telrm.
2143 5359 2217 5410 lhi
2265 5349 2554 5422 Perpetuus
2596 5354 2874 5407 ecclesiam
2906 5350 3208 5411 aediﬁcavit,
3237 5359 3291 5401 ut
3337 5349 3532 5401 dicitur

1958 5429 2091 5483 infra
2126 5428 2216 5480 lib.
2246 5443 2275 5479 κ
2327 5441 2442 5492 rap.
2477 5426 2682 5477 ultuno.

2032 5508 2056 5545 ε
2084 5499 2231 5563 Apud
2257 5485 2494 5550 Marcnlf.
2525 5495 2616 5546 lib.
2644 5508 2679 5556 l,
2701 5486 2914 5563 cap._‘28
2933 5530 2947 5550 ,
2972 5496 3149 5563 exstat
3172 5485 3529 5563 Formidaba-

1958 5557 2234 5629 dieminlis,
2266 5583 2366 5634 qua
2388 5568 2507 5633 quis
2534 5564 2595 5615 ad
2621 5560 3241 5634 principispraesentiant
3269 5557 3532 5614 accedere

1959 5642 2265 5708 cogebatur,
2287 5629 2354 5690 ad
2386 5629 2609 5704 quodvis
2636 5633 2829 5687 factum
2859 5629 3271 5685 discutiendum.
3322 5670 3325 5675 .
