3974 6174
256 276 363 331 μυ

246 393 297 447 Χ
308 389 518 448 XXIII
529 430 545 447 .
589 388 665 445 De
693 389 933 447 incendia
963 389 1105 446 urbis
1134 391 1438 447 Parisinus.

245 463 441 518 XXXI
465 464 526 517 V.
568 463 646 517 De
675 462 924 516 reclausis
953 465 1182 516 tantulis.

244 533 411 589 ΧΧΧ
425 534 493 589 γ.
538 531 619 588 De
646 534 827 603 legatis
855 532 1232 603 Hispanorum.

237 603 412 674 {XX
427 604 505 659 γι
511 645 525 659 .
567 603 648 658 De
675 602 880 674 interitu
909 602 1265 674 Magnovaldi.

239 672 564 730 XXXVII.
619 674 770 742 Quod
797 672 1125 729 Childelterto
1153 673 1297 741 ﬁlius
1325 681 1470 728 nam:
1496 682 1590 728 est.

234 744 410 816 ζιζΧ
422 745 592 800 VIII.
637 745 788 811 Quod
817 743 1043 816 Hispani
1067 745 1120 798 in
1145 743 1343 799 Gallias
1369 753 1731 815 proruperunt.

233 815 292 869 Χ
299 815 352 869 Χ
356 816 410 870 Χ
421 817 444 870 Ι
449 818 503 872 Χ
509 855 526 870 .
566 816 804 871 De-obitu
835 815 1210 885 epiScoporum.

233 885 364 940 XL.
414 889 492 942 De
518 886 733 956 Pelagio
764 885 1044 956 Turanico.

232 956 410 1029 {LL
449 956 528 1012 De
554 955 734 1029 ἤδηειί
763 955 1132 1029 Prceteztutum
1155 956 1455 1029 episcOpum
1483 956 1865 1029 interfecerunt.

234 1023 436 1081 XLII.
484 1028 635 1095 Quod
655 1023 980 1095 ’Bippolenus
1010 1026 1120 1081 dua:
1147 1023 1298 1080 dotus
1326 1023 1423 1080 est.

235 1097 475 1153 XLIII.
519 1099 668 1164 Quod

1193 273 1511 333 HISTORIA
1555 274 1997 334 FRANCOBUM.
2040 275 2244 335 LIBER
2279 276 2621 340 OCTAVUS.

753 1099 911 1172 iectus
940 1107 1108 1172 rector
1134 1096 1425 1172 Prouincia
1453 1097 1744 1172 ordinetur,
1776 1105 1823 1150 et
1844 1098 1910 1172 de
1933 1097 1999 1152 iis
2025 1114 2138 1169 qua:
2167 1100 2419 1154 Antistius
2447 1100 2624 1172 gessit.

235 1168 284 1238 Χ
294 1168 375 1223 LI
394 1169 454 1224 V.
500 1168 578 1224 De
602 1185 662 1223 eo
689 1169 778 1238 qui
798 1185 969 1238 regem
990 1167 1436 1222 Guntrhramnum
1465 1169 1750 1238 inter/icere
1772 1168 1954 1222 uoluit.

235 1237 419 1293 XLV.
465 1239 543 1294 De
574 1237 786 1292 interim
817 1237 1070 1293 Desiderii
1097 1240 1269 1293 ducis.

236 1308 456 1366 XLVI.
498 1309 578 1366 De
601 1310 741 1364 obitu
776 1307 1101 1363 Leuuichildi
1128 1310 1284 1380 regis.

1193 1608 1660 1715 LIBER
1745 1610 2191 1721 ΟΟΤΑ
2217 1612 2547 1739 VU'S.

305 1838 476 1910 375
507 1835 547 1890 l.
580 1835 744 1903 Igitur
772 1833 1208 1890 Guntchramnus
1252 1847 1344 1888 rex
1379 1847 1522 1889 anno
1568 1835 1825 1905 vigesimo
1858 1841 1900 1898 A
1932 1837 2093 1893 tionis
2123 1841 2291 1910 gratia
2318 1842 2580 1909 visitaret,
2612 1846 2677 1900 ad
2713 1856 2967 1904 metatum
3003 1859 3242 1906 nostrum
3272 1853 3511 1912 advenit.

236 1941 434 1999 quarto
468 1930 616 1999 regni
647 1929 728 1983 sui
759 1927 827 1983 de
849 1926 1132 1982 Cabillono
1163 1941 1501 1997 progressus,
1531 1925 1830 1984 Nivernen-

237 2037 356 2079 sem
409 2023 597 2078 urbem
630 2019 954 2091 aggreditur.
984 2017 1241 2075 Invitatus
1283 2017 1425 2093 enim
1474 2019 1712 2076 Parisios
1739 2035 1830 2075 ve-

235 2115 417 2171 niebat
460 2122 519 2168 ut
548 2111 836 2179 Chilperici
858 2110 1045 2177 lilium,
1064 2125 1223 2181 quem
1236 2110 1344 2181 jam
1360 2110 1723 2166 Chlotharium
1737 2125 1831 2168 vo-

234 2210 461 2274 citabat,
478 2221 507 2259 a
531 2221 685 2262 sacro
704 2204 1126 2276 regenerationis
1147 2204 1290 2259 Ionte
1307 2203 1529 2260 deberet
1547 2205 1798 2273 excipere
1813 2243 1826 2259 .

237 2297 528 2369 Digressus
568 2311 696 2352 vero
736 2310 766 2350 a
806 2295 1043 2351 Niverno
1072 2294 1140 2349 ad
1169 2293 1611 2350 Aurelianensem
1640 2295 1826 2350 urbem

234 2389 386 2446 venit
451 2403 704 2459 magnum
741 2401 801 2445 se
841 2397 964 2443 tunc
991 2386 1201 2443 civibus
1240 2386 1354 2443 suis
1393 2387 1661 2459 prtebens.
1695 2387 1825 2442 Nam

235 2497 330 2552 per
353 2481 552 2537 domos
589 2477 774 2537 eorum
816 2480 1075 2535 invitatus
1119 2478 1334 2545 adibat,
1366 2488 1422 2535 et
1451 2481 1674 2550 prandia
1705 2480 1826 2535 data

232 2573 438 2628 libabat
465 2589 482 2627 :
513 2571 740 2626 multum
764 2571 833 2625 ab
863 2571 949 2625 his
978 2581 1312 2640 muneratus,
1339 2585 1666 2640 muneraque
1696 2571 1826 2642 ipsis

235 2663 443 2730 proﬂua
487 2664 815 2726 benignitate
846 2664 1066 2733 largitus
1095 2673 1199 2717 est.
1243 2662 1349 2718 Sed
1389 2677 1511 2717 cum
1542 2663 1606 2717 ad
1637 2665 1823 2718 urbem

235 2756 688 2811 Aurelianensem
710 2755 976 2820 venisset,
1003 2764 1118 2808 erat
1143 2768 1204 2808 ea
1229 2752 1318 2809 die
1347 2754 1658 2810 solemnitas
1689 2751 1827 2808 beati

235 2848 473 2913 Martini,
506 2846 562 2903 id
593 2856 674 2902 est
701 2853 890 2916 quarto
929 2845 1110 2902 Nonas
1156 2843 1361 2900 mensis
1407 2843 1580 2914 quinti
1603 2853 1653 2900 λ.
1694 2844 1828 2900 Pro-

235 2942 514 3009 cessitque
539 2939 592 2994 in
627 2938 838 2994 obviam
865 2939 983 3008 ejus
1014 2938 1277 2992 immensa
1307 2936 1486 3005 populi
1513 2936 1664 2991 turba
1701 2951 1824 2992 cum

236 3032 402 3104 tignis
424 3039 590 3102 atque
622 3030 852 3097 vexillis,
879 3036 1134 3084 canentes
1155 3027 1361 3083 Iaudes.
1396 3029 1461 3082 Et
1486 3027 1615 3082 hinc
1647 3028 1824 3098 lingua

238 3127 534 3198 Syrorum,
571 3124 696 3180 hinc
737 3124 1047 3179 Latinorum
1068 3164 1085 3190 ,
1119 3123 1244 3178 hinc
1272 3122 1436 3179 etiam
1469 3124 1705 3193 ipsorum
1731 3123 1825 3179 Ju-

1937 1928 2065 1984 Erat
2089 1932 2232 1985 enim
2261 1932 2329 1986 ibi
2359 1933 2573 1988 basilica
2602 1937 2772 1990 sancti
2803 1938 2946 1992 Aviti
2969 1939 3200 2009 abbatis,
3232 1944 3390 2013 377
3421 1960 3517 1999 cu-

1929 2018 2018 2088 jus
2072 2022 2125 2074 in
2179 2021 2316 2077 libro
2371 2023 2750 2081 Miraculorum
2801 2031 3145 2086 meminimus
3188 2031 3236 2086 δ.
3291 2033 3514 2090 Surrexi

1932 2111 2146 2181 gavisus
2171 2156 2186 2180 ,
2220 2113 2410 2182 fateor,
2437 2116 2504 2170 ad
2535 2131 2817 2173 occursum
2851 2121 2968 2190 ejus
2988 2161 3006 2188 ,
3035 2132 3088 2177 et
3114 2123 3238 2180 data
3273 2127 3521 2182 oratione

1932 2202 2213 2272 deprecor,
2247 2213 2305 2258 ut
2329 2205 2381 2260 in
2417 2207 2696 2264 mansione
2719 2225 2836 2264 mea
2866 2213 3104 2284 eulogias
3135 2215 3276 2272 beati
3301 2216 3514 2272 Martini

1931 2294 2242 2365 dignaretur
2262 2298 2696 2370 accipere.Quod
2726 2302 2817 2356 ille
2843 2319 2946 2358 non
2973 2322 3252 2376 respuens,
3277 2308 3512 2378 benigno

1930 2385 2112 2441 animo
2143 2388 2438 2457 ingressus,
2470 2387 2662 2445 hausto
2686 2394 2900 2460 poculo,
2930 2395 3216 2453 admonitis
3261 2400 3418 2454 nobis
3446 2398 3516 2454 ad

1930 2475 2255 2543 convivium,
2284 2477 2438 2534 laetus
2459 2479 2741 2537 abscessit.
2759 2480 2912 2537 Tunc
2936 2483 3352 2543 Bertchramnus
3375 2489 3508 2544 Bur-

1930 2567 2235 2636 degalensis
2275 2571 2558 2641 episcopus
2590 2587 2711 2628 cum
2759 2573 2997 2630 Palladio
3039 2577 3333 2635 Santonico
3360 2581 3519 2638 valde

1933 2662 2046 2730 regi
2078 2660 2319 2718 infensus
2347 2671 2483 2729 erat,
2515 2679 2610 2734 pro
2637 2669 2983 2736 susceptione
3023 2669 3355 2727 Gundovaldi
3377 2713 3393 2738 ,
3421 2656 3519 2729 cu-

1924 2750 2013 2821 jus
2035 2768 2198 2823 supra
2229 2756 2571 2811 meminimus
2603 2756 2742 2828 (Lib.
2775 2776 2867 2826 vn,
2890 2779 3005 2832 cap.
3031 2763 3156 2834 3i);
3188 2765 3282 2820 sed
3309 2775 3365 2821 et
3388 2767 3513 2824 Pal-

1931 2845 2102 2898 ladius
2129 2845 2412 2916 episcopus
2437 2847 2508 2903 ob
2532 2849 2632 2905 hoc
2662 2851 2899 2907 maxime
2924 2855 3063 2923 regis
3087 2855 3224 2911 iram
3261 2857 3510 2915 incurre-

1927 2943 2030 2998 rat,
2054 2934 2193 3003 quod
2220 2936 2269 2989 ei
2296 2936 2492 3006 saepius
2523 2936 2760 2995 fallacias
2782 2941 3069 2999 intulisset.
3102 2944 3340 3002 Discussi
3365 2950 3511 3005 enim

1926 3033 2052 3080 ante
2082 3024 2351 3093 paululum
2383 3027 2592 3083 fuerant
2632 3029 2700 3083 ab
2726 3030 2947 3102 reliquis
2976 3035 3242 3106 episcopis
3277 3046 3333 3093 et
3369 3043 3512 3108 Opti-

1926 3114 2158 3170 matibus
2197 3117 2370 3186 regis,
2401 3131 2498 3172 cur
2531 3118 2942 3178 Gundovaldum
2987 3127 3384 3197 suscepissent,
3416 3145 3512 3186 cur

238 3220 505 3286 datorum,
537 3218 590 3273 in
619 3218 847 3274 diversis
878 3217 1126 3272 laudibus
1156 3217 1303 3272 varie
1327 3216 1717 3287 concrepabat,
1743 3217 1820 3272 di-
1852 3211 1898 3272 B
1925 3206 2267 3263 Fallﬂianum
2297 3219 2318 3247 ε
2347 3209 2514 3280 Aquis
2533 3212 2843 3291 episcopum
2865 3213 2929 3268 ad
2953 3218 3368 3285 praeceptionem
3393 3221 3512 3290 ejus

236 3325 402 3366 cens:
435 3308 595 3364 Vivet
621 3324 744 3376 rex,
773 3323 1106 3379 regnumque
1132 3305 1251 3377 ejus
1271 3308 1324 3363 in
1354 3308 1584 3364 diversis
1616 3308 1822 3379 populis

237 3403 390 3458 annis
439 3401 737 3478 innumeris
782 3400 1056 3456 dilatetur.
1099 3400 1270 3455 Jud:ei
1302 3415 1467 3469 vero,
1509 3401 1600 3471 qui
1646 3403 1696 3456 in
1739 3402 1822 3459 his

237 3495 484 3550 laudibus
507 3495 821 3556 videbantur
841 3508 960 3550 esse
979 3495 1286 3564 participes,
1312 3495 1595 3550 dicebant:
1619 3495 1820 3552 Omnes

235 3596 424 3656 gentes
448 3595 503 3642 te
528 3586 752 3642 adorent
782 3586 946 3657 376
975 3586 1180 3657 tibique
1211 3601 1352 3655 genu
1383 3587 1628 3654 ﬂectant,
1657 3588 1820 3659 atque

238 3681 324 3735 tibi
352 3680 460 3735 sint
491 3679 737 3735 subditae.
767 3679 921 3735 Unde
953 3678 1149 3734 factum
1176 3687 1281 3747 est,
1311 3687 1365 3734 ut
1389 3679 1670 3737 celebratis
1696 3682 1823 3739 Mis-

235 3772 326 3836 sis,
359 3785 486 3825 cum
517 3785 607 3826 rex
647 3769 712 3826 ad
759 3768 1063 3825 convivium
1108 3769 1410 3836 resideret,
1450 3769 1691 3825 diceret:
1723 3771 1818 3828 Va:

234 3862 378 3931 genti
405 3862 676 3926 Iudaicae,
710 3861 864 3916 malae
889 3869 940 3916 et
976 3860 1229 3930 perﬁdae,
1261 3875 1325 3916 ac
1350 3861 1578 3916 subdolo
1606 3876 1820 3925 semper

235 3967 394 4010 sensu
425 3954 644 4010 viventi.
670 3953 752 4010 Ob
781 3952 883 4008 hoc
919 3951 1064 4008 enim
1092 3950 1252 4018 mihi,
1286 3952 1490 4022 inquit,
1515 3937 1674 4009 hodie
1704 3968 1820 4008 tau-

235 4048 326 4102 des
377 4047 704 4102 adulatorias
751 4043 1122 4109 acclamabat,
1154 4052 1212 4096 ut
1254 4056 1340 4098 me
1379 4051 1586 4098 cunctae
1630 4053 1816 4114 gentes

232 4139 382 4208 quasi
421 4137 696 4192 dominum
751 4135 1061 4198 adorarent,
1116 4141 1175 4188 ut
1229 4148 1552 4205 synagogam
1592 4150 1813 4202 eorum,

231 4245 344 4298 qua:
374 4228 580 4283 dudum
628 4241 659 4280 a
697 4225 1019 4282 Christianis
1050 4223 1223 4278 diruta
1270 4233 1385 4290 est,
1428 4225 1673 4293 iuberem
1710 4239 1815 4295 ope

231 4321 440 4391 publica
469 4318 734 4374 sublevari
762 4335 775 4372 :
808 4318 949 4388 quod
980 4315 1255 4371 inhibente
1281 4315 1506 4372 Domino
1537 4332 1812 4385 nunquam

229 4425 318 4465 ero
349 4411 607 4466 facturus.
631 4409 675 4464 Ο
698 4423 878 4478 regem
910 4407 1215 4462 admirabili
1247 4407 1526 4476 prudentia
1559 4409 1763 4464 clarum
1790 4409 1804 4464 ι

231 4503 315 4558 Sic
347 4502 609 4558 intellexit
637 4501 976 4556 dolositatem
1007 4497 1403 4567 haereticorum,
1438 4507 1496 4554 ut
1521 4500 1571 4555 ei
1601 4501 1811 4565 penitus

1928 3298 2247 3355 levissimam
2277 3301 2635 3358 ordinassent.
2661 3303 2768 3360 Sed
2799 3305 2936 3362 hanc
2965 3322 3177 3362 causam
3209 3311 3510 3366 ordinatio-

1926 3389 2010 3444 nis
2033 3390 2301 3447 Palladius
2321 3391 2606 3462 episcopus
2627 3409 2656 3449 a
2683 3395 3066 3452 Bertchramno
3089 3402 3383 3465 metropole
3405 3418 3506 3457 suo
3565 3405 3574 3414 ’

1923 3481 2194 3549 auferens,
2220 3497 2380 3554 super
2400 3499 2459 3540 se
2485 3485 2737 3554 devolvit,
2767 3487 2987 3548 dicens:
3016 3489 3166 3546 Oculi
3196 3496 3506 3565 metropolis

1924 3573 2030 3628 mei
2062 3574 2214 3630 valde
2243 3576 2522 3633 doloribus
2551 3580 2920 3648 armabantur,
2955 3593 3006 3638 el
3037 3597 3137 3654 ego
3163 3585 3421 3655 spoliatus
3443 3599 3499 3643 et

1922 3675 2279 3736 contemptus,
2314 3668 2509 3726 invitus
2534 3671 2600 3726 ab
2627 3686 2694 3728 eo
2728 3671 2779 3727 in
2809 3686 2874 3728 ea
2912 3675 3030 3729 loco
3063 3675 3322 3733 adductus
3360 3693 3500 3734 sum.

1922 3759 2038 3814 Non
2082 3761 2228 3829 potui
2268 3762 2410 3816 aliud
2454 3760 2633 3819 facere
2660 3808 2676 3833 ,
2725 3765 2826 3820 nisi
2853 3781 2975 3836 quae
3005 3765 3096 3823 ille
3120 3811 3136 3838 ,
3164 3769 3255 3840 qui
3284 3785 3498 3828 omnem

1921 3851 2274 3920 principatum
2305 3850 2601 3910 Galliarum
2625 3869 2684 3928 se
2715 3857 3010 3912 testabatur
3031 3861 3301 3931 accipere,
3335 3862 3504 3934 impe-

1919 3941 2092 3996 rabat.
2117 3942 2251 3999 Cum
2281 3945 2394 4000 haec
2423 3946 2532 4015 regi
2567 3947 2804 4002 nuntiata
2854 3949 3107 4017 fuissent,
3153 3952 3308 4008 valde
3354 3969 3502 4010 com-

1919 4043 2096 4088 motus
2126 4044 2230 4098 est,
2265 4036 2334 4089 ita
2371 4045 2428 4091 ut
2458 4039 2541 4092 vix
2573 4039 2802 4095 obtineri
2833 4051 3036 4111 posset,
3070 4053 3128 4097 ut
3157 4059 3252 4101 eos
3278 4046 3346 4102 ad
3371 4061 3502 4104 con-

1918 4125 2115 4179 vivium
2142 4125 2449 4192 advocaret,
2468 4142 2602 4197 quos
2623 4138 2780 4184 antea
2807 4145 2914 4195 non
2939 4130 3163 4189 viderat.
3183 4135 3492 4193 lntroeunte

1931 4216 2114 4286 itaque
2143 4217 2562 4285 Bertchramno,
2597 4220 2888 4291 interrogat
2925 4236 3017 4277 rex
3046 4240 3059 4276 :
3088 4224 3254 4292 Quis,
3286 4227 3388 4295 ait,
3419 4239 3503 4285 est

1917 4307 2063 4362 iste?
2111 4307 2210 4362 Diu
2254 4309 2397 4363 enim
2445 4319 2564 4366 erat
2590 4310 2732 4380 quod
2778 4313 2846 4368 ab
2895 4327 2960 4368 eo
2990 4315 3136 4370 visus
3165 4331 3272 4370 non
3304 4315 3500 4376 fuerat.

1917 4399 2205 4469 Dixeruntq
2214 4415 2278 4456 uc
2295 4417 2306 4452 :
2324 4399 2423 4456 Hic
2449 4411 2536 4457 est
2555 4402 2968 4462 Bertchramnus
2981 4405 3390 4479 Burdegalensis
3407 4425 3499 4465 ur-

1915 4491 1997 4547 bis
2024 4492 2333 4562 episcopus.
2360 4494 2458 4550 Cui
2482 4495 2570 4552 ille
2590 4513 2605 4551 :
2627 4496 2858 4564 Gratias,
2887 4499 3078 4571 inquit,
3102 4500 3329 4572 agimus,
3354 4505 3496 4574 quod

232 4607 332 4672 ῃοη
364 4594 601 4649 valerem
629 4590 944 4662 subripere,
976 4605 1095 4661 qum
1127 4599 1282 4646 erant
1311 4591 1652 4660 postmodum
1689 4606 1809 4661 ωε.
1836 4579 1879 4637 C
1913 4582 1994 4638 sic
2023 4583 2305 4641 custodiSti
2353 4585 2511 4641 fidem
2556 4588 2888 4656 generationi
2918 4598 3044 4646 tute.
3085 4590 3236 4649 Scire
3263 4594 3408 4650 enim
3440 4605 3494 4651 te

227 4688 447 4757 gesturi.
476 4685 592 4742 Jam
621 4686 762 4743 enim
801 4684 1070 4741 mediante
1116 4683 1275 4753 epulo
1323 4697 1418 4739 rex
1465 4683 1676 4741 locutus
1723 4695 1807 4742 est

229 4778 592 4834 sacerdotibus
620 4776 711 4849 qui
733 4776 959 4844 aderant
983 4817 999 4843 ,
1031 4775 1218 4830 dicens
1247 4790 1262 4829 :
1295 4775 1446 4847 Rogo
1477 4785 1534 4830 ut
1559 4776 1613 4832 in
1642 4776 1806 4834 domo

228 4884 340 4925 mea
369 4871 606 4926 crastina
636 4869 724 4924 die
743 4876 978 4925 vestram
1008 4880 1320 4938 promerear
1345 4865 1800 4937 benedictionem,

228 4959 417 5032 latque
444 4962 571 5016 mihi
598 4960 827 5017 salus'in
858 4958 1105 5029 ingressu
1136 4967 1315 5013 vestro
1335 4998 1350 5023 ,
1374 4965 1434 5012 ut
1462 4972 1530 5013 ex
1569 4958 1674 5015 hoc
1704 4960 1806 5016 sal-

226 5066 317 5108 vus
341 5055 484 5119 (iam,
508 5067 630 5110 cum
657 5067 819 5120 super
840 5066 926 5106 me
956 5049 1210 5105 humilem
1241 5058 1541 5107 vestrarum
1578 5050 1804 5106 benedi-

225 5147 452 5203 ctiouum
481 5146 643 5203 verba
671 5143 1014 5201 deduxerint.
1063 5142 1189 5198 Haec
1231 5156 1298 5198 eo
1336 5142 1584 5210 dicente,
1613 5156 1804 5200 omnes

224 5241 417 5308 gratias
444 5248 666 5309 agentes
697 5237 857 5308 epulo
886 5235 1104 5306 expleto
1128 5232 1483 5290 surreximus.

292 5331 352 5386 ll.
383 5331 538 5387 Mane
558 5338 736 5384 autem
760 5327 919 5394 Iacto,
942 5325 1070 5382 dum
1093 5339 1186 5380 rex
1210 5325 1326 5380 loca
1347 5331 1658 5380 sanctorum
1682 5339 1803 5382 ora-

292 5517 320 5544 “
351 5508 565 5564 Festum
599 5505 990 5563 Translationis
1020 5505 1159 5576 ejus,
1189 5518 1311 5576 qua:
1342 5504 1504 5561 etiam
1527 5521 1669 5560 nunc
1701 5522 1798 5564 cc-

227 5575 452 5633 Iebratur
481 5581 581 5634 hac
611 5580 725 5648 ipsa
754 5579 844 5633 die
868 5575 1058 5648 quarta
1079 5575 1228 5630 Julii.

291 5648 318 5688 ³
341 5650 391 5704 In
421 5650 557 5705 libro
579 5643 645 5704 de
669 5647 847 5704 Gloria
874 5643 1275 5711 Confessorum,
1306 5661 1425 5716 cap.
1449 5643 1536 5699 99.
1566 5645 1794 5716 Basilica

225 5716 280 5774 ς.
310 5719 444 5776 Aviti
476 5721 742 5790 hodieque
771 5727 971 5787 perstat
992 5732 1118 5775 cum
1140 5714 1790 5788 collegiocanonicorum,

1914 4688 2246 4748 oportuerat,
2278 4680 2624 4736 dilectissime
2654 4690 2831 4752 pater,
2863 4681 3006 4753 quod
3037 4697 3227 4754 parens
3252 4699 3374 4741 eras
3397 4702 3498 4742 no.

1917 4770 1998 4825 bis
2025 4786 2091 4827 ex
2123 4779 2295 4826 matre
2319 4781 2500 4828 noStra
2520 4815 2536 4843 ,
2567 4780 2621 4828 et
2647 4787 2813 4843 super
2842 4783 3057 4845 gentem
3091 4785 3233 4830 tuam
3267 4791 3374 4832 non
3405 4775 3498 4834 de-

1915 4860 2108 4918 bueras
2163 4863 2416 4918 inducere
2475 4871 2678 4934 pestem
2763 4874 3072 4922 extraneam
3154 4866 3474 4942 [Gundoval

1914 4955 2083 5028 dum].
2116 4957 2355 5027 Cumque
2401 4958 2562 5026 talia,
2605 4968 2658 5014 et
2704 4958 2789 5015 his
2829 4961 3023 5017 similia
3076 4962 3493 5020 Bertchramnus

1911 5046 2168 5112 audisset,
2200 5062 2492 5105 conversus
2522 5049 2588 5104 ad
2619 5050 2913 5106 Palladium
2949 5060 3064 5121 rex,
3097 5053 3208 5108 ait:
3235 5053 3342 5108 Nec
3371 5055 3487 5121 tibi,

1911 5153 1944 5196 ο
1973 5139 2173 5196 Palladi
2203 5143 2484 5212 episcope,
2529 5141 2753 5198 nimium
2782 5153 2909 5199 sunt
2939 5145 3124 5215 gratia:
3167 5143 3486 5202 referendas.

1911 5231 2093 5288 Tertio
2130 5232 2274 5287 enim
2317 5232 2446 5287 mihi
2471 5273 2487 5298 ,
2520 5233 2662 5301 quod
2695 5235 2763 5289 de
2802 5235 3055 5304 episcopo
3093 5233 3198 5288 dici
3245 5232 3488 5304 iniquum

1909 5331 2028 5391 est,
2074 5325 2359 5396 pejerasti,
2412 5326 2628 5383 mittens
2679 5327 2844 5398 3'78
2894 5327 3158 5382 indiculos
3204 5326 3490 5387 dolositate

1902 5505 1986 5559 cui
2016 5505 2322 5587 adjunctum
2355 5515 2438 5561 est
2465 5504 2814 5560 seminarium
2860 5504 2926 5559 ad
2951 5503 3228 5576 juniorum
3259 5508 3489 5564 clerico-

1904 5592 2021 5631 rum
2054 5577 2442 5630 institutionem
2475 5592 2643 5645 nuper
2671 5590 2933 5645 erectum.

1976 5657 1999 5686 ο
2040 5645 2192 5700 Colb.
2224 5661 2276 5699 a.
2305 5658 2376 5718 _et
2420 5644 2631 5718 Regm.,
2666 5644 3088 5704 Faustiniauum.
3123 5647 3320 5705 Confer
3364 5663 3487 5707 cum

1902 5717 1993 5772 lib.
2027 5732 2119 5785 vn,
2151 5731 2270 5786 cap.
2303 5715 2391 5770 5!.
