3920 6188
330 314 431 379 651

1316 308 1396 366 ⁷8.
1439 308 1766 366 GREGORII
1807 306 2109 364 EPISCOPI
2148 304 2581 363 TUDONENSIS

3503 303 3608 359 £53

344 438 565 505 plenos;
597 446 625 483 a
654 444 736 484 me
765 427 1106 482 excusabaris
1130 436 1155 463 ⁸
1187 442 1280 494 per
1304 426 1590 495 epistolas,
1622 435 1676 479 ct
1710 439 1922 494 germa-
1952 422 2005 483 Α
2032 439 2123 477 rex
2160 399 2513 476 nihilominus
2544 420 2596 474 in
2627 420 2713 472 dic
2742 427 2926 471 sancto
2978 416 3272 470 Dominicm
3317 417 3612 474 nativitatis

351 519 476 579 num
521 536 697 576 meum
743 535 863 573 cum
910 519 1123 587 scriptis
1168 518 1291 573 aliis
1335 516 1620 571 invitabas.
1659 515 1929 569 .Iudicavit

350 616 494 669 enim
522 613 661 667 Deus
688 626 905 665 causam
938 626 1142 675 meam,
1181 621 1301 663 cum
1344 622 1445 676 ego
1490 621 1787 675 provocare
1834 620 1928 660 vos

353 719 568 770 semper
591 694 840 772 tanquam
870 702 1109 755 ecclesiae
1142 710 1325 769 patres
1352 700 1554 762 studui,
1585 709 1641 752 et
1662 712 1759 750 vos
1787 696 1927 750 circa

353 810 439 849 me
478 810 691 860 semper
720 793 906 863 egistis
932 794 1138 846 dolose.
1165 792 1376 845 Nicasio
1407 800 1583 844 autem
1626 801 1681 845 et
1711 780 1929 844 Antidio

351 886 622 954 episcOpis
645 884 670 921 δ
700 884 833 938 dixit
860 902 872 937 :
904 883 1041 949 Quid
1096 896 1193 944 vos
1214 921 1228 945 ,
1274 897 1306 934 ο
1345 879 1672 934 sanctissimi
1703 888 1879 947 patres
1910 915 1926 942 ,

366 991 462 1042 pro
494 975 726 1043 regionis
750 973 995 1037 utilitate,
1029 974 1107 1026 vel
1135 971 1281 1040 regni
1318 970 1485 1024 nostri
1526 970 1783 1037 sospitate
1818 978 1930 1021 tra-

372 1066 580 1128 ctastis,
614 1065 839 1118 edicite?
873 1064 976 1116 Illis
1001 1078 1212 1131 quoque
1240 1061 1557 1123 tacentibus,
1599 1059 1793 1113 ablutis
1836 1073 1929 1112 rex
1972 1094 1977 1099 -

365 1160 644 1223 inanibus,
671 1167 884 1226 accepta
935 1174 962 1208 a
1012 1155 1381 1209 sacerdotibus
1426 1152 1817 1215 benedictione,
1863 1150 1931 1203 ad

370 1266 611 1305 mensam
641 1250 864 1313 resedit,
898 1250 1021 1302 laeto
1047 1246 1192 1301 vultu
1216 1255 1271 1300 et
1296 1245 1445 1299 hilari
1478 1244 1631 1311 lacie,
1658 1242 1810 1313 quasi
1840 1240 1921 1295 ni-

357 1348 429 1400 hil
461 1346 527 1400 de
556 1351 862 1410 contemptu
892 1357 989 1395 suo
1016 1341 1207 1394 fuisset
1235 1339 1445 1394 eﬂ‘atus.

428 1437 511 1490 Ill.
554 1436 755 1490 interea
784 1433 893 1504 jam
926 1432 1104 1487 medio
1143 1430 1347 1500 prandii
1378 1439 1629 1500 peracto,
1658 1428 1807 1497 jubet
1838 1441 1932 1482 rex

360 1536 413 1580 ut
443 1526 720 1581 diaconum
754 1532 1011 1585 nostrum,
1042 1521 1128 1590 qui
1155 1529 1279 1574 ante
1306 1518 1445 1574 diem
1472 1518 1539 1573 ad
1568 1518 1752 1573 Missas
1783 1517 1930 1584 psal-

359 1635 501 1671 mum
544 1618 939 1682 rcsponsorium
973 1626 995 1653 ο
1029 1614 1267 1676 dixerat,
1306 1627 1499 1667 canere
1518 1610 1783 1680 juberent.
1815 1609 1933 1676 Quo

359 1722 603 1774 canente,
633 1710 783 1778 jubet
833 1710 1018 1761 iterum
1062 1706 1227 1770 mihi,
1276 1715 1345 1758 ut
1368 1714 1554 1758 omnes
1584 1702 1888 1756 sacerdotes
1912 1741 1929 1766 ,

2033 523 2116 567 est
2144 514 2403 567 elevatus.
2439 510 2588 565 Unde
2627 510 2670 562 si
2716 508 2889 563 oratio
2922 520 3094 561 vestra
3124 508 3483 575 prosequitur,
3515 522 3615 575 po-

2031 604 2156 657 terit
2187 604 2292 665 hic,
2337 603 2564 655 Domino
2593 613 2860 654 annuente
2881 640 2900 667 ,
2930 614 3174 667 regnare.
3210 600 3335 652 thec
3370 614 3495 668 rege
3522 601 3613 655 ti-

2031 704 2207 758 centc,
2241 708 2432 747 onmes
2472 693 2768 746 orationem
2803 691 3052 743 fuderunt
3096 691 3160 743 ad
3207 690 3523 754 Dominum,
3552 702 3618 748 ut

2028 794 2317 851 utrumque
2345 798 2525 852 regem
2553 782 2675 851 cjus
2702 781 3071 836 misericordia
3101 792 3465 837 ιευιιδιειγμτιςι.
3495 784 3574 839 Ad
3594 814 3610 825 -

2026 874 2267 945 jecitque
2298 890 2388 927 rex
2416 890 2430 924 :
2460 873 2653 926 Verum
2702 874 2828 941 quia
2872 882 3043 929 mater
3072 874 3189 941 ejus
3242 875 3613 929 Brunicltitdis

2034 980 2119 1017 nte
2150 965 2379 1017 minatur
2408 964 2736 1029 interimere,
2762 964 2854 1019 sed
2888 963 3017 1018 nihil
3047 965 3174 1018 mihi
3196 980 3263 1019 ex
3296 965 3395 1020 hoc
3422 967 3624 1021 tormi-

2034 1055 2176 1110 dinis
2203 1066 2305 1110 est.
2342 1056 2598 1110 Dominus
2628 1058 2767 1111 enim
2797 1056 2884 1127 qui
2916 1076 3001 1111 me
3042 1058 3238 1126 eripuit
3266 1058 3333 1113 dc
3364 1060 3621 1114 manibus

2036 1149 2377 1203 inimicorum
2416 1164 2659 1203 meorum
2684 1187 2702 1216 ,
2734 1161 2792 1204 et
2828 1149 2899 1204 de
2934 1149 3097 1219 hujus
3126 1150 3335 1207 insidiis
3370 1152 3625 1208 liberabit

2032 1255 2144 1296 tne.

2109 1334 2170 1388 V.
2212 1334 2369 1388 Multa
2405 1344 2529 1389 tunc
2555 1344 2610 1390 et
2656 1336 2711 1390 in
2752 1334 3093 1391 Theodorum
3136 1346 3159 1374 ε
3193 1339 3416 1394 adversa
3456 1339 3622 1394 locu-

2035 1434 2117 1480 tus
2160 1435 2260 1487 cst.
2311 1439 2632 1495 protestatus,
2663 1427 2807 1496 quod
2850 1428 2894 1481 si
2941 1430 3007 1482 ad
3054 1429 3317 1498 synodum
3359 1430 3561 1485 veniret
3596 1474 3612 1492 ,

2034 1517 2225 1573 iterum
2273 1520 2461 1573 exsilio
2507 1521 2830 1586 traderetur,
2860 1521 3044 1574 dicens
3073 1538 3086 1574 :
3116 1522 3243 1575 Scio
3271 1523 3415 1577 enim
3461 1524 3615 1592 quod

2033 1608 2221 1663 horum
2249 1625 2406 1666 cauSa
2433 1627 2744 1679 germanum
2778 1628 2959 1666 meum
2994 1611 3357 1680 Cbilpericum
3388 1616 3624 1668 interlici

2036 1695 2181 1752 fecit.
2216 1698 2456 1767 Denique
2485 1714 2583 1753 nec
2612 1715 2709 1753 nos
2738 1715 2834 1768 pro
2864 1702 2989 1754 viris
3022 1704 3143 1753 habt
3167 1702 3212 1755 ri
3239 1702 3520 1769 debemus,
3571 1705 3622 1755 si

360 1803 447 1871 qui
480 1802 719 1861 aderant,
754 1816 846 1867 per
877 1813 1046 1854 meam
1079 1795 1571 1859 commonitionem,
1602 1792 1740 1848 datis
1761 1808 1826 1846 ex
1856 1792 1938 1846 of.
1972 1794 2013 1852 B
2040 1791 2157 1858 ejus
2190 1806 2374 1846 necem
2410 1791 2594 1846 ulcisci
2645 1808 2750 1846 non
2782 1792 3017 1847 valemus
3051 1793 3151 1846 hoc
3193 1810 3353 1848 anno.
3386 1794 3483 1850 Cui
3513 1810 3626 1855 ego

365 1893 488 1945 licio
536 1905 633 1944 suo
684 1888 909 1959 singulis
954 1887 1200 1949 clericis,
1232 1898 1415 1939 coram
1461 1898 1599 1953 rege.
1627 1883 1939 1952 jubereatur

360 1994 599 2039 cantare.
634 1982 736 2035 Per
764 1998 849 2035 me
871 1979 1016 2034 enim
1048 1977 1337 2032 secundum
1364 1977 1505 2046 regis
1534 1976 1814 2045 imperium
1845 1973 1940 2029 ad-

362 2074 572 2139 moniti,
595 2073 820 2142 quisque
852 2080 917 2124 ut
936 2072 1109 2139 potuit
1129 2067 1182 2121 in
1214 2067 1352 2136 regis
1370 2068 1651 2134 praesentia
1678 2066 1939 2136 psalmum

364 2162 759 2233 responsorium
791 2160 1090 2216 decantavit
1119 2158 1169 2213 ά.
1198 2159 1328 2215 Cum
1364 2166 1546 2213 autem
1579 2156 1779 2211 fercula
1816 2170 1942 2225 pro-

363 2255 650 2315 ferrentur,
683 2253 816 2306 dixit
846 2267 937 2305 rex
964 2268 976 2302 :
1004 2252 1292 2319 Argentum
1326 2265 1488 2304 omne
1522 2248 1664 2318 quod
1696 2248 1937 2312 cernitis,

362 2329 638 2404 Mummoli
664 2342 812 2398 illius
836 2342 1033 2412 perjuri
1055 2341 1151 2395 fuit
1179 2340 1277 2409 (V.
1308 2340 1400 2395 lib.
1434 2355 1525 2405 ιιι,
1555 2356 1672 2410 cap.
1692 2336 1808 2408 40).
1828 2337 1940 2394 Sed

366 2455 530 2505 t'unc,
561 2437 728 2507 gratia
762 2434 977 2489 Domini
1007 2433 1272 2488 tribuente
1296 2475 1309 2499 ,
1338 2432 1391 2486 in
1422 2440 1667 2485 «nostram
1687 2430 1939 2485 domina-

367 2533 565 2586 tionem
599 2528 908 2581 translatum
937 2534 1054 2589 est;
1086 2536 1205 2578 nam
1251 2524 1555 2593 quindecim
1602 2538 1670 2577 ex
1711 2536 1779 2577 eo
1802 2523 1939 2577 cati-

365 2637 485 2686 nos,
517 2630 573 2674 ut
598 2621 753 2674 istum
784 2616 1037 2686 majorem
1068 2615 1305 2679 cernitis,
1327 2616 1435 2682 jam
1479 2614 1720 2683 concidi,
1751 2624 1805 2669 et
1833 2628 1938 2668 non

365 2711 556 2769 exinde
586 2709 813 2777 amplius
844 2721 1000 2775 quam
1038 2706 1197 2767 hunc,
1228 2714 1282 2758 et
1307 2706 1470 2759 alium
1514 2704 1582 2758 de
1608 2715 1823 2759 centum
1855 2718 1943 2758 se-

2040 1884 2291 1951 respondi
2318 1901 2332 1938 :
2357 1883 2425 1937 Et
2454 1883 2571 1952 quis
2599 1882 2962 1951 Chilpericum
2996 1885 3283 1950 interemit,
3315 1885 3415 1938 nisi
3456 1886 3629 1939 tuati-

2041 1976 2113 2029 tia
2151 1990 2245 2029 sua
2279 1985 2474 2043 tuaque
2500 1975 2711 2030 oratio?
2738 1976 2932 2029 Multas
2959 1976 3102 2029 enim
3127 1976 3219 2030 tibi
3246 1986 3430 2030 contra
3455 1976 3629 2045 justi-

2040 2065 2169 2121 tiam
2197 2067 2426 2120 tetendit
2446 2065 2693 2130 insidias,
2721 2082 2841 2134 quae
2874 2064 2927 2119 ei
2957 2064 3141 2119 tnortis
3167 2062 3387 2120 exitium
3415 2065 3629 2120 intue-

2038 2164 2183 2211 runt.
2211 2154 2384 2223 Quod,
2413 2163 2473 2209 nt
2497 2156 2692 2221 dicam,
2724 2155 2876 2211 valde
2902 2155 3003 2210 hoc
3032 2171 3129 2226 per
3178 2158 3434 2211 visionem
3471 2172 3631 2209 smn-

2038 2248 2113 2305 ttii
2143 2247 2347 2314 inspexi
2367 2287 2383 2311 ,
2412 2261 2533 2301 cum
2566 2246 2803 2301 viderem
2828 2261 2949 2301 eum
2988 2262 3021 2300 a
3053 2257 3103 2301 te
3134 2255 3409 2301 tonsorato
3438 2245 3630 2314 capite

2037 2338 2188 2407 quasi
2229 2336 2540 2406 episcopum
2581 2337 2842 2403 ordinari,
2870 2337 3063 2391 deinde
3099 2352 3267 2408 super
3308 2335 3632 2393 cathedram

2041 2442 2226 2494 puram
2254 2427 2368 2481 sola
2399 2427 2621 2496 fuligine
2651 2424 2669 2464 ί
2706 2438 2899 2482 tectam
2942 2428 3243 2495 impo~itutn
3287 2428 3409 2481 ferri
3436 2468 3451 2491 ,
3481 2444 3635 2496 pra:-

2036 2519 2343 2574 iucentibus
2360 2534 2542 2595 coram
2562 2534 2634 2573 eo
2666 2517 2877 2589 lychnis
2898 2533 2960 2571 ac
2993 2504 3191 2574 cereis.
3223 2518 3304 2572 Me
3336 2518 3451 2572 ha'c
3487 2532 3636 2571 nae.-

2042 2620 2219 2677 rantc,
2263 2625 2356 2664 rex
2400 2612 2473 2663 ait
2502 2625 2517 2663 :
2549 2609 2665 2664 Vidi
2694 2622 2748 2663 et
2789 2625 2888 2679 ego
2915 2610 3079 2679 380
3119 2611 3276 2665 aliam
3316 2609 3580 2663 visionem
3612 2650 3635 2677 ,

2040 2718 2161 2773 qua!
2189 2702 2346 2773 hujus
2378 2702 2649 2757 interitum
2681 2703 2966 2756 nuntiavit.
2990 2702 3367 2757 Adducebatur
3391 2703 3536 2758 enim
3568 2704 3639 2757 in

376 2803 649 2874 ptuaginta
686 2798 834 2854 libris
867 2797 1157 2852 reservavi.
1186 2796 1252 2849 Et
1278 2797 1402 2865 quid
1434 2798 1660 2865 amplius
1686 2809 1843 2863 quam
1870 2793 1940 2848 ad
2044 2802 2338 2863 conspectu
2383 2810 2503 2850 meo
2533 2811 2566 2850 ιι
2608 2796 2779 2850 tribus
2822 2798 3091 2865 episcopis
3118 2798 3325 2852 vinctus
3372 2800 3593 2852 catenis
3618 2838 3640 2863 ,

364 2910 501 2965 opus
522 2892 887 2963 quotidianum
914 2903 1130 2944 necesse
1155 2900 1235 2941 est
1267 2903 1351 2941 me
1366 2887 1641 2941 retinere?
1671 2886 1785 2939 Non
1816 2900 1937 2952 ego,
2030 2902 2268 2955 quorum
2296 2902 2438 2941 unus
2461 2887 2729 2951 Tetricus,
2751 2889 2887 2943 alius
2914 2889 3161 2957 Agricola
3194 2898 3243 2954 8,
3278 2888 3465 2945 tertius
3490 2904 3640 2948 vero

367 2986 508 3059 quod
556 2983 707 3054 pejus
749 2991 851 3046 est,
884 2980 1043 3034 alium
1092 2978 1260 3033 lilium
1295 2988 1490 3047 praeter
1532 2976 1938 3031 Childebertum
2041 2976 2279 3031 Nicetius
2302 2976 2678 3046 Lugdunensis
2706 2990 2842 3045 erat,
2872 2995 2904 3035 e
2936 2982 3129 3049 quibus
3160 2981 3414 3036 dicebant
3458 2983 3578 3038 duo
3616 3003 3632 3037 :

367 3078 560 3141 habeo,
592 3074 676 3129 cui
716 3074 845 3128 satis
875 3073 943 3126 sit
968 3071 1041 3125 de
1081 3069 1346 3125 thesauris
1386 3082 1521 3138 quos
1549 3067 1598 3123 ei
1626 3078 1780 3137 pater
1808 3068 1939 3123 reii-
2041 3068 2266 3133 Solvite,
2297 3084 2604 3135 qutcsumus
2625 3113 2639 3139 ,
2670 3085 2828 3136 emno,
2862 3079 2918 3126 et
2942 3076 3256 3141 castigatum
3300 3073 3447 3127 abire
3489 3090 3635 3141 ρει..

366 3170 483 3241 quit
510 3186 523 3222 :
556 3178 611 3224 et
655 3183 771 3236 qua:
799 3166 908 3235 jam
956 3164 1021 3219 de
1073 3162 1230 3231 hujus
1261 3160 1548 3216 miserrimi
1594 3161 1753 3215 rebus
1776 3201 1791 3226 ,
1818 3174 1942 3228 qua:
1968 3152 2015 3213 C
2047 3161 2261 3214 mittite.
2288 3159 2492 3225 Quibus
2518 3162 2818 3214 econtrurio
2843 3177 2961 3215 cum
2990 3164 3343 3217 amaritudine
3372 3162 3636 3219 Tetricus

378 3259 644 3317 Avinione
677 3258 906 3311 iuventa:
933 3264 1077 3318 sunt,
1101 3242 1689 3307 transmitteret-oravi.
1721 3249 1943 3320 Reliqua

368 3362 495 3405 vero
524 3362 811 3419 pauperum
843 3354 899 3402 et
936 3345 1283 3400 ecclesiarum
1331 3350 1492 3399 erant
1534 3340 1942 3399 necessitatibus

369 3444 672 3499 tribuenda.

442 3532 530 3586 IV.
573 3530 745 3587 linum
782 3546 881 3585 Vos
912 3526 1279 3583 tantummodo
1303 3570 1318 3595 ,
1353 3527 1660 3583 sacerdotes
1692 3527 1898 3582 Domini
1923 3567 1939 3592 ,

371 3622 652 3689 deprecor,
688 3631 745 3673 ut
774 3635 869 3689 pro
894 3620 1001 3673 lilio
1028 3632 1147 3672 meo
1171 3618 1515 3672 Childeberto
1540 3617 1749 3673 Domini
1783 3618 1943 3673 mise-

371 3709 657 3765 ricordiam
686 3710 847 3780 379
868 3709 1121 3764 exoretis.
1153 3709 1243 3763 Est
1267 3710 1408 3765 enim
1442 3710 1523 3762 vir
1550 3709 1763 3778 sapiens
1784 3720 1943 3778 atque

375 3798 541 3867 utilis,
573 3808 628 3854 ut
658 3800 725 3853 de
769 3799 1057 3854 multorum
1106 3814 1364 3853 annorum
1396 3814 1512 3853 aevo
1543 3799 1625 3851 vis
1658 3800 1727 3852 ita
1756 3807 1944 3852 cantus

376 3894 537 3947 homo
567 3893 805 3961 reperiri.
820 3893 989 3962 possit
1017 3904 1079 3946 ac
1108 3902 1377 3946 strenuus.
1400 3891 1532 3957 Quia
1557 3890 1603 3944 si
1634 3890 1776 3945 hunc
1802 3890 1944 3946 Deus

373 3986 458 4041 his
486 3986 670 4041 Galliis
699 3984 998 4041 concedere
1039 3983 1365 4054 dignabitur,
1400 3984 1642 4039 fortassis
1687 3997 1812 4051 spes
1840 3984 1944 4038 erit

372 4079 439 4133 de
469 4080 656 4133 eodem
679 4086 892 4147 gentem
924 4086 1181 4139 nosuam,
1212 4090 1329 4143 quae
1363 4074 1515 4129 valde
1543 4075 1807 4129 exinanita
1835 4084 1940 4145 est,

378 4185 535 4241 posse
565 4182 909 4239 consurgere.
943 4166 1094 4232 Quod
1145 4166 1255 4221 tieri
1297 4168 1445 4233 juxta
1479 4165 1600 4235 ejus
1642 4168 1947 4223 misericor-

372 4262 512 4316 diam
553 4276 658 4315 non
688 4258 893 4322 diflido,
925 4275 989 4313 eo
1020 4258 1159 4327 quod
1186 4258 1297 4312 tale
1324 4257 1486 4312 inerit
1516 4256 1667 4325 pueri
1695 4257 1943 4311 nativita-

375 4355 441 4407 tis
471 4338 811 4422 prmsagium.
860 4350 990 4404 Nam
1035 4349 1087 4402 in
1129 4348 1215 4403 die
1255 4356 1438 4402 sancto
1484 4347 1736 4413 Pascha,
1767 4354 1946 4403 stante

375 4444 542 4499 fratre
570 4458 690 4497 meo
712 4442 980 4511 Sigiberto
1009 4440 1061 4494 in
1090 4438 1338 4505 ecclesia,
1371 4439 1692 4508 procedente
1716 4438 1944 4493 diacono

375 4626 474 4688 nit,
496 4639 710 4693 unaque
730 4638 829 4678 vox
856 4624 958 4676 iuit
978 4621 1377 4690 pronuntiantis
1402 4621 1683 4675 lectionem
1702 4637 1944 4690 evange-

375 4714 553 4777 licam,
585 4727 647 4767 ac
676 4714 845 4768 nuntii
870 4712 1140 4768 dicentis:
1164 4709 1330 4765 Filius
1352 4719 1516 4764 natus
1541 4712 1770 4775 esttibi,
1803 4710 1944 4765 unde

376 4805 569 4857 factum
592 4793 717 4868 est,
748 4812 807 4856 ut
838 4805 1010 4857 omnis
1041 4804 1264 4873 populus
1306 4804 1371 4856 :in
1400 4813 1629 4871 utraque
1648 4803 1931 4857 annuntia-

308 4938 321 4951 ,
374 4893 518 4948 tione
548 4895 899 4962 proclamaret
927 4897 1166 4959 pariter:
1189 4892 1368 4947 Gloria
1415 4891 1524 4947 Deo
1567 4892 1941 4959 omnipotenti.

375 4986 479 5041 Sed
504 4985 825 5055 baptismum
858 4986 909 5037 in
938 4985 1025 5038 die
1054 4995 1238 5038 sancto
1261 4983 1604 5039 Penteoostes
1632 4984 1864 5053 accepit.
1889 4994 1944 5038 et

445 5132 471 5159 ⁸
510 5121 662 5176 Colo.
690 5137 766 5186 a.,
790 5130 835 5173 et
868 5129 914 5171 te
942 5116 1214 5170 excusabo:
1243 5131 1329 5184 per
1357 5115 1565 5167 litteras.

440 5192 470 5233 δ
513 5194 752 5248 Nicasius
785 5188 1193 5249 lncnlismensis,
1225 5186 1426 5253 dequo
1456 5186 1549 5238 lib.
1581 5200 1657 5249 Ix,
1687 5202 1807 5256 cap.
1846 5189 1937 5244 41.

374 5265 631 5318 Antistius
670 5276 799 5315 vero
846 5256 1168 5327 Aginnensis
1196 5264 1314 5309 erat
1352 5257 1654 5324 episcopus.
1706 5257 1940 5327 Uterque

375 5334 691 5403 satiscripsit
714 5331 881 5403 Cone.
916 5329 1115 5403 alatise.
1151 5341 1261 5403 ll.“
1347 5394 1358 5403 _
1401 5394 1429 5403 η

453 5413 473 5436 ο
516 5392 781 5454 ιίιῐόίθινιιο
810 5397 1058 5453 Graduali
1096 5411 1189 5449 seu
1222 5392 1431 5446 Gradali
1463 5396 1765 5461 respondet.
1794 5396 1941 5452 Psal-

379 5471 447 5523 tni
471 5510 483 5531 ,
514 5471 601 5538 qui
632 5480 747 5536 post
776 5468 1062 5533 Epistolam
1108 5467 1440 5538 cantabatur,
1473 5469 1712 5518 meminit
1744 5469 1939 5538 passim

378 5533 716 5605 Augustinus.
751 5538 878 5593 Vide
916 5534 1223 5591 Menardum
1269 5533 1325 5586 in
1369 5545 1693 5591 sacrament.
1739 5537 1937 5605 Grego-

375 5612 601 5669 rianum,
640 5623 756 5675 pag.
787 5606 912 5660 568.

444 5675 471 5716 ιι
508 5671 663 5731 οοιιί,
692 5671 764 5730 tu.
791 5681 953 5740 prima
978 5691 1157 5739 manu,
1187 5671 1422 5727 cantavit.
1450 5672 1688 5727 Clericus
1720 5688 1835 5739 post
1858 5679 1939 5729 di—

374 5761 514 5803 ctum
559 5750 625 5799 ab
664 5745 912 5811 episeopo
942 5761 1150 5797 versum
1184 5746 1404 5812 psalmi,
1450 5746 1793 5810 antiphnnam
1840 5763 1934 5797 s:-u

2043 3250 2327 3321 episcopus
2349 3253 2707 3321 respondebat
2729 3270 2744 3307 :
2765 3252 2882 3308 Non
2915 3254 3006 3309 (iet
3030 3254 3122 3320 ita,
3147 3256 3241 3310 sed
3267 3257 3372 3326 igni
3402 3271 3641 3313 concre-

2043 3346 2277 3402 mabitur
2305 3347 2717 3417 provsceieribus
2736 3350 2877 3403 suis.
2911 3349 2978 3403 Et
3006 3366 3125 3404 cum
3172 3350 3262 3405 diu
3289 3353 3643 3422 multumun

2032 3440 2193 3510 quasi
2237 3440 2555 3497 altercantes
2602 3442 2716 3495 inec
2764 3442 2905 3498 inter
2952 3457 3012 3497 se
3062 3444 3220 3498 verba
3264 3445 3640 3514 proferrent,

2045 3532 2319 3599 conspicio
2345 3532 2555 3585 eminus
2580 3547 2788 3586 aeneum
2810 3588 2815 3595 _
2836 3548 2998 3601 super
3032 3536 3205 3604 ignem
3237 3535 3464 3603 positum
3511 3535 3641 3592 fer-

2044 3637 2169 3677 vere
2196 3622 2565 3678 vehementer.
2598 3622 2749 3678 Tunc
2779 3640 2861 3677 tne
2894 3626 3053 3677 ﬂente
3073 3668 3086 3691 ,
3122 3628 3509 3693 apprehensum
3552 3630 3641 3683 itt-

2042 3716 2255 3769 Ielicem
2290 3714 2657 3783 Cbilpericum
2707 3716 2996 3770 conl'ractis
3043 3717 3298 3771 membris
3326 3718 3636 3787 projiciunt

2044 3807 2099 3862 in
2128 3822 2360 3862 aeneum.
2385 3808 2492 3862 Nec
2514 3822 2684 3874 mora,
2706 3808 2849 3863 inter
2862 3808 3129 3862 undarum
3161 3825 3384 3878 Yﬂpt-m
3416 3812 3486 3865 ita
3516 3812 3641 3867 dis-

2048 3898 2260 3954 solutus
2296 3914 2360 3954 ac
2403 3898 2717 3967 liquefactus
2742 3909 2858 3969 est,
2888 3910 2947 3955 ut
2980 3903 3181 3955 nullum
3216 3920 3279 3957 ex
3318 3918 3385 3956 eo
3416 3905 3640 3969 genitus

2050 3986 2305 4043 indicium
2337 3998 2661 4045 remaneret.
2688 3987 2815 4045 Haec
2860 4005 2987 4059 rege
3026 3992 3239 4048 dicente
3260 4036 3273 4060 ,
3302 3995 3631 4048 admiranti-

2048 4078 2152 4133 bus
2182 4079 2362 4145 multis,
2390 4079 2549 4148 epulo
2578 4080 2789 4148 expleto
2814 4082 3163 4136 surreximus.

2116 4167 2205 4223 νι.
2247 4167 2359 4223 Rex
2388 4169 2548 4237 igitur
2576 4169 2628 4221 in
2655 4171 2944 4233 crasunum
3002 4171 3052 4227 in
3110 4172 3445 4226 venationem
3500 4188 3641 4239 pro-

2022 4272 2257 4329 gressus
2278 4268 2367 4313 est
2392 4275 2406 4324 ;
2435 4274 2539 4327 quo
2569 4260 2846 4323 redeunte,
2879 4260 3232 4327 Garacbarius
3264 4276 3451 4315 cumes
3483 4261 3630 4315 Bur—

2045 4349 2349 4419 degalensis
2366 4361 2529 4419 atque
2552 4349 2823 4405 Blatlastes
2846 4368 2874 4403 a
2899 4352 3051 4405 nobis
3075 4349 3439 4420 reprtcsentati
3463 4362 3632 4406 sunt:

2046 4441 2166 4509 qui,
2195 4451 2249 4496 ut
2276 4444 2523 4511 superius
2552 4441 2801 4507 diximus,
2843 4444 2898 4497 in
2942 4442 3162 4498 basilica
3201 4446 3371 4497 sancti
3402 4443 3629 4500 Martini

373 4552 493 4589 cum
522 4544 709 4589 saneto
734 4528 1148 4602 Evangeiiorum
1180 4530 1316 4585 libre
1342 4571 1356 4594 ,
1376 4531 1607 4585 nuntius
1638 4530 1749 4599 regi
1776 4531 1942 4584 advc-
1974 4521 2027 4583 1)
2050 4532 2356 4600 confugium
2408 4533 2673 4599 fecerant,
2702 4549 2801 4602 pro
2842 4548 2909 4588 eo
2939 4535 3076 4602 quod
3117 4535 3464 4589 (iundovaldo
3491 4551 3661 4593 cou-.

2040 4625 2222 4695 juncti
2254 4626 2499 4681 fuissent.
2530 4626 2658 4679 Nam
2695 4640 2817 4680 cunt
2860 4627 3006 4695 prius
3037 4642 3131 4694 pro
3172 4626 3261 4681 hic
3306 4630 3635 4696 deprecams

2048 4716 2179 4771 nihil
2200 4718 2441 4773 obtinene
2457 4727 2770 4786 patuissem,
2790 4718 2905 4770 haec
2920 4720 2971 4770 in
2993 4717 3236 4785 sequenti
3252 4716 3461 4771 locutus
3478 4732 3630 4775 sum;

2048 4809 2326 4874 Audiat,-o
2356 4823 2473 4873 rex,
2496 4818 2741 4875 potestas
2769 4819 2876 4860 tua.
2920 4807 3059 4861 Ecce
3096 4824 3127 4859 ιι
3159 4804 3385 4861 Domino
3410 4823 3534 4859 meo
3558 4807 3624 4861 in

2046 4899 2315 4969 legatione
2338 4899 2409 4953 ad
2442 4908 2492 4953 te
2511 4898 2748 4953 directus
2778 4914 2897 4953 sum
2929 4916 2941 4950 :
2962 4898 3055 4953 sed
3080 4898 3203 4966 quid
3228 4899 3555 4952 renuntiabo
3579 4900 3636 4955 ei

2049 4991 2141 5056 qui
2169 5004 2255 5045 me
2282 4988 2453 5056 misit,
2480 5004 2603 5045 cum
2648 4988 2779 5044 nihil
2817 4988 2947 5044 mihi
2991 4991 3234 5059 responsi
3268 4990 3496 5046 reddere
3530 5006 3626 5046 ve-

2047 5133 2364 5189 responsum
2394 5120 2746 5189 subiungebat
2768 5164 2781 5185 ,
2816 5134 2883 5173 eo
2912 5121 3070 5173 modo
3112 5136 3229 5188 quo
3255 5120 3308 5174 in
3350 5122 3531 5177 Missis
3568 5140 3633 5177 tv

2050 5201 2348 5259 temporum
2377 5190 2644 5259 italiaque
2684 5193 2947 5244 canticum
2979 5193 3137 5245 trium
3167 5196 3457 5246 Puerorum
3488 5208 3634 5249 con—

2047 5277 2295 5315 ClllllllllS.

2126 5342 2149 5367 °
2192 5332 2240 5384 ls
2262 5340 2373 5383 erat
2418 5329 2759 5384 Massiliensis
2788 5330 3067 5398 t'pisCUptls
3089 5372 3103 5395 ,
3148 5332 3212 5383 de
3251 5348 3354 5400 quo
3384 5330 3537 5399 plura
3572 5336 3637 5387 in

2049 5401 2185 5455 libro
2212 5400 2493 5462 superiori.
2908 5430 2915 5437 ο

2123 5469 2141 5508 ί
2186 5470 2340 5522 Frch.
2373 5472 2467 5534 aL,
2498 5470 2652 5522 nullis
2679 5470 2857 5534 palleis
2883 5477 3084 5521 tectam.

2120 5551 2147 5588 tt
2185 5540 2430 5593 Tetricus
2460 5540 2825 5606 Lingonrnais,
2854 5540 3095 5607 Agricola
3125 5554 3250 5592 vero
3276 5539 3638 5597 Callilionen-

2046 5612 2137 5663 sis.
2175 5609 2276 5661 Pro
2306 5608 2532 5661 Tetricus
2572 5610 2723 5662 Colb.
2763 5624 2813 5662 a.
2847 5609 2941 5663 alt.
2986 5623 3144 5663 manu
3183 5611 3342 5664 habet
3374 5609 3607 5666 Tectis-ri

2045 5696 2154 5746 cus,
2185 5691 2239 5733 ct
2265 5694 2341 5733 su:
2374 5681 2528 5759 iitlt'a.
2960 5675 2967 5681 ’
