3974 6174
350 303 457 360 εδδ

1288 317 1607 377 HISTORIA
1646 318 2100 380 FRANCORUM.
2145 324 2347 387 LIBER
2384 328 2725 390 OCTAVUS.

3514 339 3623 401 ιδθν

344 424 452 481 IIsI
476 428 551 481 At
588 424 678 482 ille
725 427 1127 500 obstupefactus
1170 434 1244 489 ait
1270 454 1281 487 :
1312 438 1376 492 Et
1414 456 1531 509 quis
1559 451 1641 498 est
1678 446 1929 498 dominus
1956 443 2005 501 Α
2034 446 2250 503 Vitatem
2280 451 2443 523 382
2473 458 2640 509 sancti
2684 453 2906 512 Joannis
2932 452 2960 495 δ
3000 455 3367 526 exhiberetur,
3396 461 3491 517 sed
3522 478 3623 522 nee

345 526 489 585 tuus,
523 518 616 589 qui
646 528 696 576 te
735 518 927 577 misit?
953 525 1049 579 Cui
1081 542 1181 596 ego
1209 530 1494 587 subridens
1523 552 1536 587 :
1569 536 1759 592 Beatus
1789 539 1929 593 Mar-

342 611 510 679 tinus,
545 612 760 682 inquio,
791 615 937 670 misit
966 632 1074 673 me.
1106 619 1256 676 Tunc
1280 622 1368 678 ille
1398 624 1554 695 jussit
1582 628 1686 682 sibi
1729 646 1927 699 reprae-

342 704 550 758 sentari
575 706 740 759 viros.
776 706 881 763 Sed
910 722 1031 763 cum
1073 711 1124 765 in
1157 713 1273 780 ejus
1299 727 1591 786 conspectu
1625 723 1923 789 venissem,

340 793 545 848 multas
576 796 657 851 eis
685 798 939 866 perlldias
967 815 1031 857 ac
1069 802 1298 874 perjuria
1330 810 1693 877 exprobravit,
1727 829 1926 872 vocans

338 897 439 939 eos
469 884 668 954 saepius
694 888 882 958 vulpes
922 889 1227 960 ingeniosas
1256 911 1270 948 :
1297 899 1391 951 sed
1423 901 1657 957 restituit
1684 918 1777 959 eos
1802 920 1925 974 gra-

338 971 427 1028 tiae
458 989 593 1041 suae,
626 977 999 1049 reddensquae
1030 982 1135 1037 illis
1161 985 1333 1039 ablata
1365 989 1591 1049 fuerant.

410 1063 530 1121 VII.
571 1066 905 1126 Adveniente
932 1088 1145 1144 quoque
1167 1078 1255 1133 die
1303 1080 1598 1150 Dominico,
1626 1102 1718 1142 rex
1748 1091 1923 1146 eccleo

253 1196 289 1233 κ
333 1154 473 1209 siam
505 1156 572 1211 ad
602 1161 901 1243 spectanda
936 1170 963 1200 ι
994 1163 1274 1223 Missarum
1325 1172 1588 1229 solemnia
1619 1180 1784 1246 petit;
1815 1182 1923 1236 fra-

331 1252 444 1301 tres
481 1245 762 1322 [cpiscOpi]
808 1268 936 1309 vero
982 1261 1499 1333 consacerdotesque
1526 1245 1628 1336 qui
1670 1271 1916 1341 aderant,

331 1337 513 1392 locum
536 1339 773 1396 Palladio
799 1345 1058 1416 episcOpo
1078 1348 1145 1404 ad
1171 1355 1373 1422 agenda
1402 1355 1533 1412 festa
1553 1337 1915 1427 praebuerunt.

254 1466 284 1487 ,ι
327 1428 449 1498 Quo
502 1431 794 1502 incipiente
844 1438 1203 1508 prephetiam,
1235 1444 1395 1518 381
1433 1448 1543 1506 llex
1584 1451 1914 1529 intermgat,

326 1525 451 1593 quis
481 1534 646 1581 esset.
691 1525 933 1599 Cumque
983 1532 1280 1593 Palladium
1324 1543 1631 1613 episcopum
1678 1525 1917 1609 initiasse

332 1617 802 1685 pronuntiassent,
836 1622 1016 1677 statim
1047 1639 1349 1686 commotus
1383 1647 1477 1687 rex
1516 1636 1592 1690 ait
1620 1654 1631 1689 :
1656 1639 1756 1706 Qui
1782 1642 1913 1697 mihi

323 1718 545 1771 semper
581 1707 809 1765 inﬁdelis
838 1722 891 1767 et
937 1715 1176 1783 perfidus
1218 1719 1343 1791 fuit,
1392 1724 1484 1781 ille
1525 1743 1668 1785 nunc
1703 1744 1911 1789 sacrata

2032 547 2154 596 tunc
2180 544 2344 597 venit.
2396 545 2673 600 Moverunt
2720 547 2898 615 itaque
2929 563 3014 604 me
3044 564 3137 617 per
3180 560 3389 620 tempus
3437 556 3621 610 sterile

2029 631 2096 687 de
2127 634 2243 689 Ioco
2286 635 2373 689 ubi
2408 637 2751 694 babitabam:
2784 641 2904 695 veni
2939 641 3115 711 igitur,
3145 651 3199 697 et
3224 658 3348 698 erce
3394 647 3621 700 abscon-

2027 724 2191 793 ditur,
2224 742 2324 783 nec
2361 730 2658 785 ostenditur
2689 732 2819 785 mihi
2853 748 3001 793 puer.
3039 733 3210 799 Unde,
3244 746 3501 804 quantum
3536 738 3616 792 in-

2027 817 2230 885 telligo,
2271 820 2404 875 nihil
2453 832 2534 876 est
2583 824 2723 893 quod
2775 825 3122 892 promittitur,
3162 826 3289 894 sed,
3336 836 3391 880 ut
3428 828 3611 894 credo,

2024 909 2251 979 alicujus
2277 926 2342 965 ex
2371 912 2611 968 leudibus
2640 915 2837 968 nostris
2858 917 2926 968 sit
2952 916 3117 983 ﬁlius;
3144 933 3265 971 nam
3293 920 3335 971 si
3361 919 3427 972 de
3449 918 3614 985 stirpe

2027 1009 2207 1053 nostra
2235 999 2451 1066 fuisset,
2477 1003 2543 1055 ad
2571 1019 2658 1058 me
2684 1005 2863 1076 utique
2890 1004 3076 1060 fuisset
3101 1007 3436 1076 deportatus.
3471 1010 3612 1063 Ideo-

2024 1104 2127 1155 que
2174 1091 2455 1158 noveritis,
2486 1094 2608 1162 quia
2638 1109 2668 1147 a
2699 1110 2784 1149 me
2823 1111 2926 1148 non
2969 1097 3274 1165 suscipitur,
3318 1101 3418 1153 nisi
3465 1111 3611 1156 certa

2022 1178 2090 1234 de
2119 1194 2184 1234 eo
2223 1196 2544 1252 cognoscam
2576 1184 2792 1239 iudicia.
2828 1186 2951 1242 Hmc
2983 1190 3207 1245 audiens
3250 1189 3615 1261 Fredegnndis

2022 1274 2225 1341 regina,
2258 1276 2559 1345 conjunctis
2590 1280 2857 1348 prioribus
2888 1284 3037 1354 regni
3081 1284 3199 1349 sui,
3246 1284 3298 1338 id
3330 1299 3413 1340 est
3445 1287 3615 1341 tribus

2020 1365 2289 1436 episcopis
2320 1378 2373 1423 et
2420 1374 2675 1426 trecentis
2707 1374 2834 1427 viris
2876 1374 3115 1444 optimis,
3148 1386 3484 1430 sacramenta
3517 1378 3613 1432 de-

2028 1456 2220 1512 derunt
2253 1459 2393 1514 hunc
2420 1476 2448 1514 a
2480 1461 2784 1532 Chilperico
2814 1481 2938 1535 rege
2976 1479 3287 1536 generatum
3320 1469 3485 1524 fuisse
3514 1488 3529 1525 :
3556 1480 3613 1525 et

2017 1552 2096 1605 sic
2118 1553 2351 1620 suspicio
2379 1555 2447 1609 ab
2471 1556 2654 1611 animo
2684 1558 2825 1628 regis
2850 1569 2872 1597 ο
2904 1560 3079 1614 ablata
3107 1571 3207 1615 est.

2090 1642 2157 1696 Χ.
2204 1644 2441 1715 Denique
2484 1663 2603 1701 cum
2637 1648 2909 1704 interitum
2941 1651 3238 1707 Merovechi
3267 1660 3427 1723 atque
3454 1652 3611 1708 Chlu~

2018 1732 2245 1790 dovechi
2297 1736 2493 1807 saepius
2541 1738 2951 1807 lamentaretur,
2999 1745 3335 1813 nesciretque
3384 1745 3471 1799 ubi
3518 1762 3611 1801 eos

322 1796 489 1852 verba
525 1800 883 1868 praedicabit?
914 1804 1170 1877 Egrediar
1195 1826 1415 1877 prorsus
1440 1817 1509 1872 ab
1531 1820 1630 1875 hac
1660 1826 1909 1892 ecclesia,
1945 1816 1992 1875 Β
2022 1837 2297 1895 postquam
2349 1796 2764 1900 interfecerant,
2800 1832 3181 1901 projecisseut,
3220 1836 3367 1890 venit
3408 1838 3475 1891 ad
3526 1855 3605 1892 τε-

322 1904 387 1942 ne
443 1890 715 1950 inimicum
761 1912 939 1954 meum
983 1903 1197 1960 audiam
1247 1910 1645 1977 praedicantem.
1689 1918 1753 1975 Et
1795 1922 1909 1978 haec

320 1982 534 2052 dicens,
566 1987 748 2056 egredi
779 1993 943 2060 cmpit
981 1997 1286 2054 ecclesiam.
1325 2004 1476 2059 'l'unc
1501 2010 1800 2067 conturbati
1825 2030 1910 2068 sa-

318 2075 570 2131 cerdotes
601 2079 670 2135 de
708 2081 889 2139 fratris
921 2087 1243 2160 humilitate,
1275 2095 1526 2173 dixerunt
1568 2105 1718 2173 regi:
1754 2106 1908 2161 Vidi-

317 2183 440 2223 mus
469 2172 611 2226 enim
644 2189 765 2230 eum
789 2181 1037 2236 convivio
1066 2192 1156 2240 tuo
1173 2187 1386 2256 adesse,
1416 2207 1480 2246 ac
1504 2172 1573 2249 de
1597 2172 1715 2266 ejus
1744 2214 1905 2257 manu

320 2267 369 2313 te
416 2260 853 2322 benedictionem
902 2273 1178 2342 accipere;
1211 2289 1264 2333 et
1308 2296 1406 2336 cur
1450 2298 1572 2340 enm
1621 2304 1765 2344 nunc
1811 2307 1907 2349 rex

316 2354 678 2416 aSpernatur?
708 2355 766 2411 Si
810 2360 952 2416 enim
1000 2365 1290 2423 scissemus
1319 2370 1412 2426 tibi
1458 2389 1702 2444 exosum,
1735 2382 1907 2436 decli-

318 2455 606 2499 nassemus
637 2448 817 2516 utique
847 2452 913 2505 ad
944 2453 1130 2523 alium,
1164 2461 1250 2528 qui
1282 2460 1395 2517 haec
1419 2479 1577 2535 agere
1605 2469 1900 2529 debuisset.

318 2529 493 2597 Nunc,
526 2535 572 2589 si
602 2540 889 2608 permittis,
918 2545 1153 2602 celebret
1178 2567 1295 2620 quae
1318 2529 1515 2621 erepit:
1547 2558 1598 2613 in
1631 2571 1902 2630 posterum

313 2636 496 2682 autem
544 2629 589 2683 si
640 2632 840 2703 aliquid
889 2644 1242 2710 opposueris,
1286 2649 1563 2707 canonica;
1612 2629 1904 2715 sanctionis

314 2733 544 2775 censura
590 2723 827 2783 finiatur.
874 2728 990 2786 Jam
1034 2734 1175 2789 enim
1224 2737 1493 2796 Palladius
1519 2745 1804 2817 episcopus
1851 2751 1902 2807 in

312 2815 613 2871 sacrarium
646 2831 767 2872 cum
804 2823 993 2889 grandi
1038 2824 1343 2886 humilitate
1379 2815 1720 2894 discesserat.
1754 2841 1905 2900 Tunc

313 2916 411 2957 rex
430 2902 595 2972 jussit
623 2922 746 2961 eum
775 2914 1043 2983 revocari,
1083 2928 1138 2972 et
1178 2919 1259 2974 sic
1287 2938 1406 2989 qua)
1437 2939 1596 2994 agere
1624 2944 1899 3002 coeperat,

312 2995 605 3059 exjedivit.
636 2998 770 3054 Nam
799 3016 919 3056 cum
968 3005 1158 3062 iterato
1187 3010 1253 3064 ad
1278 3014 1579 3071 cenvivitun
1610 2995 1751 3088 regis
1782 2995 1907 3079 Pal;

315 3085 486 3140 Iadius
513 3099 673 3158 atque
708 3091 1126 3153 Bertchramuus
1152 3101 1305 3156 asciti
1350 3103 1616 3173 fuissent,
1644 3085 1900 3170 commoti

2012 1932 2133 1986 gem
2168 1917 2327 1973 homo
2356 1922 2721 1989 qui’diceret:
2767 1924 2820 1979 Si
2848 1927 2984 1979 mihi
3026 1929 3353 1982 contrarium
3386 1929 3437 1983 iu
3481 1944 3608 1998 pos-

2016 2014 2186 2061 terum
2212 2024 2320 2062 non
2352 2008 2598 2078 habetur,
2628 2011 2875 2068 iudicabo
2897 2015 2947 2069 in
2972 2032 3075 2084 quo
3102 2018 3217 2071 loco
3241 2018 3605 2076 Chlodovechi

2012 2096 2241 2153 cadaver
2268 2100 2338 2154 sit
2382 2101 2637 2168 positum.
2670 2102 2878 2158 Iuravit
2923 2121 3017 2160 rex
3064 2107 3193 2161 nihil
3224 2108 3271 2161 ei
3319 2109 3605 2166 molestum

2014 2185 2125 2242 fieri
2145 2227 2161 2254 ,
2194 2188 2291 2242 sed
2323 2192 2495 2257 potius
2526 2193 2839 2248 muneribus
2870 2195 3136 2263 ampliari.
3168 2197 3319 2253 Tunc
3344 2199 3433 2253 ille
3458 2199 3606 2256 :‘Ve-

2010 2277 2254 2347 ritatem,
2280 2278 2483 2348 inquit,
2515 2295 2600 2335 me
2632 2281 2803 2352 loqui,
2831 2298 2864 2338 ο
2892 2299 2983 2358 rex
3006 2327 3021 2352 ,
3048 2286 3162 2354 ipsa
3192 2289 3325 2343 ratio
3350 2305 3466 2359 qua:
3488 2302 3603 2347 acta

2010 2380 2092 2425 est
2133 2372 2529 2440 comprobabit.
2580 2373 2710 2428 Nam
2740 2376 2954 2445 quando
2998 2378 3408 2437 Chlodnvcchus
3438 2383 3603 2438 inter-

2011 2462 2181 2517 fectus
2209 2473 2325 2531 est,
2357 2478 2421 2518 ac
2446 2464 2544 2519 sub
2574 2465 2845 2521 stillicidia
2867 2468 3085 2523 oratorii
3115 2470 3391 2541 cujusdam
3419 2475 3599 2542 sepul-

2011 2563 2118 2620 tus,
2152 2564 2399 2610 metuens
2426 2556 2609 2626 regina
2641 2572 2709 2612 ne
2747 2558 3033 2629 aliquando
3063 2561 3310 2617 inventus
3340 2579 3464 2618 cum
3498 2564 3597 2619 ho-

2011 2659 2142 2699 nore
2167 2645 2507 2715 sepeliretur,
2539 2646 2698 2715 jussit
2727 2664 2847 2704 eum
2878 2650 2930 2705 in
2960 2651 3174 2707 alveum
3223 2653 3475 2710 Matrona:
3501 2654 3603 2711 ﬂu-

2011 2736 2172 2790 minis
2214 2737 2421 2806 projici.
2452 2737 2603 2793 Tunc
2630 2740 2767 2795 intra
2799 2741 3002 2811 lapsum
3028 2742 3078 2811 ά,
3111 2744 3249 2813 quod
3280 2759 3441 2815 opere
3481 2762 3602 2802 meo

2010 2826 2075 2879 ad
2097 2826 2477 2895 capiendorum
2505 2829 2724 2896 piscium
2750 2834 3116 2887 necessitatem
3148 2850 3596 2908 praeparaverant,

2010 2918 2207 2986 reperi.
2236 2919 2342 2975 Sed
2371 2936 2487 2975 cum
2514 2923 2816 2990 ignorarem
2842 2926 3085 2995 quisliam
3116 2939 3291 2995 esset,
3320 2947 3350 2984 a
3376 2940 3596 2991 caesarie

2006 3012 2219 3081 prolixa
2249 3014 2474 3083 c0guovi
2505 3013 2941 3071 Chlodovechum
2975 3034 3094 3074 esse
3124 3038 3137 3073 :
3170 3036 3252 3090 api
3276 3027 3596 3080 reltensum-

2011 3115 2113 3171 que
2139 3100 2194 3155 in
2227 3102 2460 3157 humeris
2489 3104 2556 3157 ad
2604 3104 2748 3160 littus
2771 3106 2973 3174 detuli,
3008 3108 3187 3178 ibique
3212 3126 3335 3167 eum
3376 3115 3595 3184 caespite

312 3175 540 3232 inticcm
584 3181 749 3237 "tuna
793 3183 895 3240 sibi
923 3186 990 3241 de
1016 3188 1298 3248 adulteriis
1327 3207 1390 3250 ac
1414 3193 1778 3259 fornicatione
1804 3219 1898 3261 ex-
1927 3183 1975 3249 C
2006 3194 2346 3263 superposito
2398 3194 2677 3249 ιυιηιιιτινί·
2728 3197 2867 3253 Ecce
2915 3200 3134 3254 salt/alis
3180 3204 3402 3258 artubus
3451 3206 3594 3275 quod

314 3274 660 3340 probrarunt,
696 3280 949 3335 nonnulla
994 3283 1158 3340 etiam
1194 3287 1262 3344 de
1299 3289 1573 3360 periuriis.
1602 3296 1803 3365 Quibus
1827 3301 1897 3358 de

313 3365 474 3420 rebus
517 3368 672 3423 multi
714 3371 998 3439 ridebant;
1030 3380 1270 3435 nonnulli
1305 3397 1432 3438 vero
1453 3424 1468 3450 ,
1499 3386 1590 3454 qui
1618 3390 1896 3448 alaerioris

317 3462 475 3510 erant
502 3458 764 3527 scientize,
801 3462 1249 3533 lamentabantur,
1279 3486 1376 3526 cur
1404 3472 1544 3530 inter
1585 3479 1894 3535 sacerdmes

312 3549 518 3607 Domini
536 3552 934 3611 taliter'zizania
957 3559 1153 3616 diaboli
1170 3564 1510 3631 pullularent.
1544 3570 1895 3629 Discedentes

311 3640 486 3711 itaque
531 3659 561 3698 a
595 3645 735 3715 regis
777 3653 1080 3718 praesentia,
1126 3656 1403 3713 cautiones
1448 3667 1504 3713 et
1552 3661 1894 3731 ﬁdejussores

312 3734 595 3803 dederunt,
631 3751 685 3793 ut
710 3740 922 3797 decimo
948 3744 1217 3804 Kalendas
1246 3754 1444 3808 mensis
1473 3756 1598 3809 noni
1634 3756 1699 3810 ad
1732 3774 1893 3829 syno-

311 3829 431 3881 dum
455 3830 835 3886 convenirent.

379 3916 510 3972 Vlll.
545 3918 697 3974 Tunc
721 3935 1080 3992 apparuerunt
1102 3929 1273 4000 signa,
1303 3932 1355 3988 id
1384 3942 1496 4000 est,
1526 3936 1657 3993 radii
1684 3953 1713 3994 a
1743 3949 1892 4009 parte

310 4009 608 4080 Aquilonis,
634 4016 774 4073 sicut
799 4023 995 4090 saepius
1033 4038 1294 4096 apparere
1340 4032 1533 4090 solent.
1567 4035 1767 4107 Fulgor
1794 4053 1891 4107 per

309 4102 497 4159 coelum
526 4110 825 4165 occurrisse
854 4114 999 4171 visus
1036 4129 1119 4171 est
1141 4160 1157 4185 ,
1191 4119 1459 4192 floresque
1509 4127 1560 4181 in
1608 4130 1890 4188 arboribus

309 4195 504 4249 ostensi
536 4208 680 4253 sunt.
714 4201 838 4256 Erat
866 4206 1007 4260 enim
1041 4210 1241 4265 mensis
1269 4214 1505 4281 quintus.

376 4283 465 4341 IX.
507 4286 754 4346 Posthazc
778 4306 871 4348 rex
898 4295 1132 4353 Parisios
1160 4304 1333 4372 venit,
1359 4317 1412 4362 et
1436 4314 1888 4372 eoramomnibus

307 4373 442 4444 loqui
491 4382 688 4448 carpit,
731 4383 958 4441 dicens:
999 4388 1299 4449 Germanus
1351 4412 1503 4455 meus
1554 4402 1888 4471 Chilpericus

308 4469 537 4524 moriens
583 4470 778 4528 dicitur
823 4477 991 4533 filium
1037 4482 1339 4552 reliquisse,
1368 4486 1521 4556 cujus
1569 4469 1881 4561 nutritores,

2000 3287 2232 3341 volueris
2263 3287 2437 3342 el‘lice.
2486 3288 2638 3354 Quod
2663 3303 2786 3343 cum
2832 3306 2921 3345 rex
2970 3295 3353 3364 comperisset,
3387 3299 3593 3353 confin-

1997 3393 2129 3449 gens
2152 3394 2210 3435 se
2233 3379 2296 3434 ad
2320 3383 2656 3436 venationem
2684 3386 2993 3453 procedere,
3020 3388 3336 3460 de:ectoque
3364 3394 3591 3461 tumulo,

2001 3472 2201 3539 reperit
2245 3473 2621 3541 corpusculum
2656 3475 2917 3543 integrum
2951 3487 3005 3531 et
3046 3478 3288 3534 illtesum.
3327 3481 3441 3537 Una
3475 3496 3591 3541 tan-

1999 3569 2109 3614 tum
2154 3576 2277 3631 pars
2307 3562 2660 3631 capillorum,
2702 3580 2821 3635 qua:
2868 3568 3052 3623 subter
3100 3569 3301 3636 fuerat,
3329 3574 3439 3640 jam
3486 3576 3588 3632 tle-

1999 3650 2259 3717 ﬂuxerat;
2291 3653 2393 3707 alia
2423 3669 2549 3709 vero
2576 3670 2697 3709 cum
2727 3657 2856 3724 ipsis
2885 3659 3112 3713 crinium
3139 3662 3361 3731 flagellis
3393 3666 3588 3723 intacta

1997 3741 2243 3797 durabat.
2277 3741 2669 3815 Cognitunique
2699 3757 2781 3801 est
2813 3748 2951 3803 hunc
3002 3766 3120 3806 esse
3164 3768 3320 3822 quem
3369 3773 3463 3812 rex
3507 3759 3585 3814 in-

1998 3839 2144 3887 tento
2172 3832 2352 3888 animo
2383 3835 2707 3902 rejuirebat.
2733 3837 3035 3895 Convoca'o
3061 3842 3223 3915 383
3268 3845 3427 3917 igitur
3469 3850 3583 3920 epi.

1995 3935 2161 3991 scopo
2186 3924 2438 3992 civitatis,
2469 3939 2589 3980 cum
2619 3932 2762 3983 clero
2788 3938 2841 3984 et
2862 3931 3075 4000 popillo,
3105 3948 3169 3988 ac
3197 3950 3475 3994 cereorutn
3505 3940 3589 3995 iu-

1994 4015 2407 4069 numerabilium
2450 4027 2672 4086 ornatu,
2703 4019 2767 4073 ad
2798 4020 3069 4081 basilicam
3101 4028 3271 4099 sancti
3319 4028 3584 4088 Vincentii

1992 4103 2185 4161 detulit
2224 4108 2622 4175 tumulandum,
2672 4126 2775 4166 non
2828 4115 3006 4170 minus
3056 4104 3312 4189 plangens
3358 4134 3584 4191 nepotes

1993 4209 2253 4268 mortuos,
2276 4216 2435 4269 quam
2459 4216 2578 4256 eum
2604 4203 2735 4257 vidit
2757 4205 2892 4260 filios
2920 4209 3166 4276 proprios
3188 4210 3297 4278 jam
3318 4214 3579 4281 sepultos.

1992 4288 2241 4345 Posthaac
2262 4290 2408 4345 tnisit
2428 4292 2718 4361 Pappolum
2739 4294 3057 4353 Carnoteute
3080 4300 3225 4356 urbis
3245 4304 3575 4375 episcopum,

1990 4381 2080 4452 qui
2111 4381 2411 4439 Merovechi
2434 4385 2662 4440 cadaver
2690 4382 2989 4457 requirens,
3021 4388 3172 4460 juxta
3202 4392 3572 4453 Cltludovechi

1993 4473 2253 4528 tumulum
2282 4477 2549 4544 sepelivit.

309 4568 469 4615 matre
496 4562 840 4632 deprecante,
873 4572 1167 4641 petierunt,
1210 4584 1265 4629 ut
1299 4590 1422 4633 eum
1462 4579 1531 4636 de
1570 4592 1757 4638 sancto
1804 4560 1883 4638 la-

2062 4560 2159 4618 XI.
2191 4562 2459 4622 Ostiarius
2483 4575 2508 4603 ο
2542 4581 2672 4623 vero
2702 4568 2917 4637 quidam
2943 4568 3012 4625 de
3035 4569 3140 4625 alio
3169 4573 3389 4630 ostiario
3414 4575 3549 4632 dixit

311 4661 459 4704 vacro
488 4652 542 4705 in
583 4652 840 4712 Dotninici
871 4658 1071 4716 Natalis
1099 4664 1437 4724 solemnitate
1464 4670 1713 4728 deberem
1742 4676 1884 4731 exci-

309 4751 448 4806 pere,
474 4751 663 4799 etnon
696 4761 978 4806 venerunt.
1018 4752 1367 4825 Rogaveruut
1413 4760 1667 4831 deinceps
1710 4775 1768 4820 ut
1812 4767 1880 4821 ad

306 4840 546 4889 sanctum
576 4834 777 4893 Pascha
825 4840 1202 4911 baptizaretur,
1233 4848 1341 4923 sed
1370 4864 1471 4906 nec
1517 4861 1641 4908 tunc
1684 4857 1882 4914 allatus

304 4934 381 4980 est
409 4926 606 4984 infans.
639 4931 921 5001 Deprecati
950 4946 1077 4995 sunt
1116 4948 1294 4997 autem
1325 4944 1503 5011 tertio,
1534 4955 1590 5002 ut
1627 4947 1695 5017 ad
1726 4948 1879 5007 festi-

377 5105 634 5191 E‘Missa_s
661 5119 915 5191 spectare
961 5111 1299 5191 dicebantur,
1325 5118 1415 5187 qui
1465 5120 1634 5175 sacris
1659 5121 1877 5191 quidem

304 5178 571 5257 mysteriis
597 5182 921 5257 intererant,
973 5186 1066 5240 sed
1114 5203 1220 5257 non
1264 5178 1767 5257 communicabant,
1802 5178 1876 5249 uti

304 5247 716 5331 colliglenoster
736 5250 1024 5331 ρίεώἰ-Ιιοηζ
1047 5257 1100 5310 in
1133 5255 1337 5331 [.iturg.
1364 5257 1563 5313 Gallic.
1593 5276 1662 5316 ex
1701 5247 1879 5331 cap.8

306 5315 395 5370 lib.
426 5315 955 5404 Ιᾳξνιξιιῇηε·Ιιίειοτίειξ.
985 5325 1221 5404 Cau._29
1262 5315 1431 5383 (alone.
1478 5315 1875 5404 tttﬁurel—i—an”

306 5384 546 5465 θυμω,
576 5384 795 5465 vetitum
817 5405 925 5465 est,
956 5412 1024 5451 ne
1052 5397 1172 5465 quis
1202 5414 1322 5452 eum
1354 5401 1520 5456 armis
1549 5384 1878 5458 beliieisi—s'a—I

306 5458 496 5543 cri‘liei'u
522 5463 787 5543 matutinis
805 5458 1083 5543 Missurum-
1120 5470 1533 5543 sitte‘vespertina
1562 5483 1771 5543 spectet.

372 5525 399 5566 δ’
430 5529 544 5612 Non
571 5532 747 5612 §0|I_l_m
776 5536 826 5589 iu
853 5539 1010 5612 natan
1045 5539 1254 5612 Domini
1278 5525 1418 5596 et'S.
1443 5525 1692 5612 Joannis,
1707 5525 1798 5599 sed
1826 5553 1884 5599 et

303 5596 354 5649 in
375 5601 634 5675 natalitiis
660 5603 950 5675 Martyrum
985 5608 1276 5675 baptismus
1301 5596 1680 5667 conferebatur,
1702 5615 1753 5668 itt
1783 5616 1882 5669 ali-

300 5669 486 5741 quibus
520 5669 975 5741 ecclesiiszuem
1026 5669 1226 5735 morem
1274 5683 1546 5738 veteribus
1586 5686 1881 5740 canonibus

303 5734 609 5821 insistentes
653 5734 1131 5821 abrogareuconati
1183 5734 1541 5821 sunt—patres
1570 5734 1795 5812 concilii
1842 5771 1878 5809 ll

303 5805 523 5879 “etiam,
554 5812 657 5868 hoc
684 5805 822 5871 anne
852 5815 954 5872 585
982 5820 1167 5875 habiti.

1992 4656 2218 4713 Domine
2244 4672 2370 4724 rex,
2400 4658 2486 4713 hic
2506 4668 2731 4728 accepto
2761 4661 2979 4729 praemio
3010 4667 3285 4719 consensit
3310 4677 3368 4722 ut
3398 4677 3453 4723 tu
3497 4669 3579 4725 in-

1991 4732 2295 4806 terflciaris.
2336 4750 2821 4821 Apprehensusque
2859 4754 3129 4822 ostiarius,
3161 4756 3229 4810 de
3270 4772 3377 4827 quo
3418 4758 3572 4817 dixe-

1990 4853 2106 4908 rat,
2146 4856 2339 4907 Caesus,
2381 4841 2761 4912 suppliciisque
2809 4845 2990 4900 tnultis
3036 4846 3282 4916 aﬂ‘ertus,
3332 4851 3481 4906 nihiL
3508 4854 3579 4911 de

1990 4948 2148 4991 causa
2179 4951 2280 5005 qua
2308 4935 2739 5005 interrogabatur
2761 4938 2989 5006 aperuit.
3022 4937 3401 5010 Loqueban'ur
3429 4944 3573 4999 enim

1984 5124 1985 5129 ‘
2057 5129 2083 5206 ξ
2110 5119 2539 5206 Qmelesyraeter
2564 5118 2726 5206 Βεηί..ζ
2742 5120 2808 5175 ab
2832 5120 3018 5206 animi:
3043 5122 3202 5206 regis.
3265 5205 3273 5206 ί
3324 5192 3338 5206 ,

2054 5189 2081 5228 ἀ
2109 5192 2199 5246 Sic
2238 5191 2390 5245 Colb.
2415 5206 2490 5245 m.
2532 5205 2655 5245 cum
2691 5192 2812 5246 Bec.
2845 5202 2900 5246 et
2948 5189 3115 5257 recte,
3151 5205 3212 5246 ea
3252 5192 3394 5247 enim
3438 5207 3572 5251 voco

1983 5263 2296 5329 designatur
2337 5270 2474 5315 rete.
2502 5262 2569 5315 Et
2612 5259 2665 5315 in
2696 5261 2848 5316 Colb.
2876 5262 3069 5325 a.,-ubi
3112 5262 3362 5331 tempsam
3404 5264 3571 5322 altera

1985 5348 2143 5388 manu
2170 5333 2759 5417 appositum‘eslthrete.
2795 5330 3338 5417 Begmlverp‘habet
3375 5334 3567 5417 lucum.

1986 5403 2157 5465 Editi,
2178 5417 2414 5475 capsum.
2444 5401 2521 5455 De
2544 5401 2829 5475 Chlodovei
2861 5409 3032 5455 morte
3061 5401 3184 5475 vide
3203 5417 3363 5472 supra
3390 5404 3481 5460 lib.
3510 5422 3564 5475 ν,

1985 5489 2105 5542 cap.
2130 5473 2219 5527 40.
2251 5473 2324 5526 De
2351 5472 2583 5527 Merovei
2612 5483 2789 5542 autem
2822 5485 2951 5524 nece
2975 5485 3093 5542 cap.
3124 5470 3190 5526 I9
3230 5470 3474 5541 ejusdem
3509 5470 3570 5531 Ιιὲ

1986 5541 2089 5599 bri.
2126 5543 2359 5611 Uterque
2388 5542 2588 5596 relatus
2633 5541 2883 5611 Parisios,
2914 5542 2965 5594 in
2999 5541 3213 5597 basilica
3240 5546 3411 5600 sancti
3443 5547 3539 5601 Viti

1986 5614 2148 5689 centij
2177 5609 2295 5683 qua:
2316 5613 2479 5667 hodie
2507 5609 2676 5665 sancti
2702 5612 2951 5665 Germani
2980 5627 3011 5667 a
3036 5612 3207 5669 Pratis
3235 5615 3451 5683 dicitur,
3482 5632 3561 5672 se

1985 5685 2164 5756 pultus
2193 5693 2296 5739 est.
2614 5750 2629 5762 θ

2022 5826 2035 5831 _
2060 5764 2083 5793 °
2115 5754 2226 5809 Hoc
2241 5761 2408 5831 caput
2434 5751 2589 5831 deest
2614 5766 2668 5831 tn
2701 5751 2819 5808 Vat.
2842 5762 2901 5808 et
2929 5751 3082 5809 Colb.
3112 5768 3164 5809 a.
3184 5755 3346 5819 Bec.,
3377 5742 3568 5809 Poste.

1986 5826 2186 5881 rium...
2218 5825 2280 5876 de
2301 5824 2405 5875 alio
2435 5826 2680 5876 hastario.
