3974 6174
327 278 434 334 655

1322 260 1382 319 8.
1424 257 1752 316 GREGORII
1793 255 2094 314 EPISCOPI
2133 255 2564 314 TURONENSIS

3498 257 3607 312 658

335 397 462 444 tunc
491 384 641 441 multi
673 384 776 437 hoc
805 379 1015 437 insidiis
1051 387 1107 435 et
1154 377 1353 434 invidia
1385 378 1614 444 factum,
1661 375 1802 447 quod
1831 389 1919 428 os-
1947 378 1994 434 Α
2025 374 2213 442 rimus,
2243 374 2474 444 qualiter
2521 373 2588 427 ab
2627 372 2710 426 his
2757 371 2944 427 Galliis
2989 370 3323 434 extrudatur,
3371 370 3460 442 qui
3510 384 3610 428 nos

331 481 518 535 tiarius
548 478 657 541 ille,
689 474 776 529 cui
807 475 908 528 hoc
938 474 1140 528 crimen
1187 471 1478 542 impactum
1519 469 1721 534 fuerat,
1753 467 1920 537 pluri-

335 589 480 628 nium
525 585 554 625 a
599 585 724 638 rege
767 567 1100 636 diligeretur.
1144 563 1480 619 Ansoualdus
1519 570 1698 616 autem
1739 559 1923 614 nescio

333 683 436 735 qua
468 665 774 734 suSpii-ione
806 671 998 725 tactus,
1036 675 1132 713 nec
1160 657 1483 719 valedicens,
1510 670 1537 708 a
1569 668 1693 724 rege
1723 653 1926 706 disces-

335 760 425 814 sit.
454 758 566 812 Rex
600 769 729 809 vero
756 752 1085 808 Cabillonum
1112 763 1411 820 regressus,
1439 745 1602 817 jussit
1631 744 1888 798 Boantum
1907 783 1921 806 ,

336 851 426 920 qui
456 850 555 903 sibi
586 861 803 913 semper
843 845 1016 898 fuerat
1065 842 1316 905 infidelis,
1351 839 1528 910 gladio
1569 837 1791 905 percuti.
1824 833 1924 900 Qui

341 942 564 994 vallatus
590 939 642 993 in
674 939 833 991 domo
863 950 987 992 sua.
1020 933 1088 988 ab
1116 933 1424 987 hominibus
1449 931 1587 999 regis
1621 936 1929 998 peremptus

343 1030 576 1093 interiit,
607 1041 800 1094 resque
831 1039 941 1078 suae
977 1024 1087 1077 fisci
1119 1022 1409 1077 ditionibus
1457 1019 1751 1088 subjugatze
1780 1025 1927 1071 sunt.

413 1119 529 1174 Xll.
577 1118 814 1184 Denique
844 1131 964 1170 cmn
1011 1131 1103 1169 rex
1151 1115 1379 1168 maxima
1425 1111 1719 1165 intentione
1746 1109 1928 1162 Theo-

340 1212 529 1267 dorum
562 1209 867 1279 episcopum
894 1209 1086 1262 iterum
1120 1206 1367 1275 persequi
1397 1215 1701 1260 conaretur.
1729 1210 1783 1257 et
1807 1203 1935 1256 illas-

344 1303 461 1357 silia
499 1302 609 1370 jam
660 1302 711 1353 in
753 1298 1082 1352 Childeberti
1132 1296 1270 1360 regis
1313 1294 1731 1348 dominationem
1776 1305 1929 1345 revo-

344 1403 462 1448 cata
509 1391 727 1456 fuisset,
764 1389 829 1443 ad
874 1387 1237 1442 diseuticndas
1269 1400 1457 1439 causas
1490 1383 1774 1437 Ratltaritts
1806 1383 1934 1436 illuc

346 1485 498 1556 quasi
529 1485 630 1538 dux
667 1493 690 1520 ι
722 1497 748 1535 a
782 1491 932 1551 parte
980 1482 1120 1550 regis
1160 1479 1485 1532 Childeberti
1529 1476 1794 1546 dirigitur.
1830 1475 1934 1529 Sed

347 1578 638 1648 postposita
683 1575 920 1637 actione,
962 1589 1082 1642 qum
1124 1572 1172 1626 ei
1215 1586 1243 1624 a
1288 1585 1414 1641 rege
1461 1569 1694 1638 injuncta
1736 1567 1934 1629 fuerat,

349 1652 658 1740 episcopum
690 1669 882 1729 vallat,
919 1665 1266 1734 fideiussores
1325 1663 1574 1733 requirit,
1618 1671 1673 1715 et
1711 1661 1776 1714 ad
1809 1675 1937 1728 prze-

2025 465 2351 536 quotidianis
2391 465 2652 519 incendiis
2691 464 2923 521 conflat.
2964 471 3018 516 et
3066 471 3122 516 tu
3171 476 3268 531 pro
3304 476 3372 517 eo
3420 477 3612 532 rogare

2027 571 2131 609 non
2161 554 2401 610 desinis?
2431 553 2608 609 Satius
2655 554 2796 606 enim
2843 552 2937 606 tibi
2967 562 3083 607 erat
3112 567 3197 607 res
3229 553 3474 608 ecclesia:
3507 562 3612 608 tua

2027 648 2309 717 diligenter
2331 646 2624 716 inquirere,
2657 661 2721 699 ne
2753 646 3073 711 pauperibus
3095 644 3292 712 aliquid
3319 644 3614 712 deperiret,

2028 755 2185 810 quam
2219 754 2311 808 pm
2342 738 2441 791 huc
2471 747 2576 790 tam
2608 736 2812 790 intente
2841 735 3156 804 deposcere.
3186 736 3252 788 Et
3277 737 3448 789 aiebat
3475 754 3487 788 :
3519 733 3617 790 Va:

2031 833 2183 887 nobis
2220 833 2304 899 qui
2347 845 2466 884 eum
2514 845 2615 883 nou
2668 842 2952 891 possumus
3000 841 3322 896 expugnare.
3376 826 3442 881 Et
3491 827 3618 881 licet

2031 925 2310 980 daemoniis
2339 924 2482 979 credi
2514 939 2618 978 non
2650 923 2841 978 debeat
2861 966 2875 986 ,
2927 931 3098 977 tamen
3144 921 3315 991 qualis
3343 931 3488 977 esset
3528 937 3624 976 sa-

2031 1016 2244 1079 cerdos,
2273 1015 2340 1068 de
2370 1029 2476 1084 quo
2505 1013 2620 1069 bare
2657 1015 2867 1067 daamon
2915 1014 3206 1068 eondulens
3246 1014 3619 1081 declamabat,

2033 1108 2298 1178 apparuit.
2333 1107 2437 1162 Sed
2465 1107 2529 1162 ad
2558 1117 2727 1177 empta
2757 1108 3057 1162 redeamus.

2106 1200 2245 1254 Xlll.
2289 1200 2449 1271 Igitur
2480 1200 2682 1270 legatos
2711 1199 2778 1253 ad
2830 1208 3080 1267 nepotem
3127 1212 3281 1251 suum
3311 1196 3627 1253 Childeber-

2038 1302 2148 1348 tum
2197 1307 2290 1346 rex
2342 1291 2552 1360 dirigit,
2603 1291 2691 1361 qui
2741 1292 3050 1346 morabatur
3100 1300 3225 1344 tunc
3272 1290 3337 1344 ad
3387 1299 3626 1344 castrum

2037 1382 2367 1437 Confluentis
2393 1381 2444 1445 ά,
2478 1383 2614 1449 quod
2645 1383 2715 1437 ob
2760 1383 2861 1438 hoc
2913 1397 3106 1437 nomen
3147 1382 3383 1451 accepit,
3433 1397 3528 1450 pro
3559 1397 3630 1436 eo

2039 1473 2178 1540 quod
2222 1473 2436 1528 Mosella
2471 1473 2795 1543 Rhemusque
2845 1473 3005 1544 385
3037 1488 3220 1527 omnes
3266 1473 3468 1538 pariter
3495 1487 3632 1527 con-

2040 1564 2263 1620 fluentes
2293 1565 2343 1617 in
2385 1564 2571 1617 eodem
2621 1564 2738 1616 loco
2767 1565 3076 1632 jungantur.
3113 1563 3176 1616 Et
3204 1564 3328 1631 quia
3370 1564 3628 1631 placitum

2045 1655 2245 1722 fuerat,
2276 1663 2330 1707 ut
2355 1656 2552 1709 Trecas
2577 1655 2878 1724 Campania:
2907 1657 3091 1709 urbem
3116 1654 3181 1706 de
3203 1664 3432 1722 utroque
3462 1671 3633 1725 regno

351 1763 580 1817 sentiam
631 1759 771 1828 regis
819 1757 1207 1811 Guntchramni
1257 1755 1479 1818 direxit,
1520 1763 1575 1806 ut
1619 1753 1823 1806 scilicet
1870 1752 1932 1803 ad
1972 1751 2015 1809 B
2043 1747 2463 1816 conjungerent,
2497 1747 2976 1814 sacerdotibusque
3007 1745 3072 1799 de
3114 1761 3276 1814 regno
3305 1745 3634 1802 Childeberti

354 1851 647 1922 synodum,
674 1865 793 1918 quae
825 1848 1117 1902 Matiscone
1161 1849 1332 1900 futura
1381 1855 1524 1908 erat,
1553 1843 1699 1911 quasi
1733 1842 1800 1895 ab
1831 1842 1942 1909 cpi.

353 1945 532 2013 scopis
562 1943 895 1996 damnandus
935 1941 1166 1994 adesset.
1210 1938 1320 1992 Nec
1350 1937 1518 1991 deluit
1559 1936 1691 1988 ultio
1732 1933 1940 2000 divina,

350 2050 468 2106 qua:
497 2050 680 2090 servos
711 2048 837 2089 suos
866 2031 934 2084 ab
963 2046 1056 2086 ore
1084 2045 1278 2084 cauum
1308 2028 1612 2082 rabidorum
1654 2025 1871 2079 όοῐθιιεη
1885 2039 1942 2076 re

350 2128 648 2185 consuevit.
685 2129 814 2181 Nam
847 2126 1160 2196 egrediente
1201 2125 1456 2192 episcOpo
1487 2137 1514 2174 a
1554 2121 1792 2184 civitate,
1835 2127 1948 2173 sta-

354 2223 445 2274 tim
473 2235 561 2273 res
589 2221 829 2273 ecclesiae
856 2217 1072 2284 diripit,
1099 2225 1152 2269 et
1175 2215 1280 2267 alia
1304 2212 1516 2282 quidem
1546 2211 1644 2264 sibi
1680 2209 1943 2276 vindicat,

355 2310 456 2362 alia
487 2310 586 2364 sub
608 2309 904 2378 sigillormn
936 2304 1234 2358 munitione
1258 2301 1548 2357 concludit.
1577 2299 1816 2367 Cumque
1847 2299 1947 2351 hoc

358 2401 608 2464 fecisset,
640 2401 878 2468 protinus
920 2396 1151 2450 famulos
1199 2395 1316 2464 ejus
1363 2393 1691 2447 satvissimus
1737 2388 1946 2444 invadit

361 2492 496 2546 morl
521 2508 604 2554 us,
638 2490 1035 2554 exhaustosque
1065 2485 1214 2541 febre
1253 2483 1517 2553 peremit;
1562 2481 1702 2536 filius
1737 2479 1854 2549 ejus
1881 2479 1949 2533 ab

361 2584 461 2637 hoc
489 2583 826 2636 incommodo
848 2580 1072 2644 defecit,
1101 2593 1258 2648 quem
1289 2579 1340 2631 in
1368 2575 1677 2630 suburbano
1704 2572 1950 2627 Massiliae.

359 2675 527 2744 ipsius
558 2673 719 2743 38a
741 2687 859 2726 cum
893 2672 1037 2741 gravi
1069 2671 1270 2741 gemitu
1296 2669 1572 2735 sepelivit;
1603 2666 1804 2735 fuitque
1832 2667 1951 2720 talis

361 2765 542 2818 domui
573 2767 688 2832 ejus
723 2763 898 2832 plaga,
929 2770 984 2815 ut
1014 2775 1136 2815 cum
1168 2759 1234 2813 ab
1263 2760 1392 2813 urbe
1427 2759 1512 2811 illa
1544 2768 1625 2812 est
1655 2758 1948 2826 digressus,

362 2857 444 2907 vix
478 2855 542 2907 ad
593 2853 814 2919 patriam
864 2868 1014 2906 suam
1065 2849 1274 2918 regredi
1309 2858 1602 2918 putaretur.
1635 2848 1952 2902 Theodorus

362 2960 491 3001 vero
536 2946 820 3013 episcopus
861 2961 888 2996 a
936 2943 1339 2996 Guntchramuo
1390 2956 1514 3008 rege
1557 2939 1804 2994 detentus
1846 2948 1948 2992 est.

363 3040 464 3095 Sed
498 3039 626 3092 nihil
658 3039 706 3092 ei
737 3053 828 3092 rex
858 3038 1058 3090 nocuit.
1096 3036 1185 3089 Est
1217 3035 1356 3088 enim
1388 3035 1468 3086 vir
1499 3031 1727 3101 egregia:
1757 3030 1954 3084 sancti-

2045 1854 2340 1908 congruum
2371 1853 2476 1892 non
2524 1837 2654 1902 fuit;
2688 1837 2834 1891 Felix
2881 1837 3103 1906 legatus,
3135 1837 3454 1892 salutatione
3495 1853 3635 1904 pra:-

2048 1931 2239 1994 niissa,
2289 1930 2524 1984 ostensis
2572 1929 2784 1992 litteris,
2829 1928 2937 1981 ait:
2977 1929 3200 1981 Patruus
3247 1936 3390 1990 tuus,
3418 1941 3452 1981 ο
3498 1943 3588 1982 rex
3615 1968 3634 1994 ,

2046 2023 2328 2092 diligi-nter
2358 2025 2681 2090 interrogat,
2714 2020 2831 2089 quis
2862 2028 2911 2073 te
2941 2018 3006 2073 ab
3036 2019 3133 2071 hac
3165 2019 3514 2086 promissione
3544 2035 3636 2072 re-

2048 2115 2240 2180 traxit,
2269 2122 2327 2168 ut
2355 2113 2663 2168 sacerdotes
2695 2112 2844 2181 regni
2876 2113 3040 2166 vestri
3072 2111 3135 2164 ad
3164 2108 3459 2165 Concilium
3492 2110 3636 2178 quod

2050 2205 2205 2260 simul
2258 2203 2647 2268 decreveratis,
2695 2201 2876 2257 venire
2924 2201 3222 2256 differrent.
3275 2209 3354 2255 An
3411 2201 3636 2256 forsitan

2051 2295 2173 2348 mali
2223 2293 2467 2348 homines
2497 2293 2725 2361 aliquam
2777 2292 2914 2346 inter
2946 2308 3038 2345 vos
3066 2292 3350 2346 discordia:
3395 2293 3637 2350 radicem

2050 2382 2241 2436 faciant
2274 2382 2564 2451 pullulare?
2594 2382 2743 2437 Tunc
2763 2396 2882 2453 ego,
2914 2397 3040 2451 rege
3071 2391 3300 2444 tacente,
3329 2384 3589 2453 respondi
3617 2401 3636 2439 :

2049 2474 2134 2528 Nil
2166 2473 2395 2538 mirum,
2428 2474 2472 2527 si
2515 2469 2716 2527 zizania
2769 2482 2981 2527 seratur
3024 2474 3158 2527 inter
3202 2474 3461 2542 populos;
3509 2489 3637 2530 nam

2051 2565 2190 2620 inter
2217 2565 2315 2619 hos
2342 2579 2447 2632 quo
2477 2564 2709 2618 radicem
2741 2563 2941 2632 obliget
2970 2572 3018 2630 ε,
3053 2564 3291 2632 protinus
3323 2579 3426 2618 non
3457 2575 3638 2633 potest

2051 2645 2308 2722 reperire.
2336 2655 2551 2709 Nullum
2593 2654 2733 2710 enim
2766 2653 2927 2720 latet,
2954 2653 3094 2724 quod
3125 2651 3497 2710 Cbildebertus
3535 2671 3639 2714 rex

2051 2748 2211 2801 alium
2255 2756 2459 2816 patrem
2506 2747 2606 2801 nisi
2658 2755 2904 2816 patruum
2956 2761 3060 2801 non
3113 2747 3291 2802 habet.
3325 2749 3505 2818 Neque
3545 2750 3644 2804 illo

2052 2841 2217 2893 alium
2266 2840 2428 2893 filium
2491 2840 2591 2892 nisi
2644 2840 2785 2893 hunc
2835 2839 3032 2894 habere
3069 2839 3339 2909 diSponit,
3385 2841 3535 2910 juxta
3581 2842 3642 2899 id

2052 2931 2192 2997 quod
2237 2946 2358 2985 eum
2404 2945 2544 2984 anno
2593 2933 2838 3000 prirsenti
2886 2931 3186 2986 audivimus
3233 2935 3369 3002 loqui
3407 2932 3447 2986 τ.
3485 2935 3647 2992 Absit

2053 3039 2182 3095 ergo
2225 3033 2282 3078 ut
2331 3025 2468 3079 inter
2493 3039 2586 3079 eos
2618 3026 2762 3078 radix
2797 3025 3076 3080 discordia:
3106 3028 3400 3097 germinet,
3430 3042 3549 3082 cum
3577 3043 3648 3086 sa

364 3129 488 3181 tatis
519 3127 570 3184 lt.
603 3137 658 3180 et
685 3127 736 3180 in
765 3130 1006 3180 oratione
1035 3123 1300 3191 assiduus,
1334 3125 1400 3178 de
1430 3137 1534 3192 quo
1565 3123 1694 3175 mihi
1737 3123 1950 3191 Magne-
1979 3111 2024 3173 C
2067 3120 2268 3188 pariter
2292 3126 2344 3171 ct
2373 3117 2508 3171 tueri
2538 3116 2801 3178 debeant,
2833 3128 2885 3172 et
2915 3132 3115 3172 amare.
3147 3117 3296 3172 Tunc
3335 3131 3519 3173 vocato
3545 3133 3648 3174 se-

365 3220 507 3272 ricus
550 3217 906 3272 Treverensis
952 3218 1238 3286 episcopus
1290 3217 1403 3268 hrec
1449 3215 1644 3269 retulit.
1690 3216 1826 3268 Ante
1858 3214 1955 3268 lius

364 3325 532 3362 annos
561 3324 678 3362 cum
707 3309 770 3362 ad
806 3310 1140 3377 prazsentiam
1184 3307 1514 3360 Childeberti
1564 3306 1703 3374 regis
1735 3305 1805 3357 ita
1853 3304 1954 3358 sub

365 3401 527 3453 ardua
573 3399 810 3454 custodia
852 3399 1155 3462 duceretur,
1205 3407 1262 3449 ut
1306 3397 1730 3464 quandocunque
1770 3395 1834 3449 ad
1869 3412 1957 3449 ur-

367 3492 486 3549 bem
543 3494 779 3560 aliquam
833 3492 1100 3555 venisset,
1163 3505 1335 3558 neque
1385 3503 1729 3558 episcopum,
1785 3504 1956 3559 neque

367 3599 684 3653 quemquam
736 3583 802 3637 de
844 3583 1049 3636 civibus
1097 3581 1276 3632 videre
1328 3581 1746 3647 permitteretur,
1790 3581 1952 3632 adve-

368 3673 549 3725 niente
588 3670 873 3734 Treveros,
914 3670 1211 3722 nuntiatum
1253 3678 1335 3722 est
1373 3671 1648 3738 episcopo,
1681 3669 1820 3723 hunc
1844 3668 1954 3737 jam

369 3763 424 3816 in
472 3762 592 3814 nati
630 3761 855 3827 positum
899 3762 1035 3814 clam
1068 3760 1289 3825 abduci;
1334 3760 1676 3828 surrexilque
1705 3763 1958 3814 sacerdos

371 3854 560 3914 tristis,
591 3868 651 3904 ac
682 3852 940 3905 velociter
967 3861 1298 3919 prcsecntns,
1326 3851 1528 3919 reperit
1548 3865 1668 3904 eum
1691 3850 1755 3903 ad
1787 3849 1954 3914 littus,

370 3957 728 4011 causatusque
749 3958 869 3996 eum
898 3941 1229 4006 Custodibus,
1253 3955 1348 3994 cur
1374 3950 1515 3994 tanta
1545 3948 1688 3996 esset
1715 3940 1960 4010 impii-Ias

372 4044 430 4090 ut
462 4050 566 4087 non
601 4037 781 4087 liceret
814 4033 959 4086 fratri
993 4031 1211 4087 fratrem
1243 4033 1487 4102 aspicere
1520 4051 1532 4085 :
1571 4032 1793 4102 visoque
1839 4042 1961 4088 tan-

372 4131 526 4191 dem,
555 4127 824 4178 osculatus
866 4140 984 4178 eum
1009 4165 1024 4187 ,
1059 4123 1337 4194 indulgens
1377 4124 1574 4193 aliquid
1613 4126 1956 4189 vestimenti,

373 4220 635 4274 discessit.
673 4217 907 4272 Veniens
955 4222 1131 4288 itaque
1160 4217 1226 4271 ad
1268 4217 1542 4272 basilicam
1574 4219 1742 4272 sancti
1794 4218 1959 4271 Maxi-

378 4313 500 4364 mini
539 4323 559 4349 ε
603 4310 957 4379 prosternitur
1002 4312 1273 4380 sepulcro,
1319 4311 1446 4363 illud
1498 4310 1724 4378 apostoli
1777 4309 1958 4364 Jacobi

374 4403 610 4456 retinens
640 4420 650 4453 :
685 4400 840 4453 Orate
862 4417 956 4469 pro
982 4402 1193 4465 invicem
1221 4409 1272 4454 ut
1300 4402 1565 4454 salvemiui
1596 4399 1735 4470 (Jac.
1761 4417 1814 4467 v,
1849 4401 1956 4469 l6).

2059 3211 2260 3264 cretius
2306 3208 2483 3262 Felice
2523 3209 2718 3277 legato,
2751 3209 3130 3263 Cbildebertus
3159 3224 3252 3264 rex
3294 3210 3528 3279 rogavit,
3556 3209 3648 3263 di-

2057 3316 2185 3356 cens
2209 3317 2224 3355 :
2256 3301 2520 3368 Deprecor
2541 3299 2812 3353 dominum
2837 3309 2889 3352 et
2917 3309 3122 3368 patrem
3156 3315 3328 3354 meum
3346 3341 3362 3367 ,
3389 3311 3445 3354 ut
3470 3299 3649 3355 Theo-

2057 3393 2190 3447 doro
2219 3392 2471 3460 episc0po
2503 3391 2637 3445 nihil
2669 3390 2876 3460 injurize
2907 3392 3102 3447 inferat
3128 3410 3140 3443 :
3174 3391 3311 3460 quod
3342 3393 3385 3446 si
3418 3393 3646 3456 fecerit,

2058 3485 2338 3540 confestim
2362 3485 2500 3538 inter
2524 3497 2620 3538 nos
2643 3484 2948 3538 scandalum
2973 3484 3311 3554 germinabit,
3336 3484 3655 3554 erimusque

2059 3576 2324 3630 discordia
2355 3574 2673 3645 impediente
2697 3575 2942 3644 disjuncti
2961 3616 2978 3644 ,
3007 3577 3095 3647 qui
3123 3575 3379 3632 debemus
3401 3591 3652 3632 amorem

2063 3671 2257 3724 tuendo
2283 3683 2401 3724 esse
2441 3669 2663 3738 pacifici.
2715 3671 3054 3741 Acceptoque
3095 3680 3150 3725 et
3182 3672 3264 3724 -de
3307 3668 3423 3726 aliis
3463 3672 3655 3726 causis

2059 3775 2342 3830 responso,
2373 3762 2580 3831 legatus
2606 3761 2855 3815 discessit
2883 3770 2936 3813 ε.

2133 3851 2270 3905 XIV.
2313 3852 2473 3907 Nobis
2522 3854 2699 3922 itaque
2738 3852 2789 3905 in
2835 3851 3103 3907 antedicto
3143 3860 3319 3906 castro
3354 3865 3472 3905 cum
3514 3865 3654 3918 rege

2061 3944 2542 4009 commorantibus,
2581 3944 2706 3997 dum
2743 3944 2810 3998 ad
2843 3943 3144 3998 convivium
3185 3942 3441 4013 principis
3473 3956 3656 4010 usque

2061 4038 2285 4092 obscura
2334 4047 2494 4092 nocte
2534 4034 2911 4103 retineremur,
2953 4036 3113 4107 epulo
3152 4044 3366 4103 expleto
3409 4039 3656 4088 surrexi-

2063 4143 2204 4194 mus,
2235 4125 2614 4195 venientesque
2644 4126 2708 4181 ad
2742 4125 2987 4189 fluvium,
3019 4124 3337 4180 offendimus
3367 4139 3554 4177 navem
3588 4123 3652 4179 in

2065 4219 2243 4272 littore
2267 4258 2282 4282 ,
2312 4233 2431 4287 quae
2458 4217 2611 4272 nobis
2640 4217 2813 4272 fuerat
2845 4225 3172 4286 praaparata;
3203 4214 3654 4270 ascendentibus-

2062 4325 2166 4379 qne
2193 4310 2345 4364 nobis
2375 4310 2527 4363 irruit
2549 4309 2697 4363 turba
2721 4309 2995 4364 hominum
3021 4309 3372 4373 diversorum,
3401 4309 3654 4377 impleta-

2063 4416 2168 4470 que
2195 4412 2278 4456 est
2306 4401 2456 4455 navis
2482 4413 2586 4454 tam
2621 4401 2924 4455 hominibus
2949 4415 3104 4470 quam
3131 4401 3281 4469 aquis
3307 4417 3322 4455 :
3350 4400 3442 4455 sed
3475 4401 3652 4456 virtus

376 4493 622 4562 Fusaque
653 4497 742 4546 diu
775 4495 1016 4546 oratione
1046 4507 1167 4546 cum
1217 4492 1488 4561 lacrymis,
1523 4501 1579 4544 ut
1618 4491 1835 4545 fratrem
1880 4492 1962 4544 di-
1993 4487 2040 4545 ι)
2070 4493 2276 4548 Domini
2309 4494 2497 4557 adfuit,
2531 4509 2635 4548 non
2660 4495 2775 4548 sine
2805 4493 2993 4560 grandi
3021 4493 3298 4554 miraculo,
3326 4502 3381 4547 ut
3405 4507 3527 4547 cuiu
3553 4507 3649 4548 us-

375 4595 626 4652 gnaretur
659 4585 919 4639 Dominus
966 4584 1243 4655 adjuvare,
1277 4599 1526 4652 egressus
1570 4594 1655 4638 est
1701 4583 1865 4639 foras.
1904 4584 1967 4637 Et

377 4690 498 4728 ecce
529 4676 720 4729 mulier
759 4693 915 4743 quam
947 4679 1167 4744 spiritus
1195 4677 1398 4730 erroris
1428 4676 1697 4746 agitabat,
1733 4675 1966 4730 clamare

379 4765 641 4818 sacerdoti
698 4766 893 4833 cmpit,
947 4782 1011 4821 ac
1060 4769 1281 4822 dicere:
1313 4769 1356 4821 0
1388 4771 1616 4823 sceleste
1666 4775 1720 4820 et
1761 4767 1965 4822 invete-

380 4862 493 4908 rate
522 4855 726 4908 dierum
750 4898 764 4920 ,
803 4858 891 4924 qui
924 4872 1019 4924 pro
1059 4858 1276 4912 inimico
1322 4871 1502 4911 nostro
1534 4859 1816 4914 Theodoro
1845 4874 1967 4913 ora-

381 4947 576 5003 tionem
619 4947 796 5001 fundis
824 4948 890 5002 ad
921 4949 1226 5004 Dominum.
1261 4953 1394 5004 Ecce
1426 4967 1521 5006 nos
1549 4951 1785 5020 quotidie
1815 4966 1962 5021 qum—

452 5112 478 5139 ¹¹
513 5104 723 5170 liegm.,
753 5070 861 5156 dux
887 5105 1030 5173 quasi
1051 5123 1082 5156 a
1108 5115 1270 5172 parte.
1304 5105 1454 5162 Colb.
1487 5123 1582 5172 tn.,
1610 5107 1758 5160 duxit
1778 5108 1958 5176 quasi,

380 5173 514 5227 forte
545 5190 638 5240 pro
666 5177 793 5229 dux.

453 5245 476 5280 ιι
507 5244 713 5317 Colitur
745 5248 816 5298 uti
851 5254 1067 5299 sanctus
1098 5246 1147 5298 in
1181 5246 1453 5317 Martyrol.
1483 5247 1753 5303 Gallicana
1793 5247 1883 5303 die
1923 5247 1959 5300 2

379 5313 634 5385 Januarii.
673 5316 800 5369 Vide
828 5331 984 5382 supra
1016 5317 1106 5368 lib.
1137 5332 1224 5381 vt,
1258 5313 1376 5385 «'a'p.
1402 5319 1491 5372 ‘24.

453 5394 476 5422 ι
519 5383 669 5438 Colb.
703 5404 774 5440 m.
801 5398 852 5439 et
883 5389 1091 5454 ltegm.,
1126 5383 1360 5440 Martini.
1388 5392 1454 5440 At
1486 5389 1610 5441 licet
1635 5387 1872 5442 Treviris
1891 5388 1960 5444 sit

381 5468 590 5522 quoque
637 5457 851 5507 basilica
883 5459 940 5511 S.
990 5457 1224 5520 Mattiui,
1260 5459 1329 5509 ab
1361 5461 1472 5520 ipso
1501 5458 1803 5523 Magnerico
1829 5475 1958 5512 con-

380 5525 490 5578 dita
514 5565 526 5583 ,
561 5537 826 5594 nunquam
856 5535 1031 5580 tamen
1079 5530 1147 5580 ibi
1191 5529 1247 5582 S.
1282 5530 1487 5581 Martini
1534 5530 1833 5594 sepulcrum
1865 5546 1960 5582 ex-

383 5595 536 5648 stitit.
564 5592 622 5644 S.
652 5595 962 5666 Maximinus
989 5611 1117 5649 vero
1141 5600 1193 5653 in
1216 5601 1438 5653 ecclesia
1467 5592 1766 5651 suburbana
1796 5601 1962 5666 sepul-

384 5674 468 5743 tus
498 5674 577 5720 est
594 5679 754 5743 ,_qu:e_
783 5665 1042 5743 hodieque
1075 5669 1240 5743 ipsius
1270 5684 1463 5743 nomen
1487 5668 1716 5743 retinet,
1744 5665 1955 5743 estque,

381 5735 521 5792 sicut
551 5737 711 5794 etiam
742 5733 954 5790 basilica
996 5736 1055 5791 S.
1087 5739 1296 5794 Martini
1317 5780 1332 5807 ,
1362 5739 1597 5797 celebris
1624 5733 1955 5796 abbatia'or-

2069 4601 2172 4655 que
2213 4586 2406 4639 labium
2448 4588 2662 4653 impleta
2695 4585 2920 4648 fuisset,
2963 4589 3128 4654 mergi
3159 4599 3265 4638 non
3296 4595 3495 4653 posset.
3537 4583 3653 4637 lla-

2070 4677 2325 4731 bebamus
2353 4677 2494 4731 enim
2521 4677 2795 4730 nobiscum
2825 4676 2967 4732 beati
2999 4676 3204 4729 Martini
3239 4677 3488 4743 reliquias
3520 4691 3649 4731 cum

2069 4770 2234 4839 386
2262 4769 2486 4822 aliorum
2511 4778 2841 4835 sanctorum,
2870 4784 3095 4838 quorum
3128 4771 3322 4823 virtute
3347 4783 3443 4823 nos
3466 4769 3651 4824 credi-

2071 4878 2187 4917 mus
2245 4863 2407 4916 fuisse
2456 4861 2703 4914 salvatus.
2751 4863 2817 4914 At
2860 4876 2984 4916 vero
3029 4875 3160 4914 nate
3209 4860 3273 4913 ad
3312 4860 3458 4915 littus
3505 4862 3654 4918 unde

2065 4957 2265 5024 egressi
2297 4956 2491 5010 fuimus
2529 4955 2822 5019 redeunte,
2863 4963 3114 5009 evacuata
3159 4954 3227 5007 ab
3263 4952 3566 5008 hominibus
3596 4963 3655 5010 et

2063 5108 2204 5162 dinis
2236 5106 2583 5160 Benedictini.

2141 5175 2166 5214 δ
2200 5176 2422 5231 Celebre
2451 5178 2610 5230 etiam
2658 5191 2798 5232 nunc
2841 5187 2896 5231 et
2936 5177 3230 5232 munitione
3255 5177 3648 5234 validissimum

2063 5249 2163 5302 sub
2217 5248 2432 5302 dioecesi
2488 5256 2541 5300 et
2589 5248 2795 5302 ditione
2843 5249 3225 5317 archiepiscopi
3278 5249 3646 5314 Trevirensis,

2063 5319 2223 5377 vulgo
2251 5317 2491 5372 Cobleutz
2512 5317 2734 5372 dictum.

2138 5398 2161 5425 ο
2183 5390 2296 5443 Col.
2327 5399 2379 5440 et
2412 5388 2586 5456 Bign.,
2611 5390 2695 5457 qui
2718 5389 2962 5443 radicem.
2992 5389 3103 5443 Col.
3133 5407 3207 5446 m.
3231 5390 3323 5445 alt.
3355 5403 3522 5451 mau.,
3547 5404 3648 5458 quo

2062 5459 2213 5530 duos.
2232 5459 2450 5530 li_egm.,
2481 5475 2604 5524 quos
2630 5459 2781 5530 radix
2805 5460 3066 5530 obligat...
3093 5461 3329 5530 reperiri.

2139 5527 2156 5566 ¹
2202 5528 2334 5581 Vide
2358 5543 2657 5598 supracap.
2686 5528 2736 5588 4,
2770 5537 2823 5580 et
2855 5529 2946 5581 lib.
2978 5544 3066 5591 VII,
3097 5527 3215 5598 cap.
3248 5532 3339 5585 55.

2134 5608 2162 5646 s
2209 5601 2332 5651 Post
2365 5600 2477 5650 lucc
2501 5597 2618 5649 Vat.
2648 5607 2701 5651 et
2727 5598 2878 5659 (λιιι).
2908 5601 3209 5663 a.,omissis
3229 5600 3643 5668 capitibusquao

2065 5670 2380 5741 tuordeciui,
2411 5677 2692 5741 transeunt
2734 5669 2799 5722 ad
2829 5679 2989 5738 caput
3015 5669 3108 5736 ‘23,
3137 5671 3277 5741 quod
3307 5681 3388 5726 est
3411 5671 3480 5725 de
3505 5669 3613 5726 Her

2065 5738 2365 5809 meuegildo
2391 5747 2445 5793 et
2475 5738 2730 5806 lngunde.
