3974 6174
233 260 334 318 ικιη

1165 262 1478 322 HISTORIA
1520 256 1960 325 FRANCOWUM.
2005 269 2205 327 LIBER
2245 272 2575 334 OCTAVUS.

3405 285 3512 341 ‘58

232 388 261 425 a
293 373 524 442 lymphis
550 411 565 437 ,
598 371 935 442 repulsisque
960 375 1262 440 extraneis,
1294 380 1409 430 sine
1436 377 1819 445 impedimento
1850 387 1895 440 Α
1927 385 2059 446 tuit,
2084 397 2333 444 scateret.
2370 391 2445 444 Ex
2494 395 2596 447 hoc
2622 392 2749 448 mihi
2791 395 3031 453 miraculi
3070 399 3266 456 lumine
3303 403 3513 459 animus

232 463 600 519 transivimus.
654 462 711 518 In
740 463 978 518 crastino
1013 475 1193 519 autem
1233 465 1354 521 vale
1396 469 1507 537 regi
1557 468 1818 534 dicentes,

231 555 614 610 abscessimus.

302 646 420 700 XV.
463 645 692 700 Profecti
731 644 890 716 igitur
923 646 972 698 in
1006 644 1232 712 itinere,
1269 646 1334 698 ad
1367 645 1622 713 Eposium
1649 655 1673 682 κ
1704 660 1820 700 cas-

228 749 372 794 trum
397 740 751 804 accessimus,
784 739 964 809 ibique
993 737 1061 793 ab
1082 739 1326 794 Ulfilaico
1379 740 1602 792 diacono
1653 741 1817 805 nacti,

231 843 286 888 et
337 832 403 886 ad
446 833 832 886 monasterium
864 831 980 901 ejus
1009 832 1258 900 deducti,
1293 833 1673 903 benignissime
1702 850 1821 887 sus-

224 925 368 992 cepti
401 939 607 978 sumus.
664 923 760 977 Est
789 938 932 977 enim
963 923 1062 976 hoc
1094 923 1480 978 monasterium
1508 925 1658 993 quasi
1692 924 1818 978 mil-

224 1018 364 1072 libus
389 1029 509 1072 octo
549 1017 614 1071 ab
640 1017 908 1071 antedicto
952 1027 1161 1083 castro,
1215 1017 1266 1072 in
1309 1017 1504 1072 montis
1540 1020 1817 1074 cacumine

224 1108 459 1163 locatum
495 1125 508 1161 :
557 1108 608 1162 in
641 1122 747 1178 quo
777 1116 961 1163 monte
1006 1123 1251 1176 magnam
1283 1110 1554 1165 ba-ilicam
1587 1113 1817 1167 aedifica-

225 1201 331 1265 vit,
382 1215 540 1267 quam
573 1199 714 1254 beati
764 1198 976 1254 Martini
1018 1200 1101 1254 vel
1149 1201 1473 1272 reliquorum
1504 1213 1814 1258 sanctorum

222 1290 470 1362 reliquiis
497 1291 805 1345 illustravit.
854 1291 1262 1347 Commorantes
1292 1304 1467 1350 autem
1498 1296 1599 1359 ibi,
1634 1307 1814 1364 petere

220 1385 289 1436 ab
320 1398 387 1436 eo
411 1382 674 1449 cepimus
694 1423 709 1445 ,
743 1390 801 1436 ut
831 1383 983 1437 nobis
1002 1384 1177 1451 aliqua
1208 1384 1276 1439 de
1300 1388 1673 1443 conversionis
1700 1405 1812 1444 suae

219 1474 364 1529 bono
393 1483 660 1540 narraret,
693 1473 776 1526 vel
808 1474 1034 1539 qualiter
1057 1473 1122 1527 ad
1153 1474 1439 1530 clericatus
1460 1477 1694 1531 officium
1719 1479 1812 1532 ad-

217 1565 492 1629 venisset,
524 1563 645 1632 quia
677 1570 793 1617 erat
823 1578 1018 1632 genere
1051 1562 1452 1634 Langobardos.
1489 1567 1592 1623 Sed
1624 1570 1812 1638 nequi-

216 1660 308 1714 bat
336 1673 629 1728 exponere,
658 1672 848 1713 vanam
881 1668 987 1713 tota
1021 1660 1318 1717 intentione
1342 1662 1566 1732 cupiens
1587 1665 1806 1733 gloriam

1927 477 2096 546 magis
2121 480 2364 535 accendit
2395 490 2558 536 totam
2582 497 2730 552 spem
2757 500 2930 541 meam
2960 489 3012 544 in
3042 490 3158 560 ejus
3183 494 3380 550 virtute
3407 495 3509 552 de-

1926 563 2108 633 ﬁgere.
2140 567 2343 625 Deinde
2370 571 2694 628 territorium
2719 576 3020 635 Trevericte
3041 582 3186 636 urbis
3211 587 3429 654 expetii,
3452 597 3508 643 et

1924 654 1974 708 in
2002 670 2110 724 quo
2141 673 2281 714 nunc
2309 665 2440 717 estis
2468 674 2667 730 monte,
2701 666 3054 726 habitaculum
3082 673 3224 742 quod
3263 679 3503 745 cernitis,

1925 748 2141 817 proprio
2176 751 2356 806 labore
2392 759 2687 812 construxi.
2737 758 2930 827 lteperi
2971 771 3148 818 tamen
3201 766 3282 818 hic
3328 767 3506 823 Dianae

1921 837 2292 908 simulacrum,
2317 860 2387 916 qu
2423 847 2456 900 d
2483 851 2706 917 populus
2733 850 2818 906 hic
2843 852 3150 910 incredulus
3169 858 3318 925 quasi
3347 859 3503 914 deum

1925 932 2199 987 adorabat.
2229 935 2544 992 Columnam
2568 941 2728 994 etiam
2756 951 2940 1010 statui,
2963 945 3013 999 in
3041 962 3141 1013 qua
3163 962 3284 1002 cum
3317 951 3500 1018 grandi

1920 1035 2026 1074 cru«
2049 1023 2155 1076 iatu
2179 1023 2296 1079 sine
2319 1026 2424 1079 ullo
2447 1029 2638 1096 pedum
2667 1031 2872 1084 stabam
2897 1035 3148 1103 tegmine.
3179 1035 3359 1106 Itaque
3382 1054 3501 1092 cum

1923 1110 2130 1181 hyemis
2160 1122 2370 1184 tempus
2399 1119 2554 1173 solite
2575 1116 2600 1154 ἀ
2631 1122 2958 1186 advenisset,
2987 1124 3056 1177 ita
3085 1127 3261 1195 rigore
3285 1128 3495 1195 glaciali

1920 1206 2135 1271 urebar,
2168 1215 2225 1260 ut
2254 1223 2456 1278 ungues
2488 1211 2681 1279 pedum
2708 1229 2948 1270 meorum
2975 1216 3172 1284 saepius
3201 1219 3278 1273 vis
3307 1220 3500 1289 rigoris

1917 1305 2228 1362 excuteret,
2259 1306 2314 1351 et
2341 1299 2391 1352 in
2424 1298 2603 1354 barbis
2635 1302 2768 1357 meis
2799 1318 2933 1372 aqua
2964 1306 3082 1373 gelu
3110 1319 3346 1361 connexa
3376 1322 3504 1362 can-

1916 1383 2158 1439 dn-larum
2206 1403 2355 1442 more
2390 1389 2740 1459 dependeret.
2787 1395 3030 1464 Magnam
3061 1396 3201 1450 enim
3251 1397 3498 1467 hyemem

1917 1478 2064 1545 regio
2111 1477 2199 1530 illa
2255 1493 2493 1548 persaepe
2542 1480 2739 1536 dicitur
2768 1489 3055 1539 sustinere.
3095 1486 3198 1540 Sed
3238 1502 3361 1541 cum
3402 1503 3500 1542 nos

1915 1565 2146 1619 sollicite
2198 1565 2652 1637 interrogat-emus
2682 1610 2697 1633 ,
2740 1573 2858 1640 quis
2909 1573 2958 1627 ei
2998 1573 3154 1627 cibus
3201 1586 3290 1629 aut
3341 1585 3498 1645 potus

1913 1665 2079 1721 esset,
2111 1656 2192 1711 vel
2221 1658 2452 1726 qualiter
2481 1662 2773 1716 simulacra
2806 1665 3003 1718 montis
3037 1666 3178 1721 illius
3209 1667 3498 1723 subvertis-

214 1769 279 1808 ev
305 1763 441 1807 tare.
468 1753 636 1819 Quem
659 1767 756 1821 ego
773 1752 1101 1807 terribilibus
1124 1756 1473 1811 sacramentis
1490 1757 1798 1826 conjurans,

1913 1756 2013 1812 set,
2057 1750 2169 1802 ait:
2204 1749 2405 1816 Polus,
2435 1751 2872 1822 cibusque'meus
2893 1768 3009 1812 erat
3053 1773 3238 1826 parum
3273 1760 3422 1828 panis
3443 1773 3497 1816 et

214 1843 485 1913 pollicitus
517 1844 708 1912 primo,
741 1851 800 1897 ut
830 1842 956 1898 nulli
985 1859 1104 1912 qua}
1129 1845 1396 1900 referebat
1417 1850 1804 1916 expenderem,

216 1947 411 2002 rogare
441 1932 606 2001 coepi,
631 1939 692 1985 ut
720 1931 848 1985 nihil
881 1931 1007 1985 mihi
1053 1932 1118 1986 de
1147 1932 1229 1987 his
1259 1949 1376 2002 quae
1410 1933 1805 2008 interrogabant

212 2023 503 2077 occuleret.
532 2022 776 2091 Cumque
818 2021 1117 2077 diutissime
1159 2023 1452 2079 reluctatus
1485 2025 1697 2091 fuisset,
1728 2029 1807 2082 vi-

210 2123 331 2166 ctus
386 2110 603 2165 tandem
661 2122 767 2165 tam
823 2111 1064 2180 precibus
1121 2126 1280 2180 quam
1338 2114 1805 2172 obsecrationibus

211 2203 369 2267 meis,
407 2201 523 2256 haec
551 2201 741 2257 effatus
782 2211 881 2257 est.
917 2202 1047 2256 Dum
1080 2217 1276 2280 essem_,
1303 2204 1491 2274 inquit,
1525 2221 1655 2276 puer
1686 2223 1804 2277 par-

210 2294 407 2358 vulus,
439 2293 622 2348 audito
651 2293 792 2349 beati
820 2293 1028 2348 Martini
1071 2297 1288 2351 nomine
1313 2337 1327 2361 ,
1361 2298 1606 2352 nesciens
1631 2299 1804 2356 adec

209 2395 391 2437 utrum
436 2392 638 2454 martyr
685 2399 752 2438 an
794 2384 1070 2439 confessor
1108 2394 1274 2452 esset,
1306 2387 1386 2440 vel
1430 2388 1556 2456 quid
1589 2388 1712 2444 boni
1748 2392 1799 2447 in

210 2476 418 2530 mundo
447 2477 702 2545 gessisset
727 2516 742 2540 ,
776 2476 858 2531 vel
889 2492 1009 2546 qum
1042 2477 1187 2546 regio
1216 2476 1404 2532 beatos
1426 2486 1572 2533 artus
1597 2483 1801 2535 tumulo

209 2569 496 2620 meru'sset
513 2566 776 2636 accipere,
797 2565 908 2636 jam
932 2568 982 2621 in
1007 2565 1122 2637 eius
1145 2569 1401 2622 honorem
1430 2569 1638 2638 vigilias
1661 2574 1804 2629 cele-

210 2663 464 2724 brabam,
491 2675 574 2726 ac,
609 2661 654 2714 si
686 2659 881 2723 aliquid
911 2663 1046 2713 inter
1068 2675 1252 2713 mann~
1282 2661 1614 2717 numismatis
1642 2665 1803 2719 adve-

214 2755 404 2816 nisset,
432 2757 805 2822 eleemosynas
827 2751 1106 2806 faciebam.
1128 2750 1349 2821 Jamque
1369 2752 1420 2806 in
1445 2753 1802 2822 majoriastate

219 2847 545 2917 proficiens,
590 2843 1026 2904 litterasdiscere
1051 2844 1227 2898 studui
1271 2859 1283 2895 :
1329 2861 1393 2899 ex
1424 2846 1619 2914 quibus
1649 2848 1796 2915 prius

217 2941 461 2994 scribere
486 2939 659 3008 potui,
687 2929 848 3007 quam
881 2939 1120 2992 ordinem
1153 2939 1470 3006 scriptarum
1501 2940 1798 2996 littera.sz

207 3032 425 3084 scirem.
461 3029 661 3084 Deinde
696 3030 891 3084 Aredio
922 3029 1099 3083 abbati
1130 3029 1451 3099 conjunctus
1474 3071 1487 3095 ,
1523 3032 1588 3083 ah
1627 3047 1799 3101 coque

1917 1837 2079 1892 oleris
2103 1879 2119 1903 ,
2150 1854 2213 1893 ac
2247 1841 2513 1896 modicum
2547 1859 2722 1914 aquae.
2757 1845 2947 1901 Verum
2983 1849 3072 1903 ubi
3100 1850 3164 1902 ad
3199 1867 3285 1906 me
3317 1852 3497 1906 multi-

1913 1927 2040 1980 tudo
2084 1929 2384 1984 vicinarum
2417 1932 2659 1986 villarum
2691 1935 2964 1990 conﬂuere
3011 1940 3201 2006 coepit,
3239 1940 3494 2008 praedica-

1911 2014 2031 2070 bam
2059 2015 2258 2086 jugiter
2286 2018 2418 2073 nihil
2448 2035 2570 2076 esse
2601 2021 2852 2091 Dianam,
2899 2026 3029 2080 nihil
3058 2028 3369 2093 simulacra,
3407 2032 3492 2085 ni-

1911 2107 2093 2178 hilque
2134 2124 2255 2180 qua:
2284 2112 2362 2166 eis
2393 2111 2673 2168 videbatur
2718 2119 2956 2172 exerceri
2993 2119 3234 2186 cultura;
3280 2122 3493 2192 indigna

1905 2198 2066 2252 etiam
2092 2213 2213 2254 esse
2243 2200 2356 2269 ipsa
2383 2242 2398 2268 ,
2428 2216 2546 2272 quae
2589 2203 2730 2259 inter
2766 2194 2954 2274 pocula
2979 2207 3332 2280 luxuriasque
3363 2229 3490 2281 pro-

1907 2289 2040 2342 fluas
2070 2291 2275 2346 cantica
2309 2293 2658 2361 proferebant
2706 2313 2718 2348 :
2764 2296 2858 2351 sed
2891 2299 3067 2366 potius
3100 2301 3211 2371 Deo
3248 2304 3493 2370 omnipo-

1907 2380 2059 2449 tenti,
2085 2382 2173 2451 qui
2215 2384 2410 2438 malum
2443 2383 2569 2440 fecit
2593 2400 2655 2440 ac
2686 2395 2752 2440 tet
2768 2402 2904 2452 ram,
2935 2388 3155 2460 dignum
3186 2393 3254 2446 sit
3284 2394 3491 2449 sacrifi-

1903 2472 2044 2527 cium
2061 2475 2228 2528 laudis
2243 2476 2571 2544 impendere.
2599 2478 2827 2533 Orabam
2839 2481 3001 2542 etiam
3017 2483 3234 2552 sapius,
3252 2494 3307 2538 ut
3327 2487 3491 2540 simu-

1905 2564 2050 2618 Iacro
2080 2565 2330 2620 Dominus
2357 2567 2535 2622 diruto
2557 2568 2866 2639 dignaretur
2907 2573 3156 2641 populum
3185 2574 3252 2628 ab
3282 2579 3383 2630 hoc
3405 2592 3490 2632 er-

1907 2670 2031 2711 rore
2058 2657 2350 2714 discutere.
2383 2659 2559 2715 Flexit
2604 2660 2817 2716 Domini
2847 2663 3213 2719 misericordia
3254 2676 3490 2723 mentem

1906 2753 2183 2817 rusticam,
2232 2761 2289 2806 ut
2335 2751 2619 2807 inclinaret
2667 2767 2850 2808 aurem
2890 2768 3040 2809 suam
3074 2756 3126 2810 in
3168 2760 3327 2813 verba
3377 2761 3489 2816 oris

1907 2843 2052 2910 mei,
2116 2853 2175 2899 ut
2233 2845 2438 2898 scilicet
2500 2845 2703 2900 relictis
2755 2846 2913 2900 idolis
2969 2847 3252 2904 Dominum
3299 2867 3488 2923 seque-

1906 2949 2073 2992 retur.
2114 2937 2264 2991 Tunc
2303 2937 2608 2991 convocatis
2659 2937 2974 3006 qu'busdam
3026 2953 3092 2994 ex
3141 2942 3262 3006 eis,
3319 2945 3488 2998 simu.

1908 3031 2108 3084 lacrunt
2142 3030 2242 3084 hoc
2267 3030 2608 3094 immensum,
2637 3031 2777 3099 quod
2811 3031 3015 3085 elidere
3047 3032 3260 3102 propria
3285 3035 3486 3092 virtute

207 3125 466 3188 edoctus,
500 3123 643 3178 beati
678 3121 888 3177 Martini
931 3122 1205 3176 basilicam
1235 3122 1363 3176 adii.
1406 3123 1802 3194 llevertcnsque
1827 3113 1874 3176 C
1907 3137 2013 3176 non
2046 3131 2281 3190 poteram
2306 3159 2322 3185 ,
2356 3133 2476 3173 cum
2517 3133 2702 3174 eorum
2746 3120 3012 3189 adjutorio
3044 3131 3224 3190 postea
3257 3129 3423 3179 merui
3461 3136 3485 3163 ο

208 3230 330 3268 cum
366 3229 448 3277 eo,
482 3214 566 3268 ille
597 3228 880 3283 parumper
911 3213 1140 3282 pulveris
1167 3213 1304 3267 beati
1327 3214 1558 3282 sepulcri
1593 3231 1687 3284 pro
1709 3217 1801 3272 be-

211 3305 518 3359 nedictione
555 3304 790 3358 sustulit.
836 3307 1005 3371 Quem
1046 3305 1096 3358 in
1129 3306 1342 3372 capsula
1381 3305 1610 3374 pesitum
1645 3306 1691 3371 δ,
1735 3309 1800 3363 ad

211 3399 408 3453 collum
441 3398 603 3468 387
634 3413 806 3453 meum
852 3398 1105 3467 dependit
1135 3415 1147 3450 :
1177 3398 1493 3471 devectique
1522 3403 1588 3457 ad
1614 3419 1799 3459 mona-

209 3495 432 3548 sterium
471 3503 494 3531 ο
525 3493 638 3560 ejus
671 3492 1010 3546 Lemovicino
1053 3492 1103 3545 in
1136 3493 1382 3558 termino,
1433 3507 1645 3564 accepta
1678 3511 1801 3566 cap-

210 3587 340 3645 sula,
369 3593 427 3636 ut
449 3598 569 3637 eam
596 3583 645 3636 in
674 3584 907 3636 oratorio
929 3597 1026 3636 suo
1054 3583 1274 3652 locaret,
1309 3586 1359 3637 in
1391 3594 1594 3639 tantum
1623 3589 1799 3657 pulvis

210 3675 465 3741 accrevit,
494 3682 550 3727 ut
577 3689 678 3726 non
703 3674 873 3728 solum
901 3681 1064 3727 totam
1089 3688 1304 3741 capsam
1331 3677 1581 3744 repleret,
1608 3692 1790 3732 verum

211 3765 369 3820 etiam
396 3764 528 3820 furis
558 3767 692 3819 inter
720 3764 1001 3833 iuncturas
1027 3804 1043 3830 ,
1069 3764 1156 3818 ubi
1187 3765 1390 3819 aditum
1423 3769 1658 3834 reperire
1691 3784 1790 3837 po-

278 3908 303 3936 ·
347 3898 448 3951 Alii
476 3937 492 3962 ,
524 3893 788 3969 Epuauin;
821 3897 1120 3969 Antonino,
1151 3897 1430 3965 Epoiaum,
1462 3915 1600 3954 nunc
1634 3901 1792 3969 vulgo

221 3968 461 4023 Irodinm
486 4008 502 4032 ,
534 3968 782 4037 oppidum
813 3967 1027 4020 ditionis
1053 3967 1489 4037 Luxetnliurgicm
1521 3971 1570 4023 in
1597 3967 1790 4028 linibns

211 4039 577 4107 Trevirorum,
629 4037 693 4090 ad
748 4039 976 4093 Charem
1017 4052 1111 4091 seu
1156 4037 1447 4092 Cherreum
1488 4041 1786 4107 ﬂuviolum,

213 4110 402 4163 nostris
439 4106 597 4172 It'oia,
629 4109 906 4161 Germanis
931 4107 1082 4176 lpsch
1103 4148 1117 4172 ,
1140 4109 1282 4176 quod
1313 4109 1380 4162 ab
1409 4110 1610 4176 aliquot
1633 4106 1787 4164 annis

213 4180 557 4234 Carinianum
608 4178 767 4231 etiam
792 4177 1147 4248 νοσήματι,
1189 4179 1442 4248 appellari
1483 4181 1783 4235 voluerunt.

213 4249 588 4320 "iurasti-rium
615 4256 791 4302 autem
815 4247 872 4303 S.
908 4247 1118 4320 Martini
1145 4293 1158 4314 ,
1204 4247 1344 4318 quod
1378 4249 1463 4304 hic
1493 4248 1782 4320 Gregorius

214 4320 429 4382 laudat,
479 4318 532 4371 in
563 4331 741 4372 monte
772 4320 945 4373 vicino
966 4319 1090 4371 olim
1130 4321 1321 4384 situm,
1354 4321 1508 4386 plane
1549 4318 1778 4376 dirutum

212 4403 311 4452 eat,
336 4406 367 4442 e
396 4403 525 4458 quo,
551 4389 626 4440 uti
657 4399 834 4442 narrat
866 4391 1146 4444 Broxverus
1171 4391 1221 4442 in
1248 4391 1538 4443 Annalibus
1569 4391 1776 4446 Trevir.

213 4460 302 4512 lib.
330 4475 386 4512 ιι
414 4472 558 4510 anno
582 4459 713 4510 circ.
737 4459 866 4513 979.
907 4459 1167 4528 Egbertns
1195 4460 1626 4527 archiepiscopus
1647 4462 1781 4517 Tre-

211 4533 311 4582 vir.
364 4529 421 4581 Β.
458 4528 710 4580 Vullilaici
759 4543 879 4582 ossa
912 4529 963 4582 in
1013 4529 1262 4598 oppidum
1312 4532 1598 4585 transtulit.
1645 4532 1784 4587 Idem

209 4607 428 4652 sanctus
455 4599 504 4650 in
540 4598 707 4670 Fastis
736 4598 1087 4670 Benedictiuis
1125 4599 1222 4653 sub
1252 4600 1313 4655 S.
1349 4600 1538 4670 Vulphi
1565 4605 1787 4656 ronvtrsi

212 4670 426 4739 nomine
457 4669 746 4739 ro'itnran
784 4668 898 4722 Kal.
934 4669 1268 4737 Novembris,
1307 4668 1480 4724 diviso
1506 4687 1784 4739 perperam

210 4739 266 4792 in
289 4738 422 4791 duas
453 4748 628 4803 partes
663 4737 978 4805 anphilaici
1011 4741 1253 4804 nomine,
1288 4750 1346 4794 ut
1372 4737 1536 4794 laicus
1558 4737 1784 4801 dicatur.

210 4825 331 4864 cum
362 4811 442 4862 vel
463 4824 526 4862 ex
552 4810 651 4863 hoc
679 4809 918 4878 Gregorii
941 4811 1055 4864 loco
1075 4822 1279 4866 certum
1310 4811 1378 4866 sit
1407 4812 1580 4876 ipsum
1603 4813 1787 4868 diacoo

210 4895 338 4932 num
371 4879 550 4932 fuisse.

286 4970 312 5008 ί)
350 4970 463 5023 Col.
508 4987 580 5023 m.
622 4980 675 5024 et
720 4971 866 5034 Bee.,

209 5043 444 5105 dependi.

287 5123 308 5148 ο
353 5111 732 5163 Monasterium
762 5112 1067 5167 Athanense
1091 5153 1105 5174 ,
1133 5111 1271 5180 quod
1301 5113 1459 5167 hodie
1498 5114 1790 5170 conditoris

209 5184 292 5236 sui
322 5181 492 5233 sancti
522 5181 688 5233 Aridii
723 5182 936 5234 nomine
966 5184 1266 5250 insignitur.

281 5250 308 5287 δ
349 5251 433 5304 Sic
454 5253 606 5303 (Zolb.
632 5267 700 5304 in.
735 5262 786 5304 et
819 5253 965 5307 Bec..
993 5253 1042 5306 id
1070 5263 1152 5308 est
1176 5253 1346 5316 solito,
1372 5253 1604 5309 nthabet
1632 5255 1786 5321 IIad.;

209 5321 412 5384 exteri,
444 5324 538 5373 soli
564 5337 629 5392 ω,
657 5321 949 5376 referentes
973 5324 1039 5376 ad
1076 5339 1259 5377 vocem
1287 5325 1503 5392 hyemis.

284 5402 308 5430 °
349 5392 434 5445 Sic
465 5391 618 5454 Bad.;
650 5395 852 5455 caueri,
887 5410 1084 5457 possem
1112 5410 1303 5447 eruere.

286 5465 305 5500 τ
355 5463 404 5515 Id
435 5472 516 5535 est
544 5463 650 5535 alia
686 5463 834 5535 signa
859 5506 872 5524 ,
926 5478 1018 5515 seu
1063 5467 1367 5517 simulacra.
1398 5467 1514 5520 Jam
1548 5475 1790 5535 tempore

212 5532 491 5586 Domitiani
545 5533 674 5598 imp.
718 5533 946 5588 celebris
999 5546 1112 5587 erat
1151 5535 1327 5588 Dianae
1373 5539 1548 5591 cultus
1607 5532 1674 5588 in'
1705 5537 1788 5590 his

213 5603 466 5670 par-tibus,
495 5602 564 5653 ita
592 5613 647 5653 ut
678 5601 842 5654 Diana
866 5605 1154 5665 Arduimia,
1179 5621 1243 5658 ex
1263 5606 1409 5660 silva:
1440 5606 1668 5660 celebris
1697 5621 1790 5658 no-

213 5677 379 5736 mine,
416 5675 705 5744 diceretur,
739 5684 793 5724 nt
822 5684 963 5738 putet
985 5690 1048 5728 ex
1079 5679 1244 5728 veteri
1275 5678 1622 5744 inscriptione
1645 5676 1787 5744 apud

213 5744 517 5798 Bruwcrnm
553 5742 603 5794 in
631 5744 876 5810 antiquit.
907 5744 1336 5804 'l‘revirensibus.
1379 5742 1786 5817 Inacriptiotictu

493 5835 759 5897 l’nnoc.
812 5833 1040 5895 LXXI.

921 4973 1056 5038 quod
1101 4974 1150 5025 in
1187 4976 1395 5038 capsula
1435 4973 1785 5039 depositura...

1909 3225 2139 3267 eruere:
2166 3210 2275 3280 jatn
2303 3212 2444 3265 enim
2477 3211 2680 3280 reliqua
2710 3209 3007 3281 sigillorum
3045 3211 3063 3248 ί
3097 3230 3216 3281 qua:
3253 3215 3486 3274 faciliora

1909 3304 2140 3370 fuerant,
2191 3303 2304 3373 ipse
2360 3299 2750 3371 confregeram.
2799 3302 3255 3361 Convenientibus
3303 3317 3484 3364 autem

1910 3397 2091 3452 multis
2121 3394 2187 3449 ad
2220 3395 2356 3448 hanc
2387 3393 2568 3448 Diana
2595 3394 2760 3464 388
2781 3401 3034 3457 statuam,
3068 3397 3248 3451 missis
3271 3396 3486 3454 funibus

1911 3489 2124 3543 trahere
2159 3494 2442 3554 ceperunt
2489 3501 2502 3539 :
2552 3486 2644 3539 sed
2678 3485 2809 3540 nihil
2845 3485 2994 3540 labor
3015 3502 3200 3543 eorum
3232 3491 3488 3558 prolicere

1911 3589 2137 3649 poterat.
2167 3579 2318 3634 Tunc
2343 3595 2442 3649 ego
2465 3577 2530 3632 ad
2563 3579 2837 3633 basilicam
2869 3594 3122 3649 propero,
3158 3592 3486 3650 prostratus-

1898 3687 2002 3737 que
2044 3671 2190 3735 solo,
2225 3670 2458 3723 divinam
2491 3669 2912 3724 misericordiam
2941 3686 3062 3726 cum
3101 3674 3352 3745 lacrytnis
3392 3677 3486 3730 lla-

1896 3768 2153 3838 gi‘abam,
2188 3775 2246 3821 ut
2276 3764 2401 3836 quia
2443 3764 2494 3818 id
2539 3765 2768 3820 humana
2799 3765 3058 3822 industria
3103 3781 3346 3826 evertere
3376 3787 3485 3826 non

1898 3904 2089 3972 ipsam,
2122 3916 2240 3971 quae
2272 3900 2459 3968 probat
2491 3900 2672 3954 Dianae
2701 3900 2899 3956 cultum
2939 3902 2991 3958 in
3027 3904 3313 3962 Arduenna
3345 3908 3479 3962 silva

1896 3974 2061 4030 fuisse
2087 3973 2375 4038 celebrem,
2407 3971 2509 4025 huc
2538 3973 2774 4039 proferre
2798 3972 2964 4028 visum
2996 3983 3099 4030 est.

1919 3989 2061 4030 uisse
2087 3989 2375 4038 celebrent,
2407 3989 2509 4025 nuc
2538 3989 2774 4038 preterre
2798 3989 2964 4028 vtsutn
2996 3989 3099 4030 εει.

1996 4138 2018 4148 ’
2105 4143 2170 4210 ρ.
2229 4140 2514 4197 CASSIVS.
2579 4143 2644 4210 Q.
2709 4143 2944 4200 FILIVS.
3010 4143 3258 4206 CLAVD.

2285 4221 2669 4276 ATILIANVS.
2731 4222 3096 4281 SACERDUS

2353 4299 2604 4354 DlAN/E.
2648 4300 3020 4356 ARDVINNA‘)

2093 4379 2312 4436 FECIT.
2380 4379 2530 4438 SIBI.
2601 4379 2710 4433 ET.
2767 4379 2941 4436 SVIS.
3007 4382 3256 4439 IIERED.

2128 4462 2215 4517 IN.
2259 4462 2369 4516 FR.
2416 4461 2474 4516 Ρ.
2517 4460 2630 4514 XII.
2674 4460 2761 4514 IN.
2801 4461 2962 4516 AGR.
3007 4463 3065 4516 P.
3110 4463 3224 4518 XV.

2356 4542 2464 4596 IIII.
2528 4541 2701 4594 IDVS.
2766 4541 3010 4594 OCTOB.

2117 4621 2250 4676 IMP.
2291 4621 2465 4678 CASS.
2517 4621 2621 4675 FL.
2669 4620 3062 4676 DOMITIANO.
3107 4622 3237 4678 VIII.

2039 4700 2148 4754 ET.
2208 4701 2266 4756 C.
2333 4700 2648 4755 VALERIO.
2711 4700 3121 4756 MESSALINO.
3182 4703 3330 4760 COS.

1897 4793 1972 4846 Et
2007 4793 2484 4865 eodemDrovvero
2530 4793 2785 4847 discimus
2819 4793 2952 4865 infra
2986 4809 3174 4849 nemus
3201 4837 3214 4860 ,
3247 4797 3386 4865 quod
3422 4815 3471 4853 in

1894 4865 2078 4918 eadem
2108 4864 2328 4936 regione
2361 4863 2585 4936 habetur
2617 4864 3191 4936 propeAEnternacum,
3215 4863 3469 4936 oppiduni

1893 4936 1964 4988 ob
2012 4933 2392 5006 monasterium
2441 4932 2572 4988 0rd.
2626 4934 2955 4990 Benedictini
3007 4932 3471 5006 insigne,'haberi

1894 5013 2045 5076 vetus
2079 5003 2264 5076 Diana:
2299 5013 2698 5076 monumentum
2724 5044 2739 5069 ,
2782 5007 2930 5058 vario
2961 5007 3102 5061 cultu
3116 5003 3187 5061 'in
3233 5024 3363 5076 rupe
3388 5023 3476 5062 so-

1896 5073 1997 5152 lida
2029 5074 2318 5142 sculptum,
2368 5075 2464 5129 sed
2508 5090 2642 5143 pene
2692 5077 2952 5141 attritum,
2984 5093 3105 5131 cum
3155 5079 3250 5131 hac
3281 5073 3473 5132 inscri-

1894 5157 2076 5212 pttone
2110 5160 2124 5198 :

2469 5214 2650 5269 DEAS.
2707 5215 2936 5270 DIANzE

2246 5295 2312 5362 Q.
2369 5295 2580 5351 POSTII
2593 5297 2793 5351 γωδ.
2853 5296 3120 5351 ΡΟΪΕΝ8

2607 5378 2672 5432 γ.
2725 5377 2783 5432 8.

1962 5464 2042 5517 An
2072 5465 2194 5519 inde
2229 5466 2388 5521 Diana
2424 5467 2712 5522 Ardoinna:
2761 5481 2951 5520 nomen
2993 5465 3281 5522 habuerit?
3323 5483 3471 5526 certe

1892 5535 2031 5608 apud
2089 5534 2398 5608 Gruterum,
2444 5538 2698 5608 θηρηιθ,
2743 5547 2897 5608 vetus
2945 5536 3168 5608 habetur
3197 5539 3471 5608 inscriptio

1890 5606 2124 5671 quinque
2153 5605 2255 5660 diis
2278 5622 2427 5661 sacra
2447 5627 2460 5662 :
2483 5605 2799 5670 Ardoinnaa,
2827 5607 3070 5672 Caninio,
3090 5607 3226 5670 Jovi.
3261 5605 3470 5666 Mercu-

1894 5677 1995 5748 rio,
2032 5675 2262 5729 llerculi.
2309 5678 2438 5743 Qua:
2489 5693 2616 5731 vero
2667 5678 2972 5733 inscribitur
3013 5677 3300 5748 Ardoinna,
3366 5683 3468 5736 sub

1897 5744 2074 5800 Diana:
2105 5748 2280 5816 specie
2311 5755 2742 5817 representatur.
3054 5811 3119 5868 ιτ

3094 5830 3119 5868 .]

3094 5830 3126 5870 ὅ.)
