  <div class='ocr_page' id='page_1' title='image "/cluster/home/n/w/nwhite01/storage/ocr_20150623/71/hvd.32044054758750/235.png"; bbox 0 0 3920 6188; ppageno 0'>
   <div class='ocr_carea' id='block_1_1' title="bbox 458 243 564 301">
    <p class='ocr_par' dir='ltr' id='par_1_1' title="bbox 458 243 564 301">
     <span class='ocr_line' id='line_1_1' title="bbox 458 243 564 301; baseline 0 0"><span class='ocrx_word' id='word_1_1' title='bbox 458 243 564 301; x_wconf 67' lang='grc'><strong>459</strong></span> 
     </span>
    </p>
   </div>
   <div class='ocr_carea' id='block_1_2' title="bbox 1456 196 2701 299">
    <p class='ocr_par' dir='ltr' id='par_1_2' title="bbox 1456 196 2701 299">
     <span class='ocr_line' id='line_1_2' title="bbox 1456 196 2701 299; baseline -0.001 -8"><span class='ocrx_word' id='word_1_2' title='bbox 1456 238 1512 292; x_wconf 88' lang='lat' dir='ltr'><strong>s.</strong></span> <span class='ocrx_word' id='word_1_3' title='bbox 1555 233 1885 299; x_wconf 66' lang='lat' dir='ltr'><strong>succuum</strong></span> <span class='ocrx_word' id='word_1_4' title='bbox 1925 232 2228 289; x_wconf 78' lang='lat' dir='ltr'><strong>EPISCOPI</strong></span> <span class='ocrx_word' id='word_1_5' title='bbox 2270 234 2701 292; x_wconf 69' lang='lat' dir='ltr'><strong>nmossusrs</strong></span> 
     </span>
    </p>
   </div>
   <div class='ocr_carea' id='block_1_3' title="bbox 3553 257 3635 310">
    <p class='ocr_par' dir='ltr' id='par_1_3' title="bbox 3553 257 3635 310">
     <span class='ocr_line' id='line_1_3' title="bbox 3553 257 3635 310; baseline 0 -3"><span class='ocrx_word' id='word_1_6' title='bbox 3553 257 3635 310; x_wconf 72' lang='grc' dir='ltr'><strong>ιω</strong></span> 
     </span>
    </p>
   </div>
   <div class='ocr_carea' id='block_1_4' title="bbox 455 349 3641 440">
    <p class='ocr_par' dir='ltr' id='par_1_4' title="bbox 455 349 3641 440">
     <span class='ocr_line' id='line_1_4' title="bbox 455 349 3641 440; baseline -0.003 -18"><span class='ocrx_word' id='word_1_7' title='bbox 455 365 683 427; x_wconf 85' lang='lat' dir='ltr'><strong>valebat,</strong></span> <span class='ocrx_word' id='word_1_8' title='bbox 717 360 885 415; x_wconf 87' lang='lat' dir='ltr'><strong>virtus</strong></span> <span class='ocrx_word' id='word_1_9' title='bbox 913 355 1041 412; x_wconf 91' lang='lat' dir='ltr'><strong>illud</strong></span> <span class='ocrx_word' id='word_1_10' title='bbox 1072 354 1247 411; x_wconf 88' lang='lat' dir='ltr'><strong>divina</strong></span> <span class='ocrx_word' id='word_1_11' title='bbox 1289 353 1609 415; x_wconf 71' lang='lat' dir='ltr'><strong>destrueret.</strong></span> <span class='ocrx_word' id='word_1_12' title='bbox 1654 350 2023 420; x_wconf 80' lang='lat' dir='ltr'><strong>Egressusque</strong></span> <span class='ocrx_word' id='word_1_13' title='bbox 2051 351 2102 408; x_wconf 83' lang='lat' dir='ltr'><strong>A</strong></span> <span class='ocrx_word' id='word_1_14' title='bbox 2138 364 2259 406; x_wconf 85' lang='lat' dir='ltr'><strong>cum</strong></span> <span class='ocrx_word' id='word_1_15' title='bbox 2292 351 2576 421; x_wconf 71' lang='lat' dir='ltr'><strong>aliquando</strong></span> <span class='ocrx_word' id='word_1_16' title='bbox 2621 367 2651 406; x_wconf 91' lang='lat' dir='ltr'><strong>a</strong></span> <span class='ocrx_word' id='word_1_17' title='bbox 2673 350 2990 421; x_wconf 87' lang='lat' dir='ltr'><strong>quihusdam</strong></span> <span class='ocrx_word' id='word_1_18' title='bbox 3021 365 3121 420; x_wconf 90' lang='lat' dir='ltr'><strong>pro</strong></span> <span class='ocrx_word' id='word_1_19' title='bbox 3172 349 3303 412; x_wconf 80' lang='lat' dir='ltr'><strong>furto</strong></span> <span class='ocrx_word' id='word_1_20' title='bbox 3342 373 3641 440; x_wconf 60' lang='lat' dir='ltr'><strong>argueretur,</strong></span> 
     </span>
    </p>
   </div>
   <div class='ocr_carea' id='block_1_5' title="bbox 454 441 2027 528">
    <p class='ocr_par' dir='ltr' id='par_1_5' title="bbox 454 441 2027 528">
     <span class='ocr_line' id='line_1_5' title="bbox 454 441 2027 528; baseline -0.009 -17"><span class='ocrx_word' id='word_1_21' title='bbox 454 466 577 528; x_wconf 83' lang='lat' dir='ltr'><strong>post</strong></span> <span class='ocrx_word' id='word_1_22' title='bbox 603 454 919 515; x_wconf 85' lang='lat' dir='ltr'><strong>orationem,</strong></span> <span class='ocrx_word' id='word_1_23' title='bbox 951 450 1017 503; x_wconf 87' lang='lat' dir='ltr'><strong>ad</strong></span> <span class='ocrx_word' id='word_1_24' title='bbox 1048 444 1322 514; x_wconf 83' lang='lat' dir='ltr'><strong>cperarios</strong></span> <span class='ocrx_word' id='word_1_25' title='bbox 1344 444 1501 509; x_wconf 86' lang='lat' dir='ltr'><strong>veni,</strong></span> <span class='ocrx_word' id='word_1_26' title='bbox 1530 441 2027 510; x_wconf 87' lang='lat' dir='ltr'><strong>apprehensumque</strong></span> 
     </span>
    </p>
   </div>
   <div class='ocr_carea' id='block_1_6' title="bbox 454 531 2029 611">
    <p class='ocr_par' dir='ltr' id='par_1_6' title="bbox 454 531 2029 611">
     <span class='ocr_line' id='line_1_6' title="bbox 454 531 2029 611; baseline -0.012 -8"><span class='ocrx_word' id='word_1_27' title='bbox 454 549 656 609; x_wconf 76' lang='lat' dir='ltr'><strong>funem,</strong></span> <span class='ocrx_word' id='word_1_28' title='bbox 678 552 730 597; x_wconf 88' lang='lat' dir='ltr'><strong>ut</strong></span> <span class='ocrx_word' id='word_1_29' title='bbox 753 540 923 611; x_wconf 85' lang='lat' dir='ltr'><strong>primo</strong></span> <span class='ocrx_word' id='word_1_30' title='bbox 944 538 1051 594; x_wconf 89' lang='lat' dir='ltr'><strong>ictu</strong></span> <span class='ocrx_word' id='word_1_31' title='bbox 1074 536 1285 590; x_wconf 92' lang='lat' dir='ltr'><strong>trahere</strong></span> <span class='ocrx_word' id='word_1_32' title='bbox 1304 532 1586 602; x_wconf 66' lang='lat' dir='ltr'><strong>capimus,</strong></span> <span class='ocrx_word' id='word_1_33' title='bbox 1602 532 1843 601; x_wconf 91' lang='lat' dir='ltr'><strong>protinus</strong></span> <span class='ocrx_word' id='word_1_34' title='bbox 1863 531 2029 585; x_wconf 86' lang='lat' dir='ltr'><strong>simu-</strong></span> 
     </span>
    </p>
   </div>
   <div class='ocr_carea' id='block_1_7' title="bbox 457 622 2028 694">
    <p class='ocr_par' dir='ltr' id='par_1_7' title="bbox 457 622 2028 694">
     <span class='ocr_line' id='line_1_7' title="bbox 457 622 2028 694; baseline -0.01 -2"><span class='ocrx_word' id='word_1_35' title='bbox 457 640 659 694; x_wconf 87' lang='lat' dir='ltr'><strong>lacrum</strong></span> <span class='ocrx_word' id='word_1_36' title='bbox 686 632 789 688; x_wconf 89' lang='lat' dir='ltr'><strong>ruit</strong></span> <span class='ocrx_word' id='word_1_37' title='bbox 836 630 887 685; x_wconf 92' lang='lat' dir='ltr'><strong>in</strong></span> <span class='ocrx_word' id='word_1_38' title='bbox 937 638 1155 691; x_wconf 87' lang='lat' dir='ltr'><strong>terram,</strong></span> <span class='ocrx_word' id='word_1_39' title='bbox 1187 623 1625 692; x_wconf 74' lang='lat' dir='ltr'><strong>confractumque</strong></span> <span class='ocrx_word' id='word_1_40' title='bbox 1653 638 1774 677; x_wconf 87' lang='lat' dir='ltr'><strong>cum</strong></span> <span class='ocrx_word' id='word_1_41' title='bbox 1820 622 2028 676; x_wconf 82' lang='lat' dir='ltr'><strong>malleis</strong></span> 
     </span>
    </p>
   </div>
   <div class='ocr_carea' id='block_1_8' title="bbox 451 717 2026 793">
    <p class='ocr_par' dir='ltr' id='par_1_8' title="bbox 451 717 2026 793">
     <span class='ocr_line' id='line_1_8' title="bbox 451 717 2026 793; baseline -0.01 -9"><span class='ocrx_word' id='word_1_42' title='bbox 451 728 645 784; x_wconf 77' lang='lat' dir='ltr'><strong>ferreis</strong></span> <span class='ocrx_word' id='word_1_43' title='bbox 674 727 727 780; x_wconf 91' lang='lat' dir='ltr'><strong>in</strong></span> <span class='ocrx_word' id='word_1_44' title='bbox 759 724 1031 793; x_wconf 77' lang='lat' dir='ltr'><strong>pulverem</strong></span> <span class='ocrx_word' id='word_1_45' title='bbox 1074 718 1276 789; x_wconf 87' lang='lat' dir='ltr'><strong>redegi.</strong></span> <span class='ocrx_word' id='word_1_46' title='bbox 1322 717 1439 787; x_wconf 83' lang='lat' dir='ltr'><strong>Ipsa</strong></span> <span class='ocrx_word' id='word_1_47' title='bbox 1467 729 1678 785; x_wconf 86' lang='lat' dir='ltr'><strong>quoque</strong></span> <span class='ocrx_word' id='word_1_48' title='bbox 1708 717 1861 780; x_wconf 89' lang='lat' dir='ltr'><strong>hora,</strong></span> <span class='ocrx_word' id='word_1_49' title='bbox 1904 729 2026 775; x_wconf 88' lang='lat' dir='ltr'><strong>cum</strong></span> 
     </span>
    </p>
   </div>
   <div class='ocr_carea' id='block_1_9' title="bbox 451 808 2024 885">
    <p class='ocr_par' dir='ltr' id='par_1_9' title="bbox 451 808 2024 885">
     <span class='ocr_line' id='line_1_9' title="bbox 451 808 2024 885; baseline -0.011 -9"><span class='ocrx_word' id='word_1_50' title='bbox 451 822 518 877; x_wconf 81' lang='lat' dir='ltr'><strong>ad</strong></span> <span class='ocrx_word' id='word_1_51' title='bbox 537 820 713 875; x_wconf 86' lang='lat' dir='ltr'><strong>cibum</strong></span> <span class='ocrx_word' id='word_1_52' title='bbox 728 814 1044 885; x_wconf 83' lang='lat' dir='ltr'><strong>capiendum</strong></span> <span class='ocrx_word' id='word_1_53' title='bbox 1058 812 1349 872; x_wconf 86' lang='lat' dir='ltr'><strong>venissem,</strong></span> <span class='ocrx_word' id='word_1_54' title='bbox 1381 808 1451 862; x_wconf 89' lang='lat' dir='ltr'><strong>ita</strong></span> <span class='ocrx_word' id='word_1_55' title='bbox 1469 822 1628 863; x_wconf 90' lang='lat' dir='ltr'><strong>omne</strong></span> <span class='ocrx_word' id='word_1_56' title='bbox 1642 819 1837 876; x_wconf 89' lang='lat' dir='ltr'><strong>corpus</strong></span> <span class='ocrx_word' id='word_1_57' title='bbox 1850 820 2024 865; x_wconf 87' lang='lat' dir='ltr'><strong>meum</strong></span> 
     </span>
    </p>
   </div>
   <div class='ocr_carea' id='block_1_10' title="bbox 452 897 2028 978">
    <p class='ocr_par' dir='ltr' id='par_1_10' title="bbox 452 897 2028 978">
     <span class='ocr_line' id='line_1_10' title="bbox 452 897 2028 978; baseline -0.009 -12"><span class='ocrx_word' id='word_1_58' title='bbox 452 925 484 966; x_wconf 86' lang='lat' dir='ltr'><strong>a</strong></span> <span class='ocrx_word' id='word_1_59' title='bbox 507 911 707 968; x_wconf 84' lang='lat' dir='ltr'><strong>vertice</strong></span> <span class='ocrx_word' id='word_1_60' title='bbox 734 921 903 978; x_wconf 86' lang='lat' dir='ltr'><strong>usque</strong></span> <span class='ocrx_word' id='word_1_61' title='bbox 932 906 996 961; x_wconf 84' lang='lat' dir='ltr'><strong>ad</strong></span> <span class='ocrx_word' id='word_1_62' title='bbox 1029 903 1262 973; x_wconf 76' lang='lat' dir='ltr'><strong>plantam</strong></span> <span class='ocrx_word' id='word_1_63' title='bbox 1293 901 1440 970; x_wconf 88' lang='lat' dir='ltr'><strong>pedis</strong></span> <span class='ocrx_word' id='word_1_64' title='bbox 1462 899 1668 969; x_wconf 80' lang='lat' dir='ltr'><strong>pusulis</strong></span> <span class='ocrx_word' id='word_1_65' title='bbox 1689 898 1844 963; x_wconf 83' lang='lat' dir='ltr'><strong>malis</strong></span> <span class='ocrx_word' id='word_1_66' title='bbox 1867 897 2028 966; x_wconf 84' lang='lat' dir='ltr'><strong>reple-</strong></span> 
     </span>
    </p>
   </div>
   <div class='ocr_carea' id='block_1_11' title="bbox 452 992 2027 1068">
    <p class='ocr_par' dir='ltr' id='par_1_11' title="bbox 452 992 2027 1068">
     <span class='ocr_line' id='line_1_11' title="bbox 452 992 2027 1068; baseline -0.009 -9"><span class='ocrx_word' id='word_1_67' title='bbox 452 1017 567 1059; x_wconf 89' lang='lat' dir='ltr'><strong>tum</strong></span> <span class='ocrx_word' id='word_1_68' title='bbox 597 1011 701 1068; x_wconf 74' lang='lat' dir='ltr'><strong>est,</strong></span> <span class='ocrx_word' id='word_1_69' title='bbox 730 1008 788 1055; x_wconf 90' lang='lat' dir='ltr'><strong>ut</strong></span> <span class='ocrx_word' id='word_1_70' title='bbox 810 1000 961 1055; x_wconf 89' lang='lat' dir='ltr'><strong>locus</strong></span> <span class='ocrx_word' id='word_1_71' title='bbox 984 1010 1143 1067; x_wconf 84' lang='lat' dir='ltr'><strong>quem</strong></span> <span class='ocrx_word' id='word_1_72' title='bbox 1176 1007 1313 1049; x_wconf 89' lang='lat' dir='ltr'><strong>unus</strong></span> <span class='ocrx_word' id='word_1_73' title='bbox 1341 992 1540 1062; x_wconf 87' lang='lat' dir='ltr'><strong>digitus</strong></span> <span class='ocrx_word' id='word_1_74' title='bbox 1566 999 1796 1061; x_wconf 76' lang='lat' dir='ltr'><strong>tegeret,</strong></span> <span class='ocrx_word' id='word_1_75' title='bbox 1826 1004 2027 1045; x_wconf 82' lang='lat' dir='ltr'><strong>vacuus</strong></span> 
     </span>
    </p>
   </div>
   <div class='ocr_carea' id='block_1_12' title="bbox 452 1082 2022 1159">
    <p class='ocr_par' dir='ltr' id='par_1_12' title="bbox 452 1082 2022 1159">
     <span class='ocr_line' id='line_1_12' title="bbox 452 1082 2022 1159; baseline -0.011 -7"><span class='ocrx_word' id='word_1_76' title='bbox 452 1096 676 1152; x_wconf 77' lang='lat' dir='ltr'><strong>inveniri</strong></span> <span class='ocrx_word' id='word_1_77' title='bbox 719 1108 826 1149; x_wconf 90' lang='lat' dir='ltr'><strong>non</strong></span> <span class='ocrx_word' id='word_1_78' title='bbox 856 1099 1035 1159; x_wconf 89' lang='lat' dir='ltr'><strong>posset</strong></span> <span class='ocrx_word' id='word_1_79' title='bbox 1084 1106 1097 1143; x_wconf 90' lang='lat'><strong>:</strong></span> <span class='ocrx_word' id='word_1_80' title='bbox 1142 1090 1520 1157; x_wconf 75' lang='lat' dir='ltr'><strong>ingressusque</strong></span> <span class='ocrx_word' id='word_1_81' title='bbox 1551 1085 1822 1139; x_wconf 83' lang='lat' dir='ltr'><strong>basilicam</strong></span> <span class='ocrx_word' id='word_1_82' title='bbox 1854 1082 2022 1151; x_wconf 88' lang='lat' dir='ltr'><strong>solus,</strong></span> 
     </span>
    </p>
   </div>
   <div class='ocr_carea' id='block_1_13' title="bbox 449 1169 2026 1241">
    <p class='ocr_par' dir='ltr' id='par_1_13' title="bbox 449 1169 2026 1241">
     <span class='ocr_line' id='line_1_13' title="bbox 449 1169 2026 1241; baseline -0.011 0"><span class='ocrx_word' id='word_1_83' title='bbox 449 1183 712 1241; x_wconf 87' lang='lat' dir='ltr'><strong>denudavi</strong></span> <span class='ocrx_word' id='word_1_84' title='bbox 736 1198 821 1236; x_wconf 90' lang='lat' dir='ltr'><strong>me</strong></span> <span class='ocrx_word' id='word_1_85' title='bbox 839 1194 1020 1236; x_wconf 88' lang='lat' dir='ltr'><strong>coram</strong></span> <span class='ocrx_word' id='word_1_86' title='bbox 1044 1186 1229 1233; x_wconf 89' lang='lat' dir='ltr'><strong>sancto</strong></span> <span class='ocrx_word' id='word_1_87' title='bbox 1256 1174 1467 1230; x_wconf 88' lang='lat' dir='ltr'><strong>altario.</strong></span> <span class='ocrx_word' id='word_1_88' title='bbox 1496 1172 1764 1233; x_wconf 80' lang='lat' dir='ltr'><strong>Habebam</strong></span> <span class='ocrx_word' id='word_1_89' title='bbox 1787 1172 1926 1224; x_wconf 89' lang='lat' dir='ltr'><strong>enim</strong></span> <span class='ocrx_word' id='word_1_90' title='bbox 1952 1169 2026 1224; x_wconf 91' lang='lat' dir='ltr'><strong>ibi</strong></span> 
     </span>
    </p>
   </div>
   <div class='ocr_carea' id='block_1_14' title="bbox 449 1260 2022 1346">
    <p class='ocr_par' dir='ltr' id='par_1_14' title="bbox 449 1260 2022 1346">
     <span class='ocr_line' id='line_1_14' title="bbox 449 1260 2022 1346; baseline -0.013 -12"><span class='ocrx_word' id='word_1_91' title='bbox 449 1278 734 1346; x_wconf 83' lang='lat' dir='ltr'><strong>ampullam</strong></span> <span class='ocrx_word' id='word_1_92' title='bbox 764 1290 885 1329; x_wconf 87' lang='lat' dir='ltr'><strong>cum</strong></span> <span class='ocrx_word' id='word_1_93' title='bbox 915 1273 1035 1325; x_wconf 91' lang='lat' dir='ltr'><strong>oleo</strong></span> <span class='ocrx_word' id='word_1_94' title='bbox 1064 1269 1299 1339; x_wconf 84' lang='lat' dir='ltr'><strong>plenam,</strong></span> <span class='ocrx_word' id='word_1_95' title='bbox 1324 1280 1481 1336; x_wconf 86' lang='lat' dir='ltr'><strong>quam</strong></span> <span class='ocrx_word' id='word_1_96' title='bbox 1510 1264 1580 1321; x_wconf 86' lang='lat' dir='ltr'><strong>de</strong></span> <span class='ocrx_word' id='word_1_97' title='bbox 1607 1263 1777 1319; x_wconf 82' lang='lat' dir='ltr'><strong>sancti</strong></span> <span class='ocrx_word' id='word_1_98' title='bbox 1807 1260 2022 1316; x_wconf 81' lang='lat' dir='ltr'><strong>Martini</strong></span> 
     </span>
    </p>
   </div>
   <div class='ocr_carea' id='block_1_15' title="bbox 448 1353 2026 1429">
    <p class='ocr_par' dir='ltr' id='par_1_15' title="bbox 448 1353 2026 1429">
     <span class='ocr_line' id='line_1_15' title="bbox 448 1353 2026 1429; baseline -0.013 -2"><span class='ocrx_word' id='word_1_99' title='bbox 448 1367 664 1428; x_wconf 83' lang='lat' dir='ltr'><strong>basilica</strong></span> <span class='ocrx_word' id='word_1_100' title='bbox 697 1364 991 1420; x_wconf 81' lang='lat' dir='ltr'><strong>detuleram</strong></span> <span class='ocrx_word' id='word_1_101' title='bbox 1040 1377 1053 1413; x_wconf 91' lang='lat'><strong>:</strong></span> <span class='ocrx_word' id='word_1_102' title='bbox 1094 1375 1160 1414; x_wconf 84' lang='lat' dir='ltr'><strong>ex</strong></span> <span class='ocrx_word' id='word_1_103' title='bbox 1183 1374 1286 1429; x_wconf 91' lang='lat' dir='ltr'><strong>qua</strong></span> <span class='ocrx_word' id='word_1_104' title='bbox 1314 1353 1542 1427; x_wconf 81' lang='lat' dir='ltr'><strong>prepriis</strong></span> <span class='ocrx_word' id='word_1_105' title='bbox 1566 1354 1809 1413; x_wconf 84' lang='lat' dir='ltr'><strong>manibus</strong></span> <span class='ocrx_word' id='word_1_106' title='bbox 1839 1367 2026 1407; x_wconf 88' lang='lat' dir='ltr'><strong>omnes</strong></span> 
     </span>
    </p>
   </div>
   <div class='ocr_carea' id='block_1_16' title="bbox 443 1444 2026 1530">
    <p class='ocr_par' dir='ltr' id='par_1_16' title="bbox 443 1444 2026 1530">
     <span class='ocr_line' id='line_1_16' title="bbox 443 1444 2026 1530; baseline -0.021 -13"><span class='ocrx_word' id='word_1_107' title='bbox 443 1472 594 1517; x_wconf 85' lang='lat' dir='ltr'><strong>artus</strong></span> <span class='ocrx_word' id='word_1_108' title='bbox 622 1456 862 1530; x_wconf 82' lang='lat' dir='ltr'><strong>perunxi,</strong></span> <span class='ocrx_word' id='word_1_109' title='bbox 891 1468 1119 1522; x_wconf 78' lang='lat' dir='ltr'><strong>moxque</strong></span> <span class='ocrx_word' id='word_1_110' title='bbox 1140 1450 1319 1519; x_wconf 80' lang='lat' dir='ltr'><strong>sopori</strong></span> <span class='ocrx_word' id='word_1_111' title='bbox 1352 1450 1554 1505; x_wconf 87' lang='lat' dir='ltr'><strong>Iocatus</strong></span> <span class='ocrx_word' id='word_1_112' title='bbox 1582 1460 1722 1500; x_wconf 72' lang='lat' dir='ltr'><strong>sum.</strong></span> <span class='ocrx_word' id='word_1_113' title='bbox 1752 1444 2026 1514; x_wconf 67' lang='lat' dir='ltr'><strong>Elperge-</strong></span> 
     </span>
    </p>
   </div>
   <div class='ocr_carea' id='block_1_17' title="bbox 445 1537 2023 1610">
    <p class='ocr_par' dir='ltr' id='par_1_17' title="bbox 445 1537 2023 1610">
     <span class='ocr_line' id='line_1_17' title="bbox 445 1537 2023 1610; baseline -0.013 -1"><span class='ocrx_word' id='word_1_114' title='bbox 445 1555 618 1610; x_wconf 84' lang='lat' dir='ltr'><strong>Iactus</strong></span> <span class='ocrx_word' id='word_1_115' title='bbox 660 1565 789 1604; x_wconf 90' lang='lat' dir='ltr'><strong>vero</strong></span> <span class='ocrx_word' id='word_1_116' title='bbox 839 1547 985 1601; x_wconf 90' lang='lat' dir='ltr'><strong>circa</strong></span> <span class='ocrx_word' id='word_1_117' title='bbox 1037 1542 1270 1597; x_wconf 90' lang='lat' dir='ltr'><strong>medium</strong></span> <span class='ocrx_word' id='word_1_118' title='bbox 1318 1540 1521 1607; x_wconf 82' lang='lat' dir='ltr'><strong>noctis,</strong></span> <span class='ocrx_word' id='word_1_119' title='bbox 1560 1552 1683 1593; x_wconf 90' lang='lat' dir='ltr'><strong>cum</strong></span> <span class='ocrx_word' id='word_1_120' title='bbox 1714 1537 1777 1591; x_wconf 88' lang='lat' dir='ltr'><strong>ad</strong></span> <span class='ocrx_word' id='word_1_121' title='bbox 1807 1551 2023 1592; x_wconf 85' lang='lat' dir='ltr'><strong>cursum</strong></span> 
     </span>
    </p>
   </div>
   <div class='ocr_carea' id='block_1_18' title="bbox 444 1629 2024 1709">
    <p class='ocr_par' dir='ltr' id='par_1_18' title="bbox 444 1629 2024 1709">
     <span class='ocr_line' id='line_1_18' title="bbox 444 1629 2024 1709; baseline -0.011 -8"><span class='ocrx_word' id='word_1_122' title='bbox 444 1644 776 1702; x_wconf 88' lang='lat' dir='ltr'><strong>reddendum</strong></span> <span class='ocrx_word' id='word_1_123' title='bbox 808 1648 834 1677; x_wconf 82' lang='grc' dir='ltr'><strong>ιι</strong></span> <span class='ocrx_word' id='word_1_124' title='bbox 863 1651 1171 1709; x_wconf 74' lang='lat' dir='ltr'><strong>sttrgcrem,</strong></span> <span class='ocrx_word' id='word_1_125' title='bbox 1209 1634 1279 1688; x_wconf 88' lang='lat' dir='ltr'><strong>ita</strong></span> <span class='ocrx_word' id='word_1_126' title='bbox 1319 1646 1513 1701; x_wconf 86' lang='lat' dir='ltr'><strong>corpus</strong></span> <span class='ocrx_word' id='word_1_127' title='bbox 1554 1640 1721 1685; x_wconf 92' lang='lat' dir='ltr'><strong>totum</strong></span> <span class='ocrx_word' id='word_1_128' title='bbox 1754 1629 2024 1685; x_wconf 85' lang='lat' dir='ltr'><strong>incolume</strong></span> 
     </span>
    </p>
   </div>
   <div class='ocr_carea' id='block_1_19' title="bbox 2127 442 3641 519">
    <p class='ocr_par' dir='ltr' id='par_1_19' title="bbox 2127 442 3641 519">
     <span class='ocr_line' id='line_1_19' title="bbox 2127 442 3641 519; baseline 0.01 -24"><span class='ocrx_word' id='word_1_129' title='bbox 2127 442 2203 501; x_wconf 88' lang='lat' dir='ltr'><strong>ait</strong></span> <span class='ocrx_word' id='word_1_130' title='bbox 2231 459 2245 495; x_wconf 87' lang='lat'><strong>:</strong></span> <span class='ocrx_word' id='word_1_131' title='bbox 2277 443 2365 503; x_wconf 86' lang='lat' dir='ltr'><strong>Ibo</strong></span> <span class='ocrx_word' id='word_1_132' title='bbox 2393 445 2458 499; x_wconf 87' lang='lat' dir='ltr'><strong>ad</strong></span> <span class='ocrx_word' id='word_1_133' title='bbox 2507 443 2779 507; x_wconf 71' lang='lat' dir='ltr'><strong>basilicam</strong></span> <span class='ocrx_word' id='word_1_134' title='bbox 2828 443 2966 505; x_wconf 82' lang='lat' dir='ltr'><strong>beati</strong></span> <span class='ocrx_word' id='word_1_135' title='bbox 2998 444 3241 511; x_wconf 78' lang='lat' dir='ltr'><strong>Martini,</strong></span> <span class='ocrx_word' id='word_1_136' title='bbox 3273 458 3322 518; x_wconf 72' lang='lat' dir='ltr'><strong>et</strong></span> <span class='ocrx_word' id='word_1_137' title='bbox 3345 465 3641 519; x_wconf 68' lang='lat' dir='ltr'><strong>sacramenti.</strong></span> 
     </span>
    </p>
   </div>
   <div class='ocr_carea' id='block_1_20' title="bbox 2128 534 3643 619">
    <p class='ocr_par' dir='ltr' id='par_1_20' title="bbox 2128 534 3643 619">
     <span class='ocr_line' id='line_1_20' title="bbox 2128 534 3643 619; baseline 0.014 -35"><span class='ocrx_word' id='word_1_138' title='bbox 2128 545 2215 585; x_wconf 90' lang='lat' dir='ltr'><strong>me</strong></span> <span class='ocrx_word' id='word_1_139' title='bbox 2278 547 2500 599; x_wconf 73' lang='lat' dir='ltr'><strong>exuens,</strong></span> <span class='ocrx_word' id='word_1_140' title='bbox 2558 534 2813 589; x_wconf 87' lang='lat' dir='ltr'><strong>innocens</strong></span> <span class='ocrx_word' id='word_1_141' title='bbox 2856 534 3070 590; x_wconf 89' lang='lat' dir='ltr'><strong>reddar.</strong></span> <span class='ocrx_word' id='word_1_142' title='bbox 3134 537 3244 603; x_wconf 86' lang='lat' dir='ltr'><strong>Quo</strong></span> <span class='ocrx_word' id='word_1_143' title='bbox 3309 540 3643 619; x_wconf 75' lang='lat' dir='ltr'><strong>ingrediente,</strong></span> 
     </span>
    </p>
   </div>
   <div class='ocr_carea' id='block_1_21' title="bbox 2128 621 3645 709">
    <p class='ocr_par' dir='ltr' id='par_1_21' title="bbox 2128 621 3645 709">
     <span class='ocr_line' id='line_1_21' title="bbox 2128 621 3645 709; baseline 0.011 -32"><span class='ocrx_word' id='word_1_144' title='bbox 2128 621 2308 691; x_wconf 73' lang='lat' dir='ltr'><strong>elapsa</strong></span> <span class='ocrx_word' id='word_1_145' title='bbox 2337 626 2509 680; x_wconf 86' lang='lat' dir='ltr'><strong>securi</strong></span> <span class='ocrx_word' id='word_1_146' title='bbox 2537 625 2605 681; x_wconf 88' lang='lat' dir='ltr'><strong>de</strong></span> <span class='ocrx_word' id='word_1_147' title='bbox 2652 642 2810 680; x_wconf 84' lang='lat' dir='ltr'><strong>manu</strong></span> <span class='ocrx_word' id='word_1_148' title='bbox 2851 625 2987 696; x_wconf 84' lang='lat' dir='ltr'><strong>ejus,</strong></span> <span class='ocrx_word' id='word_1_149' title='bbox 3020 626 3085 689; x_wconf 81' lang='lat' dir='ltr'><strong>ad</strong></span> <span class='ocrx_word' id='word_1_150' title='bbox 3138 632 3320 685; x_wconf 87' lang='lat' dir='ltr'><strong>ostium</strong></span> <span class='ocrx_word' id='word_1_151' title='bbox 3371 636 3484 703; x_wconf 89' lang='lat' dir='ltr'><strong>ruit,</strong></span> <span class='ocrx_word' id='word_1_152' title='bbox 3521 644 3645 709; x_wconf 81' lang='lat' dir='ltr'><strong>gravi</strong></span> 
     </span>
    </p>
   </div>
   <div class='ocr_carea' id='block_1_22' title="bbox 2094 716 3652 791">
    <p class='ocr_par' dir='ltr' id='par_1_22' title="bbox 2094 716 3652 791">
     <span class='ocr_line' id='line_1_22' title="bbox 2094 716 3652 791; baseline 0.009 -22"><span class='ocrx_word' id='word_1_153' title='bbox 2094 724 2107 739; x_wconf 86' lang='lat'><em>’</em></span> <span class='ocrx_word' id='word_1_154' title='bbox 2126 716 2304 779; x_wconf 80' lang='lat' dir='ltr'><strong>cordis</strong></span> <span class='ocrx_word' id='word_1_155' title='bbox 2332 716 2517 772; x_wconf 91' lang='lat' dir='ltr'><strong>dolore</strong></span> <span class='ocrx_word' id='word_1_156' title='bbox 2542 719 2842 784; x_wconf 89' lang='lat' dir='ltr'><strong>perculsus,</strong></span> <span class='ocrx_word' id='word_1_157' title='bbox 2878 719 3259 790; x_wconf 77' lang='lat' dir='ltr'><strong>confessusque</strong></span> <span class='ocrx_word' id='word_1_158' title='bbox 3286 734 3364 780; x_wconf 87' lang='lat' dir='ltr'><strong>est</strong></span> <span class='ocrx_word' id='word_1_159' title='bbox 3383 729 3528 791; x_wconf 71' lang='lat' dir='ltr'><strong>mirer</strong></span> <span class='ocrx_word' id='word_1_160' title='bbox 3551 748 3652 786; x_wconf 80' lang='lat' dir='ltr'><strong>ver.</strong></span> 
     </span>
    </p>
   </div>
   <div class='ocr_carea' id='block_1_23' title="bbox 2127 805 3650 883">
    <p class='ocr_par' dir='ltr' id='par_1_23' title="bbox 2127 805 3650 883">
     <span class='ocr_line' id='line_1_23' title="bbox 2127 805 3650 883; baseline 0.012 -24"><span class='ocrx_word' id='word_1_161' title='bbox 2127 805 2209 860; x_wconf 87' lang='lat' dir='ltr'><strong>bis</strong></span> <span class='ocrx_word' id='word_1_162' title='bbox 2250 808 2498 874; x_wconf 80' lang='lat' dir='ltr'><strong>propriis,</strong></span> <span class='ocrx_word' id='word_1_163' title='bbox 2546 822 2666 876; x_wconf 75' lang='lat' dir='ltr'><strong>qum</strong></span> <span class='ocrx_word' id='word_1_164' title='bbox 2694 822 2910 873; x_wconf 86' lang='lat' dir='ltr'><strong>venerat</strong></span> <span class='ocrx_word' id='word_1_165' title='bbox 2944 825 3199 866; x_wconf 76' lang='lat' dir='ltr'><strong>excusare</strong></span> <span class='ocrx_word' id='word_1_166' title='bbox 3238 817 3484 883; x_wconf 89' lang='lat' dir='ltr'><strong>perjuriis.</strong></span> <span class='ocrx_word' id='word_1_167' title='bbox 3519 822 3650 879; x_wconf 82' lang='lat' dir='ltr'><strong>Alius</strong></span> 
     </span>
    </p>
   </div>
   <div class='ocr_carea' id='block_1_24' title="bbox 2125 896 3653 967">
    <p class='ocr_par' dir='ltr' id='par_1_24' title="bbox 2125 896 3653 967">
     <span class='ocr_line' id='line_1_24' title="bbox 2125 896 3653 967; baseline 0.01 -16"><span class='ocrx_word' id='word_1_168' title='bbox 2125 896 2289 953; x_wconf 90' lang='lat' dir='ltr'><strong>simili</strong></span> <span class='ocrx_word' id='word_1_169' title='bbox 2320 897 2481 951; x_wconf 90' lang='lat' dir='ltr'><strong>modo</strong></span> <span class='ocrx_word' id='word_1_170' title='bbox 2508 913 2628 952; x_wconf 88' lang='lat' dir='ltr'><strong>cum</strong></span> <span class='ocrx_word' id='word_1_171' title='bbox 2660 898 2727 953; x_wconf 92' lang='lat' dir='ltr'><strong>de</strong></span> <span class='ocrx_word' id='word_1_172' title='bbox 2777 899 3037 955; x_wconf 74' lang='lat' dir='ltr'><strong>incendiis</strong></span> <span class='ocrx_word' id='word_1_173' title='bbox 3078 901 3260 956; x_wconf 89' lang='lat' dir='ltr'><strong>domus</strong></span> <span class='ocrx_word' id='word_1_174' title='bbox 3288 906 3434 961; x_wconf 89' lang='lat' dir='ltr'><strong>vicini</strong></span> <span class='ocrx_word' id='word_1_175' title='bbox 3484 914 3556 965; x_wconf 85' lang='lat' dir='ltr'><strong>sui</strong></span> <span class='ocrx_word' id='word_1_176' title='bbox 3581 929 3653 967; x_wconf 86' lang='lat' dir='ltr'><strong>ar-</strong></span> 
     </span>
    </p>
   </div>
   <div class='ocr_carea' id='block_1_25' title="bbox 2126 988 3651 1065">
    <p class='ocr_par' dir='ltr' id='par_1_25' title="bbox 2126 988 3651 1065">
     <span class='ocr_line' id='line_1_25' title="bbox 2126 988 3651 1065; baseline 0.011 -26"><span class='ocrx_word' id='word_1_177' title='bbox 2126 996 2398 1056; x_wconf 87' lang='lat' dir='ltr'><strong>gueretur,</strong></span> <span class='ocrx_word' id='word_1_178' title='bbox 2425 988 2499 1042; x_wconf 94' lang='lat' dir='ltr'><strong>ait</strong></span> <span class='ocrx_word' id='word_1_179' title='bbox 2540 1003 2557 1042; x_wconf 87' lang='lat'><strong>:</strong></span> <span class='ocrx_word' id='word_1_180' title='bbox 2592 988 2789 1043; x_wconf 81' lang='lat' dir='ltr'><strong>Vadam</strong></span> <span class='ocrx_word' id='word_1_181' title='bbox 2839 991 2904 1065; x_wconf 85' lang='lat' dir='ltr'><strong>ad</strong></span> <span class='ocrx_word' id='word_1_182' title='bbox 2957 992 3206 1059; x_wconf 87' lang='lat' dir='ltr'><strong>templum</strong></span> <span class='ocrx_word' id='word_1_183' title='bbox 3257 996 3417 1049; x_wconf 86' lang='lat' dir='ltr'><strong>sancti</strong></span> <span class='ocrx_word' id='word_1_184' title='bbox 3456 999 3651 1065; x_wconf 74' lang='lat' dir='ltr'><strong>Martini,</strong></span> 
     </span>
    </p>
   </div>
   <div class='ocr_carea' id='block_1_26' title="bbox 2127 1077 3655 1148">
    <p class='ocr_par' dir='ltr' id='par_1_26' title="bbox 2127 1077 3655 1148">
     <span class='ocr_line' id='line_1_26' title="bbox 2127 1077 3655 1148; baseline 0.012 -18"><span class='ocrx_word' id='word_1_185' title='bbox 2127 1085 2184 1130; x_wconf 85' lang='lat' dir='ltr'><strong>et</strong></span> <span class='ocrx_word' id='word_1_186' title='bbox 2213 1077 2310 1130; x_wconf 74' lang='lat' dir='ltr'><strong>Iidr</strong></span> <span class='ocrx_word' id='word_1_187' title='bbox 2361 1078 2484 1133; x_wconf 90' lang='lat' dir='ltr'><strong>data</strong></span> <span class='ocrx_word' id='word_1_188' title='bbox 2515 1080 2697 1134; x_wconf 90' lang='lat' dir='ltr'><strong>insons</strong></span> <span class='ocrx_word' id='word_1_189' title='bbox 2727 1080 3035 1137; x_wconf 73' lang='lat' dir='ltr'><strong>redditurus</strong></span> <span class='ocrx_word' id='word_1_190' title='bbox 3076 1093 3099 1121; x_wconf 72' lang='grc' dir='ltr'><strong>ε</strong></span> <span class='ocrx_word' id='word_1_191' title='bbox 3130 1098 3220 1137; x_wconf 91' lang='lat' dir='ltr'><strong>ero</strong></span> <span class='ocrx_word' id='word_1_192' title='bbox 3247 1086 3310 1139; x_wconf 88' lang='lat' dir='ltr'><strong>ab</strong></span> <span class='ocrx_word' id='word_1_193' title='bbox 3328 1086 3419 1142; x_wconf 90' lang='lat' dir='ltr'><strong>hoc</strong></span> <span class='ocrx_word' id='word_1_194' title='bbox 3444 1090 3655 1148; x_wconf 77' lang='lat' dir='ltr'><strong>crimine.</strong></span> 
     </span>
    </p>
   </div>
   <div class='ocr_carea' id='block_1_27' title="bbox 2126 1168 3650 1236">
    <p class='ocr_par' dir='ltr' id='par_1_27' title="bbox 2126 1168 3650 1236">
     <span class='ocr_line' id='line_1_27' title="bbox 2126 1168 3650 1236; baseline 0.009 -14"><span class='ocrx_word' id='word_1_195' title='bbox 2126 1168 2459 1228; x_wconf 80' lang='lat' dir='ltr'><strong>Manifesuun</strong></span> <span class='ocrx_word' id='word_1_196' title='bbox 2503 1184 2623 1225; x_wconf 84' lang='lat' dir='ltr'><strong>erat</strong></span> <span class='ocrx_word' id='word_1_197' title='bbox 2650 1170 2791 1223; x_wconf 85' lang='lat' dir='ltr'><strong>enim</strong></span> <span class='ocrx_word' id='word_1_198' title='bbox 2851 1171 2992 1226; x_wconf 89' lang='lat' dir='ltr'><strong>hunc</strong></span> <span class='ocrx_word' id='word_1_199' title='bbox 3018 1172 3232 1228; x_wconf 87' lang='lat' dir='ltr'><strong>domum</strong></span> <span class='ocrx_word' id='word_1_200' title='bbox 3263 1175 3396 1231; x_wconf 89' lang='lat' dir='ltr'><strong>illam</strong></span> <span class='ocrx_word' id='word_1_201' title='bbox 3447 1180 3650 1236; x_wconf 75' lang='lat' dir='ltr'><strong>incendit</strong></span> 
     </span>
    </p>
   </div>
   <div class='ocr_carea' id='block_1_28' title="bbox 2129 1261 3656 1338">
    <p class='ocr_par' dir='ltr' id='par_1_28' title="bbox 2129 1261 3656 1338">
     <span class='ocr_line' id='line_1_28' title="bbox 2129 1261 3656 1338; baseline 0.008 -25"><span class='ocrx_word' id='word_1_202' title='bbox 2129 1272 2524 1314; x_wconf 83' lang='lat' dir='ltr'><strong>concremasse.</strong></span> <span class='ocrx_word' id='word_1_203' title='bbox 2570 1261 2771 1314; x_wconf 79' lang='lat' dir='ltr'><strong>Abiens</strong></span> <span class='ocrx_word' id='word_1_204' title='bbox 2813 1270 2990 1316; x_wconf 90' lang='lat' dir='ltr'><strong>antem</strong></span> <span class='ocrx_word' id='word_1_205' title='bbox 3036 1262 3104 1316; x_wconf 89' lang='lat' dir='ltr'><strong>ad</strong></span> <span class='ocrx_word' id='word_1_206' title='bbox 3140 1278 3455 1325; x_wconf 89' lang='lat' dir='ltr'><strong>sacramenta</strong></span> <span class='ocrx_word' id='word_1_207' title='bbox 3493 1269 3656 1338; x_wconf 85' lang='lat' dir='ltr'><strong>danda,</strong></span> 
     </span>
    </p>
   </div>
   <div class='ocr_carea' id='block_1_29' title="bbox 2130 1351 3660 1426">
    <p class='ocr_par' dir='ltr' id='par_1_29' title="bbox 2130 1351 3660 1426">
     <span class='ocr_line' id='line_1_29' title="bbox 2130 1351 3660 1426; baseline 0.01 -23"><span class='ocrx_word' id='word_1_208' title='bbox 2130 1366 2420 1406; x_wconf 88' lang='lat' dir='ltr'><strong>conversus</strong></span> <span class='ocrx_word' id='word_1_209' title='bbox 2454 1351 2519 1406; x_wconf 88' lang='lat' dir='ltr'><strong>ad</strong></span> <span class='ocrx_word' id='word_1_210' title='bbox 2566 1368 2687 1415; x_wconf 85' lang='lat' dir='ltr'><strong>eum</strong></span> <span class='ocrx_word' id='word_1_211' title='bbox 2714 1391 2736 1426; x_wconf 1' lang='lat' dir='ltr'><strong>p,</strong></span> <span class='ocrx_word' id='word_1_212' title='bbox 2770 1353 2879 1408; x_wconf 66' lang='lat' dir='ltr'><strong>disi</strong></span> <span class='ocrx_word' id='word_1_213' title='bbox 2927 1354 2974 1408; x_wconf 89' lang='lat' dir='ltr'><strong>ei</strong></span> <span class='ocrx_word' id='word_1_214' title='bbox 3030 1372 3043 1408; x_wconf 89' lang='lat'><strong>:</strong></span> <span class='ocrx_word' id='word_1_215' title='bbox 3096 1354 3353 1422; x_wconf 87' lang='lat' dir='ltr'><strong>Quantum</strong></span> <span class='ocrx_word' id='word_1_216' title='bbox 3403 1360 3660 1419; x_wconf 85' lang='lat' dir='ltr'><strong>vicinorum</strong></span> 
     </span>
    </p>
   </div>
   <div class='ocr_carea' id='block_1_30' title="bbox 2131 1443 3662 1511">
    <p class='ocr_par' dir='ltr' id='par_1_30' title="bbox 2131 1443 3662 1511">
     <span class='ocr_line' id='line_1_30' title="bbox 2131 1443 3662 1511; baseline 0.003 -12"><span class='ocrx_word' id='word_1_217' title='bbox 2131 1450 2341 1499; x_wconf 86' lang='lat' dir='ltr'><strong>tuorum</strong></span> <span class='ocrx_word' id='word_1_218' title='bbox 2380 1443 2547 1497; x_wconf 83' lang='lat' dir='ltr'><strong>dictat</strong></span> <span class='ocrx_word' id='word_1_219' title='bbox 2597 1446 2823 1498; x_wconf 83' lang='lat' dir='ltr'><strong>assertio</strong></span> <span class='ocrx_word' id='word_1_220' title='bbox 2847 1486 2862 1510; x_wconf 93' lang='lat'><strong>,</strong></span> <span class='ocrx_word' id='word_1_221' title='bbox 2896 1460 3000 1499; x_wconf 92' lang='lat' dir='ltr'><strong>non</strong></span> <span class='ocrx_word' id='word_1_222' title='bbox 3040 1447 3149 1502; x_wconf 88' lang='lat' dir='ltr'><strong>eris</strong></span> <span class='ocrx_word' id='word_1_223' title='bbox 3191 1448 3436 1511; x_wconf 81' lang='lat' dir='ltr'><strong>innocens</strong></span> <span class='ocrx_word' id='word_1_224' title='bbox 3472 1453 3532 1507; x_wconf 91' lang='lat' dir='ltr'><strong>ab</strong></span> <span class='ocrx_word' id='word_1_225' title='bbox 3580 1454 3662 1510; x_wconf 81' lang='lat' dir='ltr'><strong>hoc</strong></span> 
     </span>
    </p>
   </div>
   <div class='ocr_carea' id='block_1_31' title="bbox 2130 1534 3666 1614">
    <p class='ocr_par' dir='ltr' id='par_1_31' title="bbox 2130 1534 3666 1614">
     <span class='ocr_line' id='line_1_31' title="bbox 2130 1534 3666 1614; baseline 0.009 -24"><span class='ocrx_word' id='word_1_226' title='bbox 2130 1536 2357 1600; x_wconf 77' lang='lat' dir='ltr'><strong>scelere;</strong></span> <span class='ocrx_word' id='word_1_227' title='bbox 2380 1534 2475 1589; x_wconf 90' lang='lat' dir='ltr'><strong>sed</strong></span> <span class='ocrx_word' id='word_1_228' title='bbox 2501 1545 2675 1590; x_wconf 87' lang='lat' dir='ltr'><strong>tamen</strong></span> <span class='ocrx_word' id='word_1_229' title='bbox 2700 1535 2835 1589; x_wconf 89' lang='lat' dir='ltr'><strong>Deus</strong></span> <span class='ocrx_word' id='word_1_230' title='bbox 2860 1538 3053 1605; x_wconf 85' lang='lat' dir='ltr'><strong>ubique</strong></span> <span class='ocrx_word' id='word_1_231' title='bbox 3074 1546 3177 1604; x_wconf 90' lang='lat' dir='ltr'><strong>est,</strong></span> <span class='ocrx_word' id='word_1_232' title='bbox 3193 1548 3248 1593; x_wconf 87' lang='lat' dir='ltr'><strong>et</strong></span> <span class='ocrx_word' id='word_1_233' title='bbox 3271 1542 3427 1607; x_wconf 83' lang='lat' dir='ltr'><strong>virtus</strong></span> <span class='ocrx_word' id='word_1_234' title='bbox 3442 1544 3547 1612; x_wconf 88' lang='lat' dir='ltr'><strong>ejus</strong></span> <span class='ocrx_word' id='word_1_235' title='bbox 3570 1545 3666 1614; x_wconf 79' lang='lat' dir='ltr'><strong>ipsa</strong></span> 
     </span>
    </p>
   </div>
   <div class='ocr_carea' id='block_1_32' title="bbox 2126 1625 3666 1694">
    <p class='ocr_par' dir='ltr' id='par_1_32' title="bbox 2126 1625 3666 1694">
     <span class='ocr_line' id='line_1_32' title="bbox 2126 1625 3666 1694; baseline 0.007 -14"><span class='ocrx_word' id='word_1_236' title='bbox 2126 1636 2209 1680; x_wconf 85' lang='lat' dir='ltr'><strong>est</strong></span> <span class='ocrx_word' id='word_1_237' title='bbox 2242 1625 2561 1692; x_wconf 81' lang='lat' dir='ltr'><strong>forinsecus,</strong></span> <span class='ocrx_word' id='word_1_238' title='bbox 2607 1640 2726 1694; x_wconf 62' lang='lat' dir='ltr'><strong>quae</strong></span> <span class='ocrx_word' id='word_1_239' title='bbox 2773 1625 3000 1682; x_wconf 87' lang='lat' dir='ltr'><strong>habetur</strong></span> <span class='ocrx_word' id='word_1_240' title='bbox 3022 1630 3355 1685; x_wconf 85' lang='lat' dir='ltr'><strong>intrinsecus.</strong></span> <span class='ocrx_word' id='word_1_241' title='bbox 3402 1633 3580 1690; x_wconf 84' lang='lat' dir='ltr'><strong>Tamen</strong></span> <span class='ocrx_word' id='word_1_242' title='bbox 3629 1638 3666 1691; x_wconf 67' lang='lat' dir='ltr'><strong>si</strong></span> 
     </span>
    </p>
   </div>
   <div class='ocr_carea' id='block_1_33' title="bbox 443 1715 3669 1805">
    <p class='ocr_par' dir='ltr' id='par_1_33' title="bbox 443 1715 3669 1805">
     <span class='ocr_line' id='line_1_33' title="bbox 443 1715 3669 1805; baseline 0.002 -30"><span class='ocrx_word' id='word_1_243' title='bbox 443 1735 621 1805; x_wconf 59' lang='lat' dir='ltr'><strong>reperi</strong></span> <span class='ocrx_word' id='word_1_244' title='bbox 648 1774 663 1797; x_wconf 71' lang='grc'>,</span> <span class='ocrx_word' id='word_1_245' title='bbox 695 1745 758 1784; x_wconf 85' lang='lat' dir='ltr'><strong>ac</strong></span> <span class='ocrx_word' id='word_1_246' title='bbox 804 1732 873 1782; x_wconf 59' lang='lat' dir='ltr'><strong>si:</strong></span> <span class='ocrx_word' id='word_1_247' title='bbox 900 1728 1100 1781; x_wconf 89' lang='lat' dir='ltr'><strong>nullum</strong></span> <span class='ocrx_word' id='word_1_248' title='bbox 1138 1738 1300 1791; x_wconf 85' lang='lat' dir='ltr'><strong>super</strong></span> <span class='ocrx_word' id='word_1_249' title='bbox 1344 1736 1430 1775; x_wconf 92' lang='lat' dir='ltr'><strong>me</strong></span> <span class='ocrx_word' id='word_1_250' title='bbox 1475 1720 1624 1775; x_wconf 91' lang='lat' dir='ltr'><strong>ulcus</strong></span> <span class='ocrx_word' id='word_1_251' title='bbox 1661 1716 2016 1805; x_wconf 85' lang='lat' dir='ltr'><strong>apparuisset.</strong></span> <span class='ocrx_word' id='word_1_252' title='bbox 2050 1718 2098 1779; x_wconf 78' lang='grc' dir='ltr'><strong><em>Β</em></strong></span> <span class='ocrx_word' id='word_1_253' title='bbox 2125 1715 2192 1769; x_wconf 89' lang='lat' dir='ltr'><strong>ita</strong></span> <span class='ocrx_word' id='word_1_254' title='bbox 2225 1722 2277 1770; x_wconf 91' lang='lat' dir='ltr'><strong>te</strong></span> <span class='ocrx_word' id='word_1_255' title='bbox 2307 1730 2440 1770; x_wconf 82' lang='lat' dir='ltr'><strong>vana</strong></span> <span class='ocrx_word' id='word_1_256' title='bbox 2489 1716 2679 1777; x_wconf 80' lang='lat' dir='ltr'><strong>ﬁducia</strong></span> <span class='ocrx_word' id='word_1_257' title='bbox 2708 1716 2885 1786; x_wconf 88' lang='lat' dir='ltr'><strong>cepit,</strong></span> <span class='ocrx_word' id='word_1_258' title='bbox 2921 1717 3061 1787; x_wconf 89' lang='lat' dir='ltr'><strong>quod</strong></span> <span class='ocrx_word' id='word_1_259' title='bbox 3117 1719 3258 1774; x_wconf 87' lang='lat' dir='ltr'><strong>Deus</strong></span> <span class='ocrx_word' id='word_1_260' title='bbox 3285 1723 3366 1776; x_wconf 89' lang='lat' dir='ltr'><strong>vel</strong></span> <span class='ocrx_word' id='word_1_261' title='bbox 3395 1734 3549 1796; x_wconf 76' lang='lat' dir='ltr'><strong>sancti</strong></span> <span class='ocrx_word' id='word_1_262' title='bbox 3573 1727 3669 1794; x_wconf 80' lang='lat' dir='ltr'><strong>ejus</strong></span> 
     </span>
    </p>
   </div>
   <div class='ocr_carea' id='block_1_34' title="bbox 445 1804 2022 1889">
    <p class='ocr_par' dir='ltr' id='par_1_34' title="bbox 445 1804 2022 1889">
     <span class='ocr_line' id='line_1_34' title="bbox 445 1804 2022 1889; baseline -0.01 -13"><span class='ocrx_word' id='word_1_263' title='bbox 445 1804 577 1889; x_wconf 61' lang='lat' dir='ltr'><strong>Quae</strong></span> <span class='ocrx_word' id='word_1_264' title='bbox 629 1820 845 1872; x_wconf 76' lang='lat' dir='ltr'><strong>vulnera</strong></span> <span class='ocrx_word' id='word_1_265' title='bbox 889 1831 993 1868; x_wconf 89' lang='lat' dir='ltr'><strong>non</strong></span> <span class='ocrx_word' id='word_1_266' title='bbox 1034 1812 1186 1866; x_wconf 80' lang='lat' dir='ltr'><strong>aliter</strong></span> <span class='ocrx_word' id='word_1_267' title='bbox 1233 1810 1336 1863; x_wconf 93' lang='lat' dir='ltr'><strong>nisi</strong></span> <span class='ocrx_word' id='word_1_268' title='bbox 1386 1823 1481 1878; x_wconf 86' lang='lat' dir='ltr'><strong>per</strong></span> <span class='ocrx_word' id='word_1_269' title='bbox 1534 1806 1787 1867; x_wconf 80' lang='lat' dir='ltr'><strong>invidiam</strong></span> <span class='ocrx_word' id='word_1_270' title='bbox 1822 1804 2022 1873; x_wconf 83' lang='lat' dir='ltr'><strong>inimici</strong></span> 
     </span>
    </p>
   </div>
   <div class='ocr_carea' id='block_1_35' title="bbox 444 1899 2023 1982">
    <p class='ocr_par' dir='ltr' id='par_1_35' title="bbox 444 1899 2023 1982">
     <span class='ocr_line' id='line_1_35' title="bbox 444 1899 2023 1982; baseline -0.008 -12"><span class='ocrx_word' id='word_1_271' title='bbox 444 1915 639 1970; x_wconf 82' lang='lat' dir='ltr'><strong>emissa</strong></span> <span class='ocrx_word' id='word_1_272' title='bbox 669 1909 916 1982; x_wconf 75' lang='lat' dir='ltr'><strong>cognovi.</strong></span> <span class='ocrx_word' id='word_1_273' title='bbox 958 1909 1023 1963; x_wconf 82' lang='lat' dir='ltr'><strong>Et</strong></span> <span class='ocrx_word' id='word_1_274' title='bbox 1051 1905 1176 1977; x_wconf 85' lang='lat' dir='ltr'><strong>quia</strong></span> <span class='ocrx_word' id='word_1_275' title='bbox 1204 1919 1420 1973; x_wconf 86' lang='lat' dir='ltr'><strong>semper</strong></span> <span class='ocrx_word' id='word_1_276' title='bbox 1448 1903 1565 1971; x_wconf 86' lang='lat' dir='ltr'><strong>ipse</strong></span> <span class='ocrx_word' id='word_1_277' title='bbox 1607 1900 1815 1958; x_wconf 87' lang='lat' dir='ltr'><strong>invidus</strong></span> <span class='ocrx_word' id='word_1_278' title='bbox 1859 1899 2023 1957; x_wconf 87' lang='lat' dir='ltr'><strong>Deum</strong></span> 
     </span>
    </p>
   </div>
   <div class='ocr_carea' id='block_1_36' title="bbox 441 1990 2018 2076">
    <p class='ocr_par' dir='ltr' id='par_1_36' title="bbox 441 1990 2018 2076">
     <span class='ocr_line' id='line_1_36' title="bbox 441 1990 2018 2076; baseline -0.011 -15"><span class='ocrx_word' id='word_1_279' title='bbox 441 2004 801 2076; x_wconf 62' lang='lat' dir='ltr'><strong>qurerentibus</strong></span> <span class='ocrx_word' id='word_1_280' title='bbox 822 2014 1015 2056; x_wconf 83' lang='lat' dir='ltr'><strong>nocere</strong></span> <span class='ocrx_word' id='word_1_281' title='bbox 1041 2006 1286 2062; x_wconf 84' lang='lat' dir='ltr'><strong>conatur,</strong></span> <span class='ocrx_word' id='word_1_282' title='bbox 1304 1992 1711 2049; x_wconf 79' lang='lat' dir='ltr'><strong>advenientibus</strong></span> <span class='ocrx_word' id='word_1_283' title='bbox 1731 1990 2018 2060; x_wconf 84' lang='lat' dir='ltr'><strong>episcopis,</strong></span> 
     </span>
    </p>
   </div>
   <div class='ocr_carea' id='block_1_37' title="bbox 440 2085 2022 2166">
    <p class='ocr_par' dir='ltr' id='par_1_37' title="bbox 440 2085 2022 2166">
     <span class='ocr_line' id='line_1_37' title="bbox 440 2085 2022 2166; baseline -0.011 -17"><span class='ocrx_word' id='word_1_284' title='bbox 440 2096 530 2165; x_wconf 92' lang='lat' dir='ltr'><strong>qui</strong></span> <span class='ocrx_word' id='word_1_285' title='bbox 561 2110 645 2149; x_wconf 89' lang='lat' dir='ltr'><strong>me</strong></span> <span class='ocrx_word' id='word_1_286' title='bbox 677 2095 845 2166; x_wconf 84' lang='lat' dir='ltr'><strong>magis</strong></span> <span class='ocrx_word' id='word_1_287' title='bbox 868 2092 936 2145; x_wconf 89' lang='lat' dir='ltr'><strong>ad</strong></span> <span class='ocrx_word' id='word_1_288' title='bbox 966 2090 1066 2144; x_wconf 91' lang='lat' dir='ltr'><strong>hoc</strong></span> <span class='ocrx_word' id='word_1_289' title='bbox 1093 2085 1369 2142; x_wconf 67' lang='lat' dir='ltr'><strong>cohortari</strong></span> <span class='ocrx_word' id='word_1_290' title='bbox 1410 2085 1743 2149; x_wconf 85' lang='lat' dir='ltr'><strong>debuerant,</strong></span> <span class='ocrx_word' id='word_1_291' title='bbox 1788 2092 1846 2136; x_wconf 90' lang='lat' dir='ltr'><strong>ut</strong></span> <span class='ocrx_word' id='word_1_292' title='bbox 1871 2096 2022 2151; x_wconf 67' lang='lat' dir='ltr'><strong>cmp—</strong></span> 
     </span>
    </p>
   </div>
   <div class='ocr_carea' id='block_1_38' title="bbox 441 2172 2026 2252">
    <p class='ocr_par' dir='ltr' id='par_1_38' title="bbox 441 2172 2026 2252">
     <span class='ocr_line' id='line_1_38' title="bbox 441 2172 2026 2252; baseline -0.007 -13"><span class='ocrx_word' id='word_1_293' title='bbox 441 2196 551 2239; x_wconf 91' lang='lat' dir='ltr'><strong>tum</strong></span> <span class='ocrx_word' id='word_1_294' title='bbox 602 2199 733 2252; x_wconf 82' lang='lat' dir='ltr'><strong>Opus</strong></span> <span class='ocrx_word' id='word_1_295' title='bbox 780 2180 1041 2250; x_wconf 77' lang='lat' dir='ltr'><strong>sagaciter</strong></span> <span class='ocrx_word' id='word_1_296' title='bbox 1082 2177 1354 2245; x_wconf 62' lang='lat' dir='ltr'><strong>eXplii-are</strong></span> <span class='ocrx_word' id='word_1_297' title='bbox 1401 2174 1652 2241; x_wconf 78' lang='lat' dir='ltr'><strong>deberem</strong></span> <span class='ocrx_word' id='word_1_298' title='bbox 1681 2212 1697 2237; x_wconf 88' lang='lat'><strong>,</strong></span> <span class='ocrx_word' id='word_1_299' title='bbox 1770 2172 2026 2242; x_wconf 76' lang='lat' dir='ltr'><strong>dixerupt</strong></span> 
     </span>
    </p>
   </div>
   <div class='ocr_carea' id='block_1_39' title="bbox 440 2265 2021 2341">
    <p class='ocr_par' dir='ltr' id='par_1_39' title="bbox 440 2265 2021 2341">
     <span class='ocr_line' id='line_1_39' title="bbox 440 2265 2021 2341; baseline -0.009 -9"><span class='ocrx_word' id='word_1_300' title='bbox 440 2277 569 2333; x_wconf 87' lang='lat' dir='ltr'><strong>mihi</strong></span> <span class='ocrx_word' id='word_1_301' title='bbox 604 2292 620 2330; x_wconf 91' lang='lat'><strong>:</strong></span> <span class='ocrx_word' id='word_1_302' title='bbox 652 2277 768 2331; x_wconf 75' lang='lat' dir='ltr'><strong>Non</strong></span> <span class='ocrx_word' id='word_1_303' title='bbox 796 2284 881 2329; x_wconf 84' lang='lat' dir='ltr'><strong>est</strong></span> <span class='ocrx_word' id='word_1_304' title='bbox 908 2286 1059 2341; x_wconf 71' lang='lat' dir='ltr'><strong>aequa</strong></span> <span class='ocrx_word' id='word_1_305' title='bbox 1093 2270 1207 2324; x_wconf 67' lang='lat' dir='ltr'><strong>haec</strong></span> <span class='ocrx_word' id='word_1_306' title='bbox 1231 2268 1313 2321; x_wconf 87' lang='lat' dir='ltr'><strong>via</strong></span> <span class='ocrx_word' id='word_1_307' title='bbox 1339 2281 1497 2337; x_wconf 88' lang='lat' dir='ltr'><strong>quam</strong></span> <span class='ocrx_word' id='word_1_308' title='bbox 1528 2265 1792 2335; x_wconf 86' lang='lat' dir='ltr'><strong>sequeris,</strong></span> <span class='ocrx_word' id='word_1_309' title='bbox 1832 2278 1935 2319; x_wconf 85' lang='lat' dir='ltr'><strong>nec</strong></span> <span class='ocrx_word' id='word_1_310' title='bbox 1964 2273 2021 2319; x_wconf 91' lang='lat' dir='ltr'><strong>tu</strong></span> 
     </span>
    </p>
   </div>
   <div class='ocr_carea' id='block_1_40' title="bbox 442 2357 2020 2441">
    <p class='ocr_par' dir='ltr' id='par_1_40' title="bbox 442 2357 2020 2441">
     <span class='ocr_line' id='line_1_40' title="bbox 442 2357 2020 2441; baseline -0.01 -16"><span class='ocrx_word' id='word_1_311' title='bbox 442 2369 691 2441; x_wconf 85' lang='lat' dir='ltr'><strong>ignobilis</strong></span> <span class='ocrx_word' id='word_1_312' title='bbox 723 2366 960 2424; x_wconf 85' lang='lat' dir='ltr'><strong>Simeoni</strong></span> <span class='ocrx_word' id='word_1_313' title='bbox 990 2360 1017 2402; x_wconf 72' lang='grc' dir='ltr'>δ</span> <span class='ocrx_word' id='word_1_314' title='bbox 1045 2362 1383 2417; x_wconf 77' lang='lat' dir='ltr'><strong>Antiocheuo</strong></span> <span class='ocrx_word' id='word_1_315' title='bbox 1406 2404 1422 2429; x_wconf 87' lang='lat'><strong>,</strong></span> <span class='ocrx_word' id='word_1_316' title='bbox 1468 2358 1559 2428; x_wconf 90' lang='lat' dir='ltr'><strong>qui</strong></span> <span class='ocrx_word' id='word_1_317' title='bbox 1582 2358 1844 2413; x_wconf 66' lang='lat' dir='ltr'><strong>columna:</strong></span> <span class='ocrx_word' id='word_1_318' title='bbox 1869 2357 2020 2415; x_wconf 53' lang='lat' dir='ltr'><strong>iaseq</strong></span> 
     </span>
    </p>
   </div>
   <div class='ocr_carea' id='block_1_41' title="bbox 436 2448 2021 2527">
    <p class='ocr_par' dir='ltr' id='par_1_41' title="bbox 436 2448 2021 2527">
     <span class='ocr_line' id='line_1_41' title="bbox 436 2448 2021 2527; baseline -0.008 -12"><span class='ocrx_word' id='word_1_319' title='bbox 436 2461 548 2526; x_wconf 90' lang='lat' dir='ltr'><strong>dit,</strong></span> <span class='ocrx_word' id='word_1_320' title='bbox 591 2459 792 2527; x_wconf 86' lang='lat' dir='ltr'><strong>poteris</strong></span> <span class='ocrx_word' id='word_1_321' title='bbox 833 2453 1155 2523; x_wconf 85' lang='lat' dir='ltr'><strong>comparari.</strong></span> <span class='ocrx_word' id='word_1_322' title='bbox 1197 2450 1304 2506; x_wconf 81' lang='lat' dir='ltr'><strong>Sed</strong></span> <span class='ocrx_word' id='word_1_323' title='bbox 1334 2464 1433 2505; x_wconf 91' lang='lat' dir='ltr'><strong>nec</strong></span> <span class='ocrx_word' id='word_1_324' title='bbox 1466 2448 1762 2514; x_wconf 80' lang='lat' dir='ltr'><strong>cruciatum</strong></span> <span class='ocrx_word' id='word_1_325' title='bbox 1803 2448 1943 2503; x_wconf 86' lang='lat' dir='ltr'><strong>hunc</strong></span> <span class='ocrx_word' id='word_1_326' title='bbox 1968 2455 2021 2503; x_wconf 91' lang='lat' dir='ltr'><strong>te</strong></span> 
     </span>
    </p>
   </div>
   <div class='ocr_carea' id='block_1_42' title="bbox 437 2539 2021 2617">
    <p class='ocr_par' dir='ltr' id='par_1_42' title="bbox 437 2539 2021 2617">
     <span class='ocr_line' id='line_1_42' title="bbox 437 2539 2021 2617; baseline -0.005 -14"><span class='ocrx_word' id='word_1_327' title='bbox 437 2550 704 2604; x_wconf 82' lang='lat' dir='ltr'><strong>sustinere</strong></span> <span class='ocrx_word' id='word_1_328' title='bbox 750 2547 951 2617; x_wconf 89' lang='lat' dir='ltr'><strong>patitur</strong></span> <span class='ocrx_word' id='word_1_329' title='bbox 993 2544 1094 2603; x_wconf 87' lang='lat' dir='ltr'><strong>loci</strong></span> <span class='ocrx_word' id='word_1_330' title='bbox 1144 2543 1383 2612; x_wconf 83' lang='lat' dir='ltr'><strong>positio:</strong></span> <span class='ocrx_word' id='word_1_331' title='bbox 1425 2539 1694 2595; x_wconf 84' lang='lat' dir='ltr'><strong>descende</strong></span> <span class='ocrx_word' id='word_1_332' title='bbox 1725 2540 1920 2608; x_wconf 89' lang='lat' dir='ltr'><strong>potius,</strong></span> <span class='ocrx_word' id='word_1_333' title='bbox 1965 2546 2021 2595; x_wconf 89' lang='lat' dir='ltr'><strong>et</strong></span> 
     </span>
    </p>
   </div>
   <div class='ocr_carea' id='block_1_43' title="bbox 435 2626 2019 2705">
    <p class='ocr_par' dir='ltr' id='par_1_43' title="bbox 435 2626 2019 2705">
     <span class='ocr_line' id='line_1_43' title="bbox 435 2626 2019 2705; baseline -0.007 -9"><span class='ocrx_word' id='word_1_334' title='bbox 435 2654 556 2696; x_wconf 84' lang='lat' dir='ltr'><strong>eum</strong></span> <span class='ocrx_word' id='word_1_335' title='bbox 590 2638 868 2701; x_wconf 69' lang='lat' dir='ltr'><strong>Iratnbus,</strong></span> <span class='ocrx_word' id='word_1_336' title='bbox 902 2647 1037 2705; x_wconf 87' lang='lat' dir='ltr'><strong>quos</strong></span> <span class='ocrx_word' id='word_1_337' title='bbox 1077 2630 1377 2704; x_wconf 83' lang='lat' dir='ltr'><strong>aggregasti</strong></span> <span class='ocrx_word' id='word_1_338' title='bbox 1410 2640 1608 2696; x_wconf 89' lang='lat' dir='ltr'><strong>tecum,</strong></span> <span class='ocrx_word' id='word_1_339' title='bbox 1646 2628 1905 2686; x_wconf 86' lang='lat' dir='ltr'><strong>inbabita.</strong></span> <span class='ocrx_word' id='word_1_340' title='bbox 1935 2626 2019 2685; x_wconf 76' lang='lat' dir='ltr'><strong>Ad</strong></span> 
     </span>
    </p>
   </div>
   <div class='ocr_carea' id='block_1_44' title="bbox 437 2719 2018 2798">
    <p class='ocr_par' dir='ltr' id='par_1_44' title="bbox 437 2719 2018 2798">
     <span class='ocr_line' id='line_1_44' title="bbox 437 2719 2018 2798; baseline -0.008 -14"><span class='ocrx_word' id='word_1_341' title='bbox 437 2744 665 2798; x_wconf 78' lang='lat' dir='ltr'><strong>quorum</strong></span> <span class='ocrx_word' id='word_1_342' title='bbox 695 2729 855 2782; x_wconf 86' lang='lat' dir='ltr'><strong>verba</strong></span> <span class='ocrx_word' id='word_1_343' title='bbox 878 2765 893 2792; x_wconf 95' lang='lat'><strong>,</strong></span> <span class='ocrx_word' id='word_1_344' title='bbox 940 2725 1065 2794; x_wconf 91' lang='lat' dir='ltr'><strong>quia</strong></span> <span class='ocrx_word' id='word_1_345' title='bbox 1104 2721 1415 2778; x_wconf 84' lang='lat' dir='ltr'><strong>sacerdotes</strong></span> <span class='ocrx_word' id='word_1_346' title='bbox 1440 2734 1545 2775; x_wconf 87' lang='lat' dir='ltr'><strong>non</strong></span> <span class='ocrx_word' id='word_1_347' title='bbox 1568 2719 1823 2783; x_wconf 83' lang='lat' dir='ltr'><strong>obaudire</strong></span> <span class='ocrx_word' id='word_1_348' title='bbox 1850 2719 2018 2779; x_wconf 84' lang='lat' dir='ltr'><strong>ascri-</strong></span> 
     </span>
    </p>
   </div>
   <div class='ocr_carea' id='block_1_45' title="bbox 436 2813 2015 2887">
    <p class='ocr_par' dir='ltr' id='par_1_45' title="bbox 436 2813 2015 2887">
     <span class='ocr_line' id='line_1_45' title="bbox 436 2813 2015 2887; baseline -0.008 -7"><span class='ocrx_word' id='word_1_349' title='bbox 436 2824 576 2880; x_wconf 88' lang='lat' dir='ltr'><strong>bitur</strong></span> <span class='ocrx_word' id='word_1_350' title='bbox 602 2818 821 2876; x_wconf 88' lang='lat' dir='ltr'><strong>crimini</strong></span> <span class='ocrx_word' id='word_1_351' title='bbox 847 2861 863 2887; x_wconf 95' lang='lat'><strong>,</strong></span> <span class='ocrx_word' id='word_1_352' title='bbox 894 2817 1319 2882; x_wconf 84' lang='lat' dir='ltr'><strong>descendebam,</strong></span> <span class='ocrx_word' id='word_1_353' title='bbox 1364 2814 1556 2883; x_wconf 80' lang='lat' dir='ltr'><strong>lateor,</strong></span> <span class='ocrx_word' id='word_1_354' title='bbox 1586 2822 1642 2869; x_wconf 85' lang='lat' dir='ltr'><strong>et</strong></span> <span class='ocrx_word' id='word_1_355' title='bbox 1673 2813 2015 2881; x_wconf 66' lang='lat' dir='ltr'><strong>ambulabant</strong></span> 
     </span>
    </p>
   </div>
   <div class='ocr_carea' id='block_1_46' title="bbox 436 2904 2014 2975">
    <p class='ocr_par' dir='ltr' id='par_1_46' title="bbox 436 2904 2014 2975">
     <span class='ocr_line' id='line_1_46' title="bbox 436 2904 2014 2975; baseline -0.008 -6"><span class='ocrx_word' id='word_1_356' title='bbox 436 2929 560 2971; x_wconf 88' lang='lat' dir='ltr'><strong>cum</strong></span> <span class='ocrx_word' id='word_1_357' title='bbox 597 2912 833 2975; x_wconf 89' lang='lat' dir='ltr'><strong>eisdem,</strong></span> <span class='ocrx_word' id='word_1_358' title='bbox 875 2922 938 2962; x_wconf 87' lang='lat' dir='ltr'><strong>ac</strong></span> <span class='ocrx_word' id='word_1_359' title='bbox 982 2907 1159 2963; x_wconf 87' lang='lat' dir='ltr'><strong>cibum</strong></span> <span class='ocrx_word' id='word_1_360' title='bbox 1206 2905 1404 2974; x_wconf 89' lang='lat' dir='ltr'><strong>pariter</strong></span> <span class='ocrx_word' id='word_1_361' title='bbox 1438 2905 1735 2974; x_wconf 84' lang='lat' dir='ltr'><strong>capiebam.</strong></span> <span class='ocrx_word' id='word_1_362' title='bbox 1776 2904 2014 2970; x_wconf 82' lang='lat' dir='ltr'><strong>Quadam</strong></span> 
     </span>
    </p>
   </div>
   <div class='ocr_carea' id='block_1_47' title="bbox 437 2992 2012 3072">
    <p class='ocr_par' dir='ltr' id='par_1_47' title="bbox 437 2992 2012 3072">
     <span class='ocr_line' id='line_1_47' title="bbox 437 2992 2012 3072; baseline -0.01 -12"><span class='ocrx_word' id='word_1_363' title='bbox 437 3017 566 3059; x_wconf 87' lang='lat' dir='ltr'><strong>vero</strong></span> <span class='ocrx_word' id='word_1_364' title='bbox 594 3001 683 3056; x_wconf 80' lang='lat' dir='ltr'><strong>die</strong></span> <span class='ocrx_word' id='word_1_365' title='bbox 714 3012 1012 3072; x_wconf 88' lang='lat' dir='ltr'><strong>provocans</strong></span> <span class='ocrx_word' id='word_1_366' title='bbox 1042 3012 1127 3051; x_wconf 90' lang='lat' dir='ltr'><strong>me</strong></span> <span class='ocrx_word' id='word_1_367' title='bbox 1152 2993 1455 3065; x_wconf 80' lang='lat' dir='ltr'><strong>episcopus,</strong></span> <span class='ocrx_word' id='word_1_368' title='bbox 1481 2994 1692 3062; x_wconf 87' lang='lat' dir='ltr'><strong>longius</strong></span> <span class='ocrx_word' id='word_1_369' title='bbox 1731 2993 1797 3049; x_wconf 88' lang='lat' dir='ltr'><strong>ad</strong></span> <span class='ocrx_word' id='word_1_370' title='bbox 1827 2992 2012 3048; x_wconf 76' lang='lat' dir='ltr'><strong>villam</strong></span> 
     </span>
    </p>
   </div>
   <div class='ocr_carea' id='block_1_48' title="bbox 2127 1807 3666 1887">
    <p class='ocr_par' dir='ltr' id='par_1_48' title="bbox 2127 1807 3666 1887">
     <span class='ocr_line' id='line_1_48' title="bbox 2127 1807 3666 1887; baseline 0.003 -26"><span class='ocrx_word' id='word_1_371' title='bbox 2127 1809 2178 1861; x_wconf 92' lang='lat' dir='ltr'><strong>in</strong></span> <span class='ocrx_word' id='word_1_372' title='bbox 2204 1807 2457 1877; x_wconf 89' lang='lat' dir='ltr'><strong>perjuriis</strong></span> <span class='ocrx_word' id='word_1_373' title='bbox 2496 1825 2599 1864; x_wconf 90' lang='lat' dir='ltr'><strong>non</strong></span> <span class='ocrx_word' id='word_1_374' title='bbox 2629 1808 2972 1871; x_wconf 87' lang='lat' dir='ltr'><strong>ulciscantur,</strong></span> <span class='ocrx_word' id='word_1_375' title='bbox 2996 1825 3126 1867; x_wconf 89' lang='lat' dir='ltr'><strong>ecce</strong></span> <span class='ocrx_word' id='word_1_376' title='bbox 3151 1814 3403 1883; x_wconf 88' lang='lat' dir='ltr'><strong>templum</strong></span> <span class='ocrx_word' id='word_1_377' title='bbox 3432 1829 3666 1887; x_wconf 75' lang='lat' dir='ltr'><strong>sanctum,</strong></span> 
     </span>
    </p>
   </div>
   <div class='ocr_carea' id='block_1_49' title="bbox 2122 1899 3671 1972">
    <p class='ocr_par' dir='ltr' id='par_1_49' title="bbox 2122 1899 3671 1972">
     <span class='ocr_line' id='line_1_49' title="bbox 2122 1899 3671 1972; baseline 0.003 -18"><span class='ocrx_word' id='word_1_378' title='bbox 2122 1908 2341 1955; x_wconf 88' lang='lat' dir='ltr'><strong>econtra</strong></span> <span class='ocrx_word' id='word_1_379' title='bbox 2360 1899 2481 1969; x_wconf 86' lang='lat' dir='ltr'><strong>jura</strong></span> <span class='ocrx_word' id='word_1_380' title='bbox 2511 1907 2570 1957; x_wconf 89' lang='lat' dir='ltr'><strong>ut</strong></span> <span class='ocrx_word' id='word_1_381' title='bbox 2600 1899 2764 1967; x_wconf 87' lang='lat' dir='ltr'><strong>libet;</strong></span> <span class='ocrx_word' id='word_1_382' title='bbox 2810 1902 2973 1972; x_wconf 81' lang='lat'><strong>390</strong></span> <span class='ocrx_word' id='word_1_383' title='bbox 3003 1916 3125 1957; x_wconf 89' lang='lat' dir='ltr'><strong>nam</strong></span> <span class='ocrx_word' id='word_1_384' title='bbox 3154 1905 3358 1960; x_wconf 89' lang='lat' dir='ltr'><strong>calcare</strong></span> <span class='ocrx_word' id='word_1_385' title='bbox 3405 1906 3555 1965; x_wconf 83' lang='lat' dir='ltr'><strong>limen</strong></span> <span class='ocrx_word' id='word_1_386' title='bbox 3596 1925 3671 1962; x_wconf 55' lang='lat' dir='ltr'><strong>sa.</strong></span> 
     </span>
    </p>
   </div>
   <div class='ocr_carea' id='block_1_50' title="bbox 2120 1994 3668 2064">
    <p class='ocr_par' dir='ltr' id='par_1_50' title="bbox 2120 1994 3668 2064">
     <span class='ocr_line' id='line_1_50' title="bbox 2120 1994 3668 2064; baseline 0.005 -18"><span class='ocrx_word' id='word_1_387' title='bbox 2120 2006 2269 2047; x_wconf 87' lang='lat' dir='ltr'><strong>crum</strong></span> <span class='ocrx_word' id='word_1_388' title='bbox 2299 2007 2405 2047; x_wconf 88' lang='lat' dir='ltr'><strong>non</strong></span> <span class='ocrx_word' id='word_1_389' title='bbox 2441 1994 2787 2063; x_wconf 90' lang='lat' dir='ltr'><strong>permitteris.</strong></span> <span class='ocrx_word' id='word_1_390' title='bbox 2817 1999 2884 2048; x_wconf 82' lang='lat' dir='ltr'><strong>At</strong></span> <span class='ocrx_word' id='word_1_391' title='bbox 2931 1997 3018 2048; x_wconf 90' lang='lat' dir='ltr'><strong>ille</strong></span> <span class='ocrx_word' id='word_1_392' title='bbox 3042 1995 3268 2053; x_wconf 84' lang='lat' dir='ltr'><strong>elevatis</strong></span> <span class='ocrx_word' id='word_1_393' title='bbox 3297 2000 3547 2064; x_wconf 88' lang='lat' dir='ltr'><strong>manibus,</strong></span> <span class='ocrx_word' id='word_1_394' title='bbox 3572 2001 3668 2054; x_wconf 86' lang='lat' dir='ltr'><strong>ait:</strong></span> 
     </span>
    </p>
   </div>
   <div class='ocr_carea' id='block_1_51' title="bbox 2121 2081 3675 2153">
    <p class='ocr_par' dir='ltr' id='par_1_51' title="bbox 2121 2081 3675 2153">
     <span class='ocr_line' id='line_1_51' title="bbox 2121 2081 3675 2153; baseline 0.006 -17"><span class='ocrx_word' id='word_1_395' title='bbox 2121 2081 2223 2136; x_wconf 85' lang='lat' dir='ltr'><strong>Per</strong></span> <span class='ocrx_word' id='word_1_396' title='bbox 2261 2084 2685 2153; x_wconf 83' lang='lat' dir='ltr'><strong>oinnipotentem</strong></span> <span class='ocrx_word' id='word_1_397' title='bbox 2738 2083 2901 2139; x_wconf 89' lang='lat' dir='ltr'><strong>Deum</strong></span> <span class='ocrx_word' id='word_1_398' title='bbox 2931 2094 2986 2140; x_wconf 92' lang='lat' dir='ltr'><strong>et</strong></span> <span class='ocrx_word' id='word_1_399' title='bbox 3032 2087 3286 2143; x_wconf 89' lang='lat' dir='ltr'><strong>virtutem</strong></span> <span class='ocrx_word' id='word_1_400' title='bbox 3318 2088 3452 2147; x_wconf 84' lang='lat' dir='ltr'><strong>beati</strong></span> <span class='ocrx_word' id='word_1_401' title='bbox 3493 2090 3675 2151; x_wconf 49' lang='lat' dir='ltr'><strong>Marulli</strong></span> 
     </span>
    </p>
   </div>
   <div class='ocr_carea' id='block_1_52' title="bbox 2120 2173 3670 2241">
    <p class='ocr_par' dir='ltr' id='par_1_52' title="bbox 2120 2173 3670 2241">
     <span class='ocr_line' id='line_1_52' title="bbox 2120 2173 3670 2241; baseline 0.006 -17"><span class='ocrx_word' id='word_1_402' title='bbox 2120 2173 2372 2237; x_wconf 82' lang='lat' dir='ltr'><strong>antistitis</strong></span> <span class='ocrx_word' id='word_1_403' title='bbox 2399 2173 2537 2241; x_wconf 86' lang='lat' dir='ltr'><strong>ejus,</strong></span> <span class='ocrx_word' id='word_1_404' title='bbox 2556 2176 2678 2241; x_wconf 90' lang='lat' dir='ltr'><strong>quia</strong></span> <span class='ocrx_word' id='word_1_405' title='bbox 2709 2173 2810 2229; x_wconf 89' lang='lat' dir='ltr'><strong>hoc</strong></span> <span class='ocrx_word' id='word_1_406' title='bbox 2834 2175 3142 2232; x_wconf 89' lang='lat' dir='ltr'><strong>incendium</strong></span> <span class='ocrx_word' id='word_1_407' title='bbox 3171 2192 3278 2231; x_wconf 90' lang='lat' dir='ltr'><strong>non</strong></span> <span class='ocrx_word' id='word_1_408' title='bbox 3314 2178 3517 2237; x_wconf 86' lang='lat' dir='ltr'><strong>admisi.</strong></span> <span class='ocrx_word' id='word_1_409' title='bbox 3544 2180 3670 2240; x_wconf 85' lang='lat' dir='ltr'><strong>Datis</strong></span> 
     </span>
    </p>
   </div>
   <div class='ocr_carea' id='block_1_53' title="bbox 2120 2265 3675 2337">
    <p class='ocr_par' dir='ltr' id='par_1_53' title="bbox 2120 2265 3675 2337">
     <span class='ocr_line' id='line_1_53' title="bbox 2120 2265 3675 2337; baseline 0.004 -18"><span class='ocrx_word' id='word_1_410' title='bbox 2120 2265 2298 2335; x_wconf 89' lang='lat' dir='ltr'><strong>itaque</strong></span> <span class='ocrx_word' id='word_1_411' title='bbox 2326 2268 2674 2321; x_wconf 81' lang='lat' dir='ltr'><strong>sacramentis</strong></span> <span class='ocrx_word' id='word_1_412' title='bbox 2698 2308 2715 2337; x_wconf 85' lang='lat'><strong>,</strong></span> <span class='ocrx_word' id='word_1_413' title='bbox 2748 2266 2873 2321; x_wconf 93' lang='lat' dir='ltr'><strong>dum</strong></span> <span class='ocrx_word' id='word_1_414' title='bbox 2930 2268 3209 2325; x_wconf 86' lang='lat' dir='ltr'><strong>recederet</strong></span> <span class='ocrx_word' id='word_1_415' title='bbox 3239 2308 3256 2336; x_wconf 89' lang='lat'><strong>,</strong></span> <span class='ocrx_word' id='word_1_416' title='bbox 3304 2270 3467 2327; x_wconf 87' lang='lat' dir='ltr'><strong>visum</strong></span> <span class='ocrx_word' id='word_1_417' title='bbox 3517 2279 3593 2326; x_wconf 90' lang='lat' dir='ltr'><strong>est</strong></span> <span class='ocrx_word' id='word_1_418' title='bbox 3632 2272 3675 2325; x_wconf 86' lang='lat' dir='ltr'><strong>ei</strong></span> 
     </span>
    </p>
   </div>
   <div class='ocr_carea' id='block_1_54' title="bbox 2119 2356 3676 2430">
    <p class='ocr_par' dir='ltr' id='par_1_54' title="bbox 2119 2356 3676 2430">
     <span class='ocr_line' id='line_1_54' title="bbox 2119 2356 3676 2430; baseline 0.002 -18"><span class='ocrx_word' id='word_1_419' title='bbox 2119 2358 2275 2429; x_wconf 89' lang='lat' dir='ltr'><strong>quasi</strong></span> <span class='ocrx_word' id='word_1_420' title='bbox 2303 2356 2373 2412; x_wconf 89' lang='lat' dir='ltr'><strong>ab</strong></span> <span class='ocrx_word' id='word_1_421' title='bbox 2404 2358 2526 2427; x_wconf 90' lang='lat' dir='ltr'><strong>igne</strong></span> <span class='ocrx_word' id='word_1_422' title='bbox 2549 2358 2904 2425; x_wconf 87' lang='lat' dir='ltr'><strong>circumdari;</strong></span> <span class='ocrx_word' id='word_1_423' title='bbox 2932 2369 2986 2414; x_wconf 91' lang='lat' dir='ltr'><strong>et</strong></span> <span class='ocrx_word' id='word_1_424' title='bbox 3009 2362 3198 2416; x_wconf 85' lang='lat' dir='ltr'><strong>statim</strong></span> <span class='ocrx_word' id='word_1_425' title='bbox 3222 2376 3383 2417; x_wconf 91' lang='lat' dir='ltr'><strong>ruens</strong></span> <span class='ocrx_word' id='word_1_426' title='bbox 3409 2364 3458 2417; x_wconf 92' lang='lat' dir='ltr'><strong>in</strong></span> <span class='ocrx_word' id='word_1_427' title='bbox 3485 2373 3676 2430; x_wconf 85' lang='lat' dir='ltr'><strong>terram,</strong></span> 
     </span>
    </p>
   </div>
   <div class='ocr_carea' id='block_1_55' title="bbox 2119 2447 3673 2518">
    <p class='ocr_par' dir='ltr' id='par_1_55' title="bbox 2119 2447 3673 2518">
     <span class='ocr_line' id='line_1_55' title="bbox 2119 2447 3673 2518; baseline 0.003 -16"><span class='ocrx_word' id='word_1_428' title='bbox 2119 2447 2355 2503; x_wconf 87' lang='lat' dir='ltr'><strong>clamare</strong></span> <span class='ocrx_word' id='word_1_429' title='bbox 2384 2450 2549 2518; x_wconf 76' lang='lat' dir='ltr'><strong>cmpit</strong></span> <span class='ocrx_word' id='word_1_430' title='bbox 2575 2464 2634 2503; x_wconf 88' lang='lat' dir='ltr'><strong>se</strong></span> <span class='ocrx_word' id='word_1_431' title='bbox 2653 2463 2684 2503; x_wconf 89' lang='lat' dir='ltr'><strong>a</strong></span> <span class='ocrx_word' id='word_1_432' title='bbox 2712 2449 2868 2505; x_wconf 87' lang='lat' dir='ltr'><strong>beato</strong></span> <span class='ocrx_word' id='word_1_433' title='bbox 2893 2450 3135 2507; x_wconf 74' lang='lat' dir='ltr'><strong>antisrite</strong></span> <span class='ocrx_word' id='word_1_434' title='bbox 3166 2454 3505 2510; x_wconf 87' lang='lat' dir='ltr'><strong>vehementer</strong></span> <span class='ocrx_word' id='word_1_435' title='bbox 3522 2454 3673 2508; x_wconf 68' lang='lat' dir='ltr'><strong>esuri.</strong></span> 
     </span>
    </p>
   </div>
   <div class='ocr_carea' id='block_1_56' title="bbox 2119 2539 3671 2615">
    <p class='ocr_par' dir='ltr' id='par_1_56' title="bbox 2119 2539 3671 2615">
     <span class='ocr_line' id='line_1_56' title="bbox 2119 2539 3671 2615; baseline 0.002 -21"><span class='ocrx_word' id='word_1_436' title='bbox 2119 2539 2309 2597; x_wconf 80' lang='lat' dir='ltr'><strong>Aiebat</strong></span> <span class='ocrx_word' id='word_1_437' title='bbox 2339 2540 2482 2594; x_wconf 81' lang='lat' dir='ltr'><strong>enim</strong></span> <span class='ocrx_word' id='word_1_438' title='bbox 2537 2541 2748 2596; x_wconf 87' lang='lat' dir='ltr'><strong>miser:</strong></span> <span class='ocrx_word' id='word_1_439' title='bbox 2797 2541 2987 2607; x_wconf 83' lang='lat' dir='ltr'><strong>Testor</strong></span> <span class='ocrx_word' id='word_1_440' title='bbox 3041 2543 3236 2611; x_wconf 85' lang='lat' dir='ltr'><strong>Deum,</strong></span> <span class='ocrx_word' id='word_1_441' title='bbox 3283 2545 3405 2615; x_wconf 87' lang='lat' dir='ltr'><strong>quia</strong></span> <span class='ocrx_word' id='word_1_442' title='bbox 3448 2560 3540 2615; x_wconf 79' lang='lat' dir='ltr'><strong>ego</strong></span> <span class='ocrx_word' id='word_1_443' title='bbox 3585 2545 3671 2597; x_wconf 82' lang='lat' dir='ltr'><strong>vidi</strong></span> 
     </span>
    </p>
   </div>
   <div class='ocr_carea' id='block_1_57' title="bbox 2119 2631 3680 2703">
    <p class='ocr_par' dir='ltr' id='par_1_57' title="bbox 2119 2631 3680 2703">
     <span class='ocr_line' id='line_1_57' title="bbox 2119 2631 3680 2703; baseline 0.003 -19"><span class='ocrx_word' id='word_1_444' title='bbox 2119 2631 2294 2700; x_wconf 83' lang='lat' dir='ltr'><strong>ignem</strong></span> <span class='ocrx_word' id='word_1_445' title='bbox 2323 2631 2389 2687; x_wconf 88' lang='lat' dir='ltr'><strong>de</strong></span> <span class='ocrx_word' id='word_1_446' title='bbox 2420 2633 2561 2688; x_wconf 64' lang='lat' dir='ltr'><strong>coelo</strong></span> <span class='ocrx_word' id='word_1_447' title='bbox 2601 2632 2821 2699; x_wconf 87' lang='lat' dir='ltr'><strong>cadere,</strong></span> <span class='ocrx_word' id='word_1_448' title='bbox 2853 2636 2944 2703; x_wconf 86' lang='lat' dir='ltr'><strong>qui</strong></span> <span class='ocrx_word' id='word_1_449' title='bbox 3000 2649 3089 2689; x_wconf 89' lang='lat' dir='ltr'><strong>me</strong></span> <span class='ocrx_word' id='word_1_450' title='bbox 3132 2635 3469 2690; x_wconf 83' lang='lat' dir='ltr'><strong>circumdans</strong></span> <span class='ocrx_word' id='word_1_451' title='bbox 3510 2634 3680 2689; x_wconf 83' lang='lat' dir='ltr'><strong>validis</strong></span> 
     </span>
    </p>
   </div>
   <div class='ocr_carea' id='block_1_58' title="bbox 2118 2721 3681 2795">
    <p class='ocr_par' dir='ltr' id='par_1_58' title="bbox 2118 2721 3681 2795">
     <span class='ocr_line' id='line_1_58' title="bbox 2118 2721 3681 2795; baseline 0.002 -21"><span class='ocrx_word' id='word_1_452' title='bbox 2118 2721 2403 2791; x_wconf 89' lang='lat' dir='ltr'><strong>vaporibus</strong></span> <span class='ocrx_word' id='word_1_453' title='bbox 2430 2722 2645 2777; x_wconf 87' lang='lat' dir='ltr'><strong>cnnt‘lat.</strong></span> <span class='ocrx_word' id='word_1_454' title='bbox 2674 2724 2737 2778; x_wconf 88' lang='lat' dir='ltr'><strong>Et</strong></span> <span class='ocrx_word' id='word_1_455' title='bbox 2766 2723 2892 2778; x_wconf 93' lang='lat' dir='ltr'><strong>dum</strong></span> <span class='ocrx_word' id='word_1_456' title='bbox 2936 2723 3051 2779; x_wconf 72' lang='lat' dir='ltr'><strong>lucc</strong></span> <span class='ocrx_word' id='word_1_457' title='bbox 3084 2726 3314 2791; x_wconf 87' lang='lat' dir='ltr'><strong>diceret,</strong></span> <span class='ocrx_word' id='word_1_458' title='bbox 3337 2727 3571 2795; x_wconf 86' lang='lat' dir='ltr'><strong>spiritum</strong></span> <span class='ocrx_word' id='word_1_459' title='bbox 3599 2742 3681 2779; x_wconf 67' lang='lat' dir='ltr'><strong>ex-</strong></span> 
     </span>
    </p>
   </div>
   <div class='ocr_carea' id='block_1_59' title="bbox 2119 2810 3675 2885">
    <p class='ocr_par' dir='ltr' id='par_1_59' title="bbox 2119 2810 3675 2885">
     <span class='ocr_line' id='line_1_59' title="bbox 2119 2810 3675 2885; baseline 0.001 -20"><span class='ocrx_word' id='word_1_460' title='bbox 2119 2810 2337 2867; x_wconf 87' lang='lat' dir='ltr'><strong>halavit.</strong></span> <span class='ocrx_word' id='word_1_461' title='bbox 2385 2812 2565 2867; x_wconf 80' lang='lat' dir='ltr'><strong>Multis</strong></span> <span class='ocrx_word' id='word_1_462' title='bbox 2622 2814 2739 2868; x_wconf 63' lang='lat' dir='ltr'><strong>haec</strong></span> <span class='ocrx_word' id='word_1_463' title='bbox 2767 2828 2927 2869; x_wconf 88' lang='lat' dir='ltr'><strong>causa</strong></span> <span class='ocrx_word' id='word_1_464' title='bbox 2973 2814 3359 2885; x_wconf 81' lang='lat' dir='ltr'><strong>documentum</strong></span> <span class='ocrx_word' id='word_1_465' title='bbox 3408 2816 3520 2885; x_wconf 79' lang='lat' dir='ltr'><strong>fuit,</strong></span> <span class='ocrx_word' id='word_1_466' title='bbox 3548 2831 3607 2871; x_wconf 89' lang='lat' dir='ltr'><strong>ne</strong></span> <span class='ocrx_word' id='word_1_467' title='bbox 3632 2817 3675 2877; x_wconf 74' lang='lat' dir='ltr'><strong>in</strong></span> 
     </span>
    </p>
   </div>
   <div class='ocr_carea' id='block_1_60' title="bbox 2118 2900 3682 2978">
    <p class='ocr_par' dir='ltr' id='par_1_60' title="bbox 2118 2900 3682 2978">
     <span class='ocr_line' id='line_1_60' title="bbox 2118 2900 3682 2978; baseline 0.003 -22"><span class='ocrx_word' id='word_1_468' title='bbox 2118 2900 2221 2957; x_wconf 88' lang='lat' dir='ltr'><strong>hoc</strong></span> <span class='ocrx_word' id='word_1_469' title='bbox 2251 2901 2369 2958; x_wconf 90' lang='lat' dir='ltr'><strong>loco</strong></span> <span class='ocrx_word' id='word_1_470' title='bbox 2398 2902 2657 2959; x_wconf 88' lang='lat' dir='ltr'><strong>auderent</strong></span> <span class='ocrx_word' id='word_1_471' title='bbox 2687 2904 2909 2960; x_wconf 90' lang='lat' dir='ltr'><strong>ulterius</strong></span> <span class='ocrx_word' id='word_1_472' title='bbox 2938 2905 3207 2977; x_wconf 80' lang='lat' dir='ltr'><strong>pejeraie.</strong></span> <span class='ocrx_word' id='word_1_473' title='bbox 3232 2905 3467 2963; x_wconf 82' lang='lat' dir='ltr'><strong>Plurima</strong></span> <span class='ocrx_word' id='word_1_474' title='bbox 3491 2908 3682 2978; x_wconf 82' lang='lat' dir='ltr'><strong>quidem</strong></span> 
     </span>
    </p>
   </div>
   <div class='ocr_carea' id='block_1_61' title="bbox 2115 2998 3681 3074">
    <p class='ocr_par' dir='ltr' id='par_1_61' title="bbox 2115 2998 3681 3074">
     <span class='ocr_line' id='line_1_61' title="bbox 2115 2998 3681 3074; baseline 0.003 -21"><span class='ocrx_word' id='word_1_475' title='bbox 2115 2998 2185 3054; x_wconf 91' lang='lat' dir='ltr'><strong>de</strong></span> <span class='ocrx_word' id='word_1_476' title='bbox 2210 2999 2294 3055; x_wconf 88' lang='lat' dir='ltr'><strong>his</strong></span> <span class='ocrx_word' id='word_1_477' title='bbox 2321 3000 2608 3055; x_wconf 80' lang='lat' dir='ltr'><strong>virtutibus</strong></span> <span class='ocrx_word' id='word_1_478' title='bbox 2630 3004 2715 3055; x_wconf 80' lang='lat' dir='ltr'><strong>hic</strong></span> <span class='ocrx_word' id='word_1_479' title='bbox 2739 3000 2995 3057; x_wconf 90' lang='lat' dir='ltr'><strong>diaconus</strong></span> <span class='ocrx_word' id='word_1_480' title='bbox 3021 3002 3233 3068; x_wconf 88' lang='lat' dir='ltr'><strong>retulit,</strong></span> <span class='ocrx_word' id='word_1_481' title='bbox 3274 3018 3394 3072; x_wconf 73' lang='lat' dir='ltr'><strong>qua:</strong></span> <span class='ocrx_word' id='word_1_482' title='bbox 3415 3004 3557 3074; x_wconf 87' lang='lat' dir='ltr'><strong>sequi</strong></span> <span class='ocrx_word' id='word_1_483' title='bbox 3583 3004 3681 3058; x_wconf 83' lang='lat' dir='ltr'><strong>Ioe-</strong></span> 
     </span>
    </p>
   </div>
   <div class='ocr_carea' id='block_1_62' title="bbox 436 3078 2462 3160">
    <p class='ocr_par' dir='ltr' id='par_1_62' title="bbox 436 3078 2462 3160">
     <span class='ocr_line' id='line_1_62' title="bbox 436 3078 2462 3160; baseline -0.003 -11"><span class='ocrx_word' id='word_1_484' title='bbox 436 3094 614 3149; x_wconf 85' lang='lat' dir='ltr'><strong>emisit</strong></span> <span class='ocrx_word' id='word_1_485' title='bbox 643 3090 917 3159; x_wconf 82' lang='lat' dir='ltr'><strong>operarios</strong></span> <span class='ocrx_word' id='word_1_486' title='bbox 958 3102 1078 3143; x_wconf 91' lang='lat' dir='ltr'><strong>cum</strong></span> <span class='ocrx_word' id='word_1_487' title='bbox 1108 3087 1273 3142; x_wconf 87' lang='lat' dir='ltr'><strong>scutis</strong></span> <span class='ocrx_word' id='word_1_488' title='bbox 1294 3094 1348 3141; x_wconf 90' lang='lat' dir='ltr'><strong>et</strong></span> <span class='ocrx_word' id='word_1_489' title='bbox 1378 3085 1584 3143; x_wconf 84' lang='lat' dir='ltr'><strong>malleis</strong></span> <span class='ocrx_word' id='word_1_490' title='bbox 1621 3098 1686 3140; x_wconf 87' lang='lat' dir='ltr'><strong>ac</strong></span> <span class='ocrx_word' id='word_1_491' title='bbox 1709 3083 2007 3149; x_wconf 86' lang='lat' dir='ltr'><strong>securibus,</strong></span> <span class='ocrx_word' id='word_1_492' title='bbox 2039 3078 2086 3151; x_wconf 65' lang='grc'><strong>(1</strong></span> <span class='ocrx_word' id='word_1_493' title='bbox 2114 3103 2236 3159; x_wconf 87' lang='lat' dir='ltr'><strong>gum</strong></span> <span class='ocrx_word' id='word_1_494' title='bbox 2264 3088 2462 3160; x_wconf 87' lang='lat' dir='ltr'><strong>putavi.</strong></span> 
     </span>
    </p>
   </div>
   <div class='ocr_carea' id='block_1_63' title="bbox 435 3176 2010 3249">
    <p class='ocr_par' dir='ltr' id='par_1_63' title="bbox 435 3176 2010 3249">
     <span class='ocr_line' id='line_1_63' title="bbox 435 3176 2010 3249; baseline -0.006 -9"><span class='ocrx_word' id='word_1_495' title='bbox 435 3200 492 3241; x_wconf 84' lang='lat' dir='ltr'><strong>et</strong></span> <span class='ocrx_word' id='word_1_496' title='bbox 521 3186 781 3239; x_wconf 80' lang='lat' dir='ltr'><strong>eliserunt</strong></span> <span class='ocrx_word' id='word_1_497' title='bbox 818 3182 1126 3235; x_wconf 89' lang='lat' dir='ltr'><strong>columnam</strong></span> <span class='ocrx_word' id='word_1_498' title='bbox 1160 3181 1211 3234; x_wconf 92' lang='lat' dir='ltr'><strong>in</strong></span> <span class='ocrx_word' id='word_1_499' title='bbox 1240 3192 1342 3249; x_wconf 83' lang='lat' dir='ltr'><strong>qua</strong></span> <span class='ocrx_word' id='word_1_500' title='bbox 1369 3187 1514 3233; x_wconf 85' lang='lat' dir='ltr'><strong>stare</strong></span> <span class='ocrx_word' id='word_1_501' title='bbox 1538 3177 1726 3233; x_wconf 88' lang='lat' dir='ltr'><strong>solitus</strong></span> <span class='ocrx_word' id='word_1_502' title='bbox 1753 3191 1920 3231; x_wconf 88' lang='lat' dir='ltr'><strong>eram.</strong></span> <span class='ocrx_word' id='word_1_503' title='bbox 1954 3176 2010 3231; x_wconf 87' lang='grc' dir='ltr'><strong>ιιι</strong></span> 
     </span>
    </p>
   </div>
   <div class='ocr_carea' id='block_1_64' title="bbox 435 3266 2012 3338">
    <p class='ocr_par' dir='ltr' id='par_1_64' title="bbox 435 3266 2012 3338">
     <span class='ocr_line' id='line_1_64' title="bbox 435 3266 2012 3338; baseline -0.008 -5"><span class='ocrx_word' id='word_1_504' title='bbox 435 3279 671 3333; x_wconf 66' lang='lat' dir='ltr'><strong>crastino</strong></span> <span class='ocrx_word' id='word_1_505' title='bbox 710 3285 886 3328; x_wconf 88' lang='lat' dir='ltr'><strong>autem</strong></span> <span class='ocrx_word' id='word_1_506' title='bbox 918 3273 1136 3327; x_wconf 77' lang='lat' dir='ltr'><strong>veniens</strong></span> <span class='ocrx_word' id='word_1_507' title='bbox 1160 3311 1175 3336; x_wconf 92' lang='lat'><strong>,</strong></span> <span class='ocrx_word' id='word_1_508' title='bbox 1223 3268 1401 3325; x_wconf 89' lang='lat' dir='ltr'><strong>inveni</strong></span> <span class='ocrx_word' id='word_1_509' title='bbox 1424 3268 1596 3338; x_wconf 75' lang='lat'><strong>389</strong></span> <span class='ocrx_word' id='word_1_510' title='bbox 1632 3268 1809 3321; x_wconf 88' lang='lat' dir='ltr'><strong>omnia</strong></span> <span class='ocrx_word' id='word_1_511' title='bbox 1852 3266 2012 3321; x_wconf 83' lang='lat' dir='ltr'><strong>dissi-</strong></span> 
     </span>
    </p>
   </div>
   <div class='ocr_carea' id='block_1_65' title="bbox 436 3360 2008 3441">
    <p class='ocr_par' dir='ltr' id='par_1_65' title="bbox 436 3360 2008 3441">
     <span class='ocr_line' id='line_1_65' title="bbox 436 3360 2008 3441; baseline -0.005 -18"><span class='ocrx_word' id='word_1_512' title='bbox 436 3381 587 3441; x_wconf 89' lang='lat' dir='ltr'><strong>pata,</strong></span> <span class='ocrx_word' id='word_1_513' title='bbox 621 3368 847 3436; x_wconf 65' lang='lat' dir='ltr'><strong>limique</strong></span> <span class='ocrx_word' id='word_1_514' title='bbox 888 3364 1267 3429; x_wconf 80' lang='lat' dir='ltr'><strong>vehementer;</strong></span> <span class='ocrx_word' id='word_1_515' title='bbox 1298 3360 1393 3418; x_wconf 91' lang='lat' dir='ltr'><strong>sed</strong></span> <span class='ocrx_word' id='word_1_516' title='bbox 1415 3364 1621 3430; x_wconf 85' lang='lat' dir='ltr'><strong>erigere</strong></span> <span class='ocrx_word' id='word_1_517' title='bbox 1656 3361 1867 3430; x_wconf 80' lang='lat' dir='ltr'><strong>nequivi</strong></span> <span class='ocrx_word' id='word_1_518' title='bbox 1889 3376 2008 3429; x_wconf 78' lang='lat' dir='ltr'><strong>qua:</strong></span> 
     </span>
    </p>
   </div>
   <div class='ocr_carea' id='block_1_66' title="bbox 429 3449 2010 3518">
    <p class='ocr_par' dir='ltr' id='par_1_66' title="bbox 429 3449 2010 3518">
     <span class='ocr_line' id='line_1_66' title="bbox 429 3449 2010 3518; baseline -0.008 -3"><span class='ocrx_word' id='word_1_519' title='bbox 429 3463 822 3518; x_wconf 81' lang='lat' dir='ltr'><strong>destruxerant,</strong></span> <span class='ocrx_word' id='word_1_520' title='bbox 848 3471 915 3510; x_wconf 87' lang='lat' dir='ltr'><strong>ne</strong></span> <span class='ocrx_word' id='word_1_521' title='bbox 936 3453 1145 3509; x_wconf 89' lang='lat' dir='ltr'><strong>dicerer</strong></span> <span class='ocrx_word' id='word_1_522' title='bbox 1161 3450 1461 3509; x_wconf 86' lang='lat' dir='ltr'><strong>contrarius</strong></span> <span class='ocrx_word' id='word_1_523' title='bbox 1483 3449 1807 3517; x_wconf 78' lang='lat' dir='ltr'><strong>iussionibus</strong></span> <span class='ocrx_word' id='word_1_524' title='bbox 1832 3463 2010 3507; x_wconf 77' lang='lat' dir='ltr'><strong>sacer-</strong></span> 
     </span>
    </p>
   </div>
   <div class='ocr_carea' id='block_1_67' title="bbox 431 3541 2028 3616">
    <p class='ocr_par' dir='ltr' id='par_1_67' title="bbox 431 3541 2028 3616">
     <span class='ocr_line' id='line_1_67' title="bbox 431 3541 2028 3616; baseline -0.006 -10"><span class='ocrx_word' id='word_1_525' title='bbox 431 3554 644 3616; x_wconf 83' lang='lat' dir='ltr'><strong>dolum,</strong></span> <span class='ocrx_word' id='word_1_526' title='bbox 669 3559 725 3603; x_wconf 92' lang='lat' dir='ltr'><strong>et</strong></span> <span class='ocrx_word' id='word_1_527' title='bbox 752 3564 818 3603; x_wconf 80' lang='lat' dir='ltr'><strong>ex</strong></span> <span class='ocrx_word' id='word_1_528' title='bbox 853 3548 983 3609; x_wconf 91' lang='lat' dir='ltr'><strong>hoc,</strong></span> <span class='ocrx_word' id='word_1_529' title='bbox 1013 3549 1153 3600; x_wconf 90' lang='lat' dir='ltr'><strong>sicut</strong></span> <span class='ocrx_word' id='word_1_530' title='bbox 1175 3556 1317 3598; x_wconf 88' lang='lat' dir='ltr'><strong>nunc</strong></span> <span class='ocrx_word' id='word_1_531' title='bbox 1345 3542 1559 3607; x_wconf 86' lang='lat' dir='ltr'><strong>habito,</strong></span> <span class='ocrx_word' id='word_1_532' title='bbox 1591 3556 1712 3597; x_wconf 83' lang='lat' dir='ltr'><strong>cum</strong></span> <span class='ocrx_word' id='word_1_533' title='bbox 1756 3541 2028 3597; x_wconf 48' lang='lat' dir='ltr'><strong>fratribus.</strong></span> 
     </span>
    </p>
   </div>
   <div class='ocr_carea' id='block_1_68' title="bbox 429 3641 1139 3695">
    <p class='ocr_par' dir='ltr' id='par_1_68' title="bbox 429 3641 1139 3695">
     <span class='ocr_line' id='line_1_68' title="bbox 429 3641 1139 3695; baseline -0.008 -1"><span class='ocrx_word' id='word_1_534' title='bbox 429 3641 669 3695; x_wconf 80' lang='lat' dir='ltr'><strong>habitare</strong></span> <span class='ocrx_word' id='word_1_535' title='bbox 697 3648 976 3692; x_wconf 87' lang='lat' dir='ltr'><strong>contentus</strong></span> <span class='ocrx_word' id='word_1_536' title='bbox 999 3648 1139 3689; x_wconf 87' lang='lat' dir='ltr'><strong>sum.</strong></span> 
     </span>
    </p>
   </div>
   <div class='ocr_carea' id='block_1_69' title="bbox 508 3721 2001 3793">
    <p class='ocr_par' dir='ltr' id='par_1_69' title="bbox 508 3721 2001 3793">
     <span class='ocr_line' id='line_1_69' title="bbox 508 3721 2001 3793; baseline -0.005 -10"><span class='ocrx_word' id='word_1_537' title='bbox 508 3728 641 3786; x_wconf 77' lang='lat' dir='ltr'><strong>XVI.</strong></span> <span class='ocrx_word' id='word_1_538' title='bbox 681 3726 777 3781; x_wconf 88' lang='lat' dir='ltr'><strong>Cui</strong></span> <span class='ocrx_word' id='word_1_539' title='bbox 808 3740 933 3781; x_wconf 84' lang='lat' dir='ltr'><strong>cum</strong></span> <span class='ocrx_word' id='word_1_540' title='bbox 958 3726 1024 3780; x_wconf 89' lang='lat' dir='ltr'><strong>de</strong></span> <span class='ocrx_word' id='word_1_541' title='bbox 1055 3723 1336 3785; x_wconf 83' lang='lat' dir='ltr'><strong>virtutibus</strong></span> <span class='ocrx_word' id='word_1_542' title='bbox 1368 3722 1511 3783; x_wconf 74' lang='lat' dir='ltr'><strong>hceti</strong></span> <span class='ocrx_word' id='word_1_543' title='bbox 1556 3721 1766 3781; x_wconf 79' lang='lat' dir='ltr'><strong>Martini</strong></span> <span class='ocrx_word' id='word_1_544' title='bbox 1793 3736 1923 3793; x_wconf 89' lang='lat' dir='ltr'><strong>quas</strong></span> <span class='ocrx_word' id='word_1_545' title='bbox 1950 3722 2001 3776; x_wconf 93' lang='lat' dir='ltr'><strong>in</strong></span> 
     </span>
    </p>
   </div>
   <div class='ocr_carea' id='block_1_70' title="bbox 431 3814 2001 3887">
    <p class='ocr_par' dir='ltr' id='par_1_70' title="bbox 431 3814 2001 3887">
     <span class='ocr_line' id='line_1_70' title="bbox 431 3814 2001 3887; baseline -0.006 -10"><span class='ocrx_word' id='word_1_546' title='bbox 431 3836 499 3877; x_wconf 88' lang='lat' dir='ltr'><strong>eo</strong></span> <span class='ocrx_word' id='word_1_547' title='bbox 531 3822 648 3874; x_wconf 90' lang='lat' dir='ltr'><strong>loco</strong></span> <span class='ocrx_word' id='word_1_548' title='bbox 670 3826 917 3887; x_wconf 82' lang='lat' dir='ltr'><strong>operatus</strong></span> <span class='ocrx_word' id='word_1_549' title='bbox 943 3826 1057 3880; x_wconf 78' lang='lat' dir='ltr'><strong>est,</strong></span> <span class='ocrx_word' id='word_1_550' title='bbox 1085 3814 1260 3883; x_wconf 89' lang='lat' dir='ltr'><strong>aliqua</strong></span> <span class='ocrx_word' id='word_1_551' title='bbox 1291 3823 1349 3868; x_wconf 91' lang='lat' dir='ltr'><strong>ut</strong></span> <span class='ocrx_word' id='word_1_552' title='bbox 1390 3814 1689 3870; x_wconf 87' lang='lat' dir='ltr'><strong>declararet</strong></span> <span class='ocrx_word' id='word_1_553' title='bbox 1736 3828 2001 3883; x_wconf 74' lang='lat' dir='ltr'><strong>exposce-</strong></span> 
     </span>
    </p>
   </div>
   <div class='ocr_carea' id='block_1_71' title="bbox 426 3906 2001 3983">
    <p class='ocr_par' dir='ltr' id='par_1_71' title="bbox 426 3906 2001 3983">
     <span class='ocr_line' id='line_1_71' title="bbox 426 3906 2001 3983; baseline -0.005 -14"><span class='ocrx_word' id='word_1_554' title='bbox 426 3931 566 3983; x_wconf 87' lang='lat' dir='ltr'><strong>rem,</strong></span> <span class='ocrx_word' id='word_1_555' title='bbox 598 3912 711 3966; x_wconf 84' lang='lat' dir='ltr'><strong>haec</strong></span> <span class='ocrx_word' id='word_1_556' title='bbox 768 3911 965 3965; x_wconf 89' lang='lat' dir='ltr'><strong>retulit.</strong></span> <span class='ocrx_word' id='word_1_557' title='bbox 1010 3907 1199 3963; x_wconf 87' lang='lat' dir='ltr'><strong>Franci</strong></span> <span class='ocrx_word' id='word_1_558' title='bbox 1256 3906 1549 3976; x_wconf 88' lang='lat' dir='ltr'><strong>cujusdam,</strong></span> <span class='ocrx_word' id='word_1_559' title='bbox 1580 3916 1636 3962; x_wconf 90' lang='lat' dir='ltr'><strong>et</strong></span> <span class='ocrx_word' id='word_1_560' title='bbox 1686 3907 2001 3962; x_wconf 85' lang='lat' dir='ltr'><strong>nobilissimi</strong></span> 
     </span>
    </p>
   </div>
   <div class='ocr_carea' id='block_1_72' title="bbox 422 3997 2000 4074">
    <p class='ocr_par' dir='ltr' id='par_1_72' title="bbox 422 3997 2000 4074">
     <span class='ocr_line' id='line_1_72' title="bbox 422 3997 2000 4074; baseline -0.006 -14"><span class='ocrx_word' id='word_1_561' title='bbox 422 4005 476 4061; x_wconf 86' lang='lat' dir='ltr'><strong>in</strong></span> <span class='ocrx_word' id='word_1_562' title='bbox 507 4012 667 4074; x_wconf 88' lang='lat' dir='ltr'><strong>gente</strong></span> <span class='ocrx_word' id='word_1_563' title='bbox 699 4015 795 4057; x_wconf 88' lang='lat' dir='ltr'><strong>sua</strong></span> <span class='ocrx_word' id='word_1_564' title='bbox 825 4000 945 4066; x_wconf 90' lang='lat' dir='ltr'><strong>viri,</strong></span> <span class='ocrx_word' id='word_1_565' title='bbox 980 3999 1119 4054; x_wconf 84' lang='lat' dir='ltr'><strong>Iilius</strong></span> <span class='ocrx_word' id='word_1_566' title='bbox 1158 4008 1336 4053; x_wconf 89' lang='lat' dir='ltr'><strong>mutus</strong></span> <span class='ocrx_word' id='word_1_567' title='bbox 1363 3997 1661 4067; x_wconf 83' lang='lat' dir='ltr'><strong>surdusque</strong></span> <span class='ocrx_word' id='word_1_568' title='bbox 1707 4006 1858 4052; x_wconf 89' lang='lat' dir='ltr'><strong>erat:</strong></span> <span class='ocrx_word' id='word_1_569' title='bbox 1890 3997 2000 4051; x_wconf 88' lang='lat' dir='ltr'><strong>ad-</strong></span> 
     </span>
    </p>
   </div>
   <div class='ocr_carea' id='block_1_73' title="bbox 426 4088 1998 4164">
    <p class='ocr_par' dir='ltr' id='par_1_73' title="bbox 426 4088 1998 4164">
     <span class='ocr_line' id='line_1_73' title="bbox 426 4088 1998 4164; baseline -0.004 -15"><span class='ocrx_word' id='word_1_570' title='bbox 426 4095 730 4164; x_wconf 89' lang='lat' dir='ltr'><strong>ductusque</strong></span> <span class='ocrx_word' id='word_1_571' title='bbox 759 4107 789 4147; x_wconf 91' lang='lat' dir='ltr'><strong>a</strong></span> <span class='ocrx_word' id='word_1_572' title='bbox 813 4088 1118 4160; x_wconf 80' lang='lat' dir='ltr'><strong>parentibus</strong></span> <span class='ocrx_word' id='word_1_573' title='bbox 1142 4088 1205 4143; x_wconf 90' lang='lat' dir='ltr'><strong>ad</strong></span> <span class='ocrx_word' id='word_1_574' title='bbox 1238 4088 1374 4143; x_wconf 89' lang='lat' dir='ltr'><strong>hanc</strong></span> <span class='ocrx_word' id='word_1_575' title='bbox 1400 4089 1689 4154; x_wconf 84' lang='lat' dir='ltr'><strong>basilicam,</strong></span> <span class='ocrx_word' id='word_1_576' title='bbox 1717 4089 1849 4159; x_wconf 83' lang='lat' dir='ltr'><strong>jussi</strong></span> <span class='ocrx_word' id='word_1_577' title='bbox 1876 4103 1998 4143; x_wconf 85' lang='lat' dir='ltr'><strong>eum</strong></span> 
     </span>
    </p>
   </div>
   <div class='ocr_carea' id='block_1_74' title="bbox 418 4168 1997 4251">
    <p class='ocr_par' dir='ltr' id='par_1_74' title="bbox 418 4168 1997 4251">
     <span class='ocr_line' id='line_1_74' title="bbox 418 4168 1997 4251; baseline -0.006 -9"><span class='ocrx_word' id='word_1_578' title='bbox 418 4203 544 4243; x_wconf 82' lang='lat' dir='ltr'><strong>cum</strong></span> <span class='ocrx_word' id='word_1_579' title='bbox 577 4185 801 4240; x_wconf 87' lang='lat' dir='ltr'><strong>diacono</strong></span> <span class='ocrx_word' id='word_1_580' title='bbox 825 4196 946 4239; x_wconf 92' lang='lat' dir='ltr'><strong>meo</strong></span> <span class='ocrx_word' id='word_1_581' title='bbox 973 4192 1024 4237; x_wconf 92' lang='lat' dir='ltr'><strong>et</strong></span> <span class='ocrx_word' id='word_1_582' title='bbox 1067 4181 1173 4239; x_wconf 84' lang='lat' dir='ltr'><strong>alio</strong></span> <span class='ocrx_word' id='word_1_583' title='bbox 1202 4168 1466 4248; x_wconf 85' lang='lat' dir='ltr'><strong>ministro,</strong></span> <span class='ocrx_word' id='word_1_584' title='bbox 1498 4180 1635 4235; x_wconf 88' lang='lat' dir='ltr'><strong>intra</strong></span> <span class='ocrx_word' id='word_1_585' title='bbox 1667 4181 1835 4251; x_wconf 87' lang='lat' dir='ltr'><strong>ipsum</strong></span> <span class='ocrx_word' id='word_1_586' title='bbox 1859 4190 1997 4235; x_wconf 87' lang='lat' dir='ltr'><strong>tem-</strong></span> 
     </span>
    </p>
   </div>
   <div class='ocr_carea' id='block_1_75' title="bbox 418 4271 1998 4348">
    <p class='ocr_par' dir='ltr' id='par_1_75' title="bbox 418 4271 1998 4348">
     <span class='ocr_line' id='line_1_75' title="bbox 418 4271 1998 4348; baseline -0.003 -17"><span class='ocrx_word' id='word_1_587' title='bbox 418 4279 565 4348; x_wconf 87' lang='lat' dir='ltr'><strong>plum</strong></span> <span class='ocrx_word' id='word_1_588' title='bbox 607 4284 848 4330; x_wconf 88' lang='lat' dir='ltr'><strong>sanctum</strong></span> <span class='ocrx_word' id='word_1_589' title='bbox 897 4273 949 4327; x_wconf 91' lang='lat' dir='ltr'><strong>in</strong></span> <span class='ocrx_word' id='word_1_590' title='bbox 996 4272 1193 4327; x_wconf 88' lang='lat' dir='ltr'><strong>lectulo</strong></span> <span class='ocrx_word' id='word_1_591' title='bbox 1233 4272 1606 4341; x_wconf 88' lang='lat' dir='ltr'><strong>requiescere;</strong></span> <span class='ocrx_word' id='word_1_592' title='bbox 1656 4282 1707 4326; x_wconf 90' lang='lat' dir='ltr'><strong>et</strong></span> <span class='ocrx_word' id='word_1_593' title='bbox 1737 4287 1829 4342; x_wconf 90' lang='lat' dir='ltr'><strong>per</strong></span> <span class='ocrx_word' id='word_1_594' title='bbox 1856 4271 1998 4326; x_wconf 89' lang='lat' dir='ltr'><strong>diem</strong></span> 
     </span>
    </p>
   </div>
   <div class='ocr_carea' id='block_1_76' title="bbox 418 4362 2000 4437">
    <p class='ocr_par' dir='ltr' id='par_1_76' title="bbox 418 4362 2000 4437">
     <span class='ocr_line' id='line_1_76' title="bbox 418 4362 2000 4437; baseline 0 -20"><span class='ocrx_word' id='word_1_595' title='bbox 418 4368 634 4437; x_wconf 85' lang='lat' dir='ltr'><strong>quidem</strong></span> <span class='ocrx_word' id='word_1_596' title='bbox 680 4364 907 4418; x_wconf 86' lang='lat' dir='ltr'><strong>orationi</strong></span> <span class='ocrx_word' id='word_1_597' title='bbox 958 4362 1218 4417; x_wconf 76' lang='lat' dir='ltr'><strong>vacabat:</strong></span> <span class='ocrx_word' id='word_1_598' title='bbox 1253 4370 1410 4416; x_wconf 83' lang='lat' dir='ltr'><strong>nocte</strong></span> <span class='ocrx_word' id='word_1_599' title='bbox 1437 4371 1612 4416; x_wconf 82' lang='lat' dir='ltr'><strong>autem</strong></span> <span class='ocrx_word' id='word_1_600' title='bbox 1664 4363 1719 4416; x_wconf 91' lang='lat' dir='ltr'><strong>in</strong></span> <span class='ocrx_word' id='word_1_601' title='bbox 1751 4364 1884 4431; x_wconf 88' lang='lat' dir='ltr'><strong>ipsa,</strong></span> <span class='ocrx_word' id='word_1_602' title='bbox 1941 4372 2000 4417; x_wconf 89' lang='lat' dir='ltr'><strong>ut</strong></span> 
     </span>
    </p>
   </div>
   <div class='ocr_carea' id='block_1_77' title="bbox 2188 3180 3681 3249">
    <p class='ocr_par' dir='ltr' id='par_1_77' title="bbox 2188 3180 3681 3249">
     <span class='ocr_line' id='line_1_77' title="bbox 2188 3180 3681 3249; baseline 0.003 -15"><span class='ocrx_word' id='word_1_603' title='bbox 2188 3180 2349 3236; x_wconf 63' lang='lat' dir='ltr'><strong>XVII.</strong></span> <span class='ocrx_word' id='word_1_604' title='bbox 2403 3182 2538 3239; x_wconf 89' lang='lat' dir='ltr'><strong>Cum</strong></span> <span class='ocrx_word' id='word_1_605' title='bbox 2586 3193 2763 3243; x_wconf 82' lang='lat' dir='ltr'><strong>autem</strong></span> <span class='ocrx_word' id='word_1_606' title='bbox 2817 3184 3030 3241; x_wconf 89' lang='lat' dir='ltr'><strong>inloco</strong></span> <span class='ocrx_word' id='word_1_607' title='bbox 3073 3187 3174 3243; x_wconf 92' lang='lat' dir='ltr'><strong>illo</strong></span> <span class='ocrx_word' id='word_1_608' title='bbox 3228 3202 3681 3249; x_wconf 83' lang='lat' dir='ltr'><strong>commoraremur,</strong></span> 
     </span>
    </p>
   </div>
   <div class='ocr_carea' id='block_1_78' title="bbox 2112 3266 3686 3347">
    <p class='ocr_par' dir='ltr' id='par_1_78' title="bbox 2112 3266 3686 3347">
     <span class='ocr_line' id='line_1_78' title="bbox 2112 3266 3686 3347; baseline 0.004 -23"><span class='ocrx_word' id='word_1_609' title='bbox 2112 3269 2344 3327; x_wconf 88' lang='lat' dir='ltr'><strong>vidimus</strong></span> <span class='ocrx_word' id='word_1_610' title='bbox 2369 3286 2461 3341; x_wconf 90' lang='lat' dir='ltr'><strong>per</strong></span> <span class='ocrx_word' id='word_1_611' title='bbox 2487 3272 2620 3327; x_wconf 87' lang='lat' dir='ltr'><strong>duas</strong></span> <span class='ocrx_word' id='word_1_612' title='bbox 2668 3282 2853 3329; x_wconf 83' lang='lat' dir='ltr'><strong>noctes</strong></span> <span class='ocrx_word' id='word_1_613' title='bbox 2875 3266 3023 3347; x_wconf 81' lang='lat' dir='ltr'><strong>signa</strong></span> <span class='ocrx_word' id='word_1_614' title='bbox 3069 3278 3127 3331; x_wconf 90' lang='lat' dir='ltr'><strong>in</strong></span> <span class='ocrx_word' id='word_1_615' title='bbox 3150 3278 3321 3345; x_wconf 64' lang='lat' dir='ltr'><strong>caelo,</strong></span> <span class='ocrx_word' id='word_1_616' title='bbox 3363 3277 3413 3332; x_wconf 91' lang='lat' dir='ltr'><strong>id</strong></span> <span class='ocrx_word' id='word_1_617' title='bbox 3436 3286 3516 3334; x_wconf 91' lang='lat' dir='ltr'><strong>est</strong></span> <span class='ocrx_word' id='word_1_618' title='bbox 3532 3276 3686 3332; x_wconf 84' lang='lat' dir='ltr'><strong>radios</strong></span> 
     </span>
    </p>
   </div>
   <div class='ocr_carea' id='block_1_79' title="bbox 2111 3364 3683 3440">
    <p class='ocr_par' dir='ltr' id='par_1_79' title="bbox 2111 3364 3683 3440">
     <span class='ocr_line' id='line_1_79' title="bbox 2111 3364 3683 3440; baseline 0.005 -27"><span class='ocrx_word' id='word_1_619' title='bbox 2111 3376 2141 3427; x_wconf 85' lang='lat' dir='ltr'><strong>a</strong></span> <span class='ocrx_word' id='word_1_620' title='bbox 2169 3371 2321 3431; x_wconf 89' lang='lat' dir='ltr'><strong>parte</strong></span> <span class='ocrx_word' id='word_1_621' title='bbox 2340 3364 2620 3432; x_wconf 82' lang='lat' dir='ltr'><strong>Aquilonis</strong></span> <span class='ocrx_word' id='word_1_622' title='bbox 2645 3374 2752 3419; x_wconf 89' lang='lat' dir='ltr'><strong>tam</strong></span> <span class='ocrx_word' id='word_1_623' title='bbox 2783 3367 2930 3422; x_wconf 89' lang='lat' dir='ltr'><strong>clare</strong></span> <span class='ocrx_word' id='word_1_624' title='bbox 2976 3368 3324 3437; x_wconf 82' lang='lat' dir='ltr'><strong>Splendidos,</strong></span> <span class='ocrx_word' id='word_1_625' title='bbox 3357 3381 3415 3424; x_wconf 93' lang='lat' dir='ltr'><strong>ut</strong></span> <span class='ocrx_word' id='word_1_626' title='bbox 3462 3370 3599 3440; x_wconf 90' lang='lat' dir='ltr'><strong>prius</strong></span> <span class='ocrx_word' id='word_1_627' title='bbox 3617 3382 3683 3421; x_wconf 79' lang='lat' dir='ltr'><strong>slc</strong></span> 
     </span>
    </p>
   </div>
   <div class='ocr_carea' id='block_1_80' title="bbox 2111 3453 3684 3531">
    <p class='ocr_par' dir='ltr' id='par_1_80' title="bbox 2111 3453 3684 3531">
     <span class='ocr_line' id='line_1_80' title="bbox 2111 3453 3684 3531; baseline 0.005 -27"><span class='ocrx_word' id='word_1_628' title='bbox 2111 3453 2422 3522; x_wconf 88' lang='lat' dir='ltr'><strong>apparuisse</strong></span> <span class='ocrx_word' id='word_1_629' title='bbox 2466 3466 2573 3513; x_wconf 86' lang='lat' dir='ltr'><strong>non</strong></span> <span class='ocrx_word' id='word_1_630' title='bbox 2623 3453 2822 3510; x_wconf 79' lang='lat' dir='ltr'><strong>fuerint</strong></span> <span class='ocrx_word' id='word_1_631' title='bbox 2858 3457 2977 3524; x_wconf 88' lang='lat' dir='ltr'><strong>visi,</strong></span> <span class='ocrx_word' id='word_1_632' title='bbox 3002 3467 3058 3514; x_wconf 91' lang='lat' dir='ltr'><strong>et</strong></span> <span class='ocrx_word' id='word_1_633' title='bbox 3102 3459 3177 3515; x_wconf 88' lang='lat' dir='ltr'><strong>ab</strong></span> <span class='ocrx_word' id='word_1_634' title='bbox 3215 3470 3444 3530; x_wconf 87' lang='lat' dir='ltr'><strong>utraque</strong></span> <span class='ocrx_word' id='word_1_635' title='bbox 3493 3458 3684 3531; x_wconf 84' lang='lat' dir='ltr'><strong>quidem</strong></span> 
     </span>
    </p>
   </div>
   <div class='ocr_carea' id='block_1_81' title="bbox 2113 3542 3682 3619">
    <p class='ocr_par' dir='ltr' id='par_1_81' title="bbox 2113 3542 3682 3619">
     <span class='ocr_line' id='line_1_81' title="bbox 2113 3542 3682 3619; baseline 0.009 -24"><span class='ocrx_word' id='word_1_636' title='bbox 2113 3551 2283 3611; x_wconf 90' lang='lat' dir='ltr'><strong>parte,</strong></span> <span class='ocrx_word' id='word_1_637' title='bbox 2316 3542 2365 3596; x_wconf 93' lang='lat' dir='ltr'><strong>id</strong></span> <span class='ocrx_word' id='word_1_638' title='bbox 2394 3550 2479 3598; x_wconf 89' lang='lat' dir='ltr'><strong>est</strong></span> <span class='ocrx_word' id='word_1_639' title='bbox 2503 3543 2570 3597; x_wconf 92' lang='lat' dir='ltr'><strong>ab</strong></span> <span class='ocrx_word' id='word_1_640' title='bbox 2598 3546 2762 3611; x_wconf 80' lang='lat' dir='ltr'><strong>Euro,</strong></span> <span class='ocrx_word' id='word_1_641' title='bbox 2789 3558 2839 3600; x_wconf 88' lang='lat' dir='ltr'><strong>et</strong></span> <span class='ocrx_word' id='word_1_642' title='bbox 2868 3546 3145 3619; x_wconf 84' lang='lat' dir='ltr'><strong>Zephyro,</strong></span> <span class='ocrx_word' id='word_1_643' title='bbox 3175 3550 3353 3605; x_wconf 90' lang='lat' dir='ltr'><strong>nubes</strong></span> <span class='ocrx_word' id='word_1_644' title='bbox 3383 3551 3682 3618; x_wconf 66' lang='lat' dir='ltr'><strong>sanguinem;</strong></span> 
     </span>
    </p>
   </div>
   <div class='ocr_carea' id='block_1_82' title="bbox 2111 3630 3685 3708">
    <p class='ocr_par' dir='ltr' id='par_1_82' title="bbox 2111 3630 3685 3708">
     <span class='ocr_line' id='line_1_82' title="bbox 2111 3630 3685 3708; baseline 0.002 -24"><span class='ocrx_word' id='word_1_645' title='bbox 2111 3630 2266 3685; x_wconf 89' lang='lat' dir='ltr'><strong>tertia</strong></span> <span class='ocrx_word' id='word_1_646' title='bbox 2308 3646 2435 3687; x_wconf 89' lang='lat' dir='ltr'><strong>vero</strong></span> <span class='ocrx_word' id='word_1_647' title='bbox 2465 3643 2623 3687; x_wconf 90' lang='lat' dir='ltr'><strong>nocte</strong></span> <span class='ocrx_word' id='word_1_648' title='bbox 2669 3632 2819 3702; x_wconf 88' lang='lat' dir='ltr'><strong>quasi</strong></span> <span class='ocrx_word' id='word_1_649' title='bbox 2870 3637 2999 3689; x_wconf 91' lang='lat' dir='ltr'><strong>hora</strong></span> <span class='ocrx_word' id='word_1_650' title='bbox 3047 3638 3296 3691; x_wconf 88' lang='lat' dir='ltr'><strong>secunda</strong></span> <span class='ocrx_word' id='word_1_651' title='bbox 3348 3642 3685 3708; x_wconf 86' lang='lat' dir='ltr'><strong>apparuerunt</strong></span> 
     </span>
    </p>
   </div>
   <div class='ocr_carea' id='block_1_83' title="bbox 2112 3720 3684 3796">
    <p class='ocr_par' dir='ltr' id='par_1_83' title="bbox 2112 3720 3684 3796">
     <span class='ocr_line' id='line_1_83' title="bbox 2112 3720 3684 3796; baseline 0.001 -20"><span class='ocrx_word' id='word_1_652' title='bbox 2112 3720 2166 3778; x_wconf 87' lang='lat' dir='ltr'><strong>bi</strong></span> <span class='ocrx_word' id='word_1_653' title='bbox 2186 3724 2339 3779; x_wconf 90' lang='lat' dir='ltr'><strong>radii.</strong></span> <span class='ocrx_word' id='word_1_654' title='bbox 2367 3724 2582 3783; x_wconf 86' lang='lat' dir='ltr'><strong>Etecce</strong></span> <span class='ocrx_word' id='word_1_655' title='bbox 2611 3724 2735 3780; x_wconf 89' lang='lat' dir='ltr'><strong>dum</strong></span> <span class='ocrx_word' id='word_1_656' title='bbox 2770 3726 2867 3781; x_wconf 89' lang='lat' dir='ltr'><strong>hos</strong></span> <span class='ocrx_word' id='word_1_657' title='bbox 2914 3728 3246 3785; x_wconf 88' lang='lat' dir='ltr'><strong>miraremur</strong></span> <span class='ocrx_word' id='word_1_658' title='bbox 3289 3730 3524 3796; x_wconf 88' lang='lat' dir='ltr'><strong>attoniti,</strong></span> <span class='ocrx_word' id='word_1_659' title='bbox 3579 3741 3684 3780; x_wconf 88' lang='lat' dir='ltr'><strong>sur-</strong></span> 
     </span>
    </p>
   </div>
   <div class='ocr_carea' id='block_1_84' title="bbox 2108 3815 3684 3886">
    <p class='ocr_par' dir='ltr' id='par_1_84' title="bbox 2108 3815 3684 3886">
     <span class='ocr_line' id='line_1_84' title="bbox 2108 3815 3684 3886; baseline 0.003 -18"><span class='ocrx_word' id='word_1_660' title='bbox 2108 3827 2363 3869; x_wconf 84' lang='lat' dir='ltr'><strong>rexerunt</strong></span> <span class='ocrx_word' id='word_1_661' title='bbox 2390 3830 2418 3868; x_wconf 93' lang='lat' dir='ltr'><strong>a</strong></span> <span class='ocrx_word' id='word_1_662' title='bbox 2449 3825 2677 3884; x_wconf 88' lang='lat' dir='ltr'><strong>quatuor</strong></span> <span class='ocrx_word' id='word_1_663' title='bbox 2699 3815 2866 3886; x_wconf 85' lang='lat' dir='ltr'><strong>plagis</strong></span> <span class='ocrx_word' id='word_1_664' title='bbox 2892 3818 3075 3872; x_wconf 92' lang='lat' dir='ltr'><strong>mundi</strong></span> <span class='ocrx_word' id='word_1_665' title='bbox 3108 3821 3206 3873; x_wconf 86' lang='lat' dir='ltr'><strong>alii</strong></span> <span class='ocrx_word' id='word_1_666' title='bbox 3242 3820 3437 3873; x_wconf 90' lang='lat' dir='ltr'><strong>horum</strong></span> <span class='ocrx_word' id='word_1_667' title='bbox 3480 3816 3684 3873; x_wconf 84' lang='lat' dir='ltr'><strong>similes.</strong></span> 
     </span>
    </p>
   </div>
   <div class='ocr_carea' id='block_1_85' title="bbox 2107 3896 3687 3979">
    <p class='ocr_par' dir='ltr' id='par_1_85' title="bbox 2107 3896 3687 3979">
     <span class='ocr_line' id='line_1_85' title="bbox 2107 3896 3687 3979; baseline 0.001 -23"><span class='ocrx_word' id='word_1_668' title='bbox 2107 3904 2442 3974; x_wconf 85' lang='lat' dir='ltr'><strong>vidimusque</strong></span> <span class='ocrx_word' id='word_1_669' title='bbox 2466 3915 2631 3960; x_wconf 92' lang='lat' dir='ltr'><strong>totum</strong></span> <span class='ocrx_word' id='word_1_670' title='bbox 2672 3907 2865 3961; x_wconf 64' lang='lat' dir='ltr'><strong>coelum</strong></span> <span class='ocrx_word' id='word_1_671' title='bbox 2898 3908 2965 3963; x_wconf 90' lang='lat' dir='ltr'><strong>ab</strong></span> <span class='ocrx_word' id='word_1_672' title='bbox 2994 3908 3076 3963; x_wconf 90' lang='lat' dir='ltr'><strong>his</strong></span> <span class='ocrx_word' id='word_1_673' title='bbox 3115 3896 3351 3979; x_wconf 76' lang='lat' dir='ltr'><strong>operiri.</strong></span> <span class='ocrx_word' id='word_1_674' title='bbox 3385 3910 3448 3964; x_wconf 84' lang='lat' dir='ltr'><strong>Et</strong></span> <span class='ocrx_word' id='word_1_675' title='bbox 3471 3919 3579 3965; x_wconf 85' lang='lat' dir='ltr'><strong>erat</strong></span> <span class='ocrx_word' id='word_1_676' title='bbox 3604 3923 3687 3960; x_wconf 91' lang='lat' dir='ltr'><strong>uu-</strong></span> 
     </span>
    </p>
   </div>
   <div class='ocr_carea' id='block_1_86' title="bbox 2106 3988 3753 4070">
    <p class='ocr_par' dir='ltr' id='par_1_86' title="bbox 2106 3988 3753 4070">
     <span class='ocr_line' id='line_1_86' title="bbox 2106 3988 3753 4070; baseline 0 -22"><span class='ocrx_word' id='word_1_677' title='bbox 2106 3994 2201 4049; x_wconf 88' lang='lat' dir='ltr'><strong>bes</strong></span> <span class='ocrx_word' id='word_1_678' title='bbox 2233 3997 2283 4048; x_wconf 92' lang='lat' dir='ltr'><strong>in</strong></span> <span class='ocrx_word' id='word_1_679' title='bbox 2306 3996 2484 4050; x_wconf 90' lang='lat' dir='ltr'><strong>medio</strong></span> <span class='ocrx_word' id='word_1_680' title='bbox 2529 3998 2650 4053; x_wconf 74' lang='grc' dir='ltr'><strong>οωιὶ</strong></span> <span class='ocrx_word' id='word_1_681' title='bbox 2694 3999 2994 4066; x_wconf 78' lang='lat' dir='ltr'><strong>splendida,</strong></span> <span class='ocrx_word' id='word_1_682' title='bbox 3033 4003 3101 4053; x_wconf 92' lang='lat' dir='ltr'><strong>ad</strong></span> <span class='ocrx_word' id='word_1_683' title='bbox 3151 4016 3321 4070; x_wconf 87' lang='lat' dir='ltr'><strong>quam</strong></span> <span class='ocrx_word' id='word_1_684' title='bbox 3377 4014 3439 4055; x_wconf 91' lang='lat' dir='ltr'><strong>se</strong></span> <span class='ocrx_word' id='word_1_685' title='bbox 3470 3999 3518 4053; x_wconf 90' lang='lat' dir='ltr'><strong>hi</strong></span> <span class='ocrx_word' id='word_1_686' title='bbox 3572 3992 3701 4051; x_wconf 74' lang='lat' dir='ltr'><strong>radii&#39;</strong></span> <span class='ocrx_word' id='word_1_687' title='bbox 3748 3988 3753 3993; x_wconf 79' lang='grc'><em>’</em></span> 
     </span>
    </p>
   </div>
   <div class='ocr_carea' id='block_1_87' title="bbox 2104 4086 3685 4160">
    <p class='ocr_par' dir='ltr' id='par_1_87' title="bbox 2104 4086 3685 4160">
     <span class='ocr_line' id='line_1_87' title="bbox 2104 4086 3685 4160; baseline -0.001 -19"><span class='ocrx_word' id='word_1_688' title='bbox 2104 4086 2426 4155; x_wconf 80' lang='lat' dir='ltr'><strong>colligebant</strong></span> <span class='ocrx_word' id='word_1_689' title='bbox 2471 4088 2523 4143; x_wconf 91' lang='lat' dir='ltr'><strong>in</strong></span> <span class='ocrx_word' id='word_1_690' title='bbox 2553 4088 2767 4147; x_wconf 86' lang='lat' dir='ltr'><strong>modum</strong></span> <span class='ocrx_word' id='word_1_691' title='bbox 2809 4090 3047 4155; x_wconf 68' lang='lat' dir='ltr'><strong>tentorii,</strong></span> <span class='ocrx_word' id='word_1_692' title='bbox 3080 4092 3234 4160; x_wconf 88' lang='lat' dir='ltr'><strong>quod</strong></span> <span class='ocrx_word' id='word_1_693' title='bbox 3277 4092 3351 4159; x_wconf 83' lang='lat' dir='ltr'><strong>ab</strong></span> <span class='ocrx_word' id='word_1_694' title='bbox 3381 4095 3488 4147; x_wconf 91' lang='lat' dir='ltr'><strong>imo</strong></span> <span class='ocrx_word' id='word_1_695' title='bbox 3505 4104 3566 4142; x_wconf 77' lang='lat' dir='ltr'><strong>ex</strong></span> <span class='ocrx_word' id='word_1_696' title='bbox 3587 4103 3685 4141; x_wconf 83' lang='lat' dir='ltr'><strong>am-</strong></span> 
     </span>
    </p>
   </div>
   <div class='ocr_carea' id='block_1_88' title="bbox 2101 4178 3685 4251">
    <p class='ocr_par' dir='ltr' id='par_1_88' title="bbox 2101 4178 3685 4251">
     <span class='ocr_line' id='line_1_88' title="bbox 2101 4178 3685 4251; baseline 0.001 -22"><span class='ocrx_word' id='word_1_697' title='bbox 2101 4178 2359 4246; x_wconf 75' lang='lat' dir='ltr'><strong>plioribus</strong></span> <span class='ocrx_word' id='word_1_698' title='bbox 2402 4179 2691 4248; x_wconf 71' lang='lat' dir='ltr'><strong>inemptum</strong></span> <span class='ocrx_word' id='word_1_699' title='bbox 2733 4182 2911 4236; x_wconf 80' lang='lat' dir='ltr'><strong>fasciis</strong></span> <span class='ocrx_word' id='word_1_700' title='bbox 2949 4178 3266 4251; x_wconf 60' lang='lat' dir='ltr'><strong>Angustatis</strong></span> <span class='ocrx_word' id='word_1_701' title='bbox 3320 4182 3374 4237; x_wconf 91' lang='lat' dir='ltr'><strong>in</strong></span> <span class='ocrx_word' id='word_1_702' title='bbox 3426 4182 3605 4244; x_wconf 83' lang='lat' dir='ltr'><strong>altum,</strong></span> <span class='ocrx_word' id='word_1_703' title='bbox 3640 4182 3685 4231; x_wconf 83' lang='lat' dir='ltr'><strong>in</strong></span> 
     </span>
    </p>
   </div>
   <div class='ocr_carea' id='block_1_89' title="bbox 2106 4254 3687 4345">
    <p class='ocr_par' dir='ltr' id='par_1_89' title="bbox 2106 4254 3687 4345">
     <span class='ocr_line' id='line_1_89' title="bbox 2106 4254 3687 4345; baseline 0.003 -23"><span class='ocrx_word' id='word_1_704' title='bbox 2106 4254 2300 4322; x_wconf 60' lang='lat' dir='ltr'><strong>ouum.</strong></span> <span class='ocrx_word' id='word_1_705' title='bbox 2321 4269 2515 4324; x_wconf 90' lang='lat' dir='ltr'><strong>cuculli</strong></span> <span class='ocrx_word' id='word_1_706' title='bbox 2571 4282 2727 4340; x_wconf 74' lang='lat' dir='ltr'><strong>caput</strong></span> <span class='ocrx_word' id='word_1_707' title='bbox 2776 4286 2919 4339; x_wconf 72' lang='lat' dir='ltr'><strong>smpe</strong></span> <span class='ocrx_word' id='word_1_708' title='bbox 2969 4274 3281 4345; x_wconf 80' lang='lat' dir='ltr'><strong>colligitur.</strong></span> <span class='ocrx_word' id='word_1_709' title='bbox 3330 4276 3595 4343; x_wconf 86' lang='lat' dir='ltr'><strong>Erantque</strong></span> <span class='ocrx_word' id='word_1_710' title='bbox 3644 4275 3687 4321; x_wconf 83' lang='lat' dir='ltr'><strong>in</strong></span> 
     </span>
    </p>
   </div>
   <div class='ocr_carea' id='block_1_90' title="bbox 2106 4358 3687 4425">
    <p class='ocr_par' dir='ltr' id='par_1_90' title="bbox 2106 4358 3687 4425">
     <span class='ocr_line' id='line_1_90' title="bbox 2106 4358 3687 4425; baseline 0.003 -15"><span class='ocrx_word' id='word_1_711' title='bbox 2106 4358 2281 4413; x_wconf 89' lang='lat' dir='ltr'><strong>medio</strong></span> <span class='ocrx_word' id='word_1_712' title='bbox 2304 4359 2573 4421; x_wconf 88' lang='lat' dir='ltr'><strong>radiorum</strong></span> <span class='ocrx_word' id='word_1_713' title='bbox 2620 4372 2672 4416; x_wconf 89' lang='lat' dir='ltr'><strong>et</strong></span> <span class='ocrx_word' id='word_1_714' title='bbox 2717 4362 2837 4418; x_wconf 71' lang='lat' dir='ltr'><strong>aliae</strong></span> <span class='ocrx_word' id='word_1_715' title='bbox 2868 4364 3039 4420; x_wconf 81' lang='lat' dir='ltr'><strong>nubes</strong></span> <span class='ocrx_word' id='word_1_716' title='bbox 3066 4381 3173 4421; x_wconf 85' lang='lat' dir='ltr'><strong>ceu</strong></span> <span class='ocrx_word' id='word_1_717' title='bbox 3216 4381 3509 4425; x_wconf 88' lang='lat' dir='ltr'><strong>coruscum</strong></span> <span class='ocrx_word' id='word_1_718' title='bbox 3536 4362 3687 4418; x_wconf 82' lang='lat' dir='ltr'><strong>valide</strong></span> 
     </span>
    </p>
   </div>
   <div class='ocr_carea' id='block_1_91' title="bbox 416 4446 3690 4527">
    <p class='ocr_par' dir='ltr' id='par_1_91' title="bbox 416 4446 3690 4527">
     <span class='ocr_line' id='line_1_91' title="bbox 416 4446 3690 4527; baseline -0 -16"><span class='ocrx_word' id='word_1_719' title='bbox 416 4456 683 4521; x_wconf 80' lang='lat' dir='ltr'><strong>diximus,</strong></span> <span class='ocrx_word' id='word_1_720' title='bbox 724 4453 839 4508; x_wconf 65' lang='lat' dir='ltr'><strong>inde</strong></span> <span class='ocrx_word' id='word_1_721' title='bbox 860 4451 1181 4507; x_wconf 89' lang='lat' dir='ltr'><strong>dormiebat.</strong></span> <span class='ocrx_word' id='word_1_722' title='bbox 1211 4450 1541 4523; x_wconf 86' lang='lat' dir='ltr'><strong>Quandoque</strong></span> <span class='ocrx_word' id='word_1_723' title='bbox 1573 4450 1858 4506; x_wconf 86' lang='lat' dir='ltr'><strong>miserante</strong></span> <span class='ocrx_word' id='word_1_724' title='bbox 1881 4453 1993 4510; x_wconf 90' lang='lat' dir='ltr'><strong>Deo</strong></span> <span class='ocrx_word' id='word_1_725' title='bbox 2027 4446 2082 4508; x_wconf 91' lang='lat' dir='ltr'>D</span> <span class='ocrx_word' id='word_1_726' title='bbox 2107 4448 2457 4517; x_wconf 78' lang='lat' dir='ltr'><strong>fulgurantes.</strong></span> <span class='ocrx_word' id='word_1_727' title='bbox 2489 4452 2645 4519; x_wconf 74' lang='lat' dir='ltr'><strong>Quod</strong></span> <span class='ocrx_word' id='word_1_728' title='bbox 2694 4454 2904 4524; x_wconf 88' lang='lat' dir='ltr'><strong>signum</strong></span> <span class='ocrx_word' id='word_1_729' title='bbox 2960 4472 3226 4527; x_wconf 82' lang='lat' dir='ltr'><strong>magnum</strong></span> <span class='ocrx_word' id='word_1_730' title='bbox 3284 4460 3447 4514; x_wconf 86' lang='lat' dir='ltr'><strong>nobis</strong></span> <span class='ocrx_word' id='word_1_731' title='bbox 3491 4457 3690 4526; x_wconf 79' lang='lat' dir='ltr'><strong>ingessit</strong></span> 
     </span>
    </p>
   </div>
   <div class='ocr_carea' id='block_1_92' title="bbox 420 4542 1987 4617">
    <p class='ocr_par' dir='ltr' id='par_1_92' title="bbox 420 4542 1987 4617">
     <span class='ocr_line' id='line_1_92' title="bbox 420 4542 1987 4617; baseline -0.001 -17"><span class='ocrx_word' id='word_1_732' title='bbox 420 4547 666 4617; x_wconf 86' lang='lat' dir='ltr'><strong>apparuit</strong></span> <span class='ocrx_word' id='word_1_733' title='bbox 703 4543 832 4603; x_wconf 89' lang='lat' dir='ltr'><strong>mihi</strong></span> <span class='ocrx_word' id='word_1_734' title='bbox 864 4544 914 4600; x_wconf 86' lang='lat' dir='ltr'><strong>in</strong></span> <span class='ocrx_word' id='word_1_735' title='bbox 967 4544 1171 4601; x_wconf 90' lang='lat' dir='ltr'><strong>visione</strong></span> <span class='ocrx_word' id='word_1_736' title='bbox 1203 4543 1388 4609; x_wconf 83' lang='lat' dir='ltr'><strong>beatus</strong></span> <span class='ocrx_word' id='word_1_737' title='bbox 1427 4542 1687 4605; x_wconf 69' lang='lat' dir='ltr'><strong>Martinus</strong></span> <span class='ocrx_word' id='word_1_738' title='bbox 1719 4583 1734 4608; x_wconf 92' lang='lat'><strong>,</strong></span> <span class='ocrx_word' id='word_1_739' title='bbox 1765 4544 1948 4611; x_wconf 75' lang='lat' dir='ltr'><strong>dicens</strong></span> <span class='ocrx_word' id='word_1_740' title='bbox 1974 4563 1987 4598; x_wconf 90' lang='lat'><strong>:</strong></span> 
     </span>
    </p>
   </div>
   <div class='ocr_carea' id='block_1_93' title="bbox 420 4631 1988 4709">
    <p class='ocr_par' dir='ltr' id='par_1_93' title="bbox 420 4631 1988 4709">
     <span class='ocr_line' id='line_1_93' title="bbox 420 4631 1988 4709; baseline 0 -20"><span class='ocrx_word' id='word_1_741' title='bbox 420 4636 567 4704; x_wconf 77' lang='lat' dir='ltr'><strong>Ejice</strong></span> <span class='ocrx_word' id='word_1_742' title='bbox 598 4650 795 4704; x_wconf 89' lang='lat' dir='ltr'><strong>agnum</strong></span> <span class='ocrx_word' id='word_1_743' title='bbox 826 4634 893 4687; x_wconf 90' lang='lat' dir='ltr'><strong>de</strong></span> <span class='ocrx_word' id='word_1_744' title='bbox 922 4632 1160 4698; x_wconf 84' lang='lat' dir='ltr'><strong>basilica,</strong></span> <span class='ocrx_word' id='word_1_745' title='bbox 1190 4632 1310 4700; x_wconf 91' lang='lat' dir='ltr'><strong>quia</strong></span> <span class='ocrx_word' id='word_1_746' title='bbox 1335 4632 1444 4700; x_wconf 62' lang='lat' dir='ltr'><strong>jam</strong></span> <span class='ocrx_word' id='word_1_747' title='bbox 1488 4646 1648 4691; x_wconf 85' lang='lat' dir='ltr'><strong>sanus</strong></span> <span class='ocrx_word' id='word_1_748' title='bbox 1691 4631 1859 4709; x_wconf 78' lang='lat' dir='ltr'><strong>lactus</strong></span> <span class='ocrx_word' id='word_1_749' title='bbox 1886 4643 1988 4689; x_wconf 79' lang='lat' dir='ltr'><strong>est.</strong></span> 
     </span>
    </p>
   </div>
   <div class='ocr_carea' id='block_1_94' title="bbox 416 4723 1991 4793">
    <p class='ocr_par' dir='ltr' id='par_1_94' title="bbox 416 4723 1991 4793">
     <span class='ocr_line' id='line_1_94' title="bbox 416 4723 1991 4793; baseline -0.001 -10"><span class='ocrx_word' id='word_1_750' title='bbox 416 4727 571 4783; x_wconf 76' lang='lat' dir='ltr'><strong>Hane</strong></span> <span class='ocrx_word' id='word_1_751' title='bbox 625 4736 801 4781; x_wconf 89' lang='lat' dir='ltr'><strong>autem</strong></span> <span class='ocrx_word' id='word_1_752' title='bbox 835 4723 1013 4791; x_wconf 83' lang='lat' dir='ltr'><strong>facto,</strong></span> <span class='ocrx_word' id='word_1_753' title='bbox 1046 4723 1311 4793; x_wconf 88' lang='lat' dir='ltr'><strong>cogitante</strong></span> <span class='ocrx_word' id='word_1_754' title='bbox 1360 4738 1452 4777; x_wconf 77' lang='lat' dir='ltr'><strong>me</strong></span> <span class='ocrx_word' id='word_1_755' title='bbox 1503 4724 1643 4793; x_wconf 88' lang='lat' dir='ltr'><strong>quod</strong></span> <span class='ocrx_word' id='word_1_756' title='bbox 1696 4734 1840 4780; x_wconf 57' lang='lat' dir='ltr'><strong>esset</strong></span> <span class='ocrx_word' id='word_1_757' title='bbox 1891 4726 1991 4782; x_wconf 89' lang='lat' dir='ltr'><strong>hoc</strong></span> 
     </span>
    </p>
   </div>
   <div class='ocr_carea' id='block_1_95' title="bbox 342 4816 1986 4885">
    <p class='ocr_par' dir='ltr' id='par_1_95' title="bbox 342 4816 1986 4885">
     <span class='ocr_line' id='line_1_95' title="bbox 342 4816 1986 4885; baseline 0.001 -14"><span class='ocrx_word' id='word_1_758' title='bbox 342 4836 343 4839; x_wconf 44' lang='grc' dir='ltr'><strong>η</strong></span> <span class='ocrx_word' id='word_1_759' title='bbox 410 4817 699 4881; x_wconf 89' lang='lat' dir='ltr'><strong>somnium,</strong></span> <span class='ocrx_word' id='word_1_760' title='bbox 761 4816 908 4870; x_wconf 87' lang='lat' dir='ltr'><strong>venit</strong></span> <span class='ocrx_word' id='word_1_761' title='bbox 945 4816 1012 4869; x_wconf 92' lang='lat' dir='ltr'><strong>ad</strong></span> <span class='ocrx_word' id='word_1_762' title='bbox 1064 4831 1151 4871; x_wconf 92' lang='lat' dir='ltr'><strong>me</strong></span> <span class='ocrx_word' id='word_1_763' title='bbox 1197 4832 1345 4883; x_wconf 87' lang='lat' dir='ltr'><strong>puer,</strong></span> <span class='ocrx_word' id='word_1_764' title='bbox 1395 4826 1449 4872; x_wconf 90' lang='lat' dir='ltr'><strong>et</strong></span> <span class='ocrx_word' id='word_1_765' title='bbox 1477 4818 1727 4873; x_wconf 90' lang='lat' dir='ltr'><strong>emittens</strong></span> <span class='ocrx_word' id='word_1_766' title='bbox 1783 4834 1986 4885; x_wconf 88' lang='lat' dir='ltr'><strong>vocem,</strong></span> 
     </span>
    </p>
   </div>
   <div class='ocr_carea' id='block_1_96' title="bbox 408 4904 1986 4975">
    <p class='ocr_par' dir='ltr' id='par_1_96' title="bbox 408 4904 1986 4975">
     <span class='ocr_line' id='line_1_96' title="bbox 408 4904 1986 4975; baseline 0.003 -15"><span class='ocrx_word' id='word_1_767' title='bbox 408 4906 608 4974; x_wconf 81' lang='lat' dir='ltr'><strong>gratias</strong></span> <span class='ocrx_word' id='word_1_768' title='bbox 636 4920 796 4973; x_wconf 82' lang='lat' dir='ltr'><strong>agere</strong></span> <span class='ocrx_word' id='word_1_769' title='bbox 828 4904 936 4959; x_wconf 83' lang='lat' dir='ltr'><strong>Deo</strong></span> <span class='ocrx_word' id='word_1_770' title='bbox 965 4905 1148 4974; x_wconf 70' lang='lat' dir='ltr'><strong>erepit,</strong></span> <span class='ocrx_word' id='word_1_771' title='bbox 1181 4919 1581 4975; x_wconf 85' lang='lat' dir='ltr'><strong>conversusque</strong></span> <span class='ocrx_word' id='word_1_772' title='bbox 1606 4908 1673 4962; x_wconf 91' lang='lat' dir='ltr'><strong>ad</strong></span> <span class='ocrx_word' id='word_1_773' title='bbox 1725 4925 1839 4973; x_wconf 90' lang='lat' dir='ltr'><strong>me,</strong></span> <span class='ocrx_word' id='word_1_774' title='bbox 1871 4912 1986 4965; x_wconf 60' lang='lat' dir='ltr'><strong>ait;</strong></span> 
     </span>
    </p>
   </div>
   <div class='ocr_carea' id='block_1_97' title="bbox 411 4997 1987 5068">
    <p class='ocr_par' dir='ltr' id='par_1_97' title="bbox 411 4997 1987 5068">
     <span class='ocr_line' id='line_1_97' title="bbox 411 4997 1987 5068; baseline 0.003 -16"><span class='ocrx_word' id='word_1_775' title='bbox 411 4999 622 5053; x_wconf 83' lang='lat' dir='ltr'><strong>Gratias</strong></span> <span class='ocrx_word' id='word_1_776' title='bbox 649 5012 750 5065; x_wconf 84' lang='lat' dir='ltr'><strong>ago</strong></span> <span class='ocrx_word' id='word_1_777' title='bbox 795 4998 901 5050; x_wconf 78' lang='lat' dir='ltr'><strong>Deo</strong></span> <span class='ocrx_word' id='word_1_778' title='bbox 930 4997 1302 5064; x_wconf 79' lang='lat' dir='ltr'><strong>ornuipmenti,</strong></span> <span class='ocrx_word' id='word_1_779' title='bbox 1334 5000 1422 5063; x_wconf 90' lang='lat' dir='ltr'><strong>qui</strong></span> <span class='ocrx_word' id='word_1_780' title='bbox 1466 4999 1592 5053; x_wconf 87' lang='lat' dir='ltr'><strong>mihi</strong></span> <span class='ocrx_word' id='word_1_781' title='bbox 1631 5010 1685 5053; x_wconf 90' lang='lat' dir='ltr'><strong>et</strong></span> <span class='ocrx_word' id='word_1_782' title='bbox 1719 5000 1987 5068; x_wconf 85' lang='lat' dir='ltr'><strong>eloquium</strong></span> 
     </span>
    </p>
   </div>
   <div class='ocr_carea' id='block_1_98' title="bbox 409 5086 1987 5155">
    <p class='ocr_par' dir='ltr' id='par_1_98' title="bbox 409 5086 1987 5155">
     <span class='ocr_line' id='line_1_98' title="bbox 409 5086 1987 5155; baseline 0.002 -12"><span class='ocrx_word' id='word_1_783' title='bbox 409 5089 662 5153; x_wconf 84' lang='lat' dir='ltr'><strong>reddidit,</strong></span> <span class='ocrx_word' id='word_1_784' title='bbox 689 5097 743 5142; x_wconf 91' lang='lat' dir='ltr'><strong>et</strong></span> <span class='ocrx_word' id='word_1_785' title='bbox 762 5087 1018 5141; x_wconf 91' lang='lat' dir='ltr'><strong>auditum.</strong></span> <span class='ocrx_word' id='word_1_786' title='bbox 1050 5087 1124 5141; x_wconf 78' lang='lat' dir='ltr'><strong>Ex</strong></span> <span class='ocrx_word' id='word_1_787' title='bbox 1160 5086 1259 5139; x_wconf 90' lang='lat' dir='ltr'><strong>hoc</strong></span> <span class='ocrx_word' id='word_1_788' title='bbox 1278 5101 1441 5141; x_wconf 86' lang='lat' dir='ltr'><strong>sanus</strong></span> <span class='ocrx_word' id='word_1_789' title='bbox 1481 5090 1755 5155; x_wconf 90' lang='lat' dir='ltr'><strong>redditus,</strong></span> <span class='ocrx_word' id='word_1_790' title='bbox 1783 5092 1849 5145; x_wconf 91' lang='lat' dir='ltr'><strong>ad</strong></span> <span class='ocrx_word' id='word_1_791' title='bbox 1889 5092 1987 5146; x_wconf 87' lang='lat' dir='ltr'><strong>do-</strong></span> 
     </span>
    </p>
   </div>
   <div class='ocr_carea' id='block_1_99' title="bbox 402 5176 1987 5249">
    <p class='ocr_par' dir='ltr' id='par_1_99' title="bbox 402 5176 1987 5249">
     <span class='ocr_line' id='line_1_99' title="bbox 402 5176 1987 5249; baseline 0.004 -17"><span class='ocrx_word' id='word_1_792' title='bbox 402 5194 548 5234; x_wconf 88' lang='lat' dir='ltr'><strong>mum</strong></span> <span class='ocrx_word' id='word_1_793' title='bbox 580 5178 755 5249; x_wconf 88' lang='lat' dir='ltr'><strong>rediit.</strong></span> <span class='ocrx_word' id='word_1_794' title='bbox 803 5176 953 5231; x_wconf 80' lang='lat' dir='ltr'><strong>Alius</strong></span> <span class='ocrx_word' id='word_1_795' title='bbox 980 5191 1106 5229; x_wconf 88' lang='lat' dir='ltr'><strong>vero</strong></span> <span class='ocrx_word' id='word_1_796' title='bbox 1119 5176 1205 5244; x_wconf 92' lang='lat' dir='ltr'><strong>qui</strong></span> <span class='ocrx_word' id='word_1_797' title='bbox 1224 5177 1542 5246; x_wconf 83' lang='lat' dir='ltr'><strong>plerumque</strong></span> <span class='ocrx_word' id='word_1_798' title='bbox 1566 5183 1615 5234; x_wconf 90' lang='lat' dir='ltr'><strong>in</strong></span> <span class='ocrx_word' id='word_1_799' title='bbox 1640 5180 1791 5237; x_wconf 81' lang='lat' dir='ltr'><strong>furtis</strong></span> <span class='ocrx_word' id='word_1_800' title='bbox 1814 5183 1987 5239; x_wconf 79' lang='lat' dir='ltr'><strong>diver—</strong></span> 
     </span>
    </p>
   </div>
   <div class='ocr_carea' id='block_1_100' title="bbox 403 5268 1980 5344">
    <p class='ocr_par' dir='ltr' id='par_1_100' title="bbox 403 5268 1980 5344">
     <span class='ocr_line' id='line_1_100' title="bbox 403 5268 1980 5344; baseline 0.004 -21"><span class='ocrx_word' id='word_1_801' title='bbox 403 5270 584 5339; x_wconf 82' lang='lat' dir='ltr'><strong>sisque</strong></span> <span class='ocrx_word' id='word_1_802' title='bbox 624 5268 920 5325; x_wconf 86' lang='lat' dir='ltr'><strong>sceleribus</strong></span> <span class='ocrx_word' id='word_1_803' title='bbox 964 5269 1280 5323; x_wconf 83' lang='lat' dir='ltr'><strong>commistus</strong></span> <span class='ocrx_word' id='word_1_804' title='bbox 1312 5268 1557 5339; x_wconf 85' lang='lat' dir='ltr'><strong>pejerare</strong></span> <span class='ocrx_word' id='word_1_805' title='bbox 1597 5286 1980 5344; x_wconf 84' lang='lat' dir='ltr'><strong>consueverat,</strong></span> 
     </span>
    </p>
   </div>
   <div class='ocr_carea' id='block_1_101' title="bbox 472 5450 1757 5515">
    <p class='ocr_par' dir='ltr' id='par_1_101' title="bbox 472 5450 1757 5515">
     <span class='ocr_line' id='line_1_101' title="bbox 472 5450 1757 5515; baseline 0.002 -11"><span class='ocrx_word' id='word_1_806' title='bbox 472 5458 505 5489; x_wconf 71' lang='grc' dir='ltr'>α</span> <span class='ocrx_word' id='word_1_807' title='bbox 532 5451 584 5504; x_wconf 91' lang='lat' dir='ltr'><strong>Id</strong></span> <span class='ocrx_word' id='word_1_808' title='bbox 615 5462 718 5515; x_wconf 79' lang='lat' dir='ltr'><strong>est,</strong></span> <span class='ocrx_word' id='word_1_809' title='bbox 766 5452 830 5506; x_wconf 91' lang='lat' dir='ltr'><strong>ad</strong></span> <span class='ocrx_word' id='word_1_810' title='bbox 862 5450 1191 5507; x_wconf 82' lang='lat' dir='ltr'><strong>recitandum</strong></span> <span class='ocrx_word' id='word_1_811' title='bbox 1223 5450 1456 5505; x_wconf 77' lang='lat' dir='ltr'><strong>officium</strong></span> <span class='ocrx_word' id='word_1_812' title='bbox 1500 5452 1757 5507; x_wconf 87' lang='lat' dir='ltr'><strong>divinum.</strong></span> 
     </span>
    </p>
   </div>
   <div class='ocr_carea' id='block_1_102' title="bbox 468 5517 1979 5596">
    <p class='ocr_par' dir='ltr' id='par_1_102' title="bbox 468 5517 1979 5596">
     <span class='ocr_line' id='line_1_102' title="bbox 468 5517 1979 5596; baseline 0.007 -24"><span class='ocrx_word' id='word_1_813' title='bbox 468 5517 499 5560; x_wconf 74' lang='grc' dir='ltr'>δ</span> <span class='ocrx_word' id='word_1_814' title='bbox 536 5520 774 5596; x_wconf 77' lang='lat' dir='ltr'><strong>Celebris</strong></span> <span class='ocrx_word' id='word_1_815' title='bbox 795 5532 1029 5596; x_wconf 65' lang='lat' dir='ltr'><strong>sanctus</strong></span> <span class='ocrx_word' id='word_1_816' title='bbox 1051 5522 1293 5596; x_wconf 74' lang='lat' dir='ltr'><strong>_Simeon</strong></span> <span class='ocrx_word' id='word_1_817' title='bbox 1338 5522 1577 5596; x_wconf 77' lang='lat' dir='ltr'><strong>Stylites,</strong></span> <span class='ocrx_word' id='word_1_818' title='bbox 1630 5525 1841 5596; x_wconf 81' lang='lat' dir='ltr'><strong>dequo</strong></span> <span class='ocrx_word' id='word_1_819' title='bbox 1866 5526 1979 5596; x_wconf 70' lang='lat' dir='ltr'><strong>ipse</strong></span> 
     </span>
    </p>
   </div>
   <div class='ocr_carea' id='block_1_103' title="bbox 398 5590 1796 5659">
    <p class='ocr_par' dir='ltr' id='par_1_103' title="bbox 398 5590 1796 5659">
     <span class='ocr_line' id='line_1_103' title="bbox 398 5590 1796 5659; baseline 0.002 -12"><span class='ocrx_word' id='word_1_820' title='bbox 398 5590 683 5659; x_wconf 82' lang='lat' dir='ltr'><strong>Gregorius</strong></span> <span class='ocrx_word' id='word_1_821' title='bbox 713 5591 763 5642; x_wconf 93' lang='lat' dir='ltr'><strong>iu</strong></span> <span class='ocrx_word' id='word_1_822' title='bbox 795 5591 929 5644; x_wconf 84' lang='lat' dir='ltr'><strong>libro</strong></span> <span class='ocrx_word' id='word_1_823' title='bbox 950 5593 1016 5643; x_wconf 87' lang='lat' dir='ltr'><strong>de</strong></span> <span class='ocrx_word' id='word_1_824' title='bbox 1041 5593 1219 5645; x_wconf 81' lang='lat' dir='ltr'><strong>Gloria</strong></span> <span class='ocrx_word' id='word_1_825' title='bbox 1251 5590 1519 5656; x_wconf 41' lang='lat' dir='ltr'><strong>t‘mzifessn</strong></span> <span class='ocrx_word' id='word_1_826' title='bbox 1555 5608 1673 5659; x_wconf 86' lang='lat' dir='ltr'><strong>cap.</strong></span> <span class='ocrx_word' id='word_1_827' title='bbox 1705 5595 1796 5650; x_wconf 72' lang='lat'><strong>26.</strong></span> 
     </span>
    </p>
   </div>
   <div class='ocr_carea' id='block_1_104' title="bbox 470 5661 1768 5728">
    <p class='ocr_par' dir='ltr' id='par_1_104' title="bbox 470 5661 1768 5728">
     <span class='ocr_line' id='line_1_104' title="bbox 470 5661 1768 5728; baseline 0.002 -12"><span class='ocrx_word' id='word_1_828' title='bbox 470 5671 495 5701; x_wconf 71' lang='grc' dir='ltr'><strong>ε</strong></span> <span class='ocrx_word' id='word_1_829' title='bbox 542 5662 631 5716; x_wconf 85' lang='lat' dir='ltr'><strong>Sic</strong></span> <span class='ocrx_word' id='word_1_830' title='bbox 656 5661 800 5715; x_wconf 79' lang='lat' dir='ltr'><strong>Colb.</strong></span> <span class='ocrx_word' id='word_1_831' title='bbox 832 5676 904 5713; x_wconf 89' lang='grc' dir='ltr'><strong>ιιι.</strong></span> <span class='ocrx_word' id='word_1_832' title='bbox 936 5671 987 5715; x_wconf 84' lang='lat' dir='ltr'><strong>ct</strong></span> <span class='ocrx_word' id='word_1_833' title='bbox 1019 5662 1170 5728; x_wconf 74' lang='lat' dir='ltr'><strong>Bad;</strong></span> <span class='ocrx_word' id='word_1_834' title='bbox 1201 5663 1289 5717; x_wconf 87' lang='lat' dir='ltr'><strong>alii</strong></span> <span class='ocrx_word' id='word_1_835' title='bbox 1315 5677 1462 5727; x_wconf 85' lang='lat' dir='ltr'><strong>vero,</strong></span> <span class='ocrx_word' id='word_1_836' title='bbox 1493 5666 1768 5718; x_wconf 75' lang='lat' dir='ltr'><strong>rediturus.</strong></span> 
     </span>
    </p>
   </div>
   <div class='ocr_carea' id='block_1_105' title="bbox 2097 4541 3685 4619">
    <p class='ocr_par' dir='ltr' id='par_1_105' title="bbox 2097 4541 3685 4619">
     <span class='ocr_line' id='line_1_105' title="bbox 2097 4541 3685 4619; baseline 0.003 -26"><span class='ocrx_word' id='word_1_837' title='bbox 2097 4552 2298 4595; x_wconf 88' lang='lat' dir='ltr'><strong>metum</strong></span> <span class='ocrx_word' id='word_1_838' title='bbox 2349 4541 2444 4615; x_wconf 87' lang='lat' dir='ltr'><strong>(V.</strong></span> <span class='ocrx_word' id='word_1_839' title='bbox 2477 4560 2633 4615; x_wconf 74' lang='lat' dir='ltr'><strong>supra</strong></span> <span class='ocrx_word' id='word_1_840' title='bbox 2655 4563 2770 4615; x_wconf 87' lang='lat' dir='ltr'><strong>cap.</strong></span> <span class='ocrx_word' id='word_1_841' title='bbox 2807 4546 2920 4617; x_wconf 67' lang='lat'><strong>24).</strong></span> <span class='ocrx_word' id='word_1_842' title='bbox 2973 4548 3427 4619; x_wconf 80' lang='lat' dir='ltr'><strong>Oppei-iebamur</strong></span> <span class='ocrx_word' id='word_1_843' title='bbox 3446 4550 3582 4603; x_wconf 87' lang='lat' dir='ltr'><strong>enim</strong></span> <span class='ocrx_word' id='word_1_844' title='bbox 3608 4562 3685 4599; x_wconf 77' lang='lat' dir='ltr'><strong>sr-</strong></span> 
     </span>
    </p>
   </div>
   <div class='ocr_carea' id='block_1_106' title="bbox 2097 4635 3469 4706">
    <p class='ocr_par' dir='ltr' id='par_1_106' title="bbox 2097 4635 3469 4706">
     <span class='ocr_line' id='line_1_106' title="bbox 2097 4635 3469 4706; baseline 0.004 -17"><span class='ocrx_word' id='word_1_845' title='bbox 2097 4648 2193 4703; x_wconf 89' lang='lat' dir='ltr'><strong>per</strong></span> <span class='ocrx_word' id='word_1_846' title='bbox 2231 4650 2326 4688; x_wconf 89' lang='lat' dir='ltr'><strong>nos</strong></span> <span class='ocrx_word' id='word_1_847' title='bbox 2356 4635 2587 4703; x_wconf 78' lang='lat' dir='ltr'><strong>aliquant</strong></span> <span class='ocrx_word' id='word_1_848' title='bbox 2616 4637 2819 4706; x_wconf 80' lang='lat' dir='ltr'><strong>plagam</strong></span> <span class='ocrx_word' id='word_1_849' title='bbox 2851 4638 2916 4690; x_wconf 85' lang='lat' dir='ltr'><strong>de</strong></span> <span class='ocrx_word' id='word_1_850' title='bbox 2947 4639 3082 4692; x_wconf 75' lang='grc' dir='ltr'><strong>οςυιυ</strong></span> <span class='ocrx_word' id='word_1_851' title='bbox 3133 4640 3469 4696; x_wconf 87' lang='lat' dir='ltr'><strong>transmitti.</strong></span> 
     </span>
    </p>
   </div>
   <div class='ocr_carea' id='block_1_107' title="bbox 2169 4725 3749 4801">
    <p class='ocr_par' dir='ltr' id='par_1_107' title="bbox 2169 4725 3749 4801">
     <span class='ocr_line' id='line_1_107' title="bbox 2169 4725 3749 4801; baseline 0.004 -22"><span class='ocrx_word' id='word_1_852' title='bbox 2169 4725 2351 4779; x_wconf 78' lang='lat' dir='ltr'><strong>XVIII.</strong></span> <span class='ocrx_word' id='word_1_853' title='bbox 2383 4725 2759 4789; x_wconf 80' lang='lat' dir='ltr'><strong>Childcbertus</strong></span> <span class='ocrx_word' id='word_1_854' title='bbox 2790 4743 2917 4781; x_wconf 86' lang='lat' dir='ltr'><strong>vero</strong></span> <span class='ocrx_word' id='word_1_855' title='bbox 2946 4745 3041 4784; x_wconf 77' lang='lat' dir='ltr'><strong>rex</strong></span> <span class='ocrx_word' id='word_1_856' title='bbox 3070 4735 3551 4801; x_wconf 85' lang='lat' dir='ltr'><strong>compellentibus</strong></span> <span class='ocrx_word' id='word_1_857' title='bbox 3577 4731 3691 4785; x_wconf 81' lang='lat' dir='ltr'><strong>mis-</strong></span> <span class='ocrx_word' id='word_1_858' title='bbox 3745 4782 3749 4785; x_wconf 88' lang='lat'><strong>.</strong></span> 
     </span>
    </p>
   </div>
   <div class='ocr_carea' id='block_1_108' title="bbox 2096 4815 3695 4893">
    <p class='ocr_par' dir='ltr' id='par_1_108' title="bbox 2096 4815 3695 4893">
     <span class='ocr_line' id='line_1_108' title="bbox 2096 4815 3695 4893; baseline 0.003 -24"><span class='ocrx_word' id='word_1_859' title='bbox 2096 4815 2173 4870; x_wconf 88' lang='lat' dir='ltr'><strong>sis</strong></span> <span class='ocrx_word' id='word_1_860' title='bbox 2196 4817 2577 4886; x_wconf 84' lang='lat' dir='ltr'><strong>imperialibus,</strong></span> <span class='ocrx_word' id='word_1_861' title='bbox 2611 4817 2699 4887; x_wconf 87' lang='lat' dir='ltr'><strong>qui</strong></span> <span class='ocrx_word' id='word_1_862' title='bbox 2722 4834 2906 4873; x_wconf 83' lang='lat' dir='ltr'><strong>aurum</strong></span> <span class='ocrx_word' id='word_1_863' title='bbox 2935 4821 3077 4888; x_wconf 87' lang='lat' dir='ltr'><strong>quod</strong></span> <span class='ocrx_word' id='word_1_864' title='bbox 3114 4836 3273 4876; x_wconf 79' lang='lat' dir='ltr'><strong>anno</strong></span> <span class='ocrx_word' id='word_1_865' title='bbox 3310 4825 3593 4893; x_wconf 90' lang='lat' dir='ltr'><strong>superiore</strong></span> <span class='ocrx_word' id='word_1_866' title='bbox 3612 4822 3695 4875; x_wconf 80' lang='lat' dir='ltr'><strong>da-</strong></span> 
     </span>
    </p>
   </div>
   <div class='ocr_carea' id='block_1_109' title="bbox 2100 4909 3687 4982">
    <p class='ocr_par' dir='ltr' id='par_1_109' title="bbox 2100 4909 3687 4982">
     <span class='ocr_line' id='line_1_109' title="bbox 2100 4909 3687 4982; baseline 0.004 -20"><span class='ocrx_word' id='word_1_867' title='bbox 2100 4917 2211 4962; x_wconf 92' lang='lat' dir='ltr'><strong>tum</strong></span> <span class='ocrx_word' id='word_1_868' title='bbox 2243 4909 2437 4977; x_wconf 81' lang='lat' dir='ltr'><strong>fuerat,</strong></span> <span class='ocrx_word' id='word_1_869' title='bbox 2469 4910 2793 4978; x_wconf 86' lang='lat' dir='ltr'><strong>requirebat,</strong></span> <span class='ocrx_word' id='word_1_870' title='bbox 2825 4912 3128 4966; x_wconf 79' lang='lat' dir='ltr'><strong>exercitum</strong></span> <span class='ocrx_word' id='word_1_871' title='bbox 3164 4917 3221 4968; x_wconf 89' lang='lat' dir='ltr'><strong>in</strong></span> <span class='ocrx_word' id='word_1_872' title='bbox 3258 4915 3471 4970; x_wconf 67' lang='lat' dir='ltr'><strong>italiam</strong></span> <span class='ocrx_word' id='word_1_873' title='bbox 3508 4913 3687 4982; x_wconf 84' lang='lat' dir='ltr'><strong>dirigit.</strong></span> 
     </span>
    </p>
   </div>
   <div class='ocr_carea' id='block_1_110' title="bbox 2099 5000 3700 5077">
    <p class='ocr_par' dir='ltr' id='par_1_110' title="bbox 2099 5000 3700 5077">
     <span class='ocr_line' id='line_1_110' title="bbox 2099 5000 3700 5077; baseline 0.002 -21"><span class='ocrx_word' id='word_1_874' title='bbox 2099 5000 2273 5056; x_wconf 88' lang='lat' dir='ltr'><strong>Sonus</strong></span> <span class='ocrx_word' id='word_1_875' title='bbox 2299 5002 2443 5054; x_wconf 91' lang='lat' dir='ltr'><strong>enim</strong></span> <span class='ocrx_word' id='word_1_876' title='bbox 2463 5014 2571 5055; x_wconf 86' lang='lat' dir='ltr'><strong>erat</strong></span> <span class='ocrx_word' id='word_1_877' title='bbox 2603 5018 2840 5057; x_wconf 77' lang='lat' dir='ltr'><strong>sororem</strong></span> <span class='ocrx_word' id='word_1_878' title='bbox 2889 5019 3037 5059; x_wconf 91' lang='lat' dir='ltr'><strong>suam</strong></span> <span class='ocrx_word' id='word_1_879' title='bbox 3062 5004 3387 5076; x_wconf 82' lang='lat' dir='ltr'><strong>lngnudem</strong></span> <span class='ocrx_word' id='word_1_880' title='bbox 3431 5023 3541 5077; x_wconf 76' lang='lat' dir='ltr'><strong>jam</strong></span> <span class='ocrx_word' id='word_1_881' title='bbox 3571 5007 3700 5062; x_wconf 79' lang='lat' dir='ltr'><strong>Con-</strong></span> 
     </span>
    </p>
   </div>
   <div class='ocr_carea' id='block_1_111' title="bbox 2095 5089 3696 5160">
    <p class='ocr_par' dir='ltr' id='par_1_111' title="bbox 2095 5089 3696 5160">
     <span class='ocr_line' id='line_1_111' title="bbox 2095 5089 3696 5160; baseline 0 -13"><span class='ocrx_word' id='word_1_882' title='bbox 2095 5091 2501 5160; x_wconf 82' lang='lat' dir='ltr'><strong>stantinopolitlt</strong></span> <span class='ocrx_word' id='word_1_883' title='bbox 2557 5089 2722 5152; x_wconf 74' lang='lat' dir='ltr'><strong>fuisse</strong></span> <span class='ocrx_word' id='word_1_884' title='bbox 2801 5095 3145 5150; x_wconf 72' lang='lat' dir='ltr'><strong>translatam.</strong></span> <span class='ocrx_word' id='word_1_885' title='bbox 3204 5098 3321 5153; x_wconf 87' lang='lat' dir='ltr'><strong>Sed</strong></span> <span class='ocrx_word' id='word_1_886' title='bbox 3372 5114 3498 5152; x_wconf 90' lang='lat' dir='ltr'><strong>cum</strong></span> <span class='ocrx_word' id='word_1_887' title='bbox 3546 5098 3696 5150; x_wconf 79' lang='lat' dir='ltr'><strong>duces</strong></span> 
     </span>
    </p>
   </div>
   <div class='ocr_carea' id='block_1_112' title="bbox 2096 5183 3691 5253">
    <p class='ocr_par' dir='ltr' id='par_1_112' title="bbox 2096 5183 3691 5253">
     <span class='ocr_line' id='line_1_112' title="bbox 2096 5183 3691 5253; baseline 0.003 -15"><span class='ocrx_word' id='word_1_888' title='bbox 2096 5183 2236 5238; x_wconf 87' lang='lat' dir='ltr'><strong>inter</strong></span> <span class='ocrx_word' id='word_1_889' title='bbox 2261 5198 2320 5237; x_wconf 91' lang='lat' dir='ltr'><strong>se</strong></span> <span class='ocrx_word' id='word_1_890' title='bbox 2350 5186 2755 5250; x_wconf 87' lang='lat' dir='ltr'><strong>altercareutur,</strong></span> <span class='ocrx_word' id='word_1_891' title='bbox 2787 5191 3015 5253; x_wconf 73' lang='lat' dir='ltr'><strong>regressi</strong></span> <span class='ocrx_word' id='word_1_892' title='bbox 3036 5200 3177 5243; x_wconf 87' lang='lat' dir='ltr'><strong>sunt</strong></span> <span class='ocrx_word' id='word_1_893' title='bbox 3230 5193 3361 5248; x_wconf 87' lang='lat' dir='ltr'><strong>sine</strong></span> <span class='ocrx_word' id='word_1_894' title='bbox 3393 5192 3557 5247; x_wconf 91' lang='lat' dir='ltr'><strong>ullius</strong></span> <span class='ocrx_word' id='word_1_895' title='bbox 3574 5191 3691 5245; x_wconf 78' lang='lat' dir='ltr'><strong>lucri</strong></span> 
     </span>
    </p>
   </div>
   <div class='ocr_carea' id='block_1_113' title="bbox 2093 5274 3697 5354">
    <p class='ocr_par' dir='ltr' id='par_1_113' title="bbox 2093 5274 3697 5354">
     <span class='ocr_line' id='line_1_113' title="bbox 2093 5274 3697 5354; baseline 0.001 -23"><span class='ocrx_word' id='word_1_896' title='bbox 2093 5277 2480 5346; x_wconf 73' lang='lat' dir='ltr'><strong>conquisitione</strong></span> <span class='ocrx_word' id='word_1_897' title='bbox 2534 5274 2604 5344; x_wconf 81' lang='grc'><strong>⁴;</strong></span> <span class='ocrx_word' id='word_1_898' title='bbox 2661 5293 2781 5331; x_wconf 89' lang='lat' dir='ltr'><strong>nam</strong></span> <span class='ocrx_word' id='word_1_899' title='bbox 2806 5279 3054 5335; x_wconf 85' lang='lat' dir='ltr'><strong>‘Wintrio</strong></span> <span class='ocrx_word' id='word_1_900' title='bbox 3119 5282 3238 5337; x_wconf 76' lang='lat' dir='ltr'><strong>dux</strong></span> <span class='ocrx_word' id='word_1_901' title='bbox 3301 5300 3334 5338; x_wconf 86' lang='lat' dir='ltr'><strong>a</strong></span> <span class='ocrx_word' id='word_1_902' title='bbox 3391 5283 3697 5354; x_wconf 81' lang='lat' dir='ltr'><strong>pagensibus</strong></span> 
     </span>
    </p>
   </div>
   <div class='ocr_carea' id='block_1_114' title="bbox 2157 5455 3697 5531">
    <p class='ocr_par' dir='ltr' id='par_1_114' title="bbox 2157 5455 3697 5531">
     <span class='ocr_line' id='line_1_114' title="bbox 2157 5455 3697 5531; baseline 0.001 -24"><span class='ocrx_word' id='word_1_903' title='bbox 2157 5455 2539 5531; x_wconf 6' lang='lat' dir='ltr'><strong>d_gVide_Paul._</strong></span> <span class='ocrx_word' id='word_1_904' title='bbox 2586 5455 2853 5531; x_wconf 10' lang='lat' dir='ltr'><strong>Diei-gilii).</strong></span> <span class='ocrx_word' id='word_1_905' title='bbox 2887 5471 2949 5531; x_wconf 85' lang='grc' dir='ltr'><strong>ιιι</strong></span> <span class='ocrx_word' id='word_1_906' title='bbox 2968 5456 3109 5531; x_wconf 62' lang='lat' dir='ltr'><strong>Hist.</strong></span> <span class='ocrx_word' id='word_1_907' title='bbox 3150 5458 3441 5531; x_wconf 79' lang='lat' dir='ltr'><strong>Langob.,</strong></span> <span class='ocrx_word' id='word_1_908' title='bbox 3469 5475 3588 5531; x_wconf 76' lang='lat' dir='ltr'><strong>cap.</strong></span> <span class='ocrx_word' id='word_1_909' title='bbox 3614 5455 3697 5519; x_wconf 71' lang='lat'><strong>2%,</strong></span> 
     </span>
    </p>
   </div>
   <div class='ocr_carea' id='block_1_115' title="bbox 2085 5526 3699 5588">
    <p class='ocr_par' dir='ltr' id='par_1_115' title="bbox 2085 5526 3699 5588">
     <span class='ocr_line' id='line_1_115' title="bbox 2085 5526 3699 5588; baseline -0.002 -7"><span class='ocrx_word' id='word_1_910' title='bbox 2085 5537 2139 5581; x_wconf 88' lang='lat' dir='ltr'><strong>et</strong></span> <span class='ocrx_word' id='word_1_911' title='bbox 2167 5526 2485 5581; x_wconf 85' lang='lat' dir='ltr'><strong>Chronicum</strong></span> <span class='ocrx_word' id='word_1_912' title='bbox 2515 5526 2671 5579; x_wconf 84' lang='lat' dir='ltr'><strong>Joan.</strong></span> <span class='ocrx_word' id='word_1_913' title='bbox 2705 5527 2894 5579; x_wconf 83' lang='lat' dir='ltr'><strong>Biclar.</strong></span> <span class='ocrx_word' id='word_1_914' title='bbox 2922 5530 2989 5582; x_wconf 89' lang='lat' dir='ltr'><strong>de</strong></span> <span class='ocrx_word' id='word_1_915' title='bbox 3013 5526 3347 5585; x_wconf 65' lang='lat' dir='ltr'><strong>Wintrioﬁe</strong></span> <span class='ocrx_word' id='word_1_916' title='bbox 3370 5531 3509 5585; x_wconf 75' lang='lat' dir='ltr'><strong>infra</strong></span> <span class='ocrx_word' id='word_1_917' title='bbox 3538 5530 3625 5584; x_wconf 88' lang='lat' dir='ltr'><strong>lib.</strong></span> <span class='ocrx_word' id='word_1_918' title='bbox 3646 5541 3699 5588; x_wconf 73' lang='lat' dir='ltr'><strong>it,</strong></span> 
     </span>
    </p>
   </div>
   <div class='ocr_carea' id='block_1_116' title="bbox 2086 5596 3703 5671">
    <p class='ocr_par' dir='ltr' id='par_1_116' title="bbox 2086 5596 3703 5671">
     <span class='ocr_line' id='line_1_116' title="bbox 2086 5596 3703 5671; baseline -0.001 -22"><span class='ocrx_word' id='word_1_919' title='bbox 2086 5614 2204 5664; x_wconf 82' lang='lat' dir='ltr'><strong>cap.</strong></span> <span class='ocrx_word' id='word_1_920' title='bbox 2374 5598 2426 5671; x_wconf 86' lang='lat' dir='ltr'><strong>In</strong></span> <span class='ocrx_word' id='word_1_921' title='bbox 2486 5596 2791 5671; x_wconf 62' lang='lat' dir='ltr'><strong>Fredegaiii</strong></span> <span class='ocrx_word' id='word_1_922' title='bbox 2837 5597 3133 5671; x_wconf 61' lang='lat' dir='ltr'><strong>Chronico,</strong></span> <span class='ocrx_word' id='word_1_923' title='bbox 3182 5617 3314 5671; x_wconf 83' lang='lat' dir='ltr'><strong>cap.</strong></span> <span class='ocrx_word' id='word_1_924' title='bbox 3375 5604 3470 5663; x_wconf 75' lang='grc' dir='ltr'><strong>ιι,</strong></span> <span class='ocrx_word' id='word_1_925' title='bbox 3519 5599 3703 5653; x_wconf 82' lang='lat' dir='ltr'><strong>dicitur</strong></span> 
     </span>
    </p>
   </div>
   <div class='ocr_carea' id='block_1_117' title="bbox 2090 5666 3702 5739">
    <p class='ocr_par' dir='ltr' id='par_1_117' title="bbox 2090 5666 3702 5739">
     <span class='ocr_line' id='line_1_117' title="bbox 2090 5666 3702 5739; baseline 0 -18"><span class='ocrx_word' id='word_1_926' title='bbox 2090 5670 2325 5734; x_wconf 75' lang='lat' dir='ltr'><strong>Quimrio</strong></span> <span class='ocrx_word' id='word_1_927' title='bbox 2360 5669 2465 5721; x_wconf 73' lang='lat' dir='ltr'><strong>dux</strong></span> <span class='ocrx_word' id='word_1_928' title='bbox 2509 5666 2818 5737; x_wconf 74' lang='lat' dir='ltr'><strong>Campania&#39;.</strong></span> <span class='ocrx_word' id='word_1_929' title='bbox 2870 5666 2917 5723; x_wconf 87' lang='lat' dir='ltr'><strong>Is</strong></span> <span class='ocrx_word' id='word_1_930' title='bbox 2947 5685 3009 5724; x_wconf 77' lang='lat' dir='ltr'><strong>ex</strong></span> <span class='ocrx_word' id='word_1_931' title='bbox 3037 5666 3284 5724; x_wconf 55' lang='lat' dir='ltr'><strong>Gudila&#39;:</strong></span> <span class='ocrx_word' id='word_1_932' title='bbox 3308 5673 3483 5739; x_wconf 77' lang='lat' dir='ltr'><strong>tiliam</strong></span> <span class='ocrx_word' id='word_1_933' title='bbox 3530 5671 3702 5726; x_wconf 82' lang='lat' dir='ltr'><strong>habuit</strong></span> 
     </span>
    </p>
   </div>
  </div>
