3974 6174
305 339 399 396 Mil

1197 334 1511 393 HISTORIA
1556 332 1994 393 FRANCOZtUM.
2043 335 2240 390 LIBER
2282 337 2619 394 OCTAVUS.

3457 338 3560 388 ζιὶῖ

300 459 411 516 suis
432 455 713 527 depulsus,
740 455 935 512 ducam
962 452 1135 513 caruit
1196 451 1509 524 ﬁnissetque
1552 452 1714 507 vitam
1734 491 1749 515 ,
1777 450 1881 505 nisi
1908 452 1957 513 Α
1986 450 2157 519 deret,
2190 453 2485 522 puniretur.
2514 454 2606 509 Illo
2621 469 2834 527 quoque
2854 455 3160 511 discedente
3182 457 3250 511 ab
3269 456 3565 524 hospitiolo

302 550 419 621 fuga
472 547 731 602 auxilium
766 546 1084 615 przrbnisset
1115 560 1131 609 ;
1171 544 1265 599 sed
1300 554 1486 612 postea
1510 582 1526 607 ,
1560 553 1752 613 pacato
1792 558 1884 610 po-

301 643 445 711 pulo,
470 641 721 696 ducatum
769 639 993 709 recepit.
1044 636 1226 708 Itaque
1276 638 1437 709 391
1493 636 1734 693 Nicetius
1792 650 1886 707 per

301 736 645 791 emissionem
688 733 877 788 Eulalii
922 748 951 788 a
1001 731 1259 787 comitatu
1309 736 1553 787 Arverno
1581 732 1883 793 submotus,

301 829 555 882 ducatum
582 841 613 883 a
664 841 789 894 rege
816 824 1066 890 erpetiit,
1091 824 1231 879 datis
1258 838 1354 893 pro
1379 838 1445 878 eo
1466 821 1741 877 immensis
1766 836 1886 876 mu-

301 916 539 971 neribus.
567 916 632 968 Et
661 915 739 970 sic
768 916 819 969 in
851 914 980 970 urbe
1002 917 1269 978 Arverna,
1297 914 1537 969 Rutbena
1568 923 1727 982 atque
1750 910 1886 969 Uce-

299 1008 402 1063 tica
434 1008 542 1062 dux
574 1017 600 1044 ε
628 1007 905 1061 ordinatus
932 1016 1034 1071 est,
1063 1004 1146 1059 vir
1176 1006 1328 1059 valde
1357 1012 1511 1059 atate
1529 1003 1761 1072 juvenis,
1789 1002 1883 1057 sed

298 1109 487 1153 acutus
508 1099 560 1151 in
589 1113 783 1162 sensu;
828 1096 1057 1167 fecitque
1085 1111 1267 1163 pacem
1294 1095 1347 1151 in
1379 1096 1600 1167 regione
1621 1094 1885 1157 Arverna,

297 1202 353 1246 et
393 1191 446 1244 in
490 1190 707 1261 reliquis
747 1189 1099 1245 ordinationis
1122 1205 1234 1243 suae
1263 1190 1412 1244 locis.
1444 1189 1776 1244 Cbildericus
1799 1203 1890 1241 ve-

300 1297 363 1334 ro
384 1282 530 1336 Saxo
553 1282 604 1335 in
630 1279 886 1335 oﬂ'ensam
911 1281 1048 1349 regis
1078 1279 1463 1334 Guntchramni
1497 1279 1761 1344 incidens,
1795 1292 1891 1342 pro

299 1387 461 1426 causa
492 1372 563 1425 oh
592 1387 750 1440 quam
793 1372 1038 1437 superius
1077 1370 1312 1425 diximus
1359 1371 1494 1425 alios
1533 1367 1840 1439 confugisse
1868 1406 1887 1433 ,

300 1461 443 1517 beati
478 1462 691 1515 Martini
737 1461 1011 1516 basilicam
1039 1461 1283 1529 expetiit,
1345 1475 1565 1515 uxorem
1618 1460 1671 1514 in
1724 1474 1890 1528 regno

298 1551 439 1620 regis
465 1552 718 1605 antedicti
741 1551 1066 1620 relinquens.
1089 1549 1185 1605 Cui
1214 1550 1508 1605 obtestatus
1558 1549 1750 1616 fuerat,
1775 1565 1888 1614 rex,

299 1658 367 1698 ne
397 1643 570 1699 virum
600 1642 784 1697 videre
814 1652 1183 1711 praesumeret,
1239 1638 1339 1693 nisi
1394 1641 1542 1709 prius
1587 1640 1691 1695 ille
1728 1640 1891 1708 regali

296 1734 487 1802 gratiae
518 1733 866 1788 reconciliare
892 1748 973 1785 ur.
1009 1732 1088 1786 Ad
1120 1747 1276 1801 quem
1308 1745 1427 1784 cum
1478 1745 1574 1800 pro
1601 1745 1666 1785 eo
1695 1730 1892 1799 srepins

1985 545 2227 613 suo,hic
2255 545 2503 616 Dagull'us
2532 558 2689 604 nocte
2735 563 2857 603 cum
2915 564 3021 604 uno
3069 552 3271 606 clerico
3319 567 3418 605 ven
3442 566 3563 619 eos,

1988 634 2203 689 domum
2242 638 2536 693 meretricis
2565 639 2879 709 ingreditur.
2931 640 3214 710 Postquam
3237 651 3413 696 autem
3442 643 3562 697 diu-

1992 727 2197 781 tissime
2217 727 2458 784 bibentes
2506 730 2754 786 iuebriati
2781 740 2927 799 sunt,
2955 732 3007 785 in
3039 746 3144 787 uno
3182 744 3352 786 strato
3380 733 3563 786 locan-

1990 826 2095 873 tur.
2125 819 2327 887 Quibus
2348 820 2738 877 dormientibus
2762 863 2779 890 ,
2819 824 3112 877 adveniens
3132 822 3213 876 vir
3239 823 3350 889 ille,
3375 838 3567 879 accen-

1987 912 2370 978 sostramiue,
2426 912 2633 968 elevata
2696 913 2926 983 bipenne
2978 923 3263 984 utrumque
3318 916 3563 984 peremit.

1992 1001 2219 1071 Ideoque
2247 1002 2624 1059 documentum
2646 1006 2718 1059 sit
2745 1005 2859 1061 hate
2882 1021 3040 1061 causa
3086 1007 3316 1073 clericis,
3349 1023 3415 1061 ne
3441 1024 3567 1061 cou-

1991 1100 2069 1144 tra
2092 1105 2355 1147 canonum
2374 1101 2574 1149 statuta
2596 1106 2971 1150 extranearutn
2993 1096 3272 1151 mulierum
3296 1099 3568 1151 (ξοιιδοτιὶο

1992 1184 2281 1251 potiantur,
2312 1201 2433 1240 cum
2487 1186 2600 1242 hzec
2623 1196 2677 1242 et
2729 1189 2841 1259 ipsa
2870 1190 2949 1243 lex
2999 1191 3252 1245 canonica
3274 1196 3328 1242 et
3380 1204 3483 1243 our
3508 1205 3568 1242 es

1991 1276 2283 1344 Scriptura:
2333 1288 2532 1333 sanctas
2581 1279 2897 1347 prohibeint
2931 1299 2946 1336 :
2980 1290 3172 1345 prrrter
3194 1284 3290 1335 has
3320 1280 3563 1344 feminas,

1988 1367 2057 1422 de
2081 1368 2272 1434 quibus
2296 1369 2501 1424 crimen
2535 1386 2639 1424 non
2673 1380 2845 1438 potest
2867 1371 3147 1424 testimari.

2063 1460 2180 1516 XX.
2209 1461 2425 1517 Interim
2464 1463 2580 1518 dies
2611 1462 2788 1533 placiti
2836 1464 3090 1529 advenit,
3135 1472 3188 1517 et
3235 1462 3469 1533 episcopi
3500 1478 3562 1517 ex

1987 1551 2139 1621 jussu
2172 1553 2313 1622 regis
2343 1552 2733 1609 Guntrhramni
2776 1556 2916 1625 apud
2969 1557 3342 1611 Matiscenscm
3379 1557 3564 1611 urbem

1992 1645 2200 1699 collecti
2234 1655 2357 1701 sunt
2399 1656 2448 1703 Β.
2497 1647 2816 1702 Faustianus
2862 1645 2889 1686 δ
2927 1657 3128 1713 autem,
3177 1649 3270 1717 qui
3306 1665 3369 1703 ex
3414 1648 3565 1718 jussu

1996 1735 2338 1793 Gutnlovaldi
2367 1738 2634 1808 Aquensis
2658 1738 2803 1792 urbis
2842 1742 3121 1808 episcopus
3151 1740 3425 1794 ordinatus
3453 1740 3551 1793 fne-

299 1826 619 1896 legationem
652 1827 1001 1891 mirissemus,
1031 1825 1244 1881 tandem
1292 1825 1621 1880 obtinuimus
1673 1834 1729 1880 ut
1760 1840 1889 1878 uxo-
1920 1834 1969 1894 Β
1995 1839 2099 1894 rat,
2130 1845 2190 1885 ea
2217 1830 2523 1884 conditione
2554 1838 2881 1894 removetur,
2906 1838 2962 1883 ut
2987 1845 3107 1884 eum
3135 1828 3567 1892 Bcrtehranmns,

298 1931 412 1971 rem
443 1919 745 1986 reciperet,
785 1927 836 1970 et
866 1916 997 1970 citra
1024 1913 1051 1953 ιι
1102 1914 1333 1986 Ligerim
1382 1914 1596 1968 ﬂuvium
1653 1928 1893 1968 commo-

303 2017 522 2063 raretur
557 2047 574 2072 ,
618 2022 722 2060 non
764 2019 937 2061 tamen
985 2006 1049 2059 atl
1094 2020 1272 2074 regem
1295 2003 1690 2060 Chiltlebertum
1720 2014 1893 2058 trans-

297 2100 392 2155 ire
441 2106 812 2170 praesumeret.
846 2098 950 2152 Sed
990 2097 1079 2151 ille
1119 2106 1334 2164 accepta
1366 2095 1607 2151 libertate
1637 2093 1896 2164 recipien-

302 2192 388 2243 da:
421 2190 621 2252 uxoris,
653 2190 787 2244 clam
816 2188 882 2242 ad
926 2204 1045 2243 eum
1072 2185 1311 2251 transiit;
1340 2187 1637 2256 adeptaque
1682 2184 1895 2241 Ordina-

302 2281 693 2335 ti’oneduratus
741 2281 794 2334 in
846 2279 1308 2333 civitatibusu'tra
1365 2276 1665 2332 Garonnam
1702 2317 1717 2343 ,
1777 2291 1896 2346 (pne

302 2378 359 2432 in
415 2386 682 2446 potestate
734 2375 1027 2445 supradicti
1078 2375 1217 2445 regis
1266 2372 1618 2439 habebantur,
1646 2376 1892 2429 arcessit.

299 2470 708 2526 Gunthramnus
751 2484 878 2523 vero
906 2484 996 2523 rex
1053 2470 1238 2523 volens
1294 2482 1516 2538 regnum
1564 2468 1773 2536 nepotis
1815 2467 1898 2523 sui

256 2552 261 2557 ’
304 2563 634 2625 Chlotharii,
663 2562 751 2615 ﬁlii
775 2560 979 2616 scilicet
1002 2558 1314 2632 Chilperici,
1363 2575 1573 2631 regere,
1626 2558 1900 2614 'l'heodul-

303 2654 419 2709 ium
465 2640 772 2723 Anilcgavis
839 2652 1087 2707 comitem
1142 2667 1265 2707 esse
1319 2650 1588 2718 decrevit;
1654 2650 1896 2707 introdu-

306 2756 537 2814 ctnsque
564 2742 614 2796 in
644 2744 852 2811 urbem,
875 2758 901 2794 τι
926 2742 1151 2805 civibus,
1173 2753 1225 2796 et
1260 2743 1559 2810 prmsertim
1590 2756 1619 2794 a
1676 2740 1900 2810 Domigi-

302 2836 423 2892 selo
445 2851 567 2891 cum
612 2834 909 2890 lmmilitate
962 2834 1209 2905 repulsus
1236 2844 1341 2889 est.
1397 2832 1803 2903 Recurrensque
1829 2837 1895 2891 ad

302 2943 531 2999 regem,
590 2928 780 2981 iterum
858 2933 1180 2995 praeceptum
1252 2925 1539 2994 accipiens,
1606 2940 1635 2978 a
1693 2927 1898 2996 Sigulfo

300 3024 443 3077 duce
512 3021 850 3075 intromissus
884 3059 899 3082 ,
946 3018 1256 3072 comitatum
1329 3017 1473 3071 urbis
1547 3016 1691 3072 illius
1738 3019 1895 3072 rexit.

302 3112 690 3169 Gnndobaldus
734 3119 913 3167 autem
959 3110 1273 3164 comitatum
1328 3109 1677 3177 Mnldensem,
1730 3126 1892 3181 super

1995 1927 2341 1995 Orestesque,
2368 1926 2482 1980 sive
2527 1926 2812 1992 Palladius,
2850 1924 2939 1994 qui
2987 1941 3106 1978 eum
3161 1924 3567 1987 benedixerant,

1996 2019 2201 2073 vicibus
2248 2027 2548 2087 pascerent,
2576 2028 2935 2086 centenosque
2962 2018 3008 2071 ei
3039 2031 3232 2072 aureos
3254 2016 3407 2070 annis
3453 2016 3568 2069 sin-

1994 2110 2132 2177 gulis
2161 2108 2545 2166 ministrarent.
2577 2108 2810 2165 Nicetius
2839 2117 3013 2162 tamen
3036 2124 3100 2163 ex
3130 2107 3283 2175 laico,
3307 2109 3394 2177 qui
3423 2108 3571 2175 prius

1995 2201 2065 2256 ab
2092 2200 2404 2270 Chilperico
2426 2214 2551 2268 rege
2581 2210 2900 2268 praeceptum
2926 2200 3206 2265 elicuerat,
3238 2204 3288 2254 in
3307 2202 3422 2270 ipsa
3442 2202 3571 2256 urbe

1994 2290 2362 2360 episcopatum
2432 2290 2656 2359 adeptus
2705 2300 2807 2345 est.
2883 2289 3153 2345 Ursicinus
3216 2289 3571 2345 Cadurcensis

1998 2384 2284 2453 episcopus
2317 2382 2813 2437 escotnmunieatur
2840 2422 2854 2444 ,
2889 2397 2984 2450 pro
3010 2396 3076 2436 eo
3105 2384 3244 2451 quod
3276 2382 3573 2437 Gundoval-

1997 2475 2125 2529 dum
2155 2475 2430 2543 excepisse
2454 2474 2663 2542 publice
2688 2483 2771 2528 est
2796 2472 3075 2529 confessus
3108 2492 3119 2526 :
3150 2484 3369 2544 accepto
3397 2476 3554 2544 hujus

1999 2565 2145 2623 modi
2177 2566 2394 2635 placito,
2423 2574 2481 2620 ut
2528 2565 2894 2633 paenitentiam
2945 2564 3116 2619 tribus
3158 2568 3315 2619 annis
3367 2580 3529 2635 agens
3555 2608 3570 2631 ,

2001 2674 2178 2728 neque
2206 2658 2483 2727 capillum,
2507 2671 2681 2725 neque
2703 2656 2920 2710 barbam
2948 2658 3210 2723 tonderet,
3235 2658 3358 2711 viuu
3385 2670 3438 2712 et
3459 2672 3575 2711 car-

2003 2753 2159 2807 nibus
2188 2752 2500 2816 abstineret,
2532 2752 2721 2806 missas
2738 2750 3033 2817 celebrare,
3060 2751 3284 2807 clericos
3304 2750 3575 2817 ordinare,

1998 2843 2363 2913 eeclesiasque
2392 2852 2445 2897 et
2490 2843 2724 2897 chrisma
2775 2841 3107 2908 benedicere,
3164 2841 3402 2912 eulogias
3448 2842 3575 2896 dare

2002 2936 2213 3005 penitus
2234 2950 2339 2989 non
2363 2934 2587 2988 auderet
2620 2951 2634 3000 ;
2671 2949 2703 2987 ιι
2728 2933 2870 2987 ilitas
2898 2932 3058 3003 393
3090 2942 3264 2986 tamen
3286 2932 3527 2987 ecclesia:
3555 2934 3569 2970 ί

2002 3042 2098 3097 per
2151 3025 2268 3095 ejus
2312 3024 2728 3090 ordinationem,
2784 3023 2923 3079 sicut
2973 3024 3129 3077 solita
3170 3032 3308 3089 erat,
3359 3025 3574 3077 omnino

2003 3128 2367 3176 exerceretur.
2402 3118 2616 3173 Exstitit
2643 3116 2785 3172 enim
2816 3114 2867 3169 in
2897 3116 2997 3171 hac
3035 3116 3239 3186 synodo
3270 3112 3482 3185 quidam
3510 3131 3575 3171 ex

302 3208 635 3273 Goer-pinum
663 3203 933 3273 accipiens
958 3212 981 3240 ε
1002 3241 1019 3269 ,
1052 3202 1428 3273 ingressusque
1468 3201 1677 3269 urbem,
1705 3216 1889 3256 eausa-

2002 3212 2284 3285 episcopis,
2312 3213 2400 3283 qui
2426 3210 2638 3267 dicebat
2660 3210 2957 3277 mulierem,
2984 3208 3251 3264 hominem
3281 3224 3385 3263 non
3418 3224 3576 3278 posse

304 3314 423 3354 runt
455 3301 723 3352 actionem
745 3309 907 3367 agere
931 3295 1111 3366 erepit.
1144 3293 1347 3349 Exinde
1372 3293 1497 3348 dttm
1522 3308 1712 3365 pagum
1744 3294 1892 3350 urbis

306 3390 358 3445 in
392 3391 495 3444 hoc
519 3389 693 3444 ofﬁcio
713 3386 1043 3450 circumiret,
1066 3386 1115 3440 in
1139 3384 1366 3456 quadam
1391 3385 1510 3440 villn
1533 3384 1600 3439 ab
1623 3384 1893 3454 Guerpino

310 3470 655 3543 interﬁcitur.
673 3478 840 3548 Cujus
862 3484 1111 3553 parentes
1146 3478 1447 3549 congregati
1476 3491 1637 3546 super
1661 3477 1801 3531 hunc
1825 3478 1893 3530 ir-

310 3584 492 3638 ruui.t,
517 3573 886 3642 inclusumque
915 3570 967 3625 itt
1009 3571 1256 3640 pessiletn
1279 3568 1470 3624 domus
1491 3564 1516 3605 ά
1544 3568 1850 3625 interimunt
1871 3562 1893 3625 ἐ

316 3671 503 3737 sicque
528 3676 750 3735 uterque
779 3665 1075 3743 acomitatu
1095 3674 1264 3721 morte
1299 3664 1609 3723 imminente
1628 3662 1893 3717 discessi‘.

383 3779 528 3837 XIX.
563 3782 694 3837 Cum
736 3789 913 3836 autem
951 3779 1148 3849 sacpius
1179 3776 1431 3847 Dagull‘ns
1475 3776 1637 3846 392
1672 3774 1836 3829 abbas
1870 3784 1894 3812 ο

314 3892 414 3946 pro
443 3873 742 3932 sceleribus
778 3873 891 3931 suis
932 3879 1268 3940 argueretur,
1320 3870 1443 3938 quia
1471 3868 1608 3925 l‘nrta
1636 3875 1690 3922 et
1722 3865 1895 3919 homi-

311 3967 448 4020 cidia
480 3961 1065 4032 plerumquexlaciebat,
1091 3958 1186 4015 sed
1213 3967 1268 4014 et
1291 3957 1342 4013 in
1369 3954 1644 4013 adulteriis
1674 3953 1894 4015 nimium

313 4059 440 4114 diss-
464 4057 609 4112 lutus
634 4064 772 4120 erat,
803 4054 1035 4123 quodam
1066 4062 1308 4122 tempore
1337 4066 1457 4105 cum
1484 4063 1702 4103 uxorum
1736 4047 1895 4105 vicini

312 4152 394 4206 sui
419 4148 812 4218 concupisco-ns
840 4188 855 4212 ,
888 4150 1207 4201 misceretur
1236 4159 1355 4197 cum
1390 4157 1472 4205 ea,
1501 4140 1778 4208 requirens
1808 4154 1897 4191 0c-

312 4243 559 4299 Casiones
608 4238 880 4304 diversas,
940 4236 1168 4305 qualiter
1220 4234 1390 4288 virum
1450 4230 1711 4287 adultera:
1758 4230 1896 4283 intra

314 4331 625 4388 monasterii
659 4330 815 4401 hujus
844 4338 993 4397 septa
1033 4325 1255 4382 deberet
1306 4326 1608 4392 opprimere
1641 4320 1681 4381 ί,
1707 4332 1895 4377 conte-

312 4435 485 4480 status
531 4432 619 4480 est
644 4423 693 4477 ei
739 4422 947 4486 dicens,
970 4418 1111 4489 quod
1139 4417 1185 4472 si
1222 4415 1287 4471 ad
1320 4430 1537 4473 uxorem
1563 4428 1712 4468 suam
1742 4428 1895 4469 arce-

309 4601 373 4656 S.
406 4597 779 4655 Cludesindem
825 4595 1178 4656 abbatissam,
1228 4608 1347 4663 qua:
1372 4587 1885 4663 Parthenoncmbo-

1998 3307 2242 3364 vocitari.
2272 3307 2379 3363 Sed
2430 3317 2609 3361 tamen
2669 3303 2738 3357 ab
2787 3303 3053 3373 episcopis
3101 3302 3309 3356 ratione
3357 3309 3575 3367 accepta

1995 3399 2197 3469 quievit
2220 3416 2234 3451 :
2257 3413 2323 3453 eo
2351 3396 2490 3466 quod
2519 3412 2673 3451 sacer
2702 3398 2900 3450 veteris
2934 3394 3261 3450 Testamenti
3288 3392 3423 3447 liber
3442 3394 3573 3448 edo-

1996 3499 2136 3552 ceat,
2166 3488 2305 3547 quod
2336 3489 2388 3542 in
2413 3488 2671 3557 principio
2704 3488 2817 3543 Deo
2860 3486 3129 3541 hominem
3177 3497 3393 3541 crerinte
3415 3526 3430 3549 ,
3457 3487 3531 3540 ait
3560 3528 3575 3551 ,

2001 3580 2289 3636 Hasrulum
2336 3590 2382 3633 et
2408 3579 2649 3648 feminam
2674 3578 2859 3633 creavit
2891 3594 2974 3633 eos
3004 3592 3024 3631 :
3066 3577 3356 3645 vocavitqne
3394 3592 3574 3630 nomen

1998 3690 2192 3735 eorum.
2257 3674 2424 3727 Adam
2478 3671 2629 3740 (Gen.
2684 3688 2734 3739 v,
2770 3671 2853 3741 2),
2916 3669 3058 3741 quod
3122 3679 3204 3725 est
3248 3667 3575 3742 [exponitur]

1998 3765 2162 3820 homo
2189 3776 2469 3829 terrenus;
2504 3764 2584 3817 sic
2630 3763 2810 3833 utique
2868 3776 3065 3817 vocans
3109 3761 3423 3828 mulierem,
3475 3774 3575 3815 cen

2001 3858 2210 3912 virum:
2240 3866 2526 3926 utrumque
2571 3854 2713 3911 enim
2746 3855 3011 3909 hominem
3047 3853 3200 3908 dixit.
3225 3854 3327 3909 Sel
3375 3865 3431 3909 et
3478 3854 3579 3907 Do.

1999 3952 2176 4007 minus
2201 3949 2358 4006 Jesus
2381 3948 2627 4003 Christus
2655 3948 2725 4002 ob
2751 3948 2850 4003 hoc
2871 3948 3135 4002 vocitatur
3163 3946 3299 4001 filius
3322 3947 3575 4012 hominis,

1996 4040 2139 4110 quod
2167 4040 2236 4094 sit
2264 4038 2403 4093 [ilius
2428 4038 2673 4106 Virginis,
2697 4038 2746 4091 id
2766 4046 2851 4093 est
2874 4036 3132 4092 mulieris.
3164 4037 3243 4091 Ad
3271 4052 3431 4106 quam
3454 4051 3572 4091 cum

1998 4146 2163 4199 aquas
2194 4132 2245 4185 in
2274 4132 2391 4184 vina
2424 4129 2711 4184 transferre
2759 4136 2990 4195 pararet,
3032 4128 3108 4181 ait
3138 4142 3152 4179 :
3202 4126 3340 4191 Quid
3369 4127 3492 4179 mihi
3531 4137 3579 4179 et

1999 4226 2089 4279 tibi
2104 4234 2197 4287 est,
2223 4224 2408 4277 mulier
2429 4221 2609 4290 (Joan.
2642 4237 2703 4287 tt,
2738 4218 2793 4290 4)
2830 4222 2852 4274 ‘.’
2881 4229 2933 4273 et
2955 4220 3178 4286 reliqua.
3217 4217 3499 4285 Multisque
3524 4227 3578 4270 et

1996 4316 2117 4369 aliis
2148 4314 2466 4370 testimoniis
2511 4313 2626 4366 haec
2672 4326 2829 4365 causa
2878 4308 3119 4365 cenvicta
3160 4307 3381 4377 quievit.
3436 4308 3578 4361 Prau-

2000 4416 2230 4464 textatus
2268 4421 2399 4461 Vero
2448 4400 2893 4472 Rothomagensis
2940 4398 3261 4470 episcopus,
3305 4398 3579 4452 orationes

2001 4586 2211 4654 assequi
2246 4585 2493 4654 fateatur,
2527 4580 2625 4654 nisi
2657 4574 3185 4654 pessile_sit__al_iqtta
3235 4573 3382 4628 domi
3423 4587 3573 4643 pars,

311 4647 1066 4740 diequeﬁs‘ub‘itisiusvnnmine
1115 4647 1290 4740 Mettis
1324 4662 1594 4740 celebrem
1624 4658 1883 4740 condidit;
1918 4656 1967 4715 Β
1990 4647 2315 4740 cttjits'vocis
2342 4647 2667 4740 signittcatio’
2690 4649 2843 4740 nobis
2870 4647 3027 4740 ltpdie
3056 4648 3229 4740 ignota
3257 4655 3362 4740 est.

310 4729 467 4809 Cujus
492 4742 655 4794 babes
681 4729 855 4793 Vitam
902 4738 1111 4809 smn
1164 4734 1502 4809 Benedictino
1526 4770 1541 4794 ,
1571 4745 1689 4809 pag.
1726 4729 1883 4809 ἰυξξἹ.

356 4799 415 4854 -ἶι
442 4813 513 4877 Ex
548 4812 647 4864 hoe
674 4811 895 4877 aliisque
923 4806 1187 4862 similibus
1222 4807 1351 4859 locis
1384 4803 1571 4877 probat
1600 4799 1888 4871 liignonius

310 4871 480 4937 duce‘s
508 4880 790 4935 comitibus
813 4871 1076 4946 potestate
1106 4876 1407 4946 superiores
1462 4873 1645 4946 luisse,
1672 4885 1885 4946 ticere-

309 4954 567 5018 quisitum
596 4951 759 5005 fuisse
790 4940 845 5001 ιιί
873 4946 1159 5007 duodecim
1178 4940 1475 5018 comitatus
1503 4941 1624 5018 duci
1652 4940 1885 5018 subjice-

310 5010 517 5077 rentur.
555 5021 685 5076 Vide
713 5020 849 5074 infra
897 5018 989 5073 lib.
1042 5032 1118 5075 ιχ,
1166 5029 1283 5077 cap.
1332 5014 1388 5078 7,
1446 5022 1500 5066 et
1556 5014 1667 5079 lege
1718 5010 1885 5077 ipsius

311 5095 399 5147 Cl.
430 5092 527 5147 viri
561 5101 711 5145 notas
740 5092 790 5144 in
815 5090 906 5143 lib.
941 5103 953 5139 I
1001 5085 1234 5140 Marcnlli
1271 5087 1425 5137 form.
1457 5084 1507 5145 8,
1541 5084 1627 5134 ubi
1661 5083 1811 5149 plura
1834 5091 1888 5134 rt

200 5206 219 5209 _
312 5166 454 5218 scitu
486 5164 677 5233 digna,
702 5177 797 5233 pro
819 5173 966 5214 more
986 5172 1106 5233 suo,
1161 5154 1319 5233 habet
1349 5155 1416 5209 de
1443 5152 1667 5233 ducibus
1692 5163 1747 5207 et
1792 5167 1881 5232 co-

310 5222 572 5288 mitibus:
588 5222 796 5287 Videsis
846 5238 899 5283 et
944 5230 1230 5284 Altcserrte
1264 5227 1453 5278 librum
1484 5238 1547 5277 ea
1575 5226 1641 5277 de
1671 5239 1727 5276 re
1780 5222 1889 5276 sin-

305 5306 573 5376 gularem,
602 5315 657 5358 et
680 5301 861 5376 Cangii
894 5298 1251 5376 Glossarium.

386 5374 415 5415 δ
441 5374 590 5429 Colb.
626 5390 698 5428 tu.
728 5382 785 5427 et
810 5373 1022 5439 liegrnu
1047 5372 1201 5421 circa.

391 5456 416 5482 ι
466 5447 551 5501 Sic
576 5445 696 5501 Bec.
717 5460 732 5499 :
756 5443 867 5510 alii,
890 5432 1216 5508 ‘Cuerpinnin
1239 5436 1384 5510 _(aut.
1418 5432 1781 5510 Vucrpinum),
1810 5433 1893 5510 in-

308 5532 637 5588 gressusque,
702 5504 1003 5588 etc.;_'unde
1032 5504 1319 5588 Bignonius
1344 5523 1411 5561 ex
1463 5504 1771 5573 conjectura
1799 5504 1892 5555 ad-

305 5580 760 5649 atilerat'invasit;
789 5585 975 5656 θῆρε..
1007 5580 1285 5656 compedit.
1450 5647 1459 5656 η

386 5657 412 5695 ά
441 5658 598 5720 Editt,
623 5644 867 5724 pensilem
898 5644 1129 5712 domum;
1153 5646 1561 5724 Bec.,jpensilem
1587 5644 1789 5724 donius.
1823 5644 1891 5703 Λι

302 5718 598 5783 lectionem
623 5718 893 5788 ἰιοδιιειιιι,
942 5739 1059 5792 ιιιιιῐξ
1095 5735 1174 5774 εει
1199 5720 1357 5792 Colb.
1392 5733 1485 5778 ttt.,
1522 5718 1731 5769 caeteris
1779 5731 1892 5767 me-

303 5798 500 5855 liorem
534 5805 683 5868 putat
710 5787 973 5860 Valesius;
999 5791 1239 5863 quamvis
1282 5787 1398 5856 ejus
1437 5801 1653 5840 sensum
1699 5802 1756 5840 se
1785 5802 1888 5839 non

2070 4718 2093 4764 ε
2126 4726 2181 4779 In
2215 4726 2337 4778 Bec.
2366 4718 2512 4777 deest
2539 4736 2641 4774 vox
2675 4719 2847 4772 abbas.
2901 4718 2956 4771 ln
2988 4718 3160 4772 indice
3210 4724 3387 4769 latncn
3417 4730 3574 4785 capp.

1993 4795 2175 4861 habet,
2197 4799 2264 4851 De
2283 4791 2502 4860 Dagulfo
2524 4792 2720 4844 abbate.

2068 4866 2087 4906 τ
2121 4855 2261 4920 Ιιίοηι
2299 4855 2460 4923 cod.
2492 4858 3115 4933 viruutad’ulterumwni
3154 4857 3207 4910 in
3246 4865 3381 4911 terra
3423 4855 3578 4925 hujus

1994 4935 2284 4993 monasterii
2309 4934 2503 4987 deberet
2526 4932 2827 5001 opprimere.

2066 5020 2091 5057 ε
2122 5005 2287 5073 llujus
2315 5003 2507 5074 synodi
2539 4994 2795 5074 canones,
2850 5009 2903 5074 et
2936 5013 3137 5074 eorum
3171 4995 3433 5074 _nomina,
3481 4994 3570 5074 qui

1992 5080 2089 5149 ipsi
2126 5064 2515 5149 iinierfuérunt,
2565 5073 2687 5127 vide
2734 5070 2875 5140 apud
2931 5068 3279 5124 Sirmondmn
3340 5074 3471 5118 tom.
3507 5064 3522 5116 I
3558 5102 3575 5125 ,

1992 5166 2043 5219 Ρ.
2064 5166 2247 5279 Ιξῃῖιῖἰ,
2281 5214 2669 5274 Faustinianus,
2719 5221 2777 5266 ιιι
2804 5225 2960 5278 supra
3016 5210 3105 5262 lih.
3137 5220 3258 5279 __v_tt,
3291 5204 3576 5279 _cap._5l,

1991 5292 2079 5343 ubi
2109 5275 2245 5357 ejus'
2271 5284 2536 5350 ordinatio
2589 5275 2925 5357 describitur,
2959 5284 3100 5333 etde
3134 5276 3342 5356 Nicetio
3382 5275 3578 5342 agitur.

2070 5360 2086 5397 ί
2125 5346 2175 5412 Id
2223 5368 2302 5411 est
2343 5346 2519 5409 rérutn
2551 5351 2921 5419 temperalium
2959 5364 3022 5401 ac
3053 5346 3453 5419 possessionum
3485 5362 3575 5398 ec-

1994 5432 2169 5484 clesizn
2197 5443 2308 5482 sua:
2329 5439 2512 5479 curam
2546 5415 2784 5477 haberet.
2818 5421 2935 5486 ipse
2969 5430 3141 5471 tamen
3166 5416 3304 5486 inter
3323 5415 3457 5468 alios
3479 5430 3566 5467 an-

1998 5504 2190 5555 tistites
2208 5496 2450 5552 Concilio
2472 5492 2810 5558 subscripsit,
2836 5485 2999 5541 innno
3020 5496 3076 5542 et
3100 5488 3213 5555 ipse
3235 5485 3578 5558 Fauttianus,

1993 5573 2086 5627 sed
2118 5570 2206 5638 qui
2254 5569 2324 5638 ibi
2356 5565 2550 5638 dicitur
2591 5555 2773 5638 sedem
2806 5573 2910 5638 non
2954 5558 3174 5612 habere.
3229 5561 3300 5611 At
3342 5555 3579 5638 Nicetius

1995 5656 2094 5696 nec
2123 5627 2457 5701 subscripsit,
2494 5648 2591 5688 nec
2623 5636 2758 5684 inter
2783 5630 2915 5683 alios
2941 5642 3117 5701 patres
3150 5627 3445 5683 recensitos
3469 5637 3573 5701 est,

1994 5712 2134 5783 quod
2163 5713 2300 5762 forte
2327 5696 2562 5761 nondum
2593 5703 2870 5759 ordinatus
2893 5708 3056 5767 esset,
3094 5700 3263 5754 factus
3284 5714 3348 5753 ex
3380 5696 3577 5750 comite

1996 5786 2297 5851 cpiscopus.
