  <div class='ocr_page' id='page_1' title='image "/cluster/home/n/w/nwhite01/storage/ocr_20150623/71/hvd.32044054758750/237.png"; bbox 0 0 3974 6174; ppageno 0'>
   <div class='ocr_carea' id='block_1_1' title="bbox 423 326 3657 438">
    <p class='ocr_par' dir='ltr' id='par_1_1' title="bbox 423 326 3657 438">
     <span class='ocr_line' id='line_1_1' title="bbox 423 326 3657 438; baseline -0.018 1"><span class='ocrx_word' id='word_1_1' title='bbox 423 383 531 438; x_wconf 61' lang='grc'><strong>853</strong></span> <span class='ocrx_word' id='word_1_2' title='bbox 1387 366 1446 421; x_wconf 88' lang='lat' dir='ltr'><strong>S.</strong></span> <span class='ocrx_word' id='word_1_3' title='bbox 1488 359 1813 421; x_wconf 76' lang='lat' dir='ltr'><strong>GREGORII</strong></span> <span class='ocrx_word' id='word_1_4' title='bbox 1852 352 2158 414; x_wconf 83' lang='lat' dir='ltr'><strong>EPISCOPI</strong></span> <span class='ocrx_word' id='word_1_5' title='bbox 2197 342 2630 411; x_wconf 78' lang='lat' dir='ltr'><strong>TURONENSIS</strong></span> <span class='ocrx_word' id='word_1_6' title='bbox 3004 370 3005 373; x_wconf 57' lang='grc' dir='ltr'><strong>η</strong></span> <span class='ocrx_word' id='word_1_7' title='bbox 3315 340 3328 354; x_wconf 80' lang='lat'><strong><em>‘</em></strong></span> <span class='ocrx_word' id='word_1_8' title='bbox 3562 326 3657 383; x_wconf 66' lang='grc'><strong>464</strong></span> 
     </span>
    </p>
   </div>
   <div class='ocr_carea' id='block_1_2' title="bbox 424 464 3661 564">
    <p class='ocr_par' dir='ltr' id='par_1_2' title="bbox 424 464 3661 564">
     <span class='ocr_line' id='line_1_2' title="bbox 424 464 3661 564; baseline -0.015 -13"><span class='ocrx_word' id='word_1_9' title='bbox 424 507 562 564; x_wconf 78' lang='lat' dir='ltr'><strong>quas</strong></span> <span class='ocrx_word' id='word_1_10' title='bbox 590 491 641 545; x_wconf 89' lang='lat' dir='ltr'><strong>in</strong></span> <span class='ocrx_word' id='word_1_11' title='bbox 670 487 858 543; x_wconf 82' lang='lat' dir='ltr'><strong>exsilio</strong></span> <span class='ocrx_word' id='word_1_12' title='bbox 884 484 1086 554; x_wconf 89' lang='lat' dir='ltr'><strong>positus</strong></span> <span class='ocrx_word' id='word_1_13' title='bbox 1133 479 1372 548; x_wconf 76' lang='lat' dir='ltr'><strong>scalpsit,</strong></span> <span class='ocrx_word' id='word_1_14' title='bbox 1404 492 1585 533; x_wconf 89' lang='lat' dir='ltr'><strong>coram</strong></span> <span class='ocrx_word' id='word_1_15' title='bbox 1625 475 1890 545; x_wconf 79' lang='lat' dir='ltr'><strong>episcopis</strong></span> <span class='ocrx_word' id='word_1_16' title='bbox 1920 486 2007 526; x_wconf 91' lang='lat' dir='ltr'><strong>re-</strong></span> <span class='ocrx_word' id='word_1_17' title='bbox 2034 471 2086 531; x_wconf 72' lang='grc' dir='ltr'><strong>Α</strong></span> <span class='ocrx_word' id='word_1_18' title='bbox 2119 501 2223 555; x_wconf 69' lang='lat' dir='ltr'><strong>que</strong></span> <span class='ocrx_word' id='word_1_19' title='bbox 2244 491 2371 541; x_wconf 70' lang='lat' dir='ltr'><strong>sum</strong></span> <span class='ocrx_word' id='word_1_20' title='bbox 2394 481 2444 536; x_wconf 73' lang='lat' dir='ltr'><strong>ei</strong></span> <span class='ocrx_word' id='word_1_21' title='bbox 2480 479 2733 546; x_wconf 67' lang='lat' dir='ltr'><strong>deinceps</strong></span> <span class='ocrx_word' id='word_1_22' title='bbox 2759 485 2946 529; x_wconf 71' lang='lat' dir='ltr'><strong>omnes</strong></span> <span class='ocrx_word' id='word_1_23' title='bbox 2967 483 3077 535; x_wconf 66' lang='grc' dir='ltr'><strong>τρε,</strong></span> <span class='ocrx_word' id='word_1_24' title='bbox 3107 482 3238 539; x_wconf 67' lang='lat' dir='ltr'><strong>quas</strong></span> <span class='ocrx_word' id='word_1_25' title='bbox 3260 466 3313 522; x_wconf 73' lang='lat' dir='ltr'><strong>in</strong></span> <span class='ocrx_word' id='word_1_26' title='bbox 3343 466 3572 520; x_wconf 68' lang='grc' dir='ltr'><strong>Ατνρηιυ</strong></span> <span class='ocrx_word' id='word_1_27' title='bbox 3599 464 3661 520; x_wconf 69' lang='grc' dir='ltr'><strong>(ιθ</strong></span> 
     </span>
    </p>
   </div>
   <div class='ocr_carea' id='block_1_3' title="bbox 427 556 2065 646">
    <p class='ocr_par' dir='ltr' id='par_1_3' title="bbox 427 556 2010 646">
     <span class='ocr_line' id='line_1_3' title="bbox 427 556 2010 646; baseline -0.013 -9"><span class='ocrx_word' id='word_1_28' title='bbox 427 556 633 637; x_wconf 79' lang='lat' dir='ltr'><strong>citavit.</strong></span> <span class='ocrx_word' id='word_1_29' title='bbox 662 580 789 646; x_wconf 78' lang='lat' dir='ltr'><strong>Qua:</strong></span> <span class='ocrx_word' id='word_1_30' title='bbox 842 574 1153 645; x_wconf 81' lang='lat' dir='ltr'><strong>quibusdam</strong></span> <span class='ocrx_word' id='word_1_31' title='bbox 1208 571 1421 641; x_wconf 85' lang='lat' dir='ltr'><strong>quidem</strong></span> <span class='ocrx_word' id='word_1_32' title='bbox 1453 569 1779 638; x_wconf 83' lang='lat' dir='ltr'><strong>placuerant,</strong></span> <span class='ocrx_word' id='word_1_33' title='bbox 1821 580 1851 619; x_wconf 92' lang='lat' dir='ltr'><strong>a</strong></span> <span class='ocrx_word' id='word_1_34' title='bbox 1892 563 2010 634; x_wconf 86' lang='lat' dir='ltr'><strong>qui—</strong></span> 
     </span>
    </p>
   </div>
   <div class='ocr_carea' id='block_1_4' title="bbox 2161 556 3666 646">
    <p class='ocr_par' dir='ltr' id='par_1_4' title="bbox 2161 556 3666 640">
     <span class='ocr_line' id='line_1_4' title="bbox 2161 556 3666 640; baseline -0.013 -8"><span class='ocrx_word' id='word_1_35' title='bbox 2161 576 2230 632; x_wconf 83' lang='lat' dir='ltr'><strong>sci</strong></span> <span class='ocrx_word' id='word_1_36' title='bbox 2283 585 2509 629; x_wconf 91' lang='lat' dir='ltr'><strong>munere</strong></span> <span class='ocrx_word' id='word_1_37' title='bbox 2556 571 2949 640; x_wconf 84' lang='lat' dir='ltr'><strong>promeruerat.</strong></span> <span class='ocrx_word' id='word_1_38' title='bbox 3003 560 3108 615; x_wconf 85' lang='lat' dir='ltr'><strong>Sed</strong></span> <span class='ocrx_word' id='word_1_39' title='bbox 3147 569 3198 614; x_wconf 90' lang='lat' dir='ltr'><strong>et</strong></span> <span class='ocrx_word' id='word_1_40' title='bbox 3223 556 3555 613; x_wconf 83' lang='lat' dir='ltr'><strong>diversorum</strong></span> <span class='ocrx_word' id='word_1_41' title='bbox 3588 570 3666 613; x_wconf 84' lang='lat' dir='ltr'><strong>res</strong></span> 
     </span>
    </p>
   </div>
   <div class='ocr_carea' id='block_1_5' title="bbox 429 648 2065 737">
    <p class='ocr_par' dir='ltr' id='par_1_5' title="bbox 429 657 2009 736">
     <span class='ocr_line' id='line_1_5' title="bbox 429 657 2009 736; baseline -0.012 -5"><span class='ocrx_word' id='word_1_42' title='bbox 429 674 653 731; x_wconf 78' lang='lat' dir='ltr'><strong>busdam</strong></span> <span class='ocrx_word' id='word_1_43' title='bbox 684 683 812 724; x_wconf 91' lang='lat' dir='ltr'><strong>vero</strong></span> <span class='ocrx_word' id='word_1_44' title='bbox 843 709 859 733; x_wconf 93' lang='lat'><strong>,</strong></span> <span class='ocrx_word' id='word_1_45' title='bbox 907 666 1030 736; x_wconf 87' lang='lat' dir='ltr'><strong>quia</strong></span> <span class='ocrx_word' id='word_1_46' title='bbox 1072 674 1240 719; x_wconf 91' lang='lat' dir='ltr'><strong>artem</strong></span> <span class='ocrx_word' id='word_1_47' title='bbox 1281 673 1497 719; x_wconf 89' lang='lat' dir='ltr'><strong>secutus</strong></span> <span class='ocrx_word' id='word_1_48' title='bbox 1552 662 1769 716; x_wconf 90' lang='lat' dir='ltr'><strong>minime</strong></span> <span class='ocrx_word' id='word_1_49' title='bbox 1815 657 2009 723; x_wconf 82' lang='lat' dir='ltr'><strong>fuerat,</strong></span> 
     </span>
    </p>
   </div>
   <div class='ocr_carea' id='block_1_6' title="bbox 2161 648 3515 737">
    <p class='ocr_par' dir='ltr' id='par_1_6' title="bbox 2161 648 3515 730">
     <span class='ocr_line' id='line_1_6' title="bbox 2161 648 3515 730; baseline -0.015 -9"><span class='ocrx_word' id='word_1_50' title='bbox 2161 684 2248 721; x_wconf 89' lang='lat' dir='ltr'><strong>uas</strong></span> <span class='ocrx_word' id='word_1_51' title='bbox 2275 664 2416 719; x_wconf 88' lang='lat' dir='ltr'><strong>male</strong></span> <span class='ocrx_word' id='word_1_52' title='bbox 2439 665 2769 730; x_wconf 86' lang='lat' dir='ltr'><strong>pervaserat,</strong></span> <span class='ocrx_word' id='word_1_53' title='bbox 2801 670 2924 711; x_wconf 91' lang='lat' dir='ltr'><strong>cum</strong></span> <span class='ocrx_word' id='word_1_54' title='bbox 2945 648 3261 708; x_wconf 78' lang='lat' dir='ltr'><strong>confusione</strong></span> <span class='ocrx_word' id='word_1_55' title='bbox 3287 648 3515 718; x_wconf 76' lang='lat' dir='ltr'><strong>reliquit.</strong></span> 
     </span>
    </p>
   </div>
   <div class='ocr_carea' id='block_1_7' title="bbox 431 738 2065 831">
    <p class='ocr_par' dir='ltr' id='par_1_7' title="bbox 431 747 2015 831">
     <span class='ocr_line' id='line_1_7' title="bbox 431 747 2015 831; baseline -0.013 -11"><span class='ocrx_word' id='word_1_56' title='bbox 431 760 981 831; x_wconf 83' lang='lat' dir='ltr'><strong>reprehendebantnr.</strong></span> <span class='ocrx_word' id='word_1_57' title='bbox 1008 756 1191 825; x_wconf 84' lang='lat' dir='ltr'><strong>Stylus</strong></span> <span class='ocrx_word' id='word_1_58' title='bbox 1220 766 1395 808; x_wconf 90' lang='lat' dir='ltr'><strong>tamen</strong></span> <span class='ocrx_word' id='word_1_59' title='bbox 1425 769 1517 820; x_wconf 88' lang='lat' dir='ltr'><strong>per</strong></span> <span class='ocrx_word' id='word_1_60' title='bbox 1549 753 1663 807; x_wconf 93' lang='lat' dir='ltr'><strong>loca</strong></span> <span class='ocrx_word' id='word_1_61' title='bbox 1684 747 2015 805; x_wconf 67' lang='lat' dir='ltr'><strong>ecclesiastio</strong></span> 
     </span>
    </p>
   </div>
   <div class='ocr_carea' id='block_1_8' title="bbox 2161 738 3672 831">
    <p class='ocr_par' dir='ltr' id='par_1_8' title="bbox 2190 738 3672 810">
     <span class='ocr_line' id='line_1_8' title="bbox 2190 738 3672 810; baseline -0.013 0"><span class='ocrx_word' id='word_1_62' title='bbox 2190 754 2357 810; x_wconf 78' lang='lat' dir='ltr'><strong>XXII.</strong></span> <span class='ocrx_word' id='word_1_63' title='bbox 2430 752 2608 807; x_wconf 89' lang='lat' dir='ltr'><strong>Lahan</strong></span> <span class='ocrx_word' id='word_1_64' title='bbox 2668 745 2975 802; x_wconf 89' lang='lat' dir='ltr'><strong>llelosensls</strong></span> <span class='ocrx_word' id='word_1_65' title='bbox 3037 741 3321 810; x_wconf 84' lang='lat' dir='ltr'><strong>episcopus</strong></span> <span class='ocrx_word' id='word_1_66' title='bbox 3351 746 3377 776; x_wconf 82' lang='grc'>⁶</span> <span class='ocrx_word' id='word_1_67' title='bbox 3407 738 3504 790; x_wconf 92' lang='lat' dir='ltr'><strong>hoc</strong></span> <span class='ocrx_word' id='word_1_68' title='bbox 3542 751 3672 790; x_wconf 89' lang='lat' dir='ltr'><strong>anno</strong></span> 
     </span>
    </p>
   </div>
   <div class='ocr_carea' id='block_1_9' title="bbox 434 826 2065 911">
    <p class='ocr_par' dir='ltr' id='par_1_9' title="bbox 434 826 2019 911">
     <span class='ocr_line' id='line_1_9' title="bbox 434 826 2019 911; baseline -0.01 -2"><span class='ocrx_word' id='word_1_69' title='bbox 434 826 531 909; x_wconf 75' lang='lat' dir='ltr'><strong>cus</strong></span> <span class='ocrx_word' id='word_1_70' title='bbox 581 860 637 907; x_wconf 90' lang='lat' dir='ltr'><strong>et</strong></span> <span class='ocrx_word' id='word_1_71' title='bbox 662 848 992 906; x_wconf 71' lang='lat' dir='ltr'><strong>rationabilis</strong></span> <span class='ocrx_word' id='word_1_72' title='bbox 1035 855 1170 900; x_wconf 87' lang='lat' dir='ltr'><strong>erat.</strong></span> <span class='ocrx_word' id='word_1_73' title='bbox 1215 845 1404 899; x_wconf 60' lang='lat' dir='ltr'><strong>Cmdes</strong></span> <span class='ocrx_word' id='word_1_74' title='bbox 1432 854 1609 897; x_wconf 90' lang='lat' dir='ltr'><strong>autem</strong></span> <span class='ocrx_word' id='word_1_75' title='bbox 1650 856 1838 911; x_wconf 89' lang='lat' dir='ltr'><strong>magna</strong></span> <span class='ocrx_word' id='word_1_76' title='bbox 1893 850 2019 893; x_wconf 92' lang='lat' dir='ltr'><strong>tunc</strong></span> 
     </span>
    </p>
   </div>
   <div class='ocr_carea' id='block_1_10' title="bbox 2161 826 3675 911">
    <p class='ocr_par' dir='ltr' id='par_1_10' title="bbox 2161 826 3675 901">
     <span class='ocr_line' id='line_1_10' title="bbox 2161 826 3675 901; baseline -0.014 0"><span class='ocrx_word' id='word_1_77' title='bbox 2161 846 2275 901; x_wconf 88' lang='lat' dir='ltr'><strong>biit.</strong></span> <span class='ocrx_word' id='word_1_78' title='bbox 2322 844 2417 898; x_wconf 86' lang='lat' dir='ltr'><strong>Cui</strong></span> <span class='ocrx_word' id='word_1_79' title='bbox 2464 838 2773 896; x_wconf 87' lang='lat' dir='ltr'><strong>Desiderius</strong></span> <span class='ocrx_word' id='word_1_80' title='bbox 2801 851 2868 891; x_wconf 79' lang='lat' dir='ltr'><strong>ex</strong></span> <span class='ocrx_word' id='word_1_81' title='bbox 2910 834 3045 889; x_wconf 90' lang='lat' dir='ltr'><strong>laico</strong></span> <span class='ocrx_word' id='word_1_82' title='bbox 3073 830 3348 886; x_wconf 74' lang='lat' dir='ltr'><strong>successit.</strong></span> <span class='ocrx_word' id='word_1_83' title='bbox 3387 826 3516 883; x_wconf 87' lang='lat' dir='ltr'><strong>Cum</strong></span> <span class='ocrx_word' id='word_1_84' title='bbox 3541 828 3675 898; x_wconf 88' lang='lat' dir='ltr'><strong>jure-</strong></span> 
     </span>
    </p>
   </div>
   <div class='ocr_carea' id='block_1_11' title="bbox 441 932 2019 1008">
    <p class='ocr_par' dir='ltr' id='par_1_11' title="bbox 441 932 2019 1008">
     <span class='ocr_line' id='line_1_11' title="bbox 441 932 2019 1008; baseline -0.01 -7"><span class='ocrx_word' id='word_1_85' title='bbox 441 947 582 1001; x_wconf 89' lang='lat' dir='ltr'><strong>inter</strong></span> <span class='ocrx_word' id='word_1_86' title='bbox 606 942 836 997; x_wconf 84' lang='lat' dir='ltr'><strong>famulos</strong></span> <span class='ocrx_word' id='word_1_87' title='bbox 857 940 1024 995; x_wconf 78' lang='lat' dir='ltr'><strong>Prisci</strong></span> <span class='ocrx_word' id='word_1_88' title='bbox 1069 948 1095 976; x_wconf 75' lang='grc' dir='ltr'>ι</span> <span class='ocrx_word' id='word_1_89' title='bbox 1121 938 1371 1008; x_wconf 59' lang='lat' dir='ltr'><strong>episcopi.</strong></span> <span class='ocrx_word' id='word_1_90' title='bbox 1412 946 1469 991; x_wconf 93' lang='lat' dir='ltr'><strong>et</strong></span> <span class='ocrx_word' id='word_1_91' title='bbox 1515 934 1837 1003; x_wconf 85' lang='lat' dir='ltr'><strong>Leudegisili</strong></span> <span class='ocrx_word' id='word_1_92' title='bbox 1866 932 2019 987; x_wconf 90' lang='lat' dir='ltr'><strong>ducis</strong></span> 
     </span>
    </p>
   </div>
   <div class='ocr_carea' id='block_1_12' title="bbox 443 1027 2019 1099">
    <p class='ocr_par' dir='ltr' id='par_1_12' title="bbox 443 1027 2019 1099">
     <span class='ocr_line' id='line_1_12' title="bbox 443 1027 2019 1099; baseline -0.009 -6"><span class='ocrx_word' id='word_1_93' title='bbox 443 1039 560 1093; x_wconf 86' lang='lat' dir='ltr'><strong>fuit.</strong></span> <span class='ocrx_word' id='word_1_94' title='bbox 588 1037 798 1091; x_wconf 76' lang='lat' dir='ltr'><strong>Priscus</strong></span> <span class='ocrx_word' id='word_1_95' title='bbox 823 1044 1000 1087; x_wconf 86' lang='lat' dir='ltr'><strong>tamen</strong></span> <span class='ocrx_word' id='word_1_96' title='bbox 1031 1032 1316 1099; x_wconf 79' lang='lat' dir='ltr'><strong>episeOpns</strong></span> <span class='ocrx_word' id='word_1_97' title='bbox 1365 1029 1430 1082; x_wconf 93' lang='lat' dir='ltr'><strong>ad</strong></span> <span class='ocrx_word' id='word_1_98' title='bbox 1459 1027 1806 1083; x_wconf 88' lang='lat' dir='ltr'><strong>coemendam</strong></span> <span class='ocrx_word' id='word_1_99' title='bbox 1831 1041 2019 1096; x_wconf 75' lang='lat' dir='ltr'><strong>pacem</strong></span> 
     </span>
    </p>
   </div>
   <div class='ocr_carea' id='block_1_13' title="bbox 445 1119 2022 1193">
    <p class='ocr_par' dir='ltr' id='par_1_13' title="bbox 445 1119 2022 1193">
     <span class='ocr_line' id='line_1_13' title="bbox 445 1119 2022 1193; baseline -0.008 -9"><span class='ocrx_word' id='word_1_100' title='bbox 445 1130 671 1185; x_wconf 90' lang='lat' dir='ltr'><strong>multum</strong></span> <span class='ocrx_word' id='word_1_101' title='bbox 706 1126 946 1193; x_wconf 64' lang='lat' dir='ltr'><strong>pecuni-1:</strong></span> <span class='ocrx_word' id='word_1_102' title='bbox 994 1125 1206 1179; x_wconf 91' lang='lat' dir='ltr'><strong>obtulit.</strong></span> <span class='ocrx_word' id='word_1_103' title='bbox 1259 1124 1349 1177; x_wconf 93' lang='lat' dir='ltr'><strong>llis</strong></span> <span class='ocrx_word' id='word_1_104' title='bbox 1396 1122 1555 1176; x_wconf 89' lang='lat' dir='ltr'><strong>etiam</strong></span> <span class='ocrx_word' id='word_1_105' title='bbox 1609 1120 1799 1174; x_wconf 87' lang='lat' dir='ltr'><strong>diebus</strong></span> <span class='ocrx_word' id='word_1_106' title='bbox 1849 1119 2022 1174; x_wconf 81' lang='lat' dir='ltr'><strong>Gunt-</strong></span> 
     </span>
    </p>
   </div>
   <div class='ocr_carea' id='block_1_14' title="bbox 443 1213 2023 1288">
    <p class='ocr_par' dir='ltr' id='par_1_14' title="bbox 443 1213 2023 1288">
     <span class='ocr_line' id='line_1_14' title="bbox 443 1213 2023 1288; baseline -0.006 -15"><span class='ocrx_word' id='word_1_107' title='bbox 443 1225 734 1273; x_wconf 89' lang='lat' dir='ltr'><strong>chramnus</strong></span> <span class='ocrx_word' id='word_1_108' title='bbox 766 1234 857 1273; x_wconf 82' lang='lat' dir='ltr'><strong>rex</strong></span> <span class='ocrx_word' id='word_1_109' title='bbox 887 1218 1121 1288; x_wconf 77' lang='lat' dir='ltr'><strong>graviter</strong></span> <span class='ocrx_word' id='word_1_110' title='bbox 1145 1215 1446 1285; x_wconf 79' lang='lat' dir='ltr'><strong>:rgrotavit,</strong></span> <span class='ocrx_word' id='word_1_111' title='bbox 1493 1213 1564 1267; x_wconf 91' lang='lat' dir='ltr'><strong>ita</strong></span> <span class='ocrx_word' id='word_1_112' title='bbox 1595 1221 1656 1265; x_wconf 93' lang='lat' dir='ltr'><strong>ut</strong></span> <span class='ocrx_word' id='word_1_113' title='bbox 1698 1220 1974 1281; x_wconf 75' lang='lat' dir='ltr'><strong>putaretur</strong></span> <span class='ocrx_word' id='word_1_114' title='bbox 1996 1227 2023 1263; x_wconf 88' lang='lat' dir='ltr'><strong>a</strong></span> 
     </span>
    </p>
   </div>
   <div class='ocr_carea' id='block_1_15' title="bbox 442 1302 2029 1379">
    <p class='ocr_par' dir='ltr' id='par_1_15' title="bbox 442 1302 2029 1379">
     <span class='ocr_line' id='line_1_15' title="bbox 442 1302 2029 1379; baseline -0.004 -18"><span class='ocrx_word' id='word_1_115' title='bbox 442 1309 755 1379; x_wconf 86' lang='lat' dir='ltr'><strong>quihusdam</strong></span> <span class='ocrx_word' id='word_1_116' title='bbox 789 1323 891 1361; x_wconf 91' lang='lat' dir='ltr'><strong>non</strong></span> <span class='ocrx_word' id='word_1_117' title='bbox 935 1321 1091 1376; x_wconf 80' lang='lat' dir='ltr'><strong>posse</strong></span> <span class='ocrx_word' id='word_1_118' title='bbox 1138 1320 1357 1373; x_wconf 68' lang='lat' dir='ltr'><strong>prorsus</strong></span> <span class='ocrx_word' id='word_1_119' title='bbox 1391 1305 1621 1358; x_wconf 76' lang='lat' dir='ltr'><strong>evadere</strong></span> <span class='ocrx_word' id='word_1_120' title='bbox 1652 1319 1666 1356; x_wconf 90' lang='lat'><strong>:</strong></span> <span class='ocrx_word' id='word_1_121' title='bbox 1699 1303 1836 1371; x_wconf 92' lang='lat' dir='ltr'><strong>quod</strong></span> <span class='ocrx_word' id='word_1_122' title='bbox 1867 1302 2029 1356; x_wconf 88' lang='lat' dir='ltr'><strong>credo</strong></span> 
     </span>
    </p>
   </div>
   <div class='ocr_carea' id='block_1_16' title="bbox 443 1392 2027 1468">
    <p class='ocr_par' dir='ltr' id='par_1_16' title="bbox 443 1392 2027 1468">
     <span class='ocr_line' id='line_1_16' title="bbox 443 1392 2027 1468; baseline -0.004 -16"><span class='ocrx_word' id='word_1_123' title='bbox 443 1398 777 1468; x_wconf 79' lang='lat' dir='ltr'><strong>providentia</strong></span> <span class='ocrx_word' id='word_1_124' title='bbox 833 1398 930 1451; x_wconf 90' lang='lat' dir='ltr'><strong>Dei</strong></span> <span class='ocrx_word' id='word_1_125' title='bbox 982 1396 1172 1451; x_wconf 79' lang='lat' dir='ltr'><strong>fuisset</strong></span> <span class='ocrx_word' id='word_1_126' title='bbox 1221 1393 1317 1466; x_wconf 81' lang='grc' dir='ltr'><strong>[Ιι.</strong></span> <span class='ocrx_word' id='word_1_127' title='bbox 1350 1392 1492 1464; x_wconf 82' lang='lat' dir='ltr'><strong>fuit].</strong></span> <span class='ocrx_word' id='word_1_128' title='bbox 1549 1392 1831 1463; x_wconf 84' lang='lat' dir='ltr'><strong>Cogitabat</strong></span> <span class='ocrx_word' id='word_1_129' title='bbox 1883 1394 2027 1446; x_wconf 87' lang='lat' dir='ltr'><strong>enim</strong></span> 
     </span>
    </p>
   </div>
   <div class='ocr_carea' id='block_1_17' title="bbox 445 1483 2033 1557">
    <p class='ocr_par' dir='ltr' id='par_1_17' title="bbox 445 1483 2033 1557">
     <span class='ocr_line' id='line_1_17' title="bbox 445 1483 2033 1557; baseline -0.005 -13"><span class='ocrx_word' id='word_1_130' title='bbox 445 1490 643 1545; x_wconf 89' lang='lat' dir='ltr'><strong>multos</strong></span> <span class='ocrx_word' id='word_1_131' title='bbox 685 1490 1056 1557; x_wconf 83' lang='lat' dir='ltr'><strong>episcoporum</strong></span> <span class='ocrx_word' id='word_1_132' title='bbox 1105 1486 1299 1542; x_wconf 76' lang='lat' dir='ltr'><strong>exsilio</strong></span> <span class='ocrx_word' id='word_1_133' title='bbox 1356 1485 1662 1539; x_wconf 89' lang='lat' dir='ltr'><strong>detrudere.</strong></span> <span class='ocrx_word' id='word_1_134' title='bbox 1718 1483 2033 1538; x_wconf 80' lang='lat' dir='ltr'><strong>Theodoms</strong></span> 
     </span>
    </p>
   </div>
   <div class='ocr_carea' id='block_1_18' title="bbox 448 1574 2035 1650">
    <p class='ocr_par' dir='ltr' id='par_1_18' title="bbox 448 1574 2035 1650">
     <span class='ocr_line' id='line_1_18' title="bbox 448 1574 2035 1650; baseline -0.003 -15"><span class='ocrx_word' id='word_1_135' title='bbox 448 1582 627 1644; x_wconf 75' lang='lat' dir='ltr'><strong>itaque</strong></span> <span class='ocrx_word' id='word_1_136' title='bbox 652 1582 936 1650; x_wconf 76' lang='lat' dir='ltr'><strong>cpisropns</strong></span> <span class='ocrx_word' id='word_1_137' title='bbox 955 1622 969 1644; x_wconf 95' lang='lat'><strong>,</strong></span> <span class='ocrx_word' id='word_1_138' title='bbox 1002 1581 1065 1633; x_wconf 87' lang='lat' dir='ltr'><strong>ad</strong></span> <span class='ocrx_word' id='word_1_139' title='bbox 1107 1580 1293 1635; x_wconf 84' lang='lat' dir='ltr'><strong>urbem</strong></span> <span class='ocrx_word' id='word_1_140' title='bbox 1326 1594 1475 1633; x_wconf 88' lang='lat' dir='ltr'><strong>suam</strong></span> <span class='ocrx_word' id='word_1_141' title='bbox 1499 1592 1795 1648; x_wconf 73' lang='lat' dir='ltr'><strong>regressus,</strong></span> <span class='ocrx_word' id='word_1_142' title='bbox 1823 1574 2035 1631; x_wconf 80' lang='lat' dir='ltr'><strong>favente</strong></span> 
     </span>
    </p>
   </div>
   <div class='ocr_carea' id='block_1_19' title="bbox 456 1671 1602 1740">
    <p class='ocr_par' dir='ltr' id='par_1_19' title="bbox 456 1671 1602 1740">
     <span class='ocr_line' id='line_1_19' title="bbox 456 1671 1602 1740; baseline -0.002 -14"><span class='ocrx_word' id='word_1_143' title='bbox 456 1674 601 1726; x_wconf 82' lang='lat' dir='ltr'><strong>ontni</strong></span> <span class='ocrx_word' id='word_1_144' title='bbox 635 1674 834 1740; x_wconf 86' lang='lat' dir='ltr'><strong>populo</strong></span> <span class='ocrx_word' id='word_1_145' title='bbox 860 1687 980 1725; x_wconf 87' lang='lat' dir='ltr'><strong>cum</strong></span> <span class='ocrx_word' id='word_1_146' title='bbox 1013 1671 1167 1725; x_wconf 81' lang='lat' dir='ltr'><strong>laude</strong></span> <span class='ocrx_word' id='word_1_147' title='bbox 1192 1678 1470 1737; x_wconf 90' lang='lat' dir='ltr'><strong>susceptus</strong></span> <span class='ocrx_word' id='word_1_148' title='bbox 1501 1678 1602 1725; x_wconf 90' lang='lat' dir='ltr'><strong>est.</strong></span> 
     </span>
    </p>
   </div>
   <div class='ocr_carea' id='block_1_20' title="bbox 526 1758 2035 1833">
    <p class='ocr_par' dir='ltr' id='par_1_20' title="bbox 526 1758 2035 1833">
     <span class='ocr_line' id='line_1_20' title="bbox 526 1758 2035 1833; baseline -0.004 -15"><span class='ocrx_word' id='word_1_149' title='bbox 526 1765 664 1818; x_wconf 90' lang='lat' dir='ltr'><strong>XXI.</strong></span> <span class='ocrx_word' id='word_1_150' title='bbox 722 1765 898 1831; x_wconf 82' lang='lat' dir='ltr'><strong>Itaque</strong></span> <span class='ocrx_word' id='word_1_151' title='bbox 926 1779 1046 1817; x_wconf 91' lang='lat' dir='ltr'><strong>cum</strong></span> <span class='ocrx_word' id='word_1_152' title='bbox 1082 1763 1197 1817; x_wconf 76' lang='lat' dir='ltr'><strong>hzec</strong></span> <span class='ocrx_word' id='word_1_153' title='bbox 1233 1762 1471 1833; x_wconf 83' lang='lat' dir='ltr'><strong>synodus</strong></span> <span class='ocrx_word' id='word_1_154' title='bbox 1502 1768 1773 1829; x_wconf 86' lang='lat' dir='ltr'><strong>ageretur,</strong></span> <span class='ocrx_word' id='word_1_155' title='bbox 1815 1758 2035 1813; x_wconf 84' lang='lat' dir='ltr'><strong>Childe-</strong></span> 
     </span>
    </p>
   </div>
   <div class='ocr_carea' id='block_1_21' title="bbox 2121 929 3676 1013">
    <p class='ocr_par' dir='ltr' id='par_1_21' title="bbox 2121 929 3676 1013">
     <span class='ocr_line' id='line_1_21' title="bbox 2121 929 3676 1013; baseline -0.014 -18"><span class='ocrx_word' id='word_1_156' title='bbox 2121 941 2347 1013; x_wconf 83' lang='lat' dir='ltr'><strong>iurando</strong></span> <span class='ocrx_word' id='word_1_157' title='bbox 2372 939 2516 996; x_wconf 92' lang='lat' dir='ltr'><strong>enim</strong></span> <span class='ocrx_word' id='word_1_158' title='bbox 2548 952 2641 991; x_wconf 85' lang='lat' dir='ltr'><strong>rex</strong></span> <span class='ocrx_word' id='word_1_159' title='bbox 2686 932 2955 1003; x_wconf 88' lang='lat' dir='ltr'><strong>pollicitus</strong></span> <span class='ocrx_word' id='word_1_160' title='bbox 2986 929 3198 994; x_wconf 91' lang='lat' dir='ltr'><strong>fuerat,</strong></span> <span class='ocrx_word' id='word_1_161' title='bbox 3251 939 3310 981; x_wconf 92' lang='lat' dir='ltr'><strong>se</strong></span> <span class='ocrx_word' id='word_1_162' title='bbox 3340 937 3595 992; x_wconf 83' lang='lat' dir='ltr'><strong>nunquam</strong></span> <span class='ocrx_word' id='word_1_163' title='bbox 3617 937 3676 975; x_wconf 79' lang='lat' dir='ltr'><strong>ex</strong></span> 
     </span>
    </p>
   </div>
   <div class='ocr_carea' id='block_1_22' title="bbox 2126 1015 3679 1100">
    <p class='ocr_par' dir='ltr' id='par_1_22' title="bbox 2126 1015 3679 1100">
     <span class='ocr_line' id='line_1_22' title="bbox 2126 1015 3679 1100; baseline -0.012 -13"><span class='ocrx_word' id='word_1_164' title='bbox 2126 1034 2276 1088; x_wconf 91' lang='lat' dir='ltr'><strong>laicis</strong></span> <span class='ocrx_word' id='word_1_165' title='bbox 2325 1033 2639 1100; x_wconf 81' lang='lat' dir='ltr'><strong>episcOpum</strong></span> <span class='ocrx_word' id='word_1_166' title='bbox 2692 1025 3087 1079; x_wconf 89' lang='lat' dir='ltr'><strong>ordinaturum.</strong></span> <span class='ocrx_word' id='word_1_167' title='bbox 3146 1017 3252 1074; x_wconf 82' lang='lat' dir='ltr'><strong>Sed</strong></span> <span class='ocrx_word' id='word_1_168' title='bbox 3308 1015 3430 1086; x_wconf 89' lang='lat' dir='ltr'><strong>quid</strong></span> <span class='ocrx_word' id='word_1_169' title='bbox 3481 1024 3679 1083; x_wconf 78' lang='lat' dir='ltr'><strong>pectora</strong></span> 
     </span>
    </p>
   </div>
   <div class='ocr_carea' id='block_1_23' title="bbox 2128 1108 3682 1196">
    <p class='ocr_par' dir='ltr' id='par_1_23' title="bbox 2128 1108 3682 1196">
     <span class='ocr_line' id='line_1_23' title="bbox 2128 1108 3682 1196; baseline -0.014 -14"><span class='ocrx_word' id='word_1_170' title='bbox 2128 1129 2359 1183; x_wconf 90' lang='lat' dir='ltr'><strong>humana</strong></span> <span class='ocrx_word' id='word_1_171' title='bbox 2389 1125 2549 1196; x_wconf 82' lang='lat'><strong>395</strong></span> <span class='ocrx_word' id='word_1_172' title='bbox 2576 1137 2679 1176; x_wconf 91' lang='lat' dir='ltr'><strong>non</strong></span> <span class='ocrx_word' id='word_1_173' title='bbox 2727 1128 2881 1188; x_wconf 83' lang='lat' dir='ltr'><strong>cogat</strong></span> <span class='ocrx_word' id='word_1_174' title='bbox 2935 1115 3048 1170; x_wconf 91' lang='lat' dir='ltr'><strong>auri</strong></span> <span class='ocrx_word' id='word_1_175' title='bbox 3106 1127 3258 1168; x_wconf 87' lang='lat' dir='ltr'><strong>sacra</strong></span> <span class='ocrx_word' id='word_1_176' title='bbox 3304 1108 3500 1165; x_wconf 76' lang='lat' dir='ltr'><strong>fatnes?</strong></span> <span class='ocrx_word' id='word_1_177' title='bbox 3546 1110 3682 1162; x_wconf 85' lang='lat' dir='ltr'><strong>Bert-</strong></span> 
     </span>
    </p>
   </div>
   <div class='ocr_carea' id='block_1_24' title="bbox 2127 1202 3683 1285">
    <p class='ocr_par' dir='ltr' id='par_1_24' title="bbox 2127 1202 3683 1285">
     <span class='ocr_line' id='line_1_24' title="bbox 2127 1202 3683 1285; baseline -0.016 -9"><span class='ocrx_word' id='word_1_178' title='bbox 2127 1223 2418 1275; x_wconf 91' lang='lat' dir='ltr'><strong>chramnus</strong></span> <span class='ocrx_word' id='word_1_179' title='bbox 2449 1233 2575 1271; x_wconf 87' lang='lat' dir='ltr'><strong>vero</strong></span> <span class='ocrx_word' id='word_1_180' title='bbox 2606 1226 2882 1285; x_wconf 84' lang='lat' dir='ltr'><strong>regressus</strong></span> <span class='ocrx_word' id='word_1_181' title='bbox 2908 1226 2973 1264; x_wconf 80' lang='lat' dir='ltr'><strong>ex</strong></span> <span class='ocrx_word' id='word_1_182' title='bbox 3004 1205 3245 1277; x_wconf 86' lang='lat' dir='ltr'><strong>synodo,</strong></span> <span class='ocrx_word' id='word_1_183' title='bbox 3284 1219 3313 1258; x_wconf 89' lang='lat' dir='ltr'><strong>a</strong></span> <span class='ocrx_word' id='word_1_184' title='bbox 3358 1202 3501 1257; x_wconf 87' lang='lat' dir='ltr'><strong>febre</strong></span> <span class='ocrx_word' id='word_1_185' title='bbox 3527 1202 3683 1254; x_wconf 89' lang='lat' dir='ltr'><strong>corri-</strong></span> 
     </span>
    </p>
   </div>
   <div class='ocr_carea' id='block_1_25' title="bbox 2131 1287 3685 1384">
    <p class='ocr_par' dir='ltr' id='par_1_25' title="bbox 2131 1287 3685 1384">
     <span class='ocr_line' id='line_1_25' title="bbox 2131 1287 3685 1384; baseline -0.016 -15"><span class='ocrx_word' id='word_1_186' title='bbox 2131 1314 2301 1384; x_wconf 87' lang='lat' dir='ltr'><strong>pitur;</strong></span> <span class='ocrx_word' id='word_1_187' title='bbox 2354 1287 2716 1376; x_wconf 52' lang='lat' dir='ltr'><strong>arressito’qne</strong></span> <span class='ocrx_word' id='word_1_188' title='bbox 2747 1303 3012 1359; x_wconf 85' lang='lat' dir='ltr'><strong>Waldone</strong></span> <span class='ocrx_word' id='word_1_189' title='bbox 3036 1300 3282 1361; x_wconf 90' lang='lat' dir='ltr'><strong>diacono,</strong></span> <span class='ocrx_word' id='word_1_190' title='bbox 3317 1295 3403 1365; x_wconf 93' lang='lat' dir='ltr'><strong>qui</strong></span> <span class='ocrx_word' id='word_1_191' title='bbox 3431 1302 3484 1349; x_wconf 92' lang='lat' dir='ltr'><strong>et</strong></span> <span class='ocrx_word' id='word_1_192' title='bbox 3509 1294 3613 1361; x_wconf 86' lang='lat' dir='ltr'><strong>ipse</strong></span> <span class='ocrx_word' id='word_1_193' title='bbox 3638 1292 3685 1345; x_wconf 92' lang='lat' dir='ltr'><strong>in</strong></span> 
     </span>
    </p>
   </div>
   <div class='ocr_carea' id='block_1_26' title="bbox 2128 1385 3687 1474">
    <p class='ocr_par' dir='ltr' id='par_1_26' title="bbox 2128 1385 3687 1474">
     <span class='ocr_line' id='line_1_26' title="bbox 2128 1385 3687 1474; baseline -0.015 -14"><span class='ocrx_word' id='word_1_194' title='bbox 2128 1406 2397 1474; x_wconf 85' lang='lat' dir='ltr'><strong>baptismo</strong></span> <span class='ocrx_word' id='word_1_195' title='bbox 2441 1401 2857 1455; x_wconf 70' lang='lat' dir='ltr'><strong>Iiertchramnus</strong></span> <span class='ocrx_word' id='word_1_196' title='bbox 2904 1394 3169 1448; x_wconf 85' lang='lat' dir='ltr'><strong>vocitatus</strong></span> <span class='ocrx_word' id='word_1_197' title='bbox 3210 1398 3312 1454; x_wconf 90' lang='lat' dir='ltr'><strong>est,</strong></span> <span class='ocrx_word' id='word_1_198' title='bbox 3361 1400 3608 1442; x_wconf 86' lang='lat' dir='ltr'><strong>summam</strong></span> <span class='ocrx_word' id='word_1_199' title='bbox 3643 1385 3687 1438; x_wconf 89' lang='lat' dir='ltr'><strong>ei</strong></span> 
     </span>
    </p>
   </div>
   <div class='ocr_carea' id='block_1_27' title="bbox 2132 1480 3690 1559">
    <p class='ocr_par' dir='ltr' id='par_1_27' title="bbox 2132 1480 3690 1559">
     <span class='ocr_line' id='line_1_27' title="bbox 2132 1480 3690 1559; baseline -0.016 -7"><span class='ocrx_word' id='word_1_200' title='bbox 2132 1493 2419 1552; x_wconf 87' lang='lat' dir='ltr'><strong>sacerdotii</strong></span> <span class='ocrx_word' id='word_1_201' title='bbox 2450 1491 2689 1559; x_wconf 86' lang='lat' dir='ltr'><strong>deputat,</strong></span> <span class='ocrx_word' id='word_1_202' title='bbox 2722 1498 3016 1554; x_wconf 90' lang='lat' dir='ltr'><strong>omnesque</strong></span> <span class='ocrx_word' id='word_1_203' title='bbox 3035 1480 3392 1543; x_wconf 85' lang='lat' dir='ltr'><strong>conditiones,</strong></span> <span class='ocrx_word' id='word_1_204' title='bbox 3418 1487 3517 1531; x_wconf 85' lang='lat' dir='ltr'><strong>tam</strong></span> <span class='ocrx_word' id='word_1_205' title='bbox 3543 1484 3690 1529; x_wconf 86' lang='lat' dir='ltr'><strong>testa-</strong></span> 
     </span>
    </p>
   </div>
   <div class='ocr_carea' id='block_1_28' title="bbox 2138 1568 3692 1655">
    <p class='ocr_par' dir='ltr' id='par_1_28' title="bbox 2138 1568 3692 1655">
     <span class='ocr_line' id='line_1_28' title="bbox 2138 1568 3692 1655; baseline -0.015 -12"><span class='ocrx_word' id='word_1_206' title='bbox 2138 1585 2300 1643; x_wconf 91' lang='lat' dir='ltr'><strong>menti</strong></span> <span class='ocrx_word' id='word_1_207' title='bbox 2345 1599 2505 1655; x_wconf 91' lang='lat' dir='ltr'><strong>quam</strong></span> <span class='ocrx_word' id='word_1_208' title='bbox 2557 1579 3006 1635; x_wconf 56' lang='lat' dir='ltr'><strong>lienemeritorum</strong></span> <span class='ocrx_word' id='word_1_209' title='bbox 3051 1587 3305 1635; x_wconf 90' lang='lat' dir='ltr'><strong>suorum,</strong></span> <span class='ocrx_word' id='word_1_210' title='bbox 3337 1569 3432 1640; x_wconf 89' lang='lat' dir='ltr'><strong>ipsi</strong></span> <span class='ocrx_word' id='word_1_211' title='bbox 3472 1568 3692 1622; x_wconf 84' lang='lat' dir='ltr'><strong>commit-</strong></span> 
     </span>
    </p>
   </div>
   <div class='ocr_carea' id='block_1_29' title="bbox 2134 1656 3694 1743">
    <p class='ocr_par' dir='ltr' id='par_1_29' title="bbox 2134 1656 3694 1743">
     <span class='ocr_line' id='line_1_29' title="bbox 2134 1656 3694 1743; baseline -0.015 -9"><span class='ocrx_word' id='word_1_212' title='bbox 2134 1681 2221 1736; x_wconf 89' lang='lat' dir='ltr'><strong>tit.</strong></span> <span class='ocrx_word' id='word_1_213' title='bbox 2268 1677 2385 1743; x_wconf 85' lang='lat' dir='ltr'><strong>Quo</strong></span> <span class='ocrx_word' id='word_1_214' title='bbox 2423 1673 2763 1734; x_wconf 89' lang='lat' dir='ltr'><strong>discedente,</strong></span> <span class='ocrx_word' id='word_1_215' title='bbox 2807 1669 2892 1722; x_wconf 92' lang='lat' dir='ltr'><strong>hic</strong></span> <span class='ocrx_word' id='word_1_216' title='bbox 2947 1665 3192 1735; x_wconf 87' lang='lat' dir='ltr'><strong>spiritum</strong></span> <span class='ocrx_word' id='word_1_217' title='bbox 3252 1656 3575 1715; x_wconf 70' lang='lat' dir='ltr'><strong>exhalavit&#39;.</strong></span> <span class='ocrx_word' id='word_1_218' title='bbox 3605 1657 3694 1711; x_wconf 79' lang='lat' dir='ltr'><strong>Ile-</strong></span> 
     </span>
    </p>
   </div>
   <div class='ocr_carea' id='block_1_30' title="bbox 2137 1749 3692 1839">
    <p class='ocr_par' dir='ltr' id='par_1_30' title="bbox 2137 1749 3692 1839">
     <span class='ocr_line' id='line_1_30' title="bbox 2137 1749 3692 1839; baseline -0.015 -15"><span class='ocrx_word' id='word_1_219' title='bbox 2137 1781 2355 1839; x_wconf 87' lang='lat' dir='ltr'><strong>gressus</strong></span> <span class='ocrx_word' id='word_1_220' title='bbox 2378 1765 2637 1818; x_wconf 89' lang='lat' dir='ltr'><strong>diaconus</strong></span> <span class='ocrx_word' id='word_1_221' title='bbox 2657 1775 2777 1815; x_wconf 91' lang='lat' dir='ltr'><strong>cum</strong></span> <span class='ocrx_word' id='word_1_222' title='bbox 2804 1756 3113 1812; x_wconf 74' lang='lat' dir='ltr'><strong>muneribus</strong></span> <span class='ocrx_word' id='word_1_223' title='bbox 3140 1763 3196 1808; x_wconf 92' lang='lat' dir='ltr'><strong>et</strong></span> <span class='ocrx_word' id='word_1_224' title='bbox 3222 1766 3484 1807; x_wconf 89' lang='lat' dir='ltr'><strong>consensu</strong></span> <span class='ocrx_word' id='word_1_225' title='bbox 3513 1749 3692 1803; x_wconf 86' lang='lat' dir='ltr'><strong>civium</strong></span> 
     </span>
    </p>
   </div>
   <div class='ocr_carea' id='block_1_31' title="bbox 451 1838 2065 1926">
    <p class='ocr_par' dir='ltr' id='par_1_31' title="bbox 451 1854 2033 1924">
     <span class='ocr_line' id='line_1_31' title="bbox 451 1854 2033 1924; baseline -0.004 -12"><span class='ocrx_word' id='word_1_226' title='bbox 451 1858 636 1913; x_wconf 77' lang='lat' dir='ltr'><strong>hortus</strong></span> <span class='ocrx_word' id='word_1_227' title='bbox 665 1874 756 1912; x_wconf 78' lang='lat' dir='ltr'><strong>rex</strong></span> <span class='ocrx_word' id='word_1_228' title='bbox 788 1857 924 1924; x_wconf 90' lang='lat' dir='ltr'><strong>apud</strong></span> <span class='ocrx_word' id='word_1_229' title='bbox 959 1858 1344 1911; x_wconf 86' lang='lat' dir='ltr'><strong>Belsonancum</strong></span> <span class='ocrx_word' id='word_1_230' title='bbox 1376 1855 1552 1909; x_wconf 83' lang='lat' dir='ltr'><strong>villam</strong></span> <span class='ocrx_word' id='word_1_231' title='bbox 1587 1861 1612 1891; x_wconf 76' lang='grc' dir='ltr'><strong>ο</strong></span> <span class='ocrx_word' id='word_1_232' title='bbox 1635 1894 1651 1921; x_wconf 91' lang='grc'><strong><em>,</em></strong></span> <span class='ocrx_word' id='word_1_233' title='bbox 1692 1868 1812 1923; x_wconf 73' lang='lat' dir='ltr'><strong>qua:</strong></span> <span class='ocrx_word' id='word_1_234' title='bbox 1840 1854 1891 1905; x_wconf 92' lang='lat' dir='ltr'><strong>in</strong></span> <span class='ocrx_word' id='word_1_235' title='bbox 1921 1866 2033 1906; x_wconf 88' lang='lat' dir='ltr'><strong>tne-</strong></span> 
     </span>
    </p>
   </div>
   <div class='ocr_carea' id='block_1_32' title="bbox 2161 1838 3694 1926">
    <p class='ocr_par' dir='ltr' id='par_1_32' title="bbox 2161 1838 3694 1926">
     <span class='ocr_line' id='line_1_32' title="bbox 2161 1838 3694 1926; baseline -0.018 -10"><span class='ocrx_word' id='word_1_236' title='bbox 2161 1862 2202 1916; x_wconf 83' lang='lat' dir='ltr'><strong>Id</strong></span> <span class='ocrx_word' id='word_1_237' title='bbox 2231 1873 2410 1926; x_wconf 85' lang='lat' dir='ltr'><strong>regem</strong></span> <span class='ocrx_word' id='word_1_238' title='bbox 2437 1861 2711 1923; x_wconf 82' lang='lat' dir='ltr'><strong>properat,</strong></span> <span class='ocrx_word' id='word_1_239' title='bbox 2728 1849 2822 1905; x_wconf 91' lang='lat' dir='ltr'><strong>sed</strong></span> <span class='ocrx_word' id='word_1_240' title='bbox 2841 1847 2975 1901; x_wconf 86' lang='lat' dir='ltr'><strong>nihil</strong></span> <span class='ocrx_word' id='word_1_241' title='bbox 3002 1845 3258 1901; x_wconf 91' lang='lat' dir='ltr'><strong>obtinuit.</strong></span> <span class='ocrx_word' id='word_1_242' title='bbox 3282 1841 3430 1896; x_wconf 88' lang='lat' dir='ltr'><strong>Tunc</strong></span> <span class='ocrx_word' id='word_1_243' title='bbox 3452 1853 3561 1903; x_wconf 78' lang='lat' dir='ltr'><strong>rex,</strong></span> <span class='ocrx_word' id='word_1_244' title='bbox 3588 1838 3694 1889; x_wconf 87' lang='lat' dir='ltr'><strong>data</strong></span> 
     </span>
    </p>
   </div>
   <div class='ocr_carea' id='block_1_33' title="bbox 454 1943 2037 2012">
    <p class='ocr_par' dir='ltr' id='par_1_33' title="bbox 454 1943 2037 2012">
     <span class='ocr_line' id='line_1_33' title="bbox 454 1943 2037 2012; baseline -0.006 -8"><span class='ocrx_word' id='word_1_245' title='bbox 454 1949 546 2004; x_wconf 81' lang='lat' dir='ltr'><strong>dio</strong></span> <span class='ocrx_word' id='word_1_246' title='bbox 588 1949 988 2003; x_wconf 79' lang='lat' dir='ltr'><strong>Ardneunensis</strong></span> <span class='ocrx_word' id='word_1_247' title='bbox 1014 1948 1164 2001; x_wconf 72' lang='lat' dir='ltr'><strong>silva:</strong></span> <span class='ocrx_word' id='word_1_248' title='bbox 1193 1949 1291 2000; x_wconf 69' lang='lat' dir='ltr'><strong>s‘ta</strong></span> <span class='ocrx_word' id='word_1_249' title='bbox 1322 1956 1426 2011; x_wconf 77' lang='lat' dir='ltr'><strong>est,</strong></span> <span class='ocrx_word' id='word_1_250' title='bbox 1468 1959 1588 1999; x_wconf 86' lang='lat' dir='ltr'><strong>cum</strong></span> <span class='ocrx_word' id='word_1_251' title='bbox 1617 1945 1729 1999; x_wconf 84' lang='lat' dir='ltr'><strong>suis</strong></span> <span class='ocrx_word' id='word_1_252' title='bbox 1758 1943 2037 2012; x_wconf 74' lang='lat' dir='ltr'><strong>conjungi-</strong></span> 
     </span>
    </p>
   </div>
   <div class='ocr_carea' id='block_1_34' title="bbox 456 2035 2038 2109">
    <p class='ocr_par' dir='ltr' id='par_1_34' title="bbox 456 2035 2038 2109">
     <span class='ocr_line' id='line_1_34' title="bbox 456 2035 2038 2109; baseline -0.004 -15"><span class='ocrx_word' id='word_1_253' title='bbox 456 2050 565 2097; x_wconf 84' lang='lat' dir='ltr'><strong>tur.</strong></span> <span class='ocrx_word' id='word_1_254' title='bbox 609 2041 789 2096; x_wconf 85' lang='lat' dir='ltr'><strong>Ibioue</strong></span> <span class='ocrx_word' id='word_1_255' title='bbox 836 2039 1191 2093; x_wconf 73' lang='lat' dir='ltr'><strong>Bruuiehildis</strong></span> <span class='ocrx_word' id='word_1_256' title='bbox 1236 2040 1418 2109; x_wconf 85' lang='lat' dir='ltr'><strong>regina</strong></span> <span class='ocrx_word' id='word_1_257' title='bbox 1470 2053 1566 2107; x_wconf 88' lang='lat' dir='ltr'><strong>pro</strong></span> <span class='ocrx_word' id='word_1_258' title='bbox 1620 2036 1855 2105; x_wconf 88' lang='lat' dir='ltr'><strong>lngunde</strong></span> <span class='ocrx_word' id='word_1_259' title='bbox 1908 2035 2038 2101; x_wconf 74' lang='lat' dir='ltr'><strong>filia,</strong></span> 
     </span>
    </p>
   </div>
   <div class='ocr_carea' id='block_1_35' title="bbox 408 2127 2043 2204">
    <p class='ocr_par' dir='ltr' id='par_1_35' title="bbox 408 2127 2043 2204">
     <span class='ocr_line' id='line_1_35' title="bbox 408 2127 2043 2204; baseline -0.004 -17"><span class='ocrx_word' id='word_1_260' title='bbox 408 2163 424 2187; x_wconf 84' lang='lat'><strong>.</strong></span> <span class='ocrx_word' id='word_1_261' title='bbox 457 2149 577 2204; x_wconf 73' lang='lat' dir='ltr'><strong>qua:</strong></span> <span class='ocrx_word' id='word_1_262' title='bbox 607 2134 782 2188; x_wconf 89' lang='lat' dir='ltr'><strong>adhuc</strong></span> <span class='ocrx_word' id='word_1_263' title='bbox 810 2135 862 2187; x_wconf 91' lang='lat' dir='ltr'><strong>in</strong></span> <span class='ocrx_word' id='word_1_264' title='bbox 898 2134 1073 2186; x_wconf 78' lang='lat' dir='ltr'><strong>Africa</strong></span> <span class='ocrx_word' id='word_1_265' title='bbox 1095 2133 1400 2196; x_wconf 75' lang='lat' dir='ltr'><strong>tenebatur,</strong></span> <span class='ocrx_word' id='word_1_266' title='bbox 1428 2129 1593 2201; x_wconf 59' lang='lat'><strong>395.</strong></span> <span class='ocrx_word' id='word_1_267' title='bbox 1620 2128 1867 2184; x_wconf 89' lang='lat' dir='ltr'><strong>omnibus</strong></span> <span class='ocrx_word' id='word_1_268' title='bbox 1898 2127 2043 2197; x_wconf 86' lang='lat' dir='ltr'><strong>prio-</strong></span> 
     </span>
    </p>
   </div>
   <div class='ocr_carea' id='block_1_36' title="bbox 458 2214 2039 2294">
    <p class='ocr_par' dir='ltr' id='par_1_36' title="bbox 458 2214 2039 2294">
     <span class='ocr_line' id='line_1_36' title="bbox 458 2214 2039 2294; baseline -0.006 -13"><span class='ocrx_word' id='word_1_269' title='bbox 458 2227 608 2281; x_wconf 89' lang='lat' dir='ltr'><strong>ribus</strong></span> <span class='ocrx_word' id='word_1_270' title='bbox 634 2234 820 2294; x_wconf 90' lang='lat' dir='ltr'><strong>questa</strong></span> <span class='ocrx_word' id='word_1_271' title='bbox 840 2214 930 2278; x_wconf 83' lang='lat' dir='ltr'><strong>est</strong></span> <span class='ocrx_word' id='word_1_272' title='bbox 965 2241 978 2277; x_wconf 87' lang='lat'><strong>:</strong></span> <span class='ocrx_word' id='word_1_273' title='bbox 1012 2224 1105 2279; x_wconf 91' lang='lat' dir='ltr'><strong>sed</strong></span> <span class='ocrx_word' id='word_1_274' title='bbox 1141 2237 1327 2292; x_wconf 88' lang='lat' dir='ltr'><strong>parum</strong></span> <span class='ocrx_word' id='word_1_275' title='bbox 1358 2219 1744 2276; x_wconf 87' lang='lat' dir='ltr'><strong>consolationis</strong></span> <span class='ocrx_word' id='word_1_276' title='bbox 1788 2218 2039 2273; x_wconf 87' lang='lat' dir='ltr'><strong>emeruit.</strong></span> 
     </span>
    </p>
   </div>
   <div class='ocr_carea' id='block_1_37' title="bbox 458 2310 2043 2372">
    <p class='ocr_par' dir='ltr' id='par_1_37' title="bbox 458 2310 2043 2372">
     <span class='ocr_line' id='line_1_37' title="bbox 458 2310 2043 2372; baseline -0.006 0"><span class='ocrx_word' id='word_1_277' title='bbox 458 2318 610 2372; x_wconf 90' lang='lat' dir='ltr'><strong>Tunc</strong></span> <span class='ocrx_word' id='word_1_278' title='bbox 639 2326 824 2372; x_wconf 86' lang='lat' dir='ltr'><strong>contra</strong></span> <span class='ocrx_word' id='word_1_279' title='bbox 866 2316 1128 2371; x_wconf 86' lang='lat' dir='ltr'><strong>Bosonem</strong></span> <span class='ocrx_word' id='word_1_280' title='bbox 1170 2314 1633 2369; x_wconf 85' lang='lat' dir='ltr'><strong>Guulchramnttm</strong></span> <span class='ocrx_word' id='word_1_281' title='bbox 1662 2326 1825 2366; x_wconf 86' lang='lat' dir='ltr'><strong>causa</strong></span> <span class='ocrx_word' id='word_1_282' title='bbox 1853 2310 2043 2364; x_wconf 81' lang='lat' dir='ltr'><strong>exori-</strong></span> 
     </span>
    </p>
   </div>
   <div class='ocr_carea' id='block_1_38' title="bbox 462 2403 2048 2477">
    <p class='ocr_par' dir='ltr' id='par_1_38' title="bbox 462 2403 2048 2477">
     <span class='ocr_line' id='line_1_38' title="bbox 462 2403 2048 2477; baseline -0.008 -15"><span class='ocrx_word' id='word_1_283' title='bbox 462 2419 570 2463; x_wconf 88' lang='lat' dir='ltr'><strong>tur.</strong></span> <span class='ocrx_word' id='word_1_284' title='bbox 617 2413 753 2463; x_wconf 78' lang='lat' dir='ltr'><strong>Ante</strong></span> <span class='ocrx_word' id='word_1_285' title='bbox 780 2423 975 2477; x_wconf 88' lang='lat' dir='ltr'><strong>paucos</strong></span> <span class='ocrx_word' id='word_1_286' title='bbox 1000 2416 1176 2461; x_wconf 87' lang='lat' dir='ltr'><strong>autem</strong></span> <span class='ocrx_word' id='word_1_287' title='bbox 1205 2405 1323 2460; x_wconf 90' lang='lat' dir='ltr'><strong>dies</strong></span> <span class='ocrx_word' id='word_1_288' title='bbox 1348 2412 1555 2459; x_wconf 83' lang='lat' dir='ltr'><strong>mortua</strong></span> <span class='ocrx_word' id='word_1_289' title='bbox 1589 2403 1888 2473; x_wconf 87' lang='lat' dir='ltr'><strong>propinqua</strong></span> <span class='ocrx_word' id='word_1_290' title='bbox 1916 2417 2048 2454; x_wconf 76' lang='lat' dir='ltr'><strong>uxo-</strong></span> 
     </span>
    </p>
   </div>
   <div class='ocr_carea' id='block_1_39' title="bbox 462 2490 2047 2569">
    <p class='ocr_par' dir='ltr' id='par_1_39' title="bbox 462 2490 2047 2569">
     <span class='ocr_line' id='line_1_39' title="bbox 462 2490 2047 2569; baseline -0.004 -15"><span class='ocrx_word' id='word_1_291' title='bbox 462 2490 540 2554; x_wconf 84' lang='lat' dir='ltr'><strong>ris</strong></span> <span class='ocrx_word' id='word_1_292' title='bbox 570 2498 687 2569; x_wconf 85' lang='lat' dir='ltr'><strong>ejus</strong></span> <span class='ocrx_word' id='word_1_293' title='bbox 713 2501 831 2553; x_wconf 91' lang='lat' dir='ltr'><strong>sine</strong></span> <span class='ocrx_word' id='word_1_294' title='bbox 859 2498 998 2563; x_wconf 82' lang='lat' dir='ltr'><strong>filiis,</strong></span> <span class='ocrx_word' id='word_1_295' title='bbox 1030 2498 1085 2551; x_wconf 91' lang='lat' dir='ltr'><strong>in</strong></span> <span class='ocrx_word' id='word_1_296' title='bbox 1108 2496 1327 2552; x_wconf 88' lang='lat' dir='ltr'><strong>basilica</strong></span> <span class='ocrx_word' id='word_1_297' title='bbox 1360 2497 1508 2551; x_wconf 86' lang='lat' dir='ltr'><strong>urbis</strong></span> <span class='ocrx_word' id='word_1_298' title='bbox 1539 2495 1814 2550; x_wconf 85' lang='lat' dir='ltr'><strong>Mettensis</strong></span> <span class='ocrx_word' id='word_1_299' title='bbox 1840 2493 2047 2562; x_wconf 89' lang='lat' dir='ltr'><strong>sepulta</strong></span> 
     </span>
    </p>
   </div>
   <div class='ocr_carea' id='block_1_40' title="bbox 463 2584 2048 2660">
    <p class='ocr_par' dir='ltr' id='par_1_40' title="bbox 463 2584 2048 2660">
     <span class='ocr_line' id='line_1_40' title="bbox 463 2584 2048 2660; baseline -0.005 -15"><span class='ocrx_word' id='word_1_300' title='bbox 463 2600 547 2645; x_wconf 83' lang='lat' dir='ltr'><strong>est</strong></span> <span class='ocrx_word' id='word_1_301' title='bbox 574 2604 693 2645; x_wconf 90' lang='lat' dir='ltr'><strong>cum</strong></span> <span class='ocrx_word' id='word_1_302' title='bbox 723 2588 1015 2660; x_wconf 84' lang='lat' dir='ltr'><strong>grandibus</strong></span> <span class='ocrx_word' id='word_1_303' title='bbox 1029 2587 1361 2642; x_wconf 67' lang='lat' dir='ltr'><strong>ornamentis</strong></span> <span class='ocrx_word' id='word_1_304' title='bbox 1384 2597 1438 2642; x_wconf 93' lang='lat' dir='ltr'><strong>et</strong></span> <span class='ocrx_word' id='word_1_305' title='bbox 1468 2586 1638 2641; x_wconf 91' lang='lat' dir='ltr'><strong>multo</strong></span> <span class='ocrx_word' id='word_1_306' title='bbox 1659 2600 1813 2640; x_wconf 92' lang='lat' dir='ltr'><strong>auro.</strong></span> <span class='ocrx_word' id='word_1_307' title='bbox 1832 2584 2048 2639; x_wconf 84' lang='lat' dir='ltr'><strong>Factum</strong></span> 
     </span>
    </p>
   </div>
   <div class='ocr_carea' id='block_1_41' title="bbox 464 2677 2052 2749">
    <p class='ocr_par' dir='ltr' id='par_1_41' title="bbox 464 2677 2052 2749">
     <span class='ocr_line' id='line_1_41' title="bbox 464 2677 2052 2749; baseline -0.004 -12"><span class='ocrx_word' id='word_1_308' title='bbox 464 2691 551 2738; x_wconf 85' lang='lat' dir='ltr'><strong>est</strong></span> <span class='ocrx_word' id='word_1_309' title='bbox 619 2691 819 2746; x_wconf 89' lang='lat' dir='ltr'><strong>autem,</strong></span> <span class='ocrx_word' id='word_1_310' title='bbox 858 2687 916 2734; x_wconf 89' lang='lat' dir='ltr'><strong>ut</strong></span> <span class='ocrx_word' id='word_1_311' title='bbox 958 2692 1074 2749; x_wconf 89' lang='lat' dir='ltr'><strong>post</strong></span> <span class='ocrx_word' id='word_1_312' title='bbox 1110 2680 1227 2734; x_wconf 90' lang='lat' dir='ltr'><strong>dies</strong></span> <span class='ocrx_word' id='word_1_313' title='bbox 1272 2692 1473 2749; x_wconf 89' lang='lat' dir='ltr'><strong>paucos</strong></span> <span class='ocrx_word' id='word_1_314' title='bbox 1516 2679 1733 2733; x_wconf 88' lang='lat' dir='ltr'><strong>adesset</strong></span> <span class='ocrx_word' id='word_1_315' title='bbox 1784 2677 2052 2732; x_wconf 86' lang='lat' dir='ltr'><strong>festivitas</strong></span> 
     </span>
    </p>
   </div>
   <div class='ocr_carea' id='block_1_42' title="bbox 471 2760 2055 2840">
    <p class='ocr_par' dir='ltr' id='par_1_42' title="bbox 471 2760 2055 2840">
     <span class='ocr_line' id='line_1_42' title="bbox 471 2760 2055 2840; baseline -0.004 -13"><span class='ocrx_word' id='word_1_316' title='bbox 471 2772 611 2827; x_wconf 69' lang='lat' dir='ltr'><strong>lr-ati</strong></span> <span class='ocrx_word' id='word_1_317' title='bbox 638 2769 863 2838; x_wconf 72' lang='lat' dir='ltr'><strong>Remigii</strong></span> <span class='ocrx_word' id='word_1_318' title='bbox 902 2781 924 2809; x_wconf 74' lang='grc' dir='ltr'><strong><em>ο</em></strong></span> <span class='ocrx_word' id='word_1_319' title='bbox 952 2810 966 2836; x_wconf 86' lang='grc'><em>,</em></span> <span class='ocrx_word' id='word_1_320' title='bbox 998 2786 1117 2840; x_wconf 68' lang='lat' dir='ltr'><strong>quae</strong></span> <span class='ocrx_word' id='word_1_321' title='bbox 1146 2772 1196 2823; x_wconf 92' lang='lat' dir='ltr'><strong>in</strong></span> <span class='ocrx_word' id='word_1_322' title='bbox 1228 2760 1381 2824; x_wconf 86' lang='lat' dir='ltr'><strong>initio</strong></span> <span class='ocrx_word' id='word_1_323' title='bbox 1412 2769 1610 2825; x_wconf 84' lang='lat' dir='ltr'><strong>mensis</strong></span> <span class='ocrx_word' id='word_1_324' title='bbox 1633 2767 1883 2824; x_wconf 83' lang='lat' dir='ltr'><strong>Octobris</strong></span> <span class='ocrx_word' id='word_1_325' title='bbox 1911 2766 2055 2822; x_wconf 84' lang='lat' dir='ltr'><strong>cele-</strong></span> 
     </span>
    </p>
   </div>
   <div class='ocr_carea' id='block_1_43' title="bbox 470 2859 2053 2925">
    <p class='ocr_par' dir='ltr' id='par_1_43' title="bbox 470 2859 2053 2925">
     <span class='ocr_line' id='line_1_43' title="bbox 470 2859 2053 2925; baseline -0.003 -8"><span class='ocrx_word' id='word_1_326' title='bbox 470 2862 675 2917; x_wconf 88' lang='lat' dir='ltr'><strong>bratur.</strong></span> <span class='ocrx_word' id='word_1_327' title='bbox 721 2862 1129 2925; x_wconf 77' lang='lat' dir='ltr'><strong>Discedentibus</strong></span> <span class='ocrx_word' id='word_1_328' title='bbox 1154 2861 1178 2897; x_wconf 74' lang='grc' dir='ltr'>ά</span> <span class='ocrx_word' id='word_1_329' title='bbox 1204 2873 1382 2916; x_wconf 90' lang='lat' dir='ltr'><strong>autem</strong></span> <span class='ocrx_word' id='word_1_330' title='bbox 1427 2861 1608 2914; x_wconf 90' lang='lat' dir='ltr'><strong>multis</strong></span> <span class='ocrx_word' id='word_1_331' title='bbox 1635 2875 1666 2915; x_wconf 91' lang='lat' dir='ltr'><strong>e</strong></span> <span class='ocrx_word' id='word_1_332' title='bbox 1694 2859 1907 2915; x_wconf 85' lang='lat' dir='ltr'><strong>civitate</strong></span> <span class='ocrx_word' id='word_1_333' title='bbox 1932 2872 2053 2913; x_wconf 86' lang='lat' dir='ltr'><strong>cum</strong></span> 
     </span>
    </p>
   </div>
   <div class='ocr_carea' id='block_1_44' title="bbox 470 2950 2052 3025">
    <p class='ocr_par' dir='ltr' id='par_1_44' title="bbox 470 2950 2052 3025">
     <span class='ocr_line' id='line_1_44' title="bbox 470 2950 2052 3025; baseline -0.004 -16"><span class='ocrx_word' id='word_1_334' title='bbox 470 2956 744 3025; x_wconf 69' lang='lat' dir='ltr'><strong>episcopo,</strong></span> <span class='ocrx_word' id='word_1_335' title='bbox 788 2962 843 3010; x_wconf 91' lang='lat' dir='ltr'><strong>et</strong></span> <span class='ocrx_word' id='word_1_336' title='bbox 874 2954 1171 3023; x_wconf 68' lang='lat' dir='ltr'><strong>prmsertim</strong></span> <span class='ocrx_word' id='word_1_337' title='bbox 1219 2952 1520 3007; x_wconf 88' lang='lat' dir='ltr'><strong>senioribus</strong></span> <span class='ocrx_word' id='word_1_338' title='bbox 1565 2951 1709 3006; x_wconf 90' lang='lat' dir='ltr'><strong>urbis</strong></span> <span class='ocrx_word' id='word_1_339' title='bbox 1738 2966 1858 3005; x_wconf 92' lang='lat' dir='ltr'><strong>cum</strong></span> <span class='ocrx_word' id='word_1_340' title='bbox 1897 2950 2052 3016; x_wconf 89' lang='lat' dir='ltr'><strong>duce,</strong></span> 
     </span>
    </p>
   </div>
   <div class='ocr_carea' id='block_1_45' title="bbox 472 3042 2054 3116">
    <p class='ocr_par' dir='ltr' id='par_1_45' title="bbox 472 3042 2054 3116">
     <span class='ocr_line' id='line_1_45' title="bbox 472 3042 2054 3116; baseline -0.005 -15"><span class='ocrx_word' id='word_1_341' title='bbox 472 3055 741 3102; x_wconf 87' lang='lat' dir='ltr'><strong>venerunt</strong></span> <span class='ocrx_word' id='word_1_342' title='bbox 766 3046 915 3116; x_wconf 89' lang='lat' dir='ltr'><strong>pueri</strong></span> <span class='ocrx_word' id='word_1_343' title='bbox 968 3045 1192 3100; x_wconf 74' lang='lat' dir='ltr'><strong>Bosdnis</strong></span> <span class='ocrx_word' id='word_1_344' title='bbox 1224 3044 1610 3100; x_wconf 87' lang='lat' dir='ltr'><strong>Guntchramni</strong></span> <span class='ocrx_word' id='word_1_345' title='bbox 1652 3042 1718 3097; x_wconf 90' lang='lat' dir='ltr'><strong>ad</strong></span> <span class='ocrx_word' id='word_1_346' title='bbox 1758 3042 2054 3108; x_wconf 87' lang='lat' dir='ltr'><strong>basilicam,</strong></span> 
     </span>
    </p>
   </div>
   <div class='ocr_carea' id='block_1_46' title="bbox 474 3138 2059 3213">
    <p class='ocr_par' dir='ltr' id='par_1_46' title="bbox 474 3138 2059 3213">
     <span class='ocr_line' id='line_1_46' title="bbox 474 3138 2059 3213; baseline -0.006 -14"><span class='ocrx_word' id='word_1_347' title='bbox 474 3145 528 3199; x_wconf 91' lang='lat' dir='ltr'><strong>in</strong></span> <span class='ocrx_word' id='word_1_348' title='bbox 559 3159 658 3213; x_wconf 89' lang='lat' dir='ltr'><strong>qua</strong></span> <span class='ocrx_word' id='word_1_349' title='bbox 690 3144 888 3198; x_wconf 88' lang='lat' dir='ltr'><strong>mulier</strong></span> <span class='ocrx_word' id='word_1_350' title='bbox 916 3153 1030 3196; x_wconf 88' lang='lat' dir='ltr'><strong>erat</strong></span> <span class='ocrx_word' id='word_1_351' title='bbox 1061 3143 1291 3211; x_wconf 89' lang='lat' dir='ltr'><strong>sepulta.</strong></span> <span class='ocrx_word' id='word_1_352' title='bbox 1320 3141 1574 3211; x_wconf 87' lang='lat' dir='ltr'><strong>Ingressi,</strong></span> <span class='ocrx_word' id='word_1_353' title='bbox 1597 3138 1866 3193; x_wconf 82' lang='lat' dir='ltr'><strong>conclusis</strong></span> <span class='ocrx_word' id='word_1_354' title='bbox 1895 3151 2059 3205; x_wconf 85' lang='lat' dir='ltr'><strong>super</strong></span> 
     </span>
    </p>
   </div>
   <div class='ocr_carea' id='block_1_47' title="bbox 2140 1928 3697 2023">
    <p class='ocr_par' dir='ltr' id='par_1_47' title="bbox 2140 1928 3697 2023">
     <span class='ocr_line' id='line_1_47' title="bbox 2140 1928 3697 2023; baseline -0.019 -16"><span class='ocrx_word' id='word_1_355' title='bbox 2140 1950 2527 2023; x_wconf 66' lang='lat' dir='ltr'><strong>praeceptione,</strong></span> <span class='ocrx_word' id='word_1_356' title='bbox 2547 1943 2711 2015; x_wconf 82' lang='lat' dir='ltr'><strong>jussit</strong></span> <span class='ocrx_word' id='word_1_357' title='bbox 2737 1938 3141 2008; x_wconf 86' lang='lat' dir='ltr'><strong>Gundegisilum</strong></span> <span class='ocrx_word' id='word_1_358' title='bbox 3170 1933 3514 1993; x_wconf 89' lang='lat' dir='ltr'><strong>Santonicum</strong></span> <span class='ocrx_word' id='word_1_359' title='bbox 3545 1928 3697 1983; x_wconf 86' lang='lat' dir='ltr'><strong>comi-</strong></span> 
     </span>
    </p>
   </div>
   <div class='ocr_carea' id='block_1_48' title="bbox 2143 2019 3696 2109">
    <p class='ocr_par' dir='ltr' id='par_1_48' title="bbox 2143 2019 3696 2109">
     <span class='ocr_line' id='line_1_48' title="bbox 2143 2019 3696 2109; baseline -0.016 -12"><span class='ocrx_word' id='word_1_360' title='bbox 2143 2019 2273 2109; x_wconf 79' lang='lat' dir='ltr'><strong>tem,</strong></span> <span class='ocrx_word' id='word_1_361' title='bbox 2332 2042 2693 2107; x_wconf 86' lang='lat' dir='ltr'><strong>cognomento</strong></span> <span class='ocrx_word' id='word_1_362' title='bbox 2742 2030 3041 2093; x_wconf 86' lang='lat' dir='ltr'><strong>Dodonem,</strong></span> <span class='ocrx_word' id='word_1_363' title='bbox 3081 2027 3394 2098; x_wconf 78' lang='lat' dir='ltr'><strong>episcopum</strong></span> <span class='ocrx_word' id='word_1_364' title='bbox 3441 2019 3696 2077; x_wconf 87' lang='lat' dir='ltr'><strong>ordinari:</strong></span> 
     </span>
    </p>
   </div>
   <div class='ocr_carea' id='block_1_49' title="bbox 2141 2112 3700 2204">
    <p class='ocr_par' dir='ltr' id='par_1_49' title="bbox 2141 2112 3700 2204">
     <span class='ocr_line' id='line_1_49' title="bbox 2141 2112 3700 2204; baseline -0.015 -16"><span class='ocrx_word' id='word_1_365' title='bbox 2141 2143 2461 2204; x_wconf 73' lang='lat' dir='ltr'><strong>gestumque</strong></span> <span class='ocrx_word' id='word_1_366' title='bbox 2497 2136 2580 2183; x_wconf 88' lang='lat' dir='ltr'><strong>est</strong></span> <span class='ocrx_word' id='word_1_367' title='bbox 2610 2126 2704 2180; x_wconf 90' lang='lat' dir='ltr'><strong>ita.</strong></span> <span class='ocrx_word' id='word_1_368' title='bbox 2747 2122 2958 2192; x_wconf 83' lang='lat' dir='ltr'><strong>thuia</strong></span> <span class='ocrx_word' id='word_1_369' title='bbox 3000 2119 3153 2174; x_wconf 90' lang='lat' dir='ltr'><strong>tnulti</strong></span> <span class='ocrx_word' id='word_1_370' title='bbox 3197 2118 3506 2173; x_wconf 90' lang='lat' dir='ltr'><strong>clericorum</strong></span> <span class='ocrx_word' id='word_1_371' title='bbox 3532 2112 3700 2169; x_wconf 86' lang='lat' dir='ltr'><strong>Santo-</strong></span> 
     </span>
    </p>
   </div>
   <div class='ocr_carea' id='block_1_50' title="bbox 2098 2208 3703 2290">
    <p class='ocr_par' dir='ltr' id='par_1_50' title="bbox 2098 2208 3703 2290">
     <span class='ocr_line' id='line_1_50' title="bbox 2098 2208 3703 2290; baseline -0.018 -5"><span class='ocrx_word' id='word_1_372' title='bbox 2098 2247 2101 2250; x_wconf 61' lang='lat'><em>‘</em></span> <span class='ocrx_word' id='word_1_373' title='bbox 2145 2226 2391 2284; x_wconf 87' lang='lat' dir='ltr'><strong>nieorum</strong></span> <span class='ocrx_word' id='word_1_374' title='bbox 2435 2231 2559 2276; x_wconf 87' lang='lat' dir='ltr'><strong>ante</strong></span> <span class='ocrx_word' id='word_1_375' title='bbox 2599 2217 2862 2290; x_wconf 82' lang='lat' dir='ltr'><strong>synodum</strong></span> <span class='ocrx_word' id='word_1_376' title='bbox 2904 2214 3306 2270; x_wconf 88' lang='lat' dir='ltr'><strong>consentientes</strong></span> <span class='ocrx_word' id='word_1_377' title='bbox 3354 2208 3703 2264; x_wconf 86' lang='lat' dir='ltr'><strong>Bertchramno</strong></span> 
     </span>
    </p>
   </div>
   <div class='ocr_carea' id='block_1_51' title="bbox 2145 2295 3704 2388">
    <p class='ocr_par' dir='ltr' id='par_1_51' title="bbox 2145 2295 3704 2388">
     <span class='ocr_line' id='line_1_51' title="bbox 2145 2295 3704 2388; baseline -0.017 -14"><span class='ocrx_word' id='word_1_378' title='bbox 2145 2319 2421 2388; x_wconf 89' lang='lat' dir='ltr'><strong>episcopo,</strong></span> <span class='ocrx_word' id='word_1_379' title='bbox 2454 2315 2508 2368; x_wconf 92' lang='lat' dir='ltr'><strong>in</strong></span> <span class='ocrx_word' id='word_1_380' title='bbox 2547 2309 2843 2366; x_wconf 85' lang='lat' dir='ltr'><strong>Palladium</strong></span> <span class='ocrx_word' id='word_1_381' title='bbox 2878 2304 3215 2361; x_wconf 82' lang='lat' dir='ltr'><strong>sacerdotem</strong></span> <span class='ocrx_word' id='word_1_382' title='bbox 3249 2317 3403 2357; x_wconf 89' lang='lat' dir='ltr'><strong>suum</strong></span> <span class='ocrx_word' id='word_1_383' title='bbox 3432 2299 3596 2368; x_wconf 88' lang='lat' dir='ltr'><strong>aliqua</strong></span> <span class='ocrx_word' id='word_1_384' title='bbox 3624 2295 3704 2348; x_wconf 58' lang='lat' dir='ltr'><strong>ad.</strong></span> 
     </span>
    </p>
   </div>
   <div class='ocr_carea' id='block_1_52' title="bbox 2146 2390 3710 2472">
    <p class='ocr_par' dir='ltr' id='par_1_52' title="bbox 2146 2390 3710 2472">
     <span class='ocr_line' id='line_1_52' title="bbox 2146 2390 3710 2472; baseline -0.014 -10"><span class='ocrx_word' id='word_1_385' title='bbox 2146 2423 2303 2464; x_wconf 86' lang='lat' dir='ltr'><strong>versa</strong></span> <span class='ocrx_word' id='word_1_386' title='bbox 2338 2402 2793 2472; x_wconf 84' lang='lat' dir='ltr'><strong>conscripserant,</strong></span> <span class='ocrx_word' id='word_1_387' title='bbox 2852 2414 2971 2469; x_wconf 79' lang='lat' dir='ltr'><strong>qua:</strong></span> <span class='ocrx_word' id='word_1_388' title='bbox 3019 2398 3068 2451; x_wconf 92' lang='lat' dir='ltr'><strong>ei</strong></span> <span class='ocrx_word' id='word_1_389' title='bbox 3117 2394 3473 2449; x_wconf 88' lang='lat' dir='ltr'><strong>humilitatem</strong></span> <span class='ocrx_word' id='word_1_390' title='bbox 3520 2390 3710 2458; x_wconf 77' lang='lat' dir='ltr'><strong>ingere-</strong></span> 
     </span>
    </p>
   </div>
   <div class='ocr_carea' id='block_1_53' title="bbox 2149 2481 3711 2566">
    <p class='ocr_par' dir='ltr' id='par_1_53' title="bbox 2149 2481 3711 2566">
     <span class='ocr_line' id='line_1_53' title="bbox 2149 2481 3711 2566; baseline -0.016 -13"><span class='ocrx_word' id='word_1_391' title='bbox 2149 2506 2290 2561; x_wconf 86' lang='lat' dir='ltr'><strong>rent,</strong></span> <span class='ocrx_word' id='word_1_392' title='bbox 2325 2504 2447 2566; x_wconf 92' lang='lat' dir='ltr'><strong>post</strong></span> <span class='ocrx_word' id='word_1_393' title='bbox 2477 2493 2594 2564; x_wconf 84' lang='lat' dir='ltr'><strong>ejus</strong></span> <span class='ocrx_word' id='word_1_394' title='bbox 2623 2491 2830 2546; x_wconf 86' lang='lat' dir='ltr'><strong>obitum</strong></span> <span class='ocrx_word' id='word_1_395' title='bbox 2860 2485 3186 2557; x_wconf 86' lang='lat' dir='ltr'><strong>apprehensi</strong></span> <span class='ocrx_word' id='word_1_396' title='bbox 3213 2499 3256 2538; x_wconf 63' lang='grc' dir='ltr'><strong>τι</strong></span> <span class='ocrx_word' id='word_1_397' title='bbox 3286 2481 3575 2545; x_wconf 89' lang='lat' dir='ltr'><strong>sacerdote,</strong></span> <span class='ocrx_word' id='word_1_398' title='bbox 3604 2493 3711 2548; x_wconf 83' lang='lat' dir='ltr'><strong>gra-</strong></span> 
     </span>
    </p>
   </div>
   <div class='ocr_carea' id='block_1_54' title="bbox 2150 2574 3712 2653">
    <p class='ocr_par' dir='ltr' id='par_1_54' title="bbox 2150 2574 3712 2653">
     <span class='ocr_line' id='line_1_54' title="bbox 2150 2574 3712 2653; baseline -0.015 -10"><span class='ocrx_word' id='word_1_399' title='bbox 2150 2589 2289 2644; x_wconf 90' lang='lat' dir='ltr'><strong>viter</strong></span> <span class='ocrx_word' id='word_1_400' title='bbox 2339 2584 2466 2641; x_wconf 69' lang='lat' dir='ltr'><strong>caesi</strong></span> <span class='ocrx_word' id='word_1_401' title='bbox 2494 2593 2655 2653; x_wconf 88' lang='lat' dir='ltr'><strong>atque</strong></span> <span class='ocrx_word' id='word_1_402' title='bbox 2704 2579 2985 2649; x_wconf 68' lang='lat' dir='ltr'><strong>exspoliati</strong></span> <span class='ocrx_word' id='word_1_403' title='bbox 3033 2587 3176 2631; x_wconf 91' lang='lat' dir='ltr'><strong>sunt.</strong></span> <span class='ocrx_word' id='word_1_404' title='bbox 3231 2576 3353 2630; x_wconf 91' lang='lat' dir='ltr'><strong>lloc</strong></span> <span class='ocrx_word' id='word_1_405' title='bbox 3401 2582 3624 2640; x_wconf 86' lang='lat' dir='ltr'><strong>tempore</strong></span> <span class='ocrx_word' id='word_1_406' title='bbox 3668 2574 3712 2620; x_wconf 86' lang='lat' dir='ltr'><strong>et</strong></span> 
     </span>
    </p>
   </div>
   <div class='ocr_carea' id='block_1_55' title="bbox 2152 2658 3713 2739">
    <p class='ocr_par' dir='ltr' id='par_1_55' title="bbox 2152 2658 3713 2739">
     <span class='ocr_line' id='line_1_55' title="bbox 2152 2658 3713 2739; baseline -0.015 -4"><span class='ocrx_word' id='word_1_407' title='bbox 2152 2678 2538 2739; x_wconf 84' lang='lat' dir='ltr'><strong>Wandelinus,</strong></span> <span class='ocrx_word' id='word_1_408' title='bbox 2584 2674 2815 2728; x_wconf 86' lang='lat' dir='ltr'><strong>nutritor</strong></span> <span class='ocrx_word' id='word_1_409' title='bbox 2863 2668 3196 2725; x_wconf 88' lang='lat' dir='ltr'><strong>Childeberti</strong></span> <span class='ocrx_word' id='word_1_410' title='bbox 3266 2660 3426 2736; x_wconf 80' lang='lat' dir='ltr'><strong>regis,</strong></span> <span class='ocrx_word' id='word_1_411' title='bbox 3457 2658 3713 2726; x_wconf 88' lang='lat' dir='ltr'><strong>obiit;sed</strong></span> 
     </span>
    </p>
   </div>
   <div class='ocr_carea' id='block_1_56' title="bbox 2156 2752 3714 2836">
    <p class='ocr_par' dir='ltr' id='par_1_56' title="bbox 2156 2752 3714 2836">
     <span class='ocr_line' id='line_1_56' title="bbox 2156 2752 3714 2836; baseline -0.013 -11"><span class='ocrx_word' id='word_1_412' title='bbox 2156 2771 2209 2825; x_wconf 89' lang='lat' dir='ltr'><strong>in</strong></span> <span class='ocrx_word' id='word_1_413' title='bbox 2242 2773 2415 2824; x_wconf 86' lang='lat' dir='ltr'><strong>locum</strong></span> <span class='ocrx_word' id='word_1_414' title='bbox 2444 2767 2561 2836; x_wconf 86' lang='lat' dir='ltr'><strong>ejus</strong></span> <span class='ocrx_word' id='word_1_415' title='bbox 2590 2765 2766 2819; x_wconf 87' lang='lat' dir='ltr'><strong>nullus</strong></span> <span class='ocrx_word' id='word_1_416' title='bbox 2796 2772 2879 2818; x_wconf 92' lang='lat' dir='ltr'><strong>est</strong></span> <span class='ocrx_word' id='word_1_417' title='bbox 2911 2762 3271 2829; x_wconf 76' lang='lat' dir='ltr'><strong>subrogatus,</strong></span> <span class='ocrx_word' id='word_1_418' title='bbox 3303 2773 3368 2813; x_wconf 92' lang='lat' dir='ltr'><strong>eo</strong></span> <span class='ocrx_word' id='word_1_419' title='bbox 3396 2754 3528 2827; x_wconf 90' lang='lat' dir='ltr'><strong>quod</strong></span> <span class='ocrx_word' id='word_1_420' title='bbox 3558 2752 3714 2821; x_wconf 79' lang='lat' dir='ltr'><strong>regina</strong></span> 
     </span>
    </p>
   </div>
   <div class='ocr_carea' id='block_1_57' title="bbox 2157 2844 3715 2926">
    <p class='ocr_par' dir='ltr' id='par_1_57' title="bbox 2157 2844 3715 2926">
     <span class='ocr_line' id='line_1_57' title="bbox 2157 2844 3715 2926; baseline -0.015 -8"><span class='ocrx_word' id='word_1_421' title='bbox 2157 2870 2328 2918; x_wconf 89' lang='lat' dir='ltr'><strong>mater</strong></span> <span class='ocrx_word' id='word_1_422' title='bbox 2364 2874 2549 2915; x_wconf 90' lang='lat' dir='ltr'><strong>curam</strong></span> <span class='ocrx_word' id='word_1_423' title='bbox 2589 2857 2717 2913; x_wconf 85' lang='lat' dir='ltr'><strong>velit</strong></span> <span class='ocrx_word' id='word_1_424' title='bbox 2756 2855 3030 2926; x_wconf 87' lang='lat' dir='ltr'><strong>propriam</strong></span> <span class='ocrx_word' id='word_1_425' title='bbox 3068 2850 3283 2906; x_wconf 76' lang='lat' dir='ltr'><strong>habere</strong></span> <span class='ocrx_word' id='word_1_426' title='bbox 3325 2849 3391 2904; x_wconf 89' lang='lat' dir='ltr'><strong>de</strong></span> <span class='ocrx_word' id='word_1_427' title='bbox 3430 2846 3550 2901; x_wconf 82' lang='lat' dir='ltr'><strong>lilio.</strong></span> <span class='ocrx_word' id='word_1_428' title='bbox 3583 2844 3715 2911; x_wconf 66' lang='lat' dir='ltr'><strong>Qum-</strong></span> 
     </span>
    </p>
   </div>
   <div class='ocr_carea' id='block_1_58' title="bbox 2157 2937 3714 3024">
    <p class='ocr_par' dir='ltr' id='par_1_58' title="bbox 2157 2937 3714 3024">
     <span class='ocr_line' id='line_1_58' title="bbox 2157 2937 3714 3024; baseline -0.015 -14"><span class='ocrx_word' id='word_1_429' title='bbox 2157 2968 2369 3024; x_wconf 91' lang='lat' dir='ltr'><strong>eunque</strong></span> <span class='ocrx_word' id='word_1_430' title='bbox 2413 2952 2483 3005; x_wconf 88' lang='lat' dir='ltr'><strong>de</strong></span> <span class='ocrx_word' id='word_1_431' title='bbox 2537 2950 2666 3003; x_wconf 79' lang='lat' dir='ltr'><strong>fisco</strong></span> <span class='ocrx_word' id='word_1_432' title='bbox 2718 2947 2933 3009; x_wconf 88' lang='lat' dir='ltr'><strong>meruit,</strong></span> <span class='ocrx_word' id='word_1_433' title='bbox 2983 2942 3096 2998; x_wconf 84' lang='lat' dir='ltr'><strong>tisei</strong></span> <span class='ocrx_word' id='word_1_434' title='bbox 3135 2943 3357 3012; x_wconf 88' lang='lat' dir='ltr'><strong>jurihus</strong></span> <span class='ocrx_word' id='word_1_435' title='bbox 3402 2948 3517 2994; x_wconf 84' lang='lat' dir='ltr'><strong>sunt</strong></span> <span class='ocrx_word' id='word_1_436' title='bbox 3555 2937 3714 2990; x_wconf 80' lang='lat' dir='ltr'><strong>relata.</strong></span> 
     </span>
    </p>
   </div>
   <div class='ocr_carea' id='block_1_59' title="bbox 2159 3023 3715 3107">
    <p class='ocr_par' dir='ltr' id='par_1_59' title="bbox 2159 3023 3715 3107">
     <span class='ocr_line' id='line_1_59' title="bbox 2159 3023 3715 3107; baseline -0.016 -6"><span class='ocrx_word' id='word_1_437' title='bbox 2159 3023 2302 3102; x_wconf 83' lang='lat' dir='ltr'><strong>Obiit</strong></span> <span class='ocrx_word' id='word_1_438' title='bbox 2326 3046 2406 3097; x_wconf 91' lang='lat' dir='ltr'><strong>his</strong></span> <span class='ocrx_word' id='word_1_439' title='bbox 2427 3042 2613 3097; x_wconf 91' lang='lat' dir='ltr'><strong>diebus</strong></span> <span class='ocrx_word' id='word_1_440' title='bbox 2645 3038 2972 3107; x_wconf 81' lang='lat' dir='ltr'><strong>Bodegisilus</strong></span> <span class='ocrx_word' id='word_1_441' title='bbox 3000 3043 3024 3082; x_wconf 73' lang='grc' dir='ltr'><strong>Β</strong></span> <span class='ocrx_word' id='word_1_442' title='bbox 3046 3035 3150 3088; x_wconf 81' lang='lat' dir='ltr'><strong>dux</strong></span> <span class='ocrx_word' id='word_1_443' title='bbox 3177 3033 3376 3101; x_wconf 88' lang='lat' dir='ltr'><strong>plenus</strong></span> <span class='ocrx_word' id='word_1_444' title='bbox 3398 3031 3610 3090; x_wconf 89' lang='lat' dir='ltr'><strong>dierum,</strong></span> <span class='ocrx_word' id='word_1_445' title='bbox 3635 3023 3715 3078; x_wconf 86' lang='lat' dir='ltr'><strong>sed</strong></span> 
     </span>
    </p>
   </div>
   <div class='ocr_carea' id='block_1_60' title="bbox 2166 3119 3716 3199">
    <p class='ocr_par' dir='ltr' id='par_1_60' title="bbox 2166 3119 3716 3199">
     <span class='ocr_line' id='line_1_60' title="bbox 2166 3119 3716 3199; baseline -0.016 -7"><span class='ocrx_word' id='word_1_446' title='bbox 2166 3136 2302 3192; x_wconf 90' lang='lat' dir='ltr'><strong>nihil</strong></span> <span class='ocrx_word' id='word_1_447' title='bbox 2329 3136 2395 3190; x_wconf 92' lang='lat' dir='ltr'><strong>de</strong></span> <span class='ocrx_word' id='word_1_448' title='bbox 2426 3133 2681 3188; x_wconf 84' lang='lat' dir='ltr'><strong>facultate</strong></span> <span class='ocrx_word' id='word_1_449' title='bbox 2721 3129 2837 3199; x_wconf 92' lang='lat' dir='ltr'><strong>ejus</strong></span> <span class='ocrx_word' id='word_1_450' title='bbox 2872 3128 2996 3182; x_wconf 81' lang='lat' dir='ltr'><strong>filiis</strong></span> <span class='ocrx_word' id='word_1_451' title='bbox 3026 3124 3299 3179; x_wconf 89' lang='lat' dir='ltr'><strong>minutum</strong></span> <span class='ocrx_word' id='word_1_452' title='bbox 3347 3132 3444 3176; x_wconf 81' lang='lat' dir='ltr'><strong>est.</strong></span> <span class='ocrx_word' id='word_1_453' title='bbox 3476 3120 3530 3174; x_wconf 91' lang='lat' dir='ltr'><strong>ln</strong></span> <span class='ocrx_word' id='word_1_454' title='bbox 3568 3119 3716 3171; x_wconf 87' lang='lat' dir='ltr'><strong>locum</strong></span> 
     </span>
    </p>
   </div>
   <div class='ocr_carea' id='block_1_61' title="bbox 474 3205 3719 3304">
    <p class='ocr_par' dir='ltr' id='par_1_61' title="bbox 474 3205 3719 3304">
     <span class='ocr_line' id='line_1_61' title="bbox 474 3205 3719 3304; baseline -0.008 -13"><span class='ocrx_word' id='word_1_455' title='bbox 474 3253 569 3291; x_wconf 88' lang='lat' dir='ltr'><strong>eos</strong></span> <span class='ocrx_word' id='word_1_456' title='bbox 590 3235 765 3301; x_wconf 86' lang='lat' dir='ltr'><strong>ostiis,</strong></span> <span class='ocrx_word' id='word_1_457' title='bbox 810 3237 1133 3291; x_wconf 82' lang='lat' dir='ltr'><strong>detexerunt</strong></span> <span class='ocrx_word' id='word_1_458' title='bbox 1160 3236 1490 3304; x_wconf 88' lang='lat' dir='ltr'><strong>sepulcrum,</strong></span> <span class='ocrx_word' id='word_1_459' title='bbox 1539 3228 1793 3287; x_wconf 84' lang='lat' dir='ltr'><strong>tollentes</strong></span> <span class='ocrx_word' id='word_1_460' title='bbox 1822 3239 1878 3286; x_wconf 90' lang='lat' dir='ltr'><strong>et</strong></span> <span class='ocrx_word' id='word_1_461' title='bbox 1905 3230 2059 3284; x_wconf 82' lang='lat' dir='ltr'><strong>aufe-</strong></span> <span class='ocrx_word' id='word_1_462' title='bbox 2090 3205 2136 3268; x_wconf 67' lang='grc' dir='ltr'><strong>(ἶ</strong></span> <span class='ocrx_word' id='word_1_463' title='bbox 2170 3231 2348 3288; x_wconf 75' lang='lat' dir='ltr'><strong>Fausti</strong></span> <span class='ocrx_word' id='word_1_464' title='bbox 2400 3226 2689 3284; x_wconf 82' lang='lat' dir='ltr'><strong>Anscensis</strong></span> <span class='ocrx_word' id='word_1_465' title='bbox 2741 3219 3001 3292; x_wconf 82' lang='lat' dir='ltr'><strong>episcopi,</strong></span> <span class='ocrx_word' id='word_1_466' title='bbox 3060 3216 3269 3272; x_wconf 82' lang='lat' dir='ltr'><strong>Fabius</strong></span> <span class='ocrx_word' id='word_1_467' title='bbox 3296 3214 3323 3255; x_wconf 77' lang='grc' dir='ltr'><strong>ιι</strong></span> <span class='ocrx_word' id='word_1_468' title='bbox 3349 3217 3610 3285; x_wconf 81' lang='lat' dir='ltr'><strong>episc0pus</strong></span> <span class='ocrx_word' id='word_1_469' title='bbox 3651 3216 3719 3262; x_wconf 77' lang='lat' dir='ltr'><strong>est</strong></span> 
     </span>
    </p>
   </div>
   <div class='ocr_carea' id='block_1_62' title="bbox 478 3324 2063 3396">
    <p class='ocr_par' dir='ltr' id='par_1_62' title="bbox 478 3324 2063 3396">
     <span class='ocr_line' id='line_1_62' title="bbox 478 3324 2063 3396; baseline -0.005 -12"><span class='ocrx_word' id='word_1_470' title='bbox 478 3341 657 3385; x_wconf 90' lang='lat' dir='ltr'><strong>rentes</strong></span> <span class='ocrx_word' id='word_1_471' title='bbox 690 3330 867 3383; x_wconf 88' lang='lat' dir='ltr'><strong>omnia</strong></span> <span class='ocrx_word' id='word_1_472' title='bbox 894 3336 1208 3384; x_wconf 86' lang='lat' dir='ltr'><strong>ornamenta</strong></span> <span class='ocrx_word' id='word_1_473' title='bbox 1256 3327 1497 3396; x_wconf 86' lang='lat' dir='ltr'><strong>corporis</strong></span> <span class='ocrx_word' id='word_1_474' title='bbox 1539 3324 1803 3391; x_wconf 88' lang='lat' dir='ltr'><strong>defuncti,</strong></span> <span class='ocrx_word' id='word_1_475' title='bbox 1834 3339 1951 3393; x_wconf 64' lang='lat' dir='ltr'><strong>quae</strong></span> <span class='ocrx_word' id='word_1_476' title='bbox 1981 3339 2063 3377; x_wconf 88' lang='lat' dir='ltr'><strong>re-</strong></span> 
     </span>
    </p>
   </div>
   <div class='ocr_carea' id='block_1_63' title="bbox 479 3413 2063 3491">
    <p class='ocr_par' dir='ltr' id='par_1_63' title="bbox 479 3413 2063 3491">
     <span class='ocr_line' id='line_1_63' title="bbox 479 3413 2063 3491; baseline -0.006 -15"><span class='ocrx_word' id='word_1_477' title='bbox 479 3423 658 3491; x_wconf 90' lang='lat' dir='ltr'><strong>perire</strong></span> <span class='ocrx_word' id='word_1_478' title='bbox 712 3430 1019 3488; x_wconf 86' lang='lat' dir='ltr'><strong>potuerunt.</strong></span> <span class='ocrx_word' id='word_1_479' title='bbox 1070 3418 1376 3473; x_wconf 89' lang='lat' dir='ltr'><strong>Seutientes</strong></span> <span class='ocrx_word' id='word_1_480' title='bbox 1431 3426 1607 3471; x_wconf 89' lang='lat' dir='ltr'><strong>autem</strong></span> <span class='ocrx_word' id='word_1_481' title='bbox 1660 3416 1773 3469; x_wconf 66' lang='lat' dir='ltr'><strong>haec</strong></span> <span class='ocrx_word' id='word_1_482' title='bbox 1816 3413 2063 3468; x_wconf 89' lang='lat' dir='ltr'><strong>monachi</strong></span> 
     </span>
    </p>
   </div>
   <div class='ocr_carea' id='block_1_64' title="bbox 483 3505 2066 3576">
    <p class='ocr_par' dir='ltr' id='par_1_64' title="bbox 483 3505 2066 3576">
     <span class='ocr_line' id='line_1_64' title="bbox 483 3505 2066 3576; baseline -0.004 -10"><span class='ocrx_word' id='word_1_483' title='bbox 483 3513 719 3567; x_wconf 71' lang='lat' dir='ltr'><strong>hasilicze</strong></span> <span class='ocrx_word' id='word_1_484' title='bbox 749 3512 913 3575; x_wconf 91' lang='lat' dir='ltr'><strong>illius,</strong></span> <span class='ocrx_word' id='word_1_485' title='bbox 946 3521 1210 3566; x_wconf 88' lang='lat' dir='ltr'><strong>venerunt</strong></span> <span class='ocrx_word' id='word_1_486' title='bbox 1238 3511 1303 3564; x_wconf 89' lang='lat' dir='ltr'><strong>ad</strong></span> <span class='ocrx_word' id='word_1_487' title='bbox 1332 3509 1563 3574; x_wconf 87' lang='lat' dir='ltr'><strong>ostium;</strong></span> <span class='ocrx_word' id='word_1_488' title='bbox 1605 3507 1698 3562; x_wconf 92' lang='lat' dir='ltr'><strong>sed</strong></span> <span class='ocrx_word' id='word_1_489' title='bbox 1724 3505 1931 3576; x_wconf 79' lang='lat' dir='ltr'><strong>ingredi</strong></span> <span class='ocrx_word' id='word_1_490' title='bbox 1962 3521 2066 3559; x_wconf 91' lang='lat' dir='ltr'><strong>non</strong></span> 
     </span>
    </p>
   </div>
   <div class='ocr_carea' id='block_1_65' title="bbox 483 3599 2070 3672">
    <p class='ocr_par' dir='ltr' id='par_1_65' title="bbox 483 3599 2070 3672">
     <span class='ocr_line' id='line_1_65' title="bbox 483 3599 2070 3672; baseline -0.003 -14"><span class='ocrx_word' id='word_1_491' title='bbox 483 3612 608 3658; x_wconf 88' lang='lat' dir='ltr'><strong>sunt</strong></span> <span class='ocrx_word' id='word_1_492' title='bbox 652 3603 925 3672; x_wconf 86' lang='lat' dir='ltr'><strong>permissi.</strong></span> <span class='ocrx_word' id='word_1_493' title='bbox 983 3602 1135 3668; x_wconf 89' lang='lat' dir='ltr'><strong>Quod</strong></span> <span class='ocrx_word' id='word_1_494' title='bbox 1185 3601 1452 3666; x_wconf 81' lang='lat' dir='ltr'><strong>videntes,</strong></span> <span class='ocrx_word' id='word_1_495' title='bbox 1516 3602 1895 3654; x_wconf 88' lang='lat' dir='ltr'><strong>nuntiaverunt</strong></span> <span class='ocrx_word' id='word_1_496' title='bbox 1954 3599 2070 3653; x_wconf 71' lang='lat' dir='ltr'><strong>hac</strong></span> 
     </span>
    </p>
   </div>
   <div class='ocr_carea' id='block_1_66' title="bbox 483 3692 2069 3767">
    <p class='ocr_par' dir='ltr' id='par_1_66' title="bbox 483 3692 2069 3767">
     <span class='ocr_line' id='line_1_66' title="bbox 483 3692 2069 3767; baseline -0.004 -16"><span class='ocrx_word' id='word_1_497' title='bbox 483 3700 737 3767; x_wconf 81' lang='lat' dir='ltr'><strong>episcopo</strong></span> <span class='ocrx_word' id='word_1_498' title='bbox 760 3710 857 3749; x_wconf 88' lang='lat' dir='ltr'><strong>suo</strong></span> <span class='ocrx_word' id='word_1_499' title='bbox 887 3709 950 3749; x_wconf 88' lang='lat' dir='ltr'><strong>ac</strong></span> <span class='ocrx_word' id='word_1_500' title='bbox 983 3693 1126 3749; x_wconf 91' lang='lat' dir='ltr'><strong>duci.</strong></span> <span class='ocrx_word' id='word_1_501' title='bbox 1176 3694 1383 3748; x_wconf 85' lang='lat' dir='ltr'><strong>Interea</strong></span> <span class='ocrx_word' id='word_1_502' title='bbox 1415 3693 1587 3763; x_wconf 88' lang='lat' dir='ltr'><strong>pueri,</strong></span> <span class='ocrx_word' id='word_1_503' title='bbox 1621 3693 1858 3761; x_wconf 85' lang='lat' dir='ltr'><strong>acceptis</strong></span> <span class='ocrx_word' id='word_1_504' title='bbox 1886 3692 2069 3757; x_wconf 88' lang='lat' dir='ltr'><strong>rebus,</strong></span> 
     </span>
    </p>
   </div>
   <div class='ocr_carea' id='block_1_67' title="bbox 488 3786 2074 3859">
    <p class='ocr_par' dir='ltr' id='par_1_67' title="bbox 488 3786 2074 3859">
     <span class='ocr_line' id='line_1_67' title="bbox 488 3786 2074 3859; baseline -0.003 -14"><span class='ocrx_word' id='word_1_505' title='bbox 488 3790 834 3859; x_wconf 87' lang='lat' dir='ltr'><strong>ascensisque</strong></span> <span class='ocrx_word' id='word_1_506' title='bbox 877 3789 1054 3857; x_wconf 88' lang='lat' dir='ltr'><strong>equis,</strong></span> <span class='ocrx_word' id='word_1_507' title='bbox 1094 3788 1281 3859; x_wconf 80' lang='lat' dir='ltr'><strong>fugere</strong></span> <span class='ocrx_word' id='word_1_508' title='bbox 1310 3796 1623 3857; x_wconf 72' lang='lat' dir='ltr'><strong>coeperunt;</strong></span> <span class='ocrx_word' id='word_1_509' title='bbox 1674 3786 1770 3840; x_wconf 89' lang='lat' dir='ltr'><strong>sed</strong></span> <span class='ocrx_word' id='word_1_510' title='bbox 1820 3786 2074 3840; x_wconf 89' lang='lat' dir='ltr'><strong>timentes</strong></span> 
     </span>
    </p>
   </div>
   <div class='ocr_carea' id='block_1_68' title="bbox 491 3878 2073 3953">
    <p class='ocr_par' dir='ltr' id='par_1_68' title="bbox 491 3878 2073 3953">
     <span class='ocr_line' id='line_1_68' title="bbox 491 3878 2073 3953; baseline -0.007 -13"><span class='ocrx_word' id='word_1_511' title='bbox 491 3901 559 3941; x_wconf 90' lang='lat' dir='ltr'><strong>ne</strong></span> <span class='ocrx_word' id='word_1_512' title='bbox 589 3882 910 3953; x_wconf 86' lang='lat' dir='ltr'><strong>apprehensi</strong></span> <span class='ocrx_word' id='word_1_513' title='bbox 954 3884 1006 3937; x_wconf 94' lang='lat' dir='ltr'><strong>in</strong></span> <span class='ocrx_word' id='word_1_514' title='bbox 1051 3885 1135 3935; x_wconf 88' lang='lat' dir='ltr'><strong>via</strong></span> <span class='ocrx_word' id='word_1_515' title='bbox 1186 3882 1418 3935; x_wconf 89' lang='lat' dir='ltr'><strong>diversis</strong></span> <span class='ocrx_word' id='word_1_516' title='bbox 1456 3879 1831 3944; x_wconf 74' lang='lat' dir='ltr'><strong>subigerentur</strong></span> <span class='ocrx_word' id='word_1_517' title='bbox 1870 3878 2073 3945; x_wconf 73' lang='lat' dir='ltr'><strong>poenis,</strong></span> 
     </span>
    </p>
   </div>
   <div class='ocr_carea' id='block_1_69' title="bbox 492 3968 2078 4046">
    <p class='ocr_par' dir='ltr' id='par_1_69' title="bbox 492 3968 2078 4046">
     <span class='ocr_line' id='line_1_69' title="bbox 492 3968 2078 4046; baseline -0.004 -16"><span class='ocrx_word' id='word_1_518' title='bbox 492 3975 725 4046; x_wconf 76' lang='lat' dir='ltr'><strong>regressi</strong></span> <span class='ocrx_word' id='word_1_519' title='bbox 747 3983 873 4027; x_wconf 90' lang='lat' dir='ltr'><strong>sunt</strong></span> <span class='ocrx_word' id='word_1_520' title='bbox 900 3974 969 4026; x_wconf 88' lang='lat' dir='ltr'><strong>ad</strong></span> <span class='ocrx_word' id='word_1_521' title='bbox 1000 3972 1296 4027; x_wconf 85' lang='lat' dir='ltr'><strong>basilicam.</strong></span> <span class='ocrx_word' id='word_1_522' title='bbox 1326 3972 1732 4040; x_wconf 89' lang='lat' dir='ltr'><strong>Posueruntque</strong></span> <span class='ocrx_word' id='word_1_523' title='bbox 1754 3968 1967 4039; x_wconf 86' lang='lat' dir='ltr'><strong>quidem</strong></span> <span class='ocrx_word' id='word_1_524' title='bbox 1990 3982 2078 4023; x_wconf 87' lang='lat' dir='ltr'><strong>res</strong></span> 
     </span>
    </p>
   </div>
   <div class='ocr_carea' id='block_1_70' title="bbox 490 4058 2081 4140">
    <p class='ocr_par' dir='ltr' id='par_1_70' title="bbox 490 4058 2081 4140">
     <span class='ocr_line' id='line_1_70' title="bbox 490 4058 2081 4140; baseline -0.006 -16"><span class='ocrx_word' id='word_1_525' title='bbox 490 4084 653 4140; x_wconf 77' lang='lat' dir='ltr'><strong>Super</strong></span> <span class='ocrx_word' id='word_1_526' title='bbox 680 4067 954 4131; x_wconf 88' lang='lat' dir='ltr'><strong>altarium,</strong></span> <span class='ocrx_word' id='word_1_527' title='bbox 994 4066 1086 4120; x_wconf 88' lang='lat' dir='ltr'><strong>sed</strong></span> <span class='ocrx_word' id='word_1_528' title='bbox 1115 4065 1258 4119; x_wconf 84' lang='lat' dir='ltr'><strong>foras</strong></span> <span class='ocrx_word' id='word_1_529' title='bbox 1288 4063 1472 4132; x_wconf 78' lang='lat' dir='ltr'><strong>egredi</strong></span> <span class='ocrx_word' id='word_1_530' title='bbox 1514 4077 1620 4117; x_wconf 88' lang='lat' dir='ltr'><strong>non</strong></span> <span class='ocrx_word' id='word_1_531' title='bbox 1648 4072 1770 4115; x_wconf 89' lang='lat' dir='ltr'><strong>sunt</strong></span> <span class='ocrx_word' id='word_1_532' title='bbox 1801 4058 1942 4127; x_wconf 90' lang='lat' dir='ltr'><strong>ausi,</strong></span> <span class='ocrx_word' id='word_1_533' title='bbox 1971 4060 2081 4114; x_wconf 88' lang='lat' dir='ltr'><strong>cla-</strong></span> 
     </span>
    </p>
   </div>
   <div class='ocr_carea' id='block_1_71' title="bbox 494 4151 2082 4228">
    <p class='ocr_par' dir='ltr' id='par_1_71' title="bbox 494 4151 2082 4228">
     <span class='ocr_line' id='line_1_71' title="bbox 494 4151 2082 4228; baseline -0.006 -12"><span class='ocrx_word' id='word_1_534' title='bbox 494 4171 704 4216; x_wconf 84' lang='lat' dir='ltr'><strong>mantes</strong></span> <span class='ocrx_word' id='word_1_535' title='bbox 732 4167 895 4228; x_wconf 87' lang='lat' dir='ltr'><strong>atque</strong></span> <span class='ocrx_word' id='word_1_536' title='bbox 920 4158 1179 4218; x_wconf 87' lang='lat' dir='ltr'><strong>dicentes,</strong></span> <span class='ocrx_word' id='word_1_537' title='bbox 1227 4156 1350 4225; x_wconf 88' lang='lat' dir='ltr'><strong>quia</strong></span> <span class='ocrx_word' id='word_1_538' title='bbox 1376 4170 1407 4208; x_wconf 89' lang='lat' dir='ltr'><strong>a</strong></span> <span class='ocrx_word' id='word_1_539' title='bbox 1438 4152 1842 4209; x_wconf 84' lang='lat' dir='ltr'><strong>Guntchramno</strong></span> <span class='ocrx_word' id='word_1_540' title='bbox 1873 4151 2082 4206; x_wconf 85' lang='lat' dir='ltr'><strong>Bosone</strong></span> 
     </span>
    </p>
   </div>
   <div class='ocr_carea' id='block_1_72' title="bbox 494 4234 2081 4314">
    <p class='ocr_par' dir='ltr' id='par_1_72' title="bbox 494 4234 2081 4314">
     <span class='ocr_line' id='line_1_72' title="bbox 494 4234 2081 4314; baseline -0.008 -7"><span class='ocrx_word' id='word_1_541' title='bbox 494 4251 797 4307; x_wconf 80' lang='lat' dir='ltr'><strong>transmissi</strong></span> <span class='ocrx_word' id='word_1_542' title='bbox 848 4265 1056 4303; x_wconf 75' lang='lat' dir='ltr'><strong>sumus.</strong></span> <span class='ocrx_word' id='word_1_543' title='bbox 1112 4247 1218 4303; x_wconf 92' lang='lat' dir='ltr'><strong>Sed</strong></span> <span class='ocrx_word' id='word_1_544' title='bbox 1256 4234 1378 4301; x_wconf 81' lang='lat' dir='ltr'><strong>cum</strong></span> <span class='ocrx_word' id='word_1_545' title='bbox 1424 4246 1490 4301; x_wconf 89' lang='lat' dir='ltr'><strong>ad</strong></span> <span class='ocrx_word' id='word_1_546' title='bbox 1535 4244 1785 4314; x_wconf 78' lang='lat' dir='ltr'><strong>placitum</strong></span> <span class='ocrx_word' id='word_1_547' title='bbox 1818 4242 1871 4297; x_wconf 92' lang='lat' dir='ltr'><strong>in</strong></span> <span class='ocrx_word' id='word_1_548' title='bbox 1902 4242 2081 4297; x_wconf 84' lang='lat' dir='ltr'><strong>villam</strong></span> 
     </span>
    </p>
   </div>
   <div class='ocr_carea' id='block_1_73' title="bbox 496 4336 2085 4403">
    <p class='ocr_par' dir='ltr' id='par_1_73' title="bbox 496 4336 2085 4403">
     <span class='ocr_line' id='line_1_73' title="bbox 496 4336 2085 4403; baseline -0.006 -2"><span class='ocrx_word' id='word_1_549' title='bbox 496 4361 653 4401; x_wconf 84' lang='lat' dir='ltr'><strong>uuam</strong></span> <span class='ocrx_word' id='word_1_550' title='bbox 702 4343 955 4400; x_wconf 78' lang='lat' dir='ltr'><strong>diximus.</strong></span> <span class='ocrx_word' id='word_1_551' title='bbox 1009 4341 1385 4396; x_wconf 81' lang='lat' dir='ltr'><strong>Chiidebertus</strong></span> <span class='ocrx_word' id='word_1_552' title='bbox 1439 4354 1559 4392; x_wconf 90' lang='lat' dir='ltr'><strong>cum</strong></span> <span class='ocrx_word' id='word_1_553' title='bbox 1617 4336 1930 4403; x_wconf 88' lang='lat' dir='ltr'><strong>proceribus</strong></span> <span class='ocrx_word' id='word_1_554' title='bbox 1973 4338 2085 4392; x_wconf 89' lang='lat' dir='ltr'><strong>suis</strong></span> 
     </span>
    </p>
   </div>
   <div class='ocr_carea' id='block_1_74' title="bbox 497 4428 2086 4499">
    <p class='ocr_par' dir='ltr' id='par_1_74' title="bbox 497 4428 2086 4499">
     <span class='ocr_line' id='line_1_74' title="bbox 497 4428 2086 4499; baseline -0.004 -10"><span class='ocrx_word' id='word_1_555' title='bbox 497 4440 860 4499; x_wconf 70' lang='lat' dir='ltr'><strong>etittvettisset,</strong></span> <span class='ocrx_word' id='word_1_556' title='bbox 915 4444 969 4487; x_wconf 90' lang='lat' dir='ltr'><strong>et</strong></span> <span class='ocrx_word' id='word_1_557' title='bbox 1014 4432 1454 4487; x_wconf 84' lang='lat' dir='ltr'><strong>Guntchramnus</strong></span> <span class='ocrx_word' id='word_1_558' title='bbox 1499 4430 1566 4484; x_wconf 94' lang='lat' dir='ltr'><strong>de</strong></span> <span class='ocrx_word' id='word_1_559' title='bbox 1606 4430 1690 4483; x_wconf 89' lang='lat' dir='ltr'><strong>his</strong></span> <span class='ocrx_word' id='word_1_560' title='bbox 1720 4428 2086 4497; x_wconf 82' lang='lat' dir='ltr'><strong>Interpellatus</strong></span> 
     </span>
    </p>
   </div>
   <div class='ocr_carea' id='block_1_75' title="bbox 496 4520 2087 4597">
    <p class='ocr_par' dir='ltr' id='par_1_75' title="bbox 496 4520 2087 4597">
     <span class='ocr_line' id='line_1_75' title="bbox 496 4520 2087 4597; baseline -0.005 -14"><span class='ocrx_word' id='word_1_561' title='bbox 496 4531 705 4584; x_wconf 86' lang='lat' dir='ltr'><strong>nullum</strong></span> <span class='ocrx_word' id='word_1_562' title='bbox 754 4543 1068 4597; x_wconf 73' lang='lat' dir='ltr'><strong>responsum</strong></span> <span class='ocrx_word' id='word_1_563' title='bbox 1100 4520 1361 4591; x_wconf 75' lang='lat' dir='ltr'><strong>dedisset,</strong></span> <span class='ocrx_word' id='word_1_564' title='bbox 1402 4525 1540 4579; x_wconf 90' lang='lat' dir='ltr'><strong>clam</strong></span> <span class='ocrx_word' id='word_1_565' title='bbox 1584 4520 1790 4592; x_wconf 82' lang='lat' dir='ltr'><strong>aufugit</strong></span> <span class='ocrx_word' id='word_1_566' title='bbox 1822 4537 1837 4576; x_wconf 93' lang='lat'>:</span> <span class='ocrx_word' id='word_1_567' title='bbox 1868 4521 2087 4577; x_wconf 74' lang='lat' dir='ltr'><strong>ablata:-</strong></span> 
     </span>
    </p>
   </div>
   <div class='ocr_carea' id='block_1_76' title="bbox 2166 3301 3721 3388">
    <p class='ocr_par' dir='ltr' id='par_1_76' title="bbox 2166 3301 3721 3388">
     <span class='ocr_line' id='line_1_76' title="bbox 2166 3301 3721 3388; baseline -0.015 -11"><span class='ocrx_word' id='word_1_568' title='bbox 2166 3324 2506 3388; x_wconf 84' lang='lat' dir='ltr'><strong>subrogatus.</strong></span> <span class='ocrx_word' id='word_1_569' title='bbox 2536 3318 2665 3371; x_wconf 86' lang='lat' dir='ltr'><strong>Post</strong></span> <span class='ocrx_word' id='word_1_570' title='bbox 2686 3314 2892 3369; x_wconf 87' lang='lat' dir='ltr'><strong>obitum</strong></span> <span class='ocrx_word' id='word_1_571' title='bbox 2923 3311 3091 3367; x_wconf 90' lang='lat' dir='ltr'><strong>sancti</strong></span> <span class='ocrx_word' id='word_1_572' title='bbox 3120 3308 3315 3374; x_wconf 73' lang='lat' dir='ltr'><strong>Salvii,</strong></span> <span class='ocrx_word' id='word_1_573' title='bbox 3351 3309 3451 3362; x_wconf 91' lang='lat' dir='ltr'><strong>hoc</strong></span> <span class='ocrx_word' id='word_1_574' title='bbox 3475 3318 3602 3359; x_wconf 90' lang='lat' dir='ltr'><strong>anno</strong></span> <span class='ocrx_word' id='word_1_575' title='bbox 3628 3301 3721 3355; x_wconf 87' lang='lat' dir='ltr'><strong>De-</strong></span> 
     </span>
    </p>
   </div>
   <div class='ocr_carea' id='block_1_77' title="bbox 2168 3396 3493 3479">
    <p class='ocr_par' dir='ltr' id='par_1_77' title="bbox 2168 3396 3493 3479">
     <span class='ocr_line' id='line_1_77' title="bbox 2168 3396 3493 3479; baseline -0.015 -9"><span class='ocrx_word' id='word_1_576' title='bbox 2168 3414 2436 3470; x_wconf 89' lang='lat' dir='ltr'><strong>sideratus</strong></span> <span class='ocrx_word' id='word_1_577' title='bbox 2459 3406 2836 3479; x_wconf 84' lang='lat' dir='ltr'><strong>Albigcnsibus</strong></span> <span class='ocrx_word' id='word_1_578' title='bbox 2858 3404 3141 3473; x_wconf 86' lang='lat' dir='ltr'><strong>episcopus</strong></span> <span class='ocrx_word' id='word_1_579' title='bbox 3162 3400 3225 3454; x_wconf 88' lang='lat' dir='ltr'><strong>da</strong></span> <span class='ocrx_word' id='word_1_580' title='bbox 3246 3412 3328 3454; x_wconf 91' lang='lat' dir='ltr'><strong>tus</strong></span> <span class='ocrx_word' id='word_1_581' title='bbox 3350 3408 3429 3454; x_wconf 92' lang='lat' dir='ltr'><strong>est</strong></span> <span class='ocrx_word' id='word_1_582' title='bbox 3454 3396 3493 3450; x_wconf 82' lang='grc' dir='ltr'><strong>ί.</strong></span> 
     </span>
    </p>
   </div>
   <div class='ocr_carea' id='block_1_78' title="bbox 2240 3490 3722 3572">
    <p class='ocr_par' dir='ltr' id='par_1_78' title="bbox 2240 3490 3722 3572">
     <span class='ocr_line' id='line_1_78' title="bbox 2240 3490 3722 3572; baseline -0.016 -12"><span class='ocrx_word' id='word_1_583' title='bbox 2240 3503 2432 3561; x_wconf 73' lang='lat' dir='ltr'><strong>XXIII.</strong></span> <span class='ocrx_word' id='word_1_584' title='bbox 2459 3501 2660 3572; x_wconf 77' lang='lat' dir='ltr'><strong>Magnae</strong></span> <span class='ocrx_word' id='word_1_585' title='bbox 2686 3509 2788 3553; x_wconf 81' lang='lat' dir='ltr'><strong>hoc</strong></span> <span class='ocrx_word' id='word_1_586' title='bbox 2811 3512 2953 3551; x_wconf 88' lang='lat' dir='ltr'><strong>anno</strong></span> <span class='ocrx_word' id='word_1_587' title='bbox 2982 3493 3173 3563; x_wconf 72' lang='lat' dir='ltr'><strong>pluviae</strong></span> <span class='ocrx_word' id='word_1_588' title='bbox 3198 3490 3439 3554; x_wconf 87' lang='lat' dir='ltr'><strong>fuerunt,</strong></span> <span class='ocrx_word' id='word_1_589' title='bbox 3462 3494 3722 3549; x_wconf 80' lang='lat' dir='ltr'><strong>amnesque</strong></span> 
     </span>
    </p>
   </div>
   <div class='ocr_carea' id='block_1_79' title="bbox 2172 3579 3720 3656">
    <p class='ocr_par' dir='ltr' id='par_1_79' title="bbox 2172 3579 3720 3656">
     <span class='ocr_line' id='line_1_79' title="bbox 2172 3579 3720 3656; baseline -0.019 -1"><span class='ocrx_word' id='word_1_590' title='bbox 2172 3601 2226 3655; x_wconf 91' lang='lat' dir='ltr'><strong>in</strong></span> <span class='ocrx_word' id='word_1_591' title='bbox 2251 3606 2455 3653; x_wconf 85' lang='lat' dir='ltr'><strong>tantum</strong></span> <span class='ocrx_word' id='word_1_592' title='bbox 2476 3593 2887 3655; x_wconf 83' lang='lat' dir='ltr'><strong>convaluerunt,</strong></span> <span class='ocrx_word' id='word_1_593' title='bbox 2913 3596 2969 3642; x_wconf 91' lang='lat' dir='ltr'><strong>ut</strong></span> <span class='ocrx_word' id='word_1_594' title='bbox 2994 3586 3311 3656; x_wconf 85' lang='lat' dir='ltr'><strong>plerumque</strong></span> <span class='ocrx_word' id='word_1_595' title='bbox 3338 3579 3592 3648; x_wconf 85' lang='lat' dir='ltr'><strong>naufragia</strong></span> <span class='ocrx_word' id='word_1_596' title='bbox 3616 3587 3720 3630; x_wconf 87' lang='lat' dir='ltr'><strong>eve-</strong></span> 
     </span>
    </p>
   </div>
   <div class='ocr_carea' id='block_1_80' title="bbox 2174 3677 3724 3761">
    <p class='ocr_par' dir='ltr' id='par_1_80' title="bbox 2174 3677 3724 3761">
     <span class='ocr_line' id='line_1_80' title="bbox 2174 3677 3724 3761; baseline -0.02 -12"><span class='ocrx_word' id='word_1_597' title='bbox 2174 3695 2372 3749; x_wconf 90' lang='lat' dir='ltr'><strong>nirent.</strong></span> <span class='ocrx_word' id='word_1_598' title='bbox 2407 3692 2619 3761; x_wconf 89' lang='lat' dir='ltr'><strong>Ipsique</strong></span> <span class='ocrx_word' id='word_1_599' title='bbox 2651 3688 2831 3742; x_wconf 84' lang='lat' dir='ltr'><strong>littora</strong></span> <span class='ocrx_word' id='word_1_600' title='bbox 2869 3681 3222 3744; x_wconf 75' lang='lat' dir='ltr'><strong>excedentes,</strong></span> <span class='ocrx_word' id='word_1_601' title='bbox 3255 3677 3570 3755; x_wconf 85' lang='lat' dir='ltr'><strong>propinquas</strong></span> <span class='ocrx_word' id='word_1_602' title='bbox 3595 3681 3724 3735; x_wconf 85' lang='lat' dir='ltr'><strong>sege-</strong></span> 
     </span>
    </p>
   </div>
   <div class='ocr_carea' id='block_1_81' title="bbox 2176 3764 3723 3854">
    <p class='ocr_par' dir='ltr' id='par_1_81' title="bbox 2176 3764 3723 3854">
     <span class='ocr_line' id='line_1_81' title="bbox 2176 3764 3723 3854; baseline -0.022 -13"><span class='ocrx_word' id='word_1_603' title='bbox 2176 3797 2258 3843; x_wconf 90' lang='lat' dir='ltr'><strong>tes</strong></span> <span class='ocrx_word' id='word_1_604' title='bbox 2286 3799 2349 3840; x_wconf 90' lang='lat' dir='ltr'><strong>ac</strong></span> <span class='ocrx_word' id='word_1_605' title='bbox 2380 3793 2529 3854; x_wconf 90' lang='lat' dir='ltr'><strong>prata</strong></span> <span class='ocrx_word' id='word_1_606' title='bbox 2560 3780 2889 3850; x_wconf 89' lang='lat' dir='ltr'><strong>operientes,</strong></span> <span class='ocrx_word' id='word_1_607' title='bbox 2920 3774 3157 3845; x_wconf 87' lang='lat' dir='ltr'><strong>graviter</strong></span> <span class='ocrx_word' id='word_1_608' title='bbox 3179 3771 3470 3827; x_wconf 89' lang='lat' dir='ltr'><strong>eliserunt:</strong></span> <span class='ocrx_word' id='word_1_609' title='bbox 3515 3764 3723 3817; x_wconf 83' lang='lat' dir='ltr'><strong>fuerunt-</strong></span> 
     </span>
    </p>
   </div>
   <div class='ocr_carea' id='block_1_82' title="bbox 2176 3852 3726 3947">
    <p class='ocr_par' dir='ltr' id='par_1_82' title="bbox 2176 3852 3726 3947">
     <span class='ocr_line' id='line_1_82' title="bbox 2176 3852 3726 3947; baseline -0.023 -14"><span class='ocrx_word' id='word_1_610' title='bbox 2176 3892 2283 3947; x_wconf 90' lang='lat' dir='ltr'><strong>que</strong></span> <span class='ocrx_word' id='word_1_611' title='bbox 2312 3852 2557 3931; x_wconf 80' lang='lat' dir='ltr'><strong>vernales</strong></span> <span class='ocrx_word' id='word_1_612' title='bbox 2583 3869 2862 3938; x_wconf 60' lang='lat' dir='ltr'><strong>mstivique</strong></span> <span class='ocrx_word' id='word_1_613' title='bbox 2888 3879 3104 3922; x_wconf 87' lang='lat' dir='ltr'><strong>menses</strong></span> <span class='ocrx_word' id='word_1_614' title='bbox 3128 3872 3239 3917; x_wconf 89' lang='lat' dir='ltr'><strong>tam</strong></span> <span class='ocrx_word' id='word_1_615' title='bbox 3266 3857 3468 3930; x_wconf 87' lang='lat' dir='ltr'><strong>irrigui,</strong></span> <span class='ocrx_word' id='word_1_616' title='bbox 3490 3863 3544 3910; x_wconf 90' lang='lat' dir='ltr'><strong>ut</strong></span> <span class='ocrx_word' id='word_1_617' title='bbox 3564 3852 3726 3942; x_wconf 53' lang='lat' dir='ltr'><strong>hyems</strong></span> 
     </span>
    </p>
   </div>
   <div class='ocr_carea' id='block_1_83' title="bbox 2178 3964 3675 4043">
    <p class='ocr_par' dir='ltr' id='par_1_83' title="bbox 2178 3964 3675 4043">
     <span class='ocr_line' id='line_1_83' title="bbox 2178 3964 3675 4043; baseline -0.017 -16"><span class='ocrx_word' id='word_1_618' title='bbox 2178 3969 2348 4041; x_wconf 84' lang='lat' dir='ltr'><strong>magis</strong></span> <span class='ocrx_word' id='word_1_619' title='bbox 2370 3974 2646 4035; x_wconf 86' lang='lat' dir='ltr'><strong>putaretur</strong></span> <span class='ocrx_word' id='word_1_620' title='bbox 2670 3975 2792 4018; x_wconf 82' lang='lat' dir='ltr'><strong>esse</strong></span> <span class='ocrx_word' id='word_1_621' title='bbox 2820 3973 2980 4030; x_wconf 89' lang='lat' dir='ltr'><strong>quam</strong></span> <span class='ocrx_word' id='word_1_622' title='bbox 3010 3964 3191 4011; x_wconf 71' lang='lat' dir='ltr'><strong>testas.</strong></span> <span class='ocrx_word' id='word_1_623' title='bbox 3544 4037 3556 4043; x_wconf 26' lang='grc' dir='ltr'><strong>Α</strong></span> <span class='ocrx_word' id='word_1_624' title='bbox 3664 4030 3675 4043; x_wconf 45' lang='grc'><strong>.</strong></span> 
     </span>
    </p>
   </div>
   <div class='ocr_carea' id='block_1_84' title="bbox 2183 4037 3733 4115">
    <p class='ocr_par' dir='ltr' id='par_1_84' title="bbox 2183 4037 3733 4115">
     <span class='ocr_line' id='line_1_84' title="bbox 2183 4037 3733 4115; baseline -0.022 2"><span class='ocrx_word' id='word_1_625' title='bbox 2183 4096 2187 4101; x_wconf 95' lang='lat'><strong><em>-</em></strong></span> <span class='ocrx_word' id='word_1_626' title='bbox 2252 4037 2445 4115; x_wconf 76' lang='lat' dir='ltr'><strong>XXIV.</strong></span> <span class='ocrx_word' id='word_1_627' title='bbox 2479 4057 2608 4112; x_wconf 75' lang='lat' dir='ltr'><strong>Dus:</strong></span> <span class='ocrx_word' id='word_1_628' title='bbox 2639 4055 2739 4108; x_wconf 91' lang='lat' dir='ltr'><strong>hoc</strong></span> <span class='ocrx_word' id='word_1_629' title='bbox 2764 4065 2907 4105; x_wconf 86' lang='lat' dir='ltr'><strong>anno</strong></span> <span class='ocrx_word' id='word_1_630' title='bbox 2936 4047 3124 4111; x_wconf 67' lang='lat' dir='ltr'><strong>insula:</strong></span> <span class='ocrx_word' id='word_1_631' title='bbox 3147 4045 3203 4100; x_wconf 92' lang='lat' dir='ltr'><strong>in</strong></span> <span class='ocrx_word' id='word_1_632' title='bbox 3229 4044 3364 4101; x_wconf 89' lang='lat' dir='ltr'><strong>mari</strong></span> <span class='ocrx_word' id='word_1_633' title='bbox 3395 4037 3641 4097; x_wconf 84' lang='lat' dir='ltr'><strong>divinitus</strong></span> <span class='ocrx_word' id='word_1_634' title='bbox 3665 4037 3733 4084; x_wconf 87' lang='lat' dir='ltr'><strong>in-</strong></span> 
     </span>
    </p>
   </div>
   <div class='ocr_carea' id='block_1_85' title="bbox 2182 4133 3730 4214">
    <p class='ocr_par' dir='ltr' id='par_1_85' title="bbox 2182 4133 3730 4214">
     <span class='ocr_line' id='line_1_85' title="bbox 2182 4133 3730 4214; baseline -0.023 -4"><span class='ocrx_word' id='word_1_635' title='bbox 2182 4152 2375 4210; x_wconf 91' lang='lat' dir='ltr'><strong>cendio</strong></span> <span class='ocrx_word' id='word_1_636' title='bbox 2405 4157 2762 4205; x_wconf 71' lang='lat' dir='ltr'><strong>concremata:</strong></span> <span class='ocrx_word' id='word_1_637' title='bbox 2790 4150 2916 4196; x_wconf 89' lang='lat' dir='ltr'><strong>sunt</strong></span> <span class='ocrx_word' id='word_1_638' title='bbox 2944 4156 2958 4193; x_wconf 93' lang='lat'><strong>:</strong></span> <span class='ocrx_word' id='word_1_639' title='bbox 2982 4154 3101 4207; x_wconf 65' lang='lat' dir='ltr'><strong>qua:</strong></span> <span class='ocrx_word' id='word_1_640' title='bbox 3144 4152 3244 4207; x_wconf 91' lang='lat' dir='ltr'><strong>per</strong></span> <span class='ocrx_word' id='word_1_641' title='bbox 3270 4136 3386 4214; x_wconf 76' lang='lat' dir='ltr'><strong>dies</strong></span> <span class='ocrx_word' id='word_1_642' title='bbox 3417 4138 3608 4201; x_wconf 77' lang='lat' dir='ltr'><strong>septeni</strong></span> <span class='ocrx_word' id='word_1_643' title='bbox 3628 4133 3730 4177; x_wconf 87' lang='lat' dir='ltr'><strong>cum</strong></span> 
     </span>
    </p>
   </div>
   <div class='ocr_carea' id='block_1_86' title="bbox 2186 4220 3732 4310">
    <p class='ocr_par' dir='ltr' id='par_1_86' title="bbox 2186 4220 3732 4310">
     <span class='ocr_line' id='line_1_86' title="bbox 2186 4220 3732 4310; baseline -0.021 -10"><span class='ocrx_word' id='word_1_644' title='bbox 2186 4243 2496 4301; x_wconf 69' lang='lat' dir='ltr'><strong>hominibus</strong></span> <span class='ocrx_word' id='word_1_645' title='bbox 2522 4236 2907 4310; x_wconf 79' lang='lat' dir='ltr'><strong>pecoribusque</strong></span> <span class='ocrx_word' id='word_1_646' title='bbox 2931 4238 3269 4299; x_wconf 77' lang='lat' dir='ltr'><strong>consumpta:</strong></span> <span class='ocrx_word' id='word_1_647' title='bbox 3291 4220 3732 4284; x_wconf 84' lang='lat' dir='ltr'><strong>subvertebantur.</strong></span> 
     </span>
    </p>
   </div>
   <div class='ocr_carea' id='block_1_87' title="bbox 2192 4308 3735 4404">
    <p class='ocr_par' dir='ltr' id='par_1_87' title="bbox 2192 4308 3735 4404">
     <span class='ocr_line' id='line_1_87' title="bbox 2192 4308 3735 4404; baseline -0.02 -11"><span class='ocrx_word' id='word_1_648' title='bbox 2192 4339 2325 4394; x_wconf 82' lang='lat' dir='ltr'><strong>Nam</strong></span> <span class='ocrx_word' id='word_1_649' title='bbox 2355 4334 2445 4404; x_wconf 90' lang='lat' dir='ltr'><strong>qui</strong></span> <span class='ocrx_word' id='word_1_650' title='bbox 2482 4308 2535 4387; x_wconf 87' lang='lat' dir='ltr'><strong>in</strong></span> <span class='ocrx_word' id='word_1_651' title='bbox 2569 4345 2716 4386; x_wconf 90' lang='lat' dir='ltr'><strong>mare</strong></span> <span class='ocrx_word' id='word_1_652' title='bbox 2757 4326 3142 4392; x_wconf 76' lang='lat' dir='ltr'><strong>confugerant,</strong></span> <span class='ocrx_word' id='word_1_653' title='bbox 3172 4332 3227 4375; x_wconf 91' lang='lat' dir='ltr'><strong>et</strong></span> <span class='ocrx_word' id='word_1_654' title='bbox 3265 4336 3325 4375; x_wconf 88' lang='lat' dir='ltr'><strong>se</strong></span> <span class='ocrx_word' id='word_1_655' title='bbox 3355 4321 3407 4373; x_wconf 90' lang='lat' dir='ltr'><strong>in</strong></span> <span class='ocrx_word' id='word_1_656' title='bbox 3454 4308 3735 4404; x_wconf 44' lang='lat' dir='ltr'><strong>profundi&quot;!</strong></span> 
     </span>
    </p>
   </div>
   <div class='ocr_carea' id='block_1_88' title="bbox 2191 4395 3741 4502">
    <p class='ocr_par' dir='ltr' id='par_1_88' title="bbox 2191 4395 3741 4502">
     <span class='ocr_line' id='line_1_88' title="bbox 2191 4395 3741 4502; baseline -0.019 -16"><span class='ocrx_word' id='word_1_657' title='bbox 2191 4395 2610 4502; x_wconf 69' lang='lat' dir='ltr'><strong>prtecipitabant,</strong></span> <span class='ocrx_word' id='word_1_658' title='bbox 2654 4423 2709 4478; x_wconf 90' lang='lat' dir='ltr'><strong>in</strong></span> <span class='ocrx_word' id='word_1_659' title='bbox 2741 4414 2983 4490; x_wconf 51' lang='lat' dir='ltr'><strong>ipsa‘qna</strong></span> <span class='ocrx_word' id='word_1_660' title='bbox 3016 4414 3400 4484; x_wconf 87' lang='lat' dir='ltr'><strong>mergebantur</strong></span> <span class='ocrx_word' id='word_1_661' title='bbox 3436 4422 3564 4502; x_wconf 86' lang='lat' dir='ltr'><strong>aqua</strong></span> <span class='ocrx_word' id='word_1_662' title='bbox 3603 4395 3741 4472; x_wconf 78' lang='lat'><strong>396</strong></span> 
     </span>
    </p>
   </div>
   <div class='ocr_carea' id='block_1_89' title="bbox 2192 4501 3742 4582">
    <p class='ocr_par' dir='ltr' id='par_1_89' title="bbox 2192 4501 3742 4582">
     <span class='ocr_line' id='line_1_89' title="bbox 2192 4501 3742 4582; baseline -0.025 -6"><span class='ocrx_word' id='word_1_663' title='bbox 2192 4501 2670 4581; x_wconf 86' lang='lat' dir='ltr'><strong>consumebantur,</strong></span> <span class='ocrx_word' id='word_1_664' title='bbox 2714 4511 3053 4582; x_wconf 77' lang='lat' dir='ltr'><strong>graviorique</strong></span> <span class='ocrx_word' id='word_1_665' title='bbox 3082 4504 3372 4577; x_wconf 89' lang='lat' dir='ltr'><strong>supplicio,</strong></span> <span class='ocrx_word' id='word_1_666' title='bbox 3398 4501 3485 4570; x_wconf 91' lang='lat' dir='ltr'><strong>qui</strong></span> <span class='ocrx_word' id='word_1_667' title='bbox 3514 4512 3611 4551; x_wconf 90' lang='lat' dir='ltr'><strong>non</strong></span> <span class='ocrx_word' id='word_1_668' title='bbox 3633 4505 3742 4545; x_wconf 85' lang='lat' dir='ltr'><strong>cou-</strong></span> 
     </span>
    </p>
   </div>
   <div class='ocr_carea' id='block_1_90' title="bbox 579 4643 3746 4754">
    <p class='ocr_par' dir='ltr' id='par_1_90' title="bbox 579 4643 3746 4754">
     <span class='ocr_line' id='line_1_90' title="bbox 579 4643 3746 4754; baseline -0.01 -26"><span class='ocrx_word' id='word_1_669' title='bbox 579 4703 601 4728; x_wconf 79' lang='lat' dir='ltr'><strong>s</strong></span> <span class='ocrx_word' id='word_1_670' title='bbox 633 4692 677 4742; x_wconf 72' lang='grc' dir='ltr'><strong>Ις</strong></span> <span class='ocrx_word' id='word_1_671' title='bbox 701 4699 816 4742; x_wconf 77' lang='lat' dir='ltr'><strong>erat.</strong></span> <span class='ocrx_word' id='word_1_672' title='bbox 856 4686 1139 4754; x_wconf 67' lang='lat' dir='ltr'><strong>episcopus</strong></span> <span class='ocrx_word' id='word_1_673' title='bbox 1190 4681 1582 4753; x_wconf 81' lang='lat' dir='ltr'><strong>Lttgdunensis,</strong></span> <span class='ocrx_word' id='word_1_674' title='bbox 1615 4681 1704 4747; x_wconf 93' lang='lat' dir='ltr'><strong>qui</strong></span> <span class='ocrx_word' id='word_1_675' title='bbox 1746 4678 1979 4754; x_wconf 84' lang='lat' dir='ltr'><strong>primum</strong></span> <span class='ocrx_word' id='word_1_676' title='bbox 2011 4678 2091 4731; x_wconf 37' lang='lat' dir='ltr'><strong>los</strong></span> <span class='ocrx_word' id='word_1_677' title='bbox 2125 4680 2178 4740; x_wconf 87' lang='lat' dir='ltr'><strong>D</strong></span> <span class='ocrx_word' id='word_1_678' title='bbox 2206 4673 2632 4754; x_wconf 74' lang='lat' dir='ltr'><strong>vempopulanize</strong></span> <span class='ocrx_word' id='word_1_679' title='bbox 2661 4668 3167 4754; x_wconf 66' lang='lat' dir='ltr'><strong>metropolis_erat,</strong></span> <span class='ocrx_word' id='word_1_680' title='bbox 3216 4659 3530 4754; x_wconf 36' lang='lat' dir='ltr'><strong>quant-ascia</strong></span> <span class='ocrx_word' id='word_1_681' title='bbox 3560 4643 3746 4754; x_wconf 45' lang='lat' dir='ltr'><strong>hiemi:</strong></span> 
     </span>
    </p>
   </div>
   <div class='ocr_carea' id='block_1_91' title="bbox 507 4752 2088 4826">
    <p class='ocr_par' dir='ltr' id='par_1_91' title="bbox 507 4752 2088 4826">
     <span class='ocr_line' id='line_1_91' title="bbox 507 4752 2088 4826; baseline -0.009 -11"><span class='ocrx_word' id='word_1_682' title='bbox 507 4778 628 4816; x_wconf 90' lang='lat' dir='ltr'><strong>cum</strong></span> <span class='ocrx_word' id='word_1_683' title='bbox 662 4762 715 4813; x_wconf 93' lang='lat' dir='ltr'><strong>in</strong></span> <span class='ocrx_word' id='word_1_684' title='bbox 739 4756 945 4826; x_wconf 81' lang='lat' dir='ltr'><strong>synodo</strong></span> <span class='ocrx_word' id='word_1_685' title='bbox 974 4752 1265 4808; x_wconf 76' lang='lat' dir='ltr'><strong>obtinebat.</strong></span> <span class='ocrx_word' id='word_1_686' title='bbox 1315 4755 1388 4807; x_wconf 87' lang='lat' dir='ltr'><strong>De</strong></span> <span class='ocrx_word' id='word_1_687' title='bbox 1419 4755 1518 4805; x_wconf 88' lang='lat' dir='ltr'><strong>hoc</strong></span> <span class='ocrx_word' id='word_1_688' title='bbox 1546 4767 1708 4822; x_wconf 88' lang='lat' dir='ltr'><strong>supra</strong></span> <span class='ocrx_word' id='word_1_689' title='bbox 1745 4752 1835 4804; x_wconf 90' lang='lat' dir='ltr'><strong>lib.</strong></span> <span class='ocrx_word' id='word_1_690' title='bbox 1872 4765 1943 4814; x_wconf 89' lang='lat' dir='ltr'><strong>tv,</strong></span> <span class='ocrx_word' id='word_1_691' title='bbox 1969 4764 2088 4818; x_wconf 90' lang='lat' dir='ltr'><strong>cap.</strong></span> 
     </span>
    </p>
   </div>
   <div class='ocr_carea' id='block_1_92' title="bbox 509 4826 1419 4895">
    <p class='ocr_par' dir='ltr' id='par_1_92' title="bbox 509 4826 1419 4895">
     <span class='ocr_line' id='line_1_92' title="bbox 509 4826 1419 4895; baseline -0.007 -14"><span class='ocrx_word' id='word_1_692' title='bbox 509 4834 598 4895; x_wconf 66' lang='lat'><strong>&#39;56,</strong></span> <span class='ocrx_word' id='word_1_693' title='bbox 623 4842 675 4884; x_wconf 88' lang='lat' dir='ltr'><strong>et</strong></span> <span class='ocrx_word' id='word_1_694' title='bbox 707 4831 758 4882; x_wconf 94' lang='lat' dir='ltr'><strong>in</strong></span> <span class='ocrx_word' id='word_1_695' title='bbox 796 4828 927 4880; x_wconf 75' lang='lat' dir='ltr'><strong>Vitis</strong></span> <span class='ocrx_word' id='word_1_696' title='bbox 956 4826 1190 4889; x_wconf 75' lang='lat' dir='ltr'><strong>Patrum,</strong></span> <span class='ocrx_word' id='word_1_697' title='bbox 1223 4840 1339 4889; x_wconf 88' lang='lat' dir='ltr'><strong>cap.</strong></span> <span class='ocrx_word' id='word_1_698' title='bbox 1365 4826 1419 4877; x_wconf 89' lang='lat'><strong>8.</strong></span> 
     </span>
    </p>
   </div>
   <div class='ocr_carea' id='block_1_93' title="bbox 586 4890 2092 4967">
    <p class='ocr_par' dir='ltr' id='par_1_93' title="bbox 586 4890 2092 4967">
     <span class='ocr_line' id='line_1_93' title="bbox 586 4890 2092 4967; baseline -0.009 -12"><span class='ocrx_word' id='word_1_699' title='bbox 586 4890 612 4941; x_wconf 60' lang='lat' dir='ltr'><strong>lt</strong></span> <span class='ocrx_word' id='word_1_700' title='bbox 635 4899 947 4967; x_wconf 82' lang='lat' dir='ltr'><strong>Suspicatur</strong></span> <span class='ocrx_word' id='word_1_701' title='bbox 967 4897 1198 4950; x_wconf 83' lang='lat' dir='ltr'><strong>Ortelius</strong></span> <span class='ocrx_word' id='word_1_702' title='bbox 1229 4895 1313 4967; x_wconf 82' lang='lat' dir='ltr'><strong>hic</strong></span> <span class='ocrx_word' id='word_1_703' title='bbox 1341 4894 1607 4967; x_wconf 73' lang='lat' dir='ltr'><strong>designari</strong></span> <span class='ocrx_word' id='word_1_704' title='bbox 1631 4890 1880 4967; x_wconf 72' lang='lat' dir='ltr'><strong>oppidum</strong></span> <span class='ocrx_word' id='word_1_705' title='bbox 1910 4890 2092 4967; x_wconf 64' lang='lat' dir='ltr'><strong>Baste-</strong></span> 
     </span>
    </p>
   </div>
   <div class='ocr_carea' id='block_1_94' title="bbox 514 4962 2096 5039">
    <p class='ocr_par' dir='ltr' id='par_1_94' title="bbox 514 4962 2096 5039">
     <span class='ocr_line' id='line_1_94' title="bbox 514 4962 2096 5039; baseline -0.011 -7"><span class='ocrx_word' id='word_1_706' title='bbox 514 4962 918 5039; x_wconf 37' lang='lat' dir='ltr'><strong>n‘acuqunod</strong></span> <span class='ocrx_word' id='word_1_707' title='bbox 959 4968 1145 5039; x_wconf 74' lang='lat' dir='ltr'><strong>iueulze</strong></span> <span class='ocrx_word' id='word_1_708' title='bbox 1181 4965 1336 5029; x_wconf 71' lang='lat' dir='ltr'><strong>vulgo</strong></span> <span class='ocrx_word' id='word_1_709' title='bbox 1370 4963 1647 5039; x_wconf 65' lang='lat' dir='ltr'><strong>Basluique</strong></span> <span class='ocrx_word' id='word_1_710' title='bbox 1690 4962 1989 5039; x_wconf 53' lang='lat' dir='ltr'><strong>appellant.</strong></span> <span class='ocrx_word' id='word_1_711' title='bbox 2033 4962 2096 5014; x_wconf 83' lang='lat' dir='ltr'><strong>Et</strong></span> 
     </span>
    </p>
   </div>
   <div class='ocr_carea' id='block_1_95' title="bbox 513 5032 2096 5114">
    <p class='ocr_par' dir='ltr' id='par_1_95' title="bbox 513 5032 2096 5114">
     <span class='ocr_line' id='line_1_95' title="bbox 513 5032 2096 5114; baseline -0.01 -15"><span class='ocrx_word' id='word_1_712' title='bbox 513 5032 729 5114; x_wconf 67' lang='lat' dir='ltr'><strong>quidem</strong></span> <span class='ocrx_word' id='word_1_713' title='bbox 760 5032 920 5096; x_wconf 78' lang='lat' dir='ltr'><strong>Gesta</strong></span> <span class='ocrx_word' id='word_1_714' title='bbox 951 5037 1322 5114; x_wconf 77' lang='lat' dir='ltr'><strong>episcoporum</strong></span> <span class='ocrx_word' id='word_1_715' title='bbox 1356 5033 1921 5114; x_wconf 54' lang='lat' dir='ltr'><strong>Autissiodorenfium,</strong></span> <span class='ocrx_word' id='word_1_716' title='bbox 1978 5032 2096 5114; x_wconf 70' lang='lat' dir='ltr'><strong>ip~o</strong></span> 
     </span>
    </p>
   </div>
   <div class='ocr_carea' id='block_1_96' title="bbox 518 5101 2097 5175">
    <p class='ocr_par' dir='ltr' id='par_1_96' title="bbox 518 5101 2097 5175">
     <span class='ocr_line' id='line_1_96' title="bbox 518 5101 2097 5175; baseline -0.013 -3"><span class='ocrx_word' id='word_1_717' title='bbox 518 5101 735 5175; x_wconf 44' lang='lat' dir='ltr'><strong>b’alesio</strong></span> <span class='ocrx_word' id='word_1_718' title='bbox 760 5101 1006 5168; x_wconf 70' lang='lat' dir='ltr'><strong>testante,</strong></span> <span class='ocrx_word' id='word_1_719' title='bbox 1046 5101 1342 5160; x_wconf 77' lang='lat' dir='ltr'><strong>Bostoniam</strong></span> <span class='ocrx_word' id='word_1_720' title='bbox 1370 5102 1544 5175; x_wconf 79' lang='lat' dir='ltr'><strong>villam</strong></span> <span class='ocrx_word' id='word_1_721' title='bbox 1572 5106 1722 5175; x_wconf 73' lang='lat' dir='ltr'><strong>sitam</strong></span> <span class='ocrx_word' id='word_1_722' title='bbox 1755 5103 1806 5153; x_wconf 79' lang='lat' dir='ltr'><strong>in</strong></span> <span class='ocrx_word' id='word_1_723' title='bbox 1833 5101 2097 5175; x_wconf 42' lang='lat' dir='ltr'><strong>salluii!&quot;-</strong></span> 
     </span>
    </p>
   </div>
   <div class='ocr_carea' id='block_1_97' title="bbox 520 5171 2100 5244">
    <p class='ocr_par' dir='ltr' id='par_1_97' title="bbox 520 5171 2100 5244">
     <span class='ocr_line' id='line_1_97' title="bbox 520 5171 2100 5244; baseline -0.01 -7"><span class='ocrx_word' id='word_1_724' title='bbox 520 5171 737 5242; x_wconf 61' lang='lat' dir='ltr'><strong>(inerma:</strong></span> <span class='ocrx_word' id='word_1_725' title='bbox 776 5190 1109 5242; x_wconf 83' lang='lat' dir='ltr'><strong>memorant,</strong></span> <span class='ocrx_word' id='word_1_726' title='bbox 1141 5193 1258 5244; x_wconf 76' lang='lat' dir='ltr'><strong>qure</strong></span> <span class='ocrx_word' id='word_1_727' title='bbox 1306 5177 1465 5226; x_wconf 85' lang='lat' dir='ltr'><strong>hodie</strong></span> <span class='ocrx_word' id='word_1_728' title='bbox 1495 5174 1630 5224; x_wconf 86' lang='lat' dir='ltr'><strong>haud</strong></span> <span class='ocrx_word' id='word_1_729' title='bbox 1665 5173 1842 5235; x_wconf 84' lang='lat' dir='ltr'><strong>procul</strong></span> <span class='ocrx_word' id='word_1_730' title='bbox 1871 5172 1940 5244; x_wconf 76' lang='lat' dir='ltr'><strong>ab</strong></span> <span class='ocrx_word' id='word_1_731' title='bbox 1972 5171 2100 5226; x_wconf 80' lang='lat' dir='ltr'><strong>Urta</strong></span> 
     </span>
    </p>
   </div>
   <div class='ocr_carea' id='block_1_98' title="bbox 520 5241 2104 5316">
    <p class='ocr_par' dir='ltr' id='par_1_98' title="bbox 520 5241 2104 5316">
     <span class='ocr_line' id='line_1_98' title="bbox 520 5241 2104 5316; baseline -0.012 -2"><span class='ocrx_word' id='word_1_732' title='bbox 520 5241 684 5314; x_wconf 72' lang='lat' dir='ltr'><strong>llatvio</strong></span> <span class='ocrx_word' id='word_1_733' title='bbox 704 5268 758 5309; x_wconf 75' lang='lat' dir='ltr'><strong>et</strong></span> <span class='ocrx_word' id='word_1_734' title='bbox 789 5254 1073 5308; x_wconf 75' lang='lat' dir='ltr'><strong>Arduenna</strong></span> <span class='ocrx_word' id='word_1_735' title='bbox 1102 5241 1231 5302; x_wconf 35' lang='lat' dir='ltr'><strong>sil-va</strong></span> <span class='ocrx_word' id='word_1_736' title='bbox 1258 5248 1426 5316; x_wconf 89' lang='lat' dir='ltr'><strong>posita</strong></span> <span class='ocrx_word' id='word_1_737' title='bbox 1445 5253 1547 5307; x_wconf 77' lang='lat' dir='ltr'><strong>e~t,</strong></span> <span class='ocrx_word' id='word_1_738' title='bbox 1580 5248 1628 5296; x_wconf 88' lang='lat' dir='ltr'><strong>in</strong></span> <span class='ocrx_word' id='word_1_739' title='bbox 1654 5244 1847 5296; x_wconf 67' lang='lat' dir='ltr'><strong>duoatu</strong></span> <span class='ocrx_word' id='word_1_740' title='bbox 1875 5241 2104 5295; x_wconf 61' lang='lat' dir='ltr'><strong>Lusum—</strong></span> 
     </span>
    </p>
   </div>
   <div class='ocr_carea' id='block_1_99' title="bbox 524 5327 792 5396">
    <p class='ocr_par' dir='ltr' id='par_1_99' title="bbox 524 5327 792 5396">
     <span class='ocr_line' id='line_1_99' title="bbox 524 5327 792 5396; baseline -0.015 -12"><span class='ocrx_word' id='word_1_741' title='bbox 524 5327 792 5396; x_wconf 78' lang='lat' dir='ltr'><strong>burgensi.</strong></span> 
     </span>
    </p>
   </div>
   <div class='ocr_carea' id='block_1_100' title="bbox 612 5386 1505 5462">
    <p class='ocr_par' dir='ltr' id='par_1_100' title="bbox 612 5386 1505 5462">
     <span class='ocr_line' id='line_1_100' title="bbox 612 5386 1505 5462; baseline -0.016 -10"><span class='ocrx_word' id='word_1_742' title='bbox 612 5386 806 5451; x_wconf 43' lang='lat' dir='ltr'><strong>c“Colit.</strong></span> <span class='ocrx_word' id='word_1_743' title='bbox 838 5412 910 5448; x_wconf 84' lang='lat' dir='ltr'><strong>nt.</strong></span> <span class='ocrx_word' id='word_1_744' title='bbox 938 5404 988 5445; x_wconf 82' lang='lat' dir='ltr'><strong>et</strong></span> <span class='ocrx_word' id='word_1_745' title='bbox 1015 5393 1223 5462; x_wconf 51' lang='lat' dir='ltr'><strong>Regni”</strong></span> <span class='ocrx_word' id='word_1_746' title='bbox 1262 5386 1505 5462; x_wconf 55' lang='lat' dir='ltr'><strong>Reooedii.</strong></span> 
     </span>
    </p>
   </div>
   <div class='ocr_carea' id='block_1_101' title="bbox 2200 4719 3744 4817">
    <p class='ocr_par' dir='ltr' id='par_1_101' title="bbox 2200 4719 3744 4817">
     <span class='ocr_line' id='line_1_101' title="bbox 2200 4719 3744 4817; baseline -0.005 -18"><span class='ocrx_word' id='word_1_747' title='bbox 2200 4719 2376 4817; x_wconf 54' lang='grc' dir='ltr'><strong>εἶ’ιίιῶ</strong></span> <span class='ocrx_word' id='word_1_748' title='bbox 2405 4719 2473 4798; x_wconf 46' lang='lat' dir='ltr'><strong>Vin</strong></span> <span class='ocrx_word' id='word_1_749' title='bbox 2520 4719 2868 4817; x_wconf 57' lang='lat' dir='ltr'><strong>Attsciensen&#39;t</strong></span> <span class='ocrx_word' id='word_1_750' title='bbox 2907 4738 3106 4817; x_wconf 35' lang='lat' dir='ltr'><strong>lurhem</strong></span> <span class='ocrx_word' id='word_1_751' title='bbox 3155 4719 3410 4817; x_wconf 55' lang='lat' dir='ltr'><strong>translata</strong></span> <span class='ocrx_word' id='word_1_752' title='bbox 3450 4719 3744 4817; x_wconf 36' lang='lat' dir='ltr'><strong>(‘38:;‘kfj&#39;if:</strong></span> 
     </span>
    </p>
   </div>
   <div class='ocr_carea' id='block_1_102' title="bbox 2198 4794 3747 4885">
    <p class='ocr_par' dir='ltr' id='par_1_102' title="bbox 2198 4794 3747 4885">
     <span class='ocr_line' id='line_1_102' title="bbox 2198 4794 3747 4885; baseline -0.02 -14"><span class='ocrx_word' id='word_1_753' title='bbox 2198 4794 2754 4885; x_wconf 39' lang='lat' dir='ltr'><strong>subscripsit-Cone“.</strong></span> <span class='ocrx_word' id='word_1_754' title='bbox 2802 4809 3092 4885; x_wconf 36' lang='lat' dir='ltr'><strong>Parishlv,</strong></span> <span class='ocrx_word' id='word_1_755' title='bbox 3124 4820 3211 4858; x_wconf 82' lang='lat' dir='ltr'><strong>an.</strong></span> <span class='ocrx_word' id='word_1_756' title='bbox 3264 4802 3395 4867; x_wconf 71' lang='lat'><strong>573,</strong></span> <span class='ocrx_word' id='word_1_757' title='bbox 3424 4804 3478 4851; x_wconf 81' lang='lat' dir='ltr'><strong>et</strong></span> <span class='ocrx_word' id='word_1_758' title='bbox 3508 4794 3693 4849; x_wconf 75' lang='lat' dir='ltr'><strong>Matise.</strong></span> <span class='ocrx_word' id='word_1_759' title='bbox 3710 4798 3747 4836; x_wconf 83' lang='grc' dir='ltr'><strong>-ιι</strong></span> 
     </span>
    </p>
   </div>
   <div class='ocr_carea' id='block_1_103' title="bbox 2202 4877 3534 4957">
    <p class='ocr_par' dir='ltr' id='par_1_103' title="bbox 2202 4877 3534 4957">
     <span class='ocr_line' id='line_1_103' title="bbox 2202 4877 3534 4957; baseline -0.009 -18"><span class='ocrx_word' id='word_1_760' title='bbox 2202 4902 2297 4957; x_wconf 89' lang='lat' dir='ltr'><strong>per</strong></span> <span class='ocrx_word' id='word_1_761' title='bbox 2325 4877 2477 4940; x_wconf 77' lang='lat' dir='ltr'><strong>suum</strong></span> <span class='ocrx_word' id='word_1_762' title='bbox 2512 4885 2760 4957; x_wconf 79' lang='lat' dir='ltr'><strong>missum,</strong></span> <span class='ocrx_word' id='word_1_763' title='bbox 2789 4877 3030 4957; x_wconf 77' lang='lat' dir='ltr'><strong>an_._</strong></span> <span class='ocrx_word' id='word_1_764' title='bbox 3095 4947 3106 4957; x_wconf 87' lang='lat'>_</span> <span class='ocrx_word' id='word_1_765' title='bbox 3212 4943 3225 4955; x_wconf 45' lang='grc'><strong>.</strong></span> <span class='ocrx_word' id='word_1_766' title='bbox 3375 4940 3387 4951; x_wconf 31' lang='grc' dir='ltr'><em>υ</em></span> <span class='ocrx_word' id='word_1_767' title='bbox 3458 4951 3479 4957; x_wconf 76' lang='lat'><em>_</em></span> <span class='ocrx_word' id='word_1_768' title='bbox 3522 4934 3534 4947; x_wconf 46' lang='lat'><em>.</em></span> 
     </span>
    </p>
   </div>
   <div class='ocr_carea' id='block_1_104' title="bbox 2276 4937 3745 5019">
    <p class='ocr_par' dir='ltr' id='par_1_104' title="bbox 2276 4937 3745 5019">
     <span class='ocr_line' id='line_1_104' title="bbox 2276 4937 3745 5019; baseline -0.018 -7"><span class='ocrx_word' id='word_1_769' title='bbox 2276 4937 2295 4996; x_wconf 56' lang='grc' dir='ltr'>ἶ</span> <span class='ocrx_word' id='word_1_770' title='bbox 2326 4937 2626 5011; x_wconf 55' lang='lat' dir='ltr'><strong>bertrantni</strong></span> <span class='ocrx_word' id='word_1_771' title='bbox 2668 4937 2823 5019; x_wconf 74' lang='lat' dir='ltr'><strong>hujus</strong></span> <span class='ocrx_word' id='word_1_772' title='bbox 2852 4943 3256 5019; x_wconf 63' lang='lat' dir='ltr'><strong>Burdegalensij</strong></span> <span class='ocrx_word' id='word_1_773' title='bbox 3300 4937 3745 5019; x_wconf 49' lang='lat' dir='ltr'><strong>epist&#39;ODi,‘£08_&#39;-.I‘</strong></span> 
     </span>
    </p>
   </div>
   <div class='ocr_carea' id='block_1_105' title="bbox 2199 5001 3750 5091">
    <p class='ocr_par' dir='ltr' id='par_1_105' title="bbox 2199 5001 3750 5091">
     <span class='ocr_line' id='line_1_105' title="bbox 2199 5001 3750 5091; baseline -0.015 -9"><span class='ocrx_word' id='word_1_774' title='bbox 2199 5001 2548 5088; x_wconf 55' lang='lat' dir='ltr'><strong>rum—inore,</strong></span> <span class='ocrx_word' id='word_1_775' title='bbox 2586 5001 3156 5091; x_wconf 46' lang='lat' dir='ltr'><strong>laudes—prosequitur</strong></span> <span class='ocrx_word' id='word_1_776' title='bbox 3207 5001 3532 5067; x_wconf 80' lang='lat' dir='ltr'><strong>Fortunatus</strong></span> <span class='ocrx_word' id='word_1_777' title='bbox 3574 5001 3656 5055; x_wconf 90' lang='lat' dir='ltr'><strong>lib.</strong></span> <span class='ocrx_word' id='word_1_778' title='bbox 3685 5009 3750 5058; x_wconf 87' lang='lat' dir='ltr'><strong>nn</strong></span> 
     </span>
    </p>
   </div>
   <div class='ocr_carea' id='block_1_106' title="bbox 2202 5095 2654 5154">
    <p class='ocr_par' dir='ltr' id='par_1_106' title="bbox 2202 5095 2654 5154">
     <span class='ocr_line' id='line_1_106' title="bbox 2202 5095 2654 5154; baseline -0.02 0"><span class='ocrx_word' id='word_1_779' title='bbox 2202 5098 2460 5154; x_wconf 73' lang='lat' dir='ltr'><strong>carm.20</strong></span> <span class='ocrx_word' id='word_1_780' title='bbox 2488 5106 2538 5150; x_wconf 91' lang='lat' dir='ltr'><strong>et</strong></span> <span class='ocrx_word' id='word_1_781' title='bbox 2564 5095 2654 5147; x_wconf 72' lang='lat'><strong>2|.</strong></span> 
     </span>
    </p>
   </div>
   <div class='ocr_carea' id='block_1_107' title="bbox 2278 5144 3753 5231">
    <p class='ocr_par' dir='ltr' id='par_1_107' title="bbox 2278 5144 3753 5231">
     <span class='ocr_line' id='line_1_107' title="bbox 2278 5144 3753 5231; baseline -0.02 -8"><span class='ocrx_word' id='word_1_782' title='bbox 2278 5144 2861 5231; x_wconf 25' lang='lat' dir='ltr'><strong>ilv‘lluj&#39;usreneomium</strong></span> <span class='ocrx_word' id='word_1_783' title='bbox 2917 5158 3130 5229; x_wconf 83' lang='lat' dir='ltr'><strong>scripsit</strong></span> <span class='ocrx_word' id='word_1_784' title='bbox 3187 5156 3468 5210; x_wconf 89' lang='lat' dir='ltr'><strong>Fortunat.</strong></span> <span class='ocrx_word' id='word_1_785' title='bbox 3518 5144 3606 5199; x_wconf 66' lang='grc' dir='ltr'><strong>ιιι».</strong></span> <span class='ocrx_word' id='word_1_786' title='bbox 3659 5148 3753 5195; x_wconf 71' lang='lat' dir='ltr'><strong>VII.</strong></span> 
     </span>
    </p>
   </div>
   <div class='ocr_carea' id='block_1_108' title="bbox 2285 5275 3757 5370">
    <p class='ocr_par' dir='ltr' id='par_1_108' title="bbox 2285 5275 3757 5370">
     <span class='ocr_line' id='line_1_108' title="bbox 2285 5275 3757 5370; baseline -0.02 -8"><span class='ocrx_word' id='word_1_787' title='bbox 2285 5275 2391 5361; x_wconf 59' lang='grc' dir='ltr'><strong>ῒίἕι</strong></span> <span class='ocrx_word' id='word_1_788' title='bbox 2411 5275 2565 5361; x_wconf 66' lang='grc' dir='ltr'><strong>ἴίοιι).</strong></span> <span class='ocrx_word' id='word_1_789' title='bbox 2617 5321 2691 5359; x_wconf 82' lang='grc' dir='ltr'><strong>ιη.</strong></span> <span class='ocrx_word' id='word_1_790' title='bbox 2719 5313 2768 5357; x_wconf 89' lang='lat' dir='ltr'><strong>et</strong></span> <span class='ocrx_word' id='word_1_791' title='bbox 2800 5277 3012 5370; x_wconf 76' lang='lat' dir='ltr'><strong>Begm.,</strong></span> <span class='ocrx_word' id='word_1_792' title='bbox 3060 5282 3659 5370; x_wconf 62' lang='lat' dir='ltr'><strong>Sabius.__Bec.,Saitts</strong></span> <span class='ocrx_word' id='word_1_793' title='bbox 3687 5276 3757 5370; x_wconf 54' lang='grc' dir='ltr'><strong>ξς.</strong></span> 
     </span>
    </p>
   </div>
   <div class='ocr_carea' id='block_1_109' title="bbox 2218 5360 3757 5501">
    <p class='ocr_par' dir='ltr' id='par_1_109' title="bbox 2218 5360 3757 5501">
     <span class='ocr_line' id='line_1_109' title="bbox 2218 5360 3757 5501; baseline -0.012 -69"><span class='ocrx_word' id='word_1_794' title='bbox 2218 5382 2543 5501; x_wconf 51' lang='lat' dir='ltr'><strong>titéllrogalur.</strong></span> <span class='ocrx_word' id='word_1_795' title='bbox 2586 5376 2812 5431; x_wconf 84' lang='lat' dir='ltr'><strong>Faustus</strong></span> <span class='ocrx_word' id='word_1_796' title='bbox 2842 5360 3085 5427; x_wconf 62' lang='lat' dir='ltr'><strong>ititerfuit</strong></span> <span class='ocrx_word' id='word_1_797' title='bbox 3121 5366 3324 5425; x_wconf 88' lang='lat' dir='ltr'><strong>Concil.</strong></span> <span class='ocrx_word' id='word_1_798' title='bbox 3371 5362 3570 5417; x_wconf 78' lang='lat' dir='ltr'><strong>Matisc.</strong></span> <span class='ocrx_word' id='word_1_799' title='bbox 3603 5365 3653 5415; x_wconf 72' lang='lat' dir='ltr'><strong>tt.</strong></span> <span class='ocrx_word' id='word_1_800' title='bbox 3686 5360 3757 5397; x_wconf 74' lang='grc' dir='ltr'><strong>³¹³ο</strong></span> 
     </span>
     <span class='ocr_line' id='line_1_110' title="bbox 2219 5470 3757 5501; baseline -0.008 0"><span class='ocrx_word' id='word_1_801' title='bbox 2219 5486 2237 5501; x_wconf 71' lang='grc' dir='ltr'>ι</span> <span class='ocrx_word' id='word_1_802' title='bbox 2293 5470 2344 5501; x_wconf 74' lang='grc' dir='ltr'><strong>ἱ).</strong></span> <span class='ocrx_word' id='word_1_803' title='bbox 3751 5478 3757 5489; x_wconf 73' lang='grc' dir='ltr'>ι</span> 
     </span>
    </p>
   </div>
   <div class='ocr_carea' id='block_1_110' title="bbox 608 5451 2110 5524">
    <p class='ocr_par' dir='ltr' id='par_1_110' title="bbox 608 5451 2110 5524">
     <span class='ocr_line' id='line_1_111' title="bbox 608 5451 2110 5524; baseline -0.013 -2"><span class='ocrx_word' id='word_1_804' title='bbox 608 5466 797 5521; x_wconf 76' lang='lat' dir='ltr'><strong>dEditi</strong></span> <span class='ocrx_word' id='word_1_805' title='bbox 839 5476 893 5517; x_wconf 88' lang='lat' dir='ltr'><strong>et</strong></span> <span class='ocrx_word' id='word_1_806' title='bbox 938 5451 1121 5524; x_wconf 42' lang='lat' dir='ltr'><strong>nec,&quot;</strong></span> <span class='ocrx_word' id='word_1_807' title='bbox 1143 5458 1590 5512; x_wconf 70' lang='lat' dir='ltr'><strong>Descendentitus.</strong></span> <span class='ocrx_word' id='word_1_808' title='bbox 1642 5453 1706 5505; x_wconf 83' lang='lat' dir='ltr'><strong>Et</strong></span> <span class='ocrx_word' id='word_1_809' title='bbox 1735 5452 1956 5524; x_wconf 85' lang='lat' dir='ltr'><strong>quidem</strong></span> <span class='ocrx_word' id='word_1_810' title='bbox 2002 5451 2110 5504; x_wconf 89' lang='lat' dir='ltr'><strong>for-</strong></span> 
     </span>
    </p>
   </div>
   <div class='ocr_carea' id='block_1_111' title="bbox 534 5523 2109 5593">
    <p class='ocr_par' dir='ltr' id='par_1_111' title="bbox 534 5523 2109 5593">
     <span class='ocr_line' id='line_1_112' title="bbox 534 5523 2109 5593; baseline -0.014 0"><span class='ocrx_word' id='word_1_811' title='bbox 534 5548 676 5593; x_wconf 80' lang='lat' dir='ltr'><strong>tasse</strong></span> <span class='ocrx_word' id='word_1_812' title='bbox 705 5523 1136 5588; x_wconf 71' lang='lat' dir='ltr'><strong>descendendum</strong></span> <span class='ocrx_word' id='word_1_813' title='bbox 1181 5539 1296 5584; x_wconf 83' lang='lat' dir='ltr'><strong>erat</strong></span> <span class='ocrx_word' id='word_1_814' title='bbox 1333 5527 1582 5581; x_wconf 88' lang='lat' dir='ltr'><strong>adeundo</strong></span> <span class='ocrx_word' id='word_1_815' title='bbox 1615 5523 1883 5576; x_wconf 83' lang='lat' dir='ltr'><strong>basilicam</strong></span> <span class='ocrx_word' id='word_1_816' title='bbox 1924 5533 2109 5575; x_wconf 83' lang='lat' dir='ltr'><strong>extra-</strong></span> 
     </span>
    </p>
   </div>
   <div class='ocr_carea' id='block_1_112' title="bbox 538 5594 2111 5670">
    <p class='ocr_par' dir='ltr' id='par_1_112' title="bbox 538 5594 2111 5670">
     <span class='ocr_line' id='line_1_113' title="bbox 538 5594 2111 5670; baseline -0.013 -7"><span class='ocrx_word' id='word_1_817' title='bbox 538 5622 835 5663; x_wconf 80' lang='lat' dir='ltr'><strong>mnrauam.</strong></span> <span class='ocrx_word' id='word_1_818' title='bbox 869 5606 919 5656; x_wconf 90' lang='lat' dir='ltr'><strong>in</strong></span> <span class='ocrx_word' id='word_1_819' title='bbox 952 5620 1050 5670; x_wconf 88' lang='lat' dir='ltr'><strong>qua</strong></span> <span class='ocrx_word' id='word_1_820' title='bbox 1097 5601 1263 5655; x_wconf 84' lang='lat' dir='ltr'><strong>sancti</strong></span> <span class='ocrx_word' id='word_1_821' title='bbox 1300 5598 1520 5661; x_wconf 69' lang='lat' dir='ltr'><strong>Remigii</strong></span> <span class='ocrx_word' id='word_1_822' title='bbox 1564 5594 1829 5670; x_wconf 77' lang='lat' dir='ltr'><strong>festivitas</strong></span> <span class='ocrx_word' id='word_1_823' title='bbox 1866 5594 2111 5646; x_wconf 88' lang='lat' dir='ltr'><strong>celebra-</strong></span> 
     </span>
    </p>
   </div>
   <div class='ocr_carea' id='block_1_113' title="bbox 535 5665 2111 5738">
    <p class='ocr_par' dir='ltr' id='par_1_113' title="bbox 535 5665 2111 5738">
     <span class='ocr_line' id='line_1_114' title="bbox 535 5665 2111 5738; baseline -0.013 -4"><span class='ocrx_word' id='word_1_824' title='bbox 535 5681 709 5738; x_wconf 80' lang='lat' dir='ltr'><strong>batur.</strong></span> <span class='ocrx_word' id='word_1_825' title='bbox 745 5676 874 5730; x_wconf 81' lang='lat' dir='ltr'><strong>Nam</strong></span> <span class='ocrx_word' id='word_1_826' title='bbox 903 5683 957 5725; x_wconf 76' lang='lat' dir='ltr'><strong>ot</strong></span> <span class='ocrx_word' id='word_1_827' title='bbox 972 5665 1207 5725; x_wconf 69' lang='lat' dir='ltr'><strong>ecclesia</strong></span> <span class='ocrx_word' id='word_1_828' title='bbox 1234 5669 1557 5723; x_wconf 75' lang='lat' dir='ltr'><strong>rathedmlis</strong></span> <span class='ocrx_word' id='word_1_829' title='bbox 1592 5665 1751 5719; x_wconf 88' lang='lat' dir='ltr'><strong>etiam</strong></span> <span class='ocrx_word' id='word_1_830' title='bbox 1784 5678 1925 5716; x_wconf 90' lang='lat' dir='ltr'><strong>nunc</strong></span> <span class='ocrx_word' id='word_1_831' title='bbox 1950 5676 2111 5730; x_wconf 87' lang='lat' dir='ltr'><strong>supra</strong></span> 
     </span>
    </p>
   </div>
   <div class='ocr_carea' id='block_1_114' title="bbox 531 5747 1028 5810">
    <p class='ocr_par' dir='ltr' id='par_1_114' title="bbox 531 5747 1028 5810">
     <span class='ocr_line' id='line_1_115' title="bbox 531 5747 1028 5810; baseline -0.032 -1"><span class='ocrx_word' id='word_1_832' title='bbox 531 5760 769 5810; x_wconf 79' lang='lat' dir='ltr'><strong>tuentem</strong></span> <span class='ocrx_word' id='word_1_833' title='bbox 800 5747 895 5798; x_wconf 87' lang='lat' dir='ltr'><strong>sita</strong></span> <span class='ocrx_word' id='word_1_834' title='bbox 925 5752 1028 5797; x_wconf 87' lang='lat' dir='ltr'><strong>est.</strong></span> 
     </span>
    </p>
   </div>
   <div class='ocr_carea' id='block_1_115' title="bbox 608 5803 2110 5879">
    <p class='ocr_par' dir='ltr' id='par_1_115' title="bbox 608 5803 2110 5879">
     <span class='ocr_line' id='line_1_116' title="bbox 608 5803 2110 5879; baseline -0.013 -3"><span class='ocrx_word' id='word_1_835' title='bbox 608 5803 638 5861; x_wconf 50' lang='grc' dir='ltr'><strong>ἓ</strong></span> <span class='ocrx_word' id='word_1_836' title='bbox 666 5819 723 5875; x_wconf 89' lang='lat' dir='ltr'><strong>Id</strong></span> <span class='ocrx_word' id='word_1_837' title='bbox 750 5826 830 5874; x_wconf 86' lang='lat' dir='ltr'><strong>est</strong></span> <span class='ocrx_word' id='word_1_838' title='bbox 873 5815 1155 5869; x_wconf 84' lang='lat' dir='ltr'><strong>Elusanus.</strong></span> <span class='ocrx_word' id='word_1_839' title='bbox 1187 5808 1368 5876; x_wconf 86' lang='lat' dir='ltr'><strong>Elusa,</strong></span> <span class='ocrx_word' id='word_1_840' title='bbox 1414 5810 1571 5879; x_wconf 82' lang='lat' dir='ltr'><strong>vulgo</strong></span> <span class='ocrx_word' id='word_1_841' title='bbox 1600 5807 1791 5865; x_wconf 79' lang='lat' dir='ltr'><strong>Eause.</strong></span> <span class='ocrx_word' id='word_1_842' title='bbox 1833 5807 1959 5862; x_wconf 89' lang='lat' dir='ltr'><strong>olim</strong></span> <span class='ocrx_word' id='word_1_843' title='bbox 2004 5803 2110 5858; x_wconf 52' lang='lat' dir='ltr'><strong>Nov</strong></span> 
     </span>
    </p>
   </div>
   <div class='ocr_carea' id='block_1_116' title="bbox 2304 5478 3767 5581">
    <p class='ocr_par' dir='ltr' id='par_1_116' title="bbox 2304 5478 3767 5581">
     <span class='ocr_line' id='line_1_117' title="bbox 2304 5478 3767 5581; baseline -0.02 -8"><span class='ocrx_word' id='word_1_844' title='bbox 2304 5478 2489 5573; x_wconf 48' lang='lat' dir='ltr'><strong>ihlnter</strong></span> <span class='ocrx_word' id='word_1_845' title='bbox 2530 5526 2811 5581; x_wconf 88' lang='lat' dir='ltr'><strong>utrumque</strong></span> <span class='ocrx_word' id='word_1_846' title='bbox 2858 5512 3019 5581; x_wconf 75' lang='lat' dir='ltr'><strong>aliqui</strong></span> <span class='ocrx_word' id='word_1_847' title='bbox 3070 5478 3767 5581; x_wconf 36' lang='lat' dir='ltr'><strong>locant_Theofrid‘uttt.“</strong></span> 
     </span>
    </p>
   </div>
   <div class='ocr_carea' id='block_1_117' title="bbox 2224 5563 3769 5655">
    <p class='ocr_par' dir='ltr' id='par_1_117' title="bbox 2224 5563 3769 5655">
     <span class='ocr_line' id='line_1_118' title="bbox 2224 5563 3769 5655; baseline -0.013 -12"><span class='ocrx_word' id='word_1_848' title='bbox 2224 5594 2359 5644; x_wconf 78' lang='lat' dir='ltr'><strong>forte</strong></span> <span class='ocrx_word' id='word_1_849' title='bbox 2398 5563 2701 5655; x_wconf 74' lang='lat' dir='ltr'><strong>aliquandiu</strong></span> <span class='ocrx_word' id='word_1_850' title='bbox 2727 5563 3314 5655; x_wconf 41' lang='lat' dir='ltr'><strong>bit—cupaveril.</strong></span> <span class='ocrx_word' id='word_1_851' title='bbox 3352 5563 3769 5655; x_wconf 67' lang='lat' dir='ltr'><strong>Hinc</strong></span> 
     </span>
    </p>
   </div>
   <div class='ocr_carea' id='block_1_118' title="bbox 2223 5633 3768 5783">
    <p class='ocr_par' dir='ltr' id='par_1_118' title="bbox 2223 5633 3768 5783">
     <span class='ocr_line' id='line_1_119' title="bbox 2223 5633 3768 5783; baseline -0.017 -68"><span class='ocrx_word' id='word_1_852' title='bbox 2223 5633 2846 5783; x_wconf 37' lang='lat' dir='ltr'><strong>mutbo</strong></span> <span class='ocrx_word' id='word_1_853' title='bbox 2868 5633 3214 5726; x_wconf 32' lang='lat' dir='ltr'><strong>I-praicedcu&#39;i</strong></span> <span class='ocrx_word' id='word_1_854' title='bbox 3268 5644 3545 5710; x_wconf 67' lang='lat' dir='ltr'><strong>cousiguat</strong></span> <span class='ocrx_word' id='word_1_855' title='bbox 3574 5633 3659 5687; x_wconf 83' lang='lat' dir='ltr'><strong>lib.</strong></span> <span class='ocrx_word' id='word_1_856' title='bbox 3690 5638 3768 5688; x_wconf 67' lang='grc' dir='ltr'><strong>νιιο</strong></span> 
     </span>
     <span class='ocr_line' id='line_1_120' title="bbox 2223 5748 2419 5783; baseline 0 0"><span class='ocrx_word' id='word_1_857' title='bbox 2223 5748 2337 5783; x_wconf 75' lang='lat' dir='ltr'><strong>cali.</strong></span> <span class='ocrx_word' id='word_1_858' title='bbox 2401 5767 2419 5783; x_wconf 90' lang='lat'><strong>.</strong></span> 
     </span>
    </p>
   </div>
   <div class='ocr_carea' id='block_1_119' title="bbox 2220 5748 2419 5805">
    <p class='ocr_par' dir='ltr' id='par_1_119' title="bbox 2220 5748 2419 5805">
     <span class='ocr_line' id='line_1_121' title="bbox 2220 5748 2419 5805; baseline 0.01 -22"><span class='ocrx_word' id='word_1_859' title='bbox 2220 5748 2337 5800; x_wconf 80' lang='lat' dir='ltr'><strong>cup.</strong></span> <span class='ocrx_word' id='word_1_860' title='bbox 2354 5748 2419 5805; x_wconf 41' lang='lat'><strong>‘1.</strong></span> 
     </span>
    </p>
   </div>
  </div>
