3920 6188
264 323 370 379 655

1159 312 1470 373 HISTORIA
1514 304 1954 370 FRANCORUM.
2003 303 2197 361 LIBER
2235 307 2571 366 OCTAVUS.

3428 317 3540 373 ιστῖ

265 434 785 494 festimcmittcbant
832 434 1101 503 spiritum.
1150 432 1462 487 urebantur.
1507 428 1866 501 Itedactisxue
1896 425 1938 480 Α
1972 438 2194 481 matrem
2251 428 2396 497 ejus,
2455 430 2705 483 velociter
2752 429 3071 493 interimite,
3126 439 3179 484 et
3233 445 3353 485 cntn
3412 447 3535 497 rege

261 529 517 585 omnibus
548 545 594 583 ,ιλ
619 527 873 592 favillam,
919 534 1110 579 cuncta
1144 537 1293 579 mare
1318 522 1549 592 operuit.
1584 520 1700 575 Fert
1724 528 1850 573 nant

263 624 433 679 etiam
465 620 620 674 multi
651 619 821 687 signa,
868 632 988 684 qua:
1016 615 1262 685 superius
1294 628 1392 668 nos
1420 614 1619 667 vidisse
1658 622 1852 665 octavo

263 729 455 770 tuense
493 725 825 766 narravrmus
858 709 1011 777 (Cap.
1039 708 1071 762 8
1098 716 1144 761 et
1177 706 1285 776 17),
1318 704 1470 774 quasi
1497 703 1711 759 arderet
1736 716 1861 757 (ιω-η

261 804 399 867 lum,
427 817 491 857 ex
522 800 679 869 hujus
701 798 930 853 incendii
952 796 1239 866 splendore
1265 794 1449 850 fuisse.

339 892 511 947 XXV.
555 888 612 944 In
639 890 740 944 alia
770 902 900 942 vero
928 886 1101 941 insula
1121 926 1138 949 ,
1182 902 1303 953 qua:
1328 894 1409 939 est
1441 883 1679 952 proxima
1725 881 1852 936 civi-

262 986 358 1039 tati
390 984 699 1059 yencticaz.
740 990 857 1037 erat
909 989 1157 1049 stagnum
1208 978 1463 1043 validum,
1512 976 1852 1044 piscibusque

261 1078 548 1140 refertum,
592 1074 732 1144 quod
772 1073 826 1127 in
864 1074 1022 1126 unius
1073 1073 1211 1125 ulnae
1249 1068 1580 1124 altitudinem
1630 1082 1851 1121 conver-

259 1186 383 1223 sum
416 1178 501 1224 est
530 1169 582 1221 in
612 1181 858 1221 cruorem
890 1183 903 1218 :
935 1167 1007 1219 ita
1035 1179 1131 1234 per
1159 1164 1275 1217 dies
1305 1164 1501 1215 multos
1528 1168 1851 1229 congregata

260 1276 462 1314 cauum
507 1268 668 1327 atque
709 1257 887 1312 avium
935 1253 1328 1310 inaestimabilis
1367 1250 1670 1313 multitudo,
1722 1263 1851 1303 san-

262 1352 483 1422 guinem
518 1351 659 1404 hunc
679 1347 942 1412 lambens,
972 1345 1160 1401 satiata
1191 1344 1402 1399 redibat
1426 1342 1476 1396 in
1507 1355 1812 1409 vesperum.

340 1442 535 1498 XXVI.
582 1440 862 1500 Turonieis
915 1454 1045 1493 vero
1087 1448 1247 1491 atoue
1290 1433 1520 1489 Pictavis
1580 1430 1856 1485 Ennodius

262 1535 373 1589 dux
407 1535 566 1588 Jatus
608 1544 709 1586 est.
755 1529 1000 1585 Berulfus
1033 1538 1058 1564 ι
1089 1538 1267 1582 autem
1298 1526 1386 1593 qui
1429 1525 1514 1579 his
1550 1521 1855 1579 civitatibus

262 1635 389 1680 ante
435 1623 754 1685 nrzefuerat,
802 1634 897 1688 pro
941 1618 1218 1673 thesauris
1258 1614 1511 1683 Sigiberti
1550 1611 1691 1682 regis
1720 1626 1856 1681 quos

262 1722 404 1774 clam
440 1715 757 1777 abstulerat.
785 1728 907 1767 cum
937 1711 1243 1782 Arnegisilo
1270 1710 1420 1764 socio
1447 1718 1728 1777 suspectus
1760 1708 1855 1760 ha-

1954 521 2357 577 Guntchratnno
2406 537 2588 589 pacem
2637 522 2803 589 inite,
2857 538 3019 587 quam
3066 522 3301 590 praemiis
3352 523 3533 577 multis

1952 614 2204 669 eoeniite.
2246 614 2318 669 Et
2358 615 2403 669 si
2452 616 2605 670 vobis
2645 616 2821 669 minus
2862 627 2943 689 est
2991 617 3237 671 fortassis
3267 619 3528 684 pecuniae,

1954 719 2052 760 nos
2071 706 2206 760 clam
2233 706 2523 771 mittimus;
2564 715 2766 761 tantum
2790 717 2844 761 ut
2870 707 3010 777 quod
3039 708 3269 776 petimus
3298 708 3530 777 implea-

1953 800 2042 853 tis.
2077 799 2208 854 Cum
2254 809 2432 856 autem
2481 800 2549 854 de
2592 800 2822 854 inimicis
2862 803 3063 853 nostris
3102 800 3193 853 ulti
3249 800 3529 863 fuerimus,

1952 903 2078 947 tunc
2120 894 2333 948 Amelio
2358 893 2613 961 episc0po
2646 908 2709 947 ac
2749 892 2941 947 Leubte
2974 902 3231 945 matrome
3261 892 3397 945 bona
3429 891 3526 944 tri-

1952 986 2177 1051 buiteK,
2209 1001 2302 1053 per
2350 999 2483 1052 quos
2524 984 2704 1039 missis
2754 985 2949 1037 nostris
2984 984 3049 1036 ad
3101 998 3194 1036 vos
3240 983 3528 1037 accedendi

1953 1078 2128 1133 aditus
2178 1086 2467 1133 reseratur.
2516 1077 2694 1132 Leuba
2726 1078 2869 1132 enim
2913 1084 2998 1129 est
3040 1089 3230 1129 socrus
3271 1074 3532 1129 Bladasds

1951 1170 2123 1224 ducis.

2024 1262 2215 1316 XXIX.
2247 1262 2312 1315 Et
2338 1263 2462 1315 licet
2488 1262 2601 1316 l::cc
2628 1261 2694 1315 ad
2722 1259 3185 1317 Guntchramnum
3214 1274 3390 1329 regem
3422 1274 3550 1325 per-

1953 1354 2081 1419 lata,
2107 1364 2161 1409 et
2190 1354 2368 1422 nepoti
2400 1354 2516 1422 ejus
2544 1353 2885 1408 Childeherto
2909 1352 2960 1406 in
2994 1351 3232 1405 notit'atn
3264 1351 3384 1405 data
3413 1350 3536 1403 fuit--

1952 1458 2105 1513 sent,
2139 1457 2315 1502 tamen
2360 1446 2724 1516 Fredegundis
2753 1445 2887 1499 duos
2923 1445 3125 1498 cultros
3168 1443 3370 1497 ferreos
3419 1442 3535 1495 ﬁeri

1954 1539 2210 1611 praacepit
2256 1556 2270 1594 :
2318 1555 2455 1609 quos
2494 1541 2655 1594 etiam
2686 1537 2965 1591 charaxari
2996 1535 3333 1604 profundius,
3363 1543 3416 1589 et
3446 1549 3537 1588 ve-

1955 1647 2096 1685 neno
2127 1631 2265 1685 infici
2293 1631 2549 1697 iusserat,
2570 1628 2777 1683 scilicet
2802 1628 2846 1682 si
2881 1626 3117 1681 mortalis
3148 1626 3377 1679 assultus
3399 1625 3538 1678 vita-

1960 1723 2039 1777 les
2088 1737 2195 1776 non
2239 1722 2556 1775 dissolveret
2603 1721 2785 1784 fibras,
2815 1719 2898 1773 vel
2944 1718 3055 1785 ipsa
3089 1716 3276 1771 veneni
3320 1714 3541 1769 iufectio

263 1809 516 1864 hebatur.
556 1806 655 1874 Qui
695 1820 817 1860 cuin
861 1804 1002 1858 hunc
1033 1802 1284 1858 ducatum
1318 1801 1370 1854 in
1420 1798 1742 1866 supradictis
1764 1814 1855 1850 nr-
1887 1785 1931 1844 Β
1959 1814 2121 1868 vim",
2154 1822 2336 1882 posset
2365 1812 2602 1867 velocius
2632 1818 2975 1878 cumquem.
3004 1809 3147 1874 Quos
3175 1807 3375 1861 cultros
3405 1806 3540 1859 dum,

261 1902 425 1955 bibus
463 1908 761 1968 expeteret,
817 1912 846 1950 a
899 1894 1214 1963 Rauchingo
1238 1891 1267 1930 δ
1297 1892 1433 1947 duce
1473 1891 1615 1946 farto
1642 1890 1858 1959 ingenio

261 2013 387 2052 cum
439 1998 675 2051 satellite
720 1993 987 2063 alligatur.
1045 1990 1154 2046 Nec
1183 2003 1355 2053 mora,
1394 1988 1543 2043 missi
1569 1988 1636 2041 ad
1666 1987 1858 2042 domos

267 2105 464 2146 eorum
498 2088 648 2158 pueri
678 2086 917 2155 expilant
944 2084 1123 2137 omnia
1147 2122 1165 2145 ,
1208 2081 1373 2136 multa
1418 2079 1488 2135 ibi
1519 2079 1588 2133 de
1612 2079 1859 2148 proprio,

265 2181 530 2238 nonnulla
558 2181 627 2235 de
653 2177 942 2234 antedictis
969 2176 1237 2230 thesauris
1279 2182 1407 2229 sunt
1445 2180 1659 2241 reperta
1694 2184 1857 2240 :quai

264 2275 453 2329 omnia
481 2272 549 2349 ad
578 2269 982 2327 Childehertutn
1013 2282 1197 2337 regem
1229 2265 1407 2321 delata
1438 2273 1581 2319 sunt.
1614 2262 1861 2333 Cumque

264 2367 315 2422 in
343 2368 451 2419 hoc
481 2379 569 2419 res
591 2371 847 2433 ageretur
866 2404 879 2423 .
922 2369 974 2415 ut
1007 2359 1222 2431 gladius
1249 2358 1515 2413 cervicem
1560 2357 1858 2424 decideret,

265 2458 573 2511 interventu
592 2454 967 2522 episcoporum
983 2451 1204 2505 obtenta
1227 2450 1333 2503 vita
1352 2449 1515 2503 laxati
1531 2456 1654 2501 sunt
1685 2464 1699 2501 :
1725 2445 1857 2500 nihil

268 2557 453 2603 tamen
501 2547 570 2602 de
623 2546 704 2599 his
742 2559 863 2614 quze
908 2544 989 2599 eis
1016 2541 1191 2597 ablata
1250 2541 1466 2596 fuerant
1516 2540 1861 2603 recipientes.

338 2636 559 2693 XXVII.
594 2634 899 2689 Desiderius
924 2649 1053 2705 vero
1078 2632 1184 2687 dux
1207 2647 1329 2687 cum
1352 2631 1619 2701 aliquibus
1649 2631 1864 2700 episco-

267 2732 377 2801 pis,
422 2738 479 2784 et
510 2727 703 2783 Aredio
745 2726 940 2780 abbate
964 2726 1052 2781 vel
1078 2725 1345 2790 Antesuo,
1376 2724 1444 2779 ad
1475 2712 1652 2794 regem
1686 2723 1860 2777 Cunt-

269 2824 592 2877 cliramnum
626 2819 953 2890 properavit.
1000 2817 1106 2873 Sed
1134 2832 1258 2873 cum
1286 2831 1407 2872 eum
1428 2812 1531 2871 rex
1571 2828 1713 2884 aegre
1751 2812 1862 2868 vel-

270 2914 345 2969 let
376 2913 654 2982 accipere,
686 2911 857 2964 victus
887 2909 1139 2979 precibus
1168 2908 1506 2964 sacerdotum
1550 2907 1602 2960 in
1630 2906 1859 2975 gratiam

272 3019 433 3058 suam
484 3002 708 3073 recepit.
749 3001 901 3055 'l‘unc
948 3002 1022 3056 ibi
1071 3000 1311 3056 Eulalius
1352 2999 1522 3053 adfuit
1566 2999 1717 3063 quasi
1762 3011 1863 3066 pro

273 3098 547 3168 conjuge,
599 3110 718 3165 quae
765 3110 888 3150 eum
942 3101 1257 3164 spreverat,
1307 3103 1360 3148 et
1404 3092 1470 3147 ad
1523 3090 1858 3146 Desiderium

275 3191 588 3253 transierat,
609 3200 929 3244 causaturus
949 3190 969 3212 ‘
1000 3203 1015 3240 :
1058 3187 1152 3243 sed
1175 3187 1231 3241 in
1259 3185 1539 3240 ridiculum
1569 3193 1620 3239 et
1643 3182 1859 3238 humili-

278 3290 455 3336 tatem
480 3281 751 3342 redactus,
796 3278 964 3334 siluit.
997 3277 1304 3333 Desiderius
1330 3292 1459 3331 vero
1488 3287 1867 3331 remuneratus

277 3387 306 3425 a
329 3385 479 3439 rege,
513 3386 629 3425 cum
651 3369 823 3439 gratia
846 3376 928 3423 est
954 3381 1227 3423 reversus.

353 3460 821 3532 XXVllngitur,
865 3468 924 3513 ut
962 3459 1209 3527 superius
1245 3458 1506 3526 diximus,
1548 3456 1805 3527 lngundis
1833 3472 1865 3511 a

278 3554 401 3606 viro
430 3567 553 3605 cum
585 3550 921 3620 imperatoris
950 3548 1187 3604 exercitu
1216 3548 1496 3615 derelicta,
1538 3547 1665 3603 dum
1697 3548 1764 3603 ad
1787 3549 1867 3618 ip-

280 3660 403 3699 sum
433 3644 595 3714 397
620 3644 913 3711 principem
939 3657 1060 3696 cum
1086 3643 1194 3696 filio
1226 3642 1448 3712 parvulo
1476 3642 1785 3707 duceretur,
1810 3642 1865 3696 iu

280 3738 465 3793 Africa
504 3736 751 3791 defuncta
795 3746 879 3789 est
927 3744 979 3790 et
1027 3736 1258 3803 sepulta.
1313 3735 1690 3791 Leuvichildus
1734 3750 1867 3790 vero

281 3826 755 3897 Ilermenegildum
788 3827 956 3881 lilium
984 3841 1160 3891 suum,
1192 3842 1350 3895 quem
1381 3827 1650 3883 ante-dicta
1676 3828 1869 3884 mulier

283 3918 493 3982 habuit,
526 3920 681 3971 morti
713 3916 932 3972 tradidit
956 3916 1007 3970 ά.
1036 3917 1243 3985 Quibus
1266 3919 1333 3974 de
1360 3919 1541 3973 causis
1567 3927 1868 3974 commotus

284 4008 716 4065 Cuntchramnus
746 4024 864 4075 rex,
888 4008 1181 4065 exercitum
1204 4009 1258 4064 in
1301 4009 1584 4078 Hispanias
1610 4011 1867 4079 destinat,

283 4100 511 4167 scilicet,
539 4109 596 4153 ut
624 4100 770 4169 prius
794 4100 1200 4168 Septimaniam,
1231 4115 1351 4170 quae
1371 4102 1545 4156 adhuc
1570 4102 1705 4157 infra
1735 4103 1865 4157 Cal-

283 4189 477 4244 liarum
527 4190 814 4245 terminum
845 4189 1099 4256 habetur,
1132 4190 1249 4260 ejus
1277 4190 1629 4247 dominationi
1670 4193 1869 4249 subde-

286 4294 441 4347 rent,
480 4292 537 4338 et
584 4283 663 4337 sic
710 4282 921 4338 inantea
973 4284 1461 4351 proficiscerentur.
1510 4286 1645 4341 Dum
1686 4295 1868 4342 autem

286 4373 377 4428 hic
428 4374 700 4429 exercitus
742 4385 1068 4441 moveretur,
1109 4376 1404 4433 iudiculum
1452 4392 1573 4433 cum
1627 4382 1810 4436 nescio
1842 4389 1867 4418 ο

1956 1908 2058 1963 bus
2080 1906 2295 1961 clericis
2320 1922 2439 1961 cum
2471 1904 2553 1959 his
2579 1904 2845 1957 mandatis
2875 1902 3114 1965 tradidit,
3136 1900 3320 1953 dicens
3344 1912 3357 1949 :
3387 1898 3540 1952 Acci-

1958 2002 2070 2070 pite
2100 2001 2201 2053 hos
2223 1999 2451 2068 gladios,
2474 2007 2528 2052 et
2556 1996 2870 2064 quantocius
2900 1994 3100 2062 pergite
3129 1993 3195 2045 ad
3225 1988 3538 2045 Childeher-

1960 2102 2071 2147 tum
2094 2108 2296 2159 regem,
2315 2091 2687 2144 assimulantes
2710 2102 2807 2143 vos
2831 2102 2951 2143 esse
2980 2085 3275 2140 mendicos.
3295 2084 3541 2148 Cumque

1958 2185 2185 2254 pedibus
2209 2185 2327 2251 ejus
2348 2183 2556 2237 fueritis
2583 2182 2757 2245 strati,
2778 2179 2927 2248 quasi
2957 2180 3149 2244 stipem
3183 2175 3535 2241 postulantes,

1958 2277 2129 2329 lato-ra
2150 2273 2268 2343 ejus
2295 2281 2518 2339 utraque
2542 2268 2819 2339 perfodite,
2839 2277 2896 2322 ut
2922 2267 3134 2322 tandem
3160 2263 3542 2323 Brunichildis.

1960 2366 2181 2436 qtucab
2212 2365 2308 2420 illo
2334 2363 2693 2432 arrogantiam
2726 2362 2919 2426 sumit,
2942 2374 3008 2415 eo
3035 2360 3260 2414 cadente
3288 2364 3538 2415 corruat.

1961 2460 2200 2528 mihique
2232 2458 2511 2512 subdatur.
2536 2453 2687 2522 Quod
2722 2454 2765 2507 si
2798 2462 2942 2505 tanta
2983 2458 3069 2506 est
3110 2448 3351 2503 custodia
3394 2442 3539 2499 circa

1965 2564 2210 2621 puerum,
2239 2544 2584 2603 ut'acccdere
2613 2542 2912 2613 nequeatis,
2934 2540 3021 2595 vel
3053 2542 3222 2608 ipsam
3253 2535 3542 2591 illleritltile

1963 2642 2257 2697 inimicam.
2286 2638 2454 2709 398
2490 2636 2711 2705 Merces.
2738 2644 2952 2703 quoque
2990 2629 3172 2698 operis
3211 2627 3371 2682 vestri
3427 2624 3543 2678 haec

1963 2734 2095 2797 erit,
2119 2740 2178 2786 ut
2206 2729 2251 2786 si
2280 2728 2475 2783 mortui
2525 2728 2578 2781 in
2624 2726 2728 2780 hoc
2766 2737 2932 2793 opere
2970 2721 3201 2783 lueritis,
3230 2718 3543 2784 parentibus

1964 2827 2158 2881 vestris
2206 2826 2347 2880 bona
2386 2821 2649 2883 tribuam,
2678 2821 2929 2887 ipsosque
2974 2814 3287 2869 muneribus
3332 2814 3542 2872 ditans,

1966 2921 2170 2989 primos
2198 2917 2252 2969 in
2282 2927 2453 2983 regno
2490 2927 2611 2965 tneo
2636 2910 2983 2965 constituam.
3012 2906 3228 2960 Interim
3257 2918 3349 2957 vos
3381 2903 3542 2955 timo-

1965 3018 2081 3067 rem
2125 3024 2337 3063 omnem
2387 3006 2638 3067 omittite,
2672 3020 2772 3059 nec
2812 3002 2880 3056 sit
2924 2999 3208 3070 trepidatio
3254 2998 3439 3051 mortis
3489 2997 3546 3051 in

1969 3112 2207 3173 pectore.
2232 3099 2494 3155 Noveritis
2521 3098 2663 3152 enim
2684 3139 2699 3162 ,
2729 3094 2868 3165 quod
2898 3102 3123 3149 cunctos
3154 3090 3399 3146 homines
3429 3089 3545 3145 haec

1966 3210 2126 3250 eausa
2153 3191 2408 3248 continet.
2435 3191 2652 3243 Armate
2678 3187 2930 3243 virilitate
2954 3188 3183 3250 animos,
3210 3192 3263 3237 et
3288 3181 3537 3237 simside-

1963 3297 2079 3341 rate
2098 3283 2296 3353 saepius
2325 3282 2491 3336 fortes
2511 3281 2657 3333 viros
2684 3279 2737 3333 in
2768 3277 2908 3333 bello
2937 3290 3206 3331 corruere.
3228 3273 3379 3329 Unde
3402 3286 3544 3325 nunc

1965 3386 2216 3448 parentes
2237 3389 2422 3430 eorum
2445 3372 2654 3427 nobiles
2675 3369 2873 3428 effecti.
2888 3367 3084 3437 opibus
3110 3364 3390 3420 immensis
3412 3378 3541 3416 cun-

1963 3470 2066 3525 etis
2113 3466 2535 3536 superemineat,
2563 3470 2890 3529 cunctosque
2933 3457 3260 3528 praecellunt.
3303 3454 3545 3524 Cumque

1967 3562 2087 3617 ha-c
2129 3558 2324 3614 mulier
2363 3558 2687 3626 loqueretur,
2719 3551 2901 3607 clerici
2954 3560 3185 3603 tremere
3229 3554 3542 3614 cmperuut,

1966 3653 2189 3710 difficile
2216 3658 2465 3723 potantes
2494 3648 2605 3702 haec
2630 3647 2775 3714 jussa
2807 3658 2963 3714 posse
3003 3642 3297 3708 complere.
3338 3639 3407 3691 At
3455 3636 3545 3690 illa

1967 3748 2161 3803 dubios
2186 3759 2447 3809 cernens,
2478 3740 2813 3796 modificatus
2841 3737 3057 3806 potione
3086 3734 3281 3788 direxit
3322 3747 3430 3801 quo
3467 3730 3547 3784 ire

1970 3839 2254 3911 prmecpit;
2285 3836 2576 3903 statimque
2603 3831 2765 3886 robur
2794 3830 3095 3882 animorum
3124 3825 3359 3880 accrevit
3377 3864 3392 3886 ,
3419 3838 3547 3891 pro-

1969 3933 2341 3994 miseruntlue
2378 3941 2437 3981 se
2476 3923 2655 3979 omnia
2698 3938 2815 3990 qua:
2858 3928 3185 3989 perceperat
3211 3916 3545 3984 impleturus.

1970 4021 2328 4077 Nihilmninos
2368 4017 2640 4071 vasculum
2690 4014 2788 4067 hac
2834 4011 3049 4080 potione
3090 4008 3373 4077 repletum,
3401 4007 3548 4075 ipsos

1972 4113 2153 4167 levare
2176 4110 2352 4179 jubet,
2380 4108 2565 4162 dicens
2598 4123 2611 4157 :
2645 4106 2699 4159 lu
2730 4104 2819 4158 die
2846 4103 2935 4156 illa
2964 4116 3085 4155 cum
3115 4100 3375 4166 haec-qua:
3405 4112 3549 4163 pra--

1971 4203 2114 4269 cipio
2143 4200 2333 4261 facitis,
2362 4212 2518 4251 mane
2545 4197 2852 4264 priusquam
2883 4206 3020 4259 opus
3045 4188 3333 4256 incipiatis,
3359 4186 3499 4241 hunc
3523 4182 3552 4221 ιι

1972 4302 2156 4365 putum
2186 4290 2380 4346 sumite
2413 4307 2425 4341 :
2458 4288 2559 4343 erit
2588 4285 2740 4340 vobis
2770 4298 2958 4352 magna
2989 4280 3291 4338 constantia
3322 4280 3391 4333 ad
3438 4279 3552 4333 haec

1974 4382 2301 4457 peragenda.
2333 4382 2429 4436 llis
2475 4382 2547 4435 ita
2593 4379 2887 4442 instructis,
2912 4374 3256 4430 dimisitcos.
3287 4372 3392 4440 Qui
3425 4386 3552 4438 per-

286 4465 606 4574 q‘uibusdatn
639 4466 943 4571 hominibus
974 4468 1186 4524 rusticis
1216 4482 1293 4524 est
1322 4479 1613 4538 repertum.
1636 4470 1789 4538 Quod
1813 4481 1866 4528 et
1900 4514 1954 4574 Β
1978 4487 2165 4549 gentes
2192 4485 2243 4530 et
2272 4475 2336 4528 ad
2370 4474 2554 4528 urbem
2585 4471 2903 4528 Suessionas
2933 4468 3280 4531 accedentes,
3327 4482 3355 4518 a
3406 4464 3553 4518 [tau-

289 4558 696 4639 Cuntchramno
734 4559 847 4628 regi
898 4560 1181 4631 legendum
1225 4563 1506 4629 miserunt,
1560 4565 1661 4618 hoc
1711 4565 1870 4619 modo

290 4650 440 4716 quasi
483 4649 858 4704 Leuvichildus
907 4652 972 4705 ad
1024 4652 1428 4722 Fredcguudem
1482 4656 1762 4720 scriberet,
1814 4665 1873 4710 ut

288 4756 607 4809 quocunque
654 4740 872 4811 ingenio
911 4743 1208 4797 exercitum
1256 4742 1385 4799 illud
1422 4746 1731 4812 prohiberet
1771 4749 1869 4815 ire,

290 4831 476 4883 dicens
505 4847 519 4882 :
548 4829 798 4884 Inimicos
836 4838 1079 4897 nostros,
1122 4834 1174 4913 id
1219 4843 1301 4889 est
1340 4835 1739 4891 Childehertum
1776 4836 1877 4893 fet

352 4952 394 5021 ,τ
417 4941 818 5023 βιιρτερἰἰιμι·
847 4942 1154 5023 Eberulfur,
1186 4947 1326 5001 sicut
1361 4956 1416 5000 et
1442 4946 1544 5002 Ch.
1578 4952 1649 5003 al.
1684 4950 1791 5016 hic,
1823 4962 1873 5007 et

291 5013 382 5064 alii
416 5013 467 5065 in
497 5014 651 5067 titulo
684 5014 838 5078 hujus
866 5017 1076 5080 capitis,

299 5152 313 5162 .
366 5082 394 5120 δ
426 5084 601 5150 Aliqui
640 5083 1118 5162 editi,_lioch_ingo
1142 5126 1156 5150 ,
1207 5097 1261 5141 et
1298 5103 1401 5162 pro
1436 5090 1642 5160 ingenio
1680 5090 1881 5146 habent

292 5152 657 5233 instrumento,
684 5152 849 5233 quasi
862 5152 1180 5233 nescio'qua
1214 5152 1455 5233 Inarltitia
1481 5152 1595 5214 arte
1625 5163 1877 5216 fabricata

296 5221 490 5299 fuisset
517 5238 639 5299 cum
668 5221 1055 5299 alioualligatus
1074 5221 1214 5289 {sed
1243 5228 1399 5282 lectio
1429 5241 1628 5293 nostra,
1656 5248 1776 5299 qua:
1800 5242 1881 5287 est

308 5308 409 5369 nis.
452 5294 631 5358 Colb.,
681 5295 871 5369 melior
902 5298 1315 5369 est._lngenium
1356 5302 1495 5354 enim
1538 5294 1884 5369 appellabant

304 5364 714 5443 teclniatn,_qua
746 5366 979 5443 aliquem
1010 5364 1221 5443 incaute
1248 5382 1492 5439 agentem
1525 5364 1879 5440 deeipiebant.

372 5433 642 5513 fiidede
670 5451 729 5513 ea
756 5437 887 5513 infra
916 5452 1034 5505 cap.
1059 5438 1147 5513 45,
1180 5448 1227 5493 et
1262 5433 1352 5513 lib.
1387 5457 1436 5504 x,
1466 5458 1584 5513 cap.
1617 5433 1667 5495 8'.

377 5500 529 5585 {Die
558 5505 888 5585 lii-Aprilis,
921 5500 1026 5585 quo
1070 5500 1259 5585 festum
1297 5500 1802 5585 ejtis'ttt_i'martyris
1833 5515 1885 5568 in

292 5572 537 5698 inﬁgi:
564 5572 887 5632 celebratur.
924 5572 994 5633 De
1022 5594 1087 5634 eo
1119 5579 1237 5635 vide
1266 5572 1423 5652 supra
1459 5583 1550 5638 lib.
1576 5600 1629 5652 v,
1648 5572 1767 5655 cap.
1793 5586 1886 5653 59,

387 5655 555 5700 notas.

377 5722 402 5751 ⁸
429 5715 588 5798 Eii“.
608 5719 838 5798 αηπθδτίο
863 5718 1183 5798 ηὲἕὺιιρςάᾳηῖ.
1211 5721 1357 5787 Bcc.,
1380 5740 1494 5777 cum
1520 5727 1687 5782 nescio
1708 5726 1889 5798 quibus

298 5784 605 5844 hominibus.
633 5789 799 5858 [lectu
832 5830 846 5857 ,
873 5784 1194 5845 Bi'criculum
1225 5809 1277 5857 α,
1302 5784 1406 5849 etc.

1977 4570 2167 4623 t-hiuco
2194 4568 2330 4621 duce
2359 4565 2526 4633 capti,
2550 4563 2883 4629 discussique
2910 4560 3088 4613 omnia
3117 4565 3381 4621 reserant,
3399 4566 3452 4611 et
3474 4556 3554 4609 sic

1979 4662 2033 4718 in
2064 4674 2335 4715 carcerem
2364 4656 2569 4726 religati
2588 4663 2741 4709 sunt.
2764 4653 2889 4706 Post
2909 4652 3027 4707 dies
3050 4666 3176 4705 vero
3206 4664 3406 4718 paucos
3427 4648 3555 4703 Fre-

1977 4750 2269 4821 dogundis,
2304 4748 2505 4803 incerta
2540 4744 2648 4817 [ΑΙ.
2679 4740 2846 4813 ουτω]
2873 4742 2983 4810 jam
3017 4742 3157 4812 quod
3188 4740 3416 4797 fuissent
3458 4740 3555 4794 im-

1980 4844 2119 4913 pleta
2152 4856 2269 4911 qum
2302 4842 2511 4894 fuerant
2543 4838 2816 4903 imperata,
2840 4837 2982 4891 misit
3012 4851 3234 4905 puerum
3262 4835 3555 4904 inquirere,

2059 4952 2077 4993 ί
2113 4953 2315 5007 Bellum
2350 4960 2523 5005 tamen
2566 4949 2830 5003 indixerat
2856 4949 3221 5003 Cuntramnus
3253 4968 3263 5001 :
3296 4950 3387 5000 sed
3422 4948 3557 5001 forte

1984 5024 2321 5079 existimabat
2364 5021 2705 5092 Leuvigildus
2731 5064 2743 5084 ,
2786 5020 2837 5075 id
2886 5020 3173 5092 instigante
3205 5019 3559 5092 Childeherto

1986 5095 2238 5162 lngundis
2264 5094 2447 5155 fratre.
2470 5088 2561 5146 aut
2590 5107 2774 5148 eorum
2805 5101 2975 5145 matre
3005 5090 3365 5162 Brunicliilde.
3398 5088 3466 5141 ab
3494 5104 3561 5141 eo

1986 5158 2293 5233 susceptum
2322 5164 2519 5228 fuisse;
2553 5172 2646 5216 aut
2673 5172 2819 5216 certe
2849 5163 3007 5215 etiam
3044 5158 3560 5233 ipse_Cliild_cher_ti_is

1986 5238 2040 5291 in
2073 5228 2375 5303 Hispaniam
2408 5242 2679 5303 moverat,
2714 5240 2771 5284 ut
2802 5228 3252 5303 testatur__l_’aultts
3285 5228 3431 5283 Diac.
3462 5228 3558 5283 lib.

1986 5324 2043 5363 ut
2076 5300 2208 5360 llist.
2240 5305 2433 5375 Laug.,
2455 5318 2573 5371 cap.
2600 5302 2693 5365 ‘21,
2717 5304 2805 5355 ubi
2835 5302 2991 5375 habet
3024 5300 3284 5375 Hispanos
3312 5313 3372 5351 ea
3404 5315 3562 5375 occa-

1988 5380 2139 5432 sione
2169 5394 2197 5429 a
2228 5370 2569 5430 Childeherto
2596 5382 2874 5441 superatos
2903 5371 3085 5441 fuisse.
3112 5373 3240 5441 Quae
3269 5380 3446 5423 autem
3478 5370 3563 5425 hic

1990 5450 2279 5515 Gregorius
2301 5447 2461 5501 variis
2481 5439 2957 5515 capitiljusAuarrat,
2981 5439 3134 5493 Joau.
3164 5440 3480 5495 lliclarensis
3511 5443 3559 5496 iu

1990 5512 2152 5574 Unum
2183 5518 2421 5587 congerit
2449 5518 2513 5568 ad
2540 5532 2626 5567 an.
2657 5512 2778 5564 536.

1988 5634 2001 5645 .
2064 5601 2088 5637 ε
2120 5590 2269 5643 Colb.
2289 5581 2366 5641 iu.
2392 5588 2486 5639 alt.
2516 5600 2696 5647 manu,
2722 5581 3005 5635 retribuitc.
3034 5584 3273 5637 Amelius
3302 5592 3415 5637 crat
3445 5582 3562 5644 epi-

1990 5676 2185 5727 scopus
2217 5658 2612 5728 Bigorritanus,
2636 5652 2724 5728 qui
2755 5652 2959 5722 synodo
2992 5653 3199 5728 Matisc.
3233 5669 3270 5708 tt
3302 5652 3565 5709 interfuit.

2063 5726 2098 5770 ί
2123 5726 2601 5800 Εύίιὶξὲτιτὲρὶαων,
2625 5726 2743 5779 hinc
2768 5734 2943 5795 potum
2971 5727 3171 5780 sumite.
