3920 6188
195 329 291 382 1.67

1181 330 1236 382 S.
1280 326 1602 383 GREGORH
1645 325 1940 382 EPISCOl’l
1975 325 2398 382 TURONENSIS

3343 323 3448 377 ὁιὶὶι

193 452 320 510 quid
352 454 436 497 aut
472 460 654 499 rumor
686 445 863 514 populi
894 445 1085 509 ferret,
1113 455 1203 498 aut
1232 453 1274 499 si
1306 449 1534 513 aliquem
1567 445 1769 500 inveni-
1798 445 1842 498 Α
1875 453 2066 494 nocere
2095 448 2360 506 potentes,
2388 439 2449 492 ad
2481 441 2609 492 altas
2637 441 2792 494 urbes
2823 441 3089 510 progressi
3117 449 3260 498 sunt.
3287 442 3448 497 Erant

197 549 275 593 ret
321 539 637 592 indicantem
681 539 771 604 qui
813 539 1015 592 ιιίοιτρι
1052 539 1451 593 Childebcrtum
1488 538 1597 605 jam
1637 537 1772 590 intc-

196 639 458 698 rcmptum
491 630 671 683 fuisse.
699 630 959 698 Egressus
987 629 1146 696 igitur
1174 644 1303 697 puer
1325 628 1392 680 ab
1417 643 1502 693 ea,
1527 625 1773 681 Suessio-

197 736 294 774 nas
322 721 504 774 urbem
537 723 701 773 venit.
733 719 968 773 Audiens
998 719 1230 786 denique
1272 718 1369 772 hos
1409 716 1461 769 itt
1502 729 1770 770 carcerem

196 814 440 878 retineri,
466 813 531 866 ad
561 816 756 867 ostium
790 812 1211 880 appropinquat;
1241 810 1334 864 sed
1364 823 1485 864 cum
1518 807 1658 877 loqui
1689 821 1775 860 sa-

198 907 452 960 tellitibus
478 906 752 976 coepisset,
777 915 831 959 et
857 905 970 974 ipse
999 913 1185 973 captus
1212 902 1468 960 custodite
1499 901 1772 967 mancipa-

199 1009 303 1051 tur.
327 998 478 1052 Tune
507 1012 692 1051 omnes
718 997 874 1051 simul
905 997 968 1050 ad
1001 995 1402 1049 Childebertum
1430 1008 1607 1063 regem
1633 993 1774 1046 dire—

197 1094 268 1143 eti
315 1100 470 1156 sunt,
500 1089 830 1156 discussique
858 1088 1133 1142 veritatem
1173 1086 1446 1154 aperiunt,
1478 1082 1774 1138 indicantes

198 1196 260 1234 se
306 1197 334 1233 a
376 1180 723 1250 Fredegunde
752 1181 945 1234 missos
973 1179 1038 1232 ad
1068 1193 1189 1233 eum
1221 1176 1661 1240 interimendum,
1693 1175 1772 1228 di-

197 1279 380 1325 centes
412 1289 426 1322 :
456 1271 607 1326 Jussa
643 1271 841 1341 regina:
870 1271 1223 1337 suscepimus,
1253 1277 1308 1321 ut
1334 1281 1430 1321 nos
1459 1281 1655 1336 egenos
1683 1281 1771 1318 as-

198 1361 610 1425 simularemus;
639 1375 870 1428 cumque
897 1360 1121 1426 pedibus
1149 1359 1253 1411 tuis
1282 1356 1546 1425 provoluti
1574 1354 1771 1422 aliquid

198 1452 444 1520 stipendii
483 1466 877 1522 quaereremus,
909 1451 977 1504 ab
1019 1449 1101 1514 his
1133 1458 1186 1503 te
1214 1446 1402 1518 gladiis
1435 1446 1773 1500 transfodere

199 1544 484 1599 Voluitnus.
521 1544 671 1610 Quod
718 1544 763 1598 si
809 1543 1010 1596 assultu
1062 1542 1308 1610 segniore
1355 1540 1517 1610 399
1566 1538 1773 1607 gladius

197 1637 406 1689 deﬁxus
437 1645 596 1701 esset,
627 1635 798 1706 ipsum
828 1649 1115 1698 venenum,
1137 1646 1242 1702 quo
1270 1633 1468 1685 ferrum
1499 1640 1613 1685 erat
1638 1627 1776 1683 infe-

193 1739 361 1793 ctum,
391 1728 621 1782 animam
653 1729 822 1783 veloci
850 1743 914 1784 er
941 1731 1261 1794 penetraret.
1287 1725 1412 1778 llazc
1442 1724 1522 1778 liis
1549 1722 1772 1778 dicenti-

1875 535 2015 589 enim
2041 534 2194 587 valde
2225 535 2532 601 munitae,et
2557 533 2624 587 de
2648 533 2781 588 cibis
2803 549 2865 588 ac
2891 535 3108 603 reliquis
3137 537 3450 590 necessariis

1873 627 2097 696 adpleue
2125 626 2358 690 refertae,
2402 634 2457 680 et
2486 627 2672 680 borum
2702 628 2900 679 urbana
2930 626 3335 693 depOpulantes,
3361 643 3451 680 ur—

1876 717 1969 769 bes
1997 717 2174 769 minus
2199 716 2496 784 irrumpere
2518 717 2982 772 valuerunt.Tunc
3009 728 3065 772 et
3085 717 3322 771 Nicetius
3343 719 3448 772 dux

1874 821 1996 859 cum
2028 808 2283 861 Arvernis
2313 809 2364 860 in
2399 806 2498 861 hac
2528 807 2866 876 expeditione
2892 819 3342 872 commotus,cutu
3367 826 3452 863 re-

1875 898 2032 965 liquis
2063 899 2224 952 urbes
2254 898 2473 951 assedit.
2497 895 2601 951 Sed
2633 913 2752 952 cum
2786 898 2960 952 minus
2988 901 3215 962 valeret,
3247 901 3314 952 ad
3362 915 3451 952 ca-

1876 995 2047 1040 strum
2074 987 2340 1055 quoddam
2367 989 2625 1057 pervenit,
2649 989 2874 1057 dataque
2901 987 3024 1055 fide,
3045 999 3230 1056 sponte
3260 989 3451 1044 inclusi

1874 1087 2180 1132 reserantes
2209 1089 2407 1146 portas,
2430 1094 2527 1134 eos
2550 1079 2750 1134 creduli
2778 1089 3024 1148 tanquam
3055 1081 3302 1147 pacificos
3332 1097 3452 1134 sus-

1874 1183 2154 1241 ceperunt.
2190 1173 2268 1227 illi
2301 1189 2430 1227 vero
2459 1174 2686 1242 ingressi
2707 1213 2723 1239 ,
2757 1183 3051 1242 postposito
3079 1185 3450 1240 sacramento,

1875 1261 2122 1330 praesidia
2146 1272 2332 1316 concta
2355 1263 2630 1332 diripiunt,
2646 1264 2851 1316 animas
2875 1265 2923 1316 in
2947 1265 3302 1331 captivitatem
3324 1268 3452 1319 sub-

1873 1354 2086 1408 dentes.
2104 1353 2254 1409 Tunc
2273 1364 2494 1423 accepto
2514 1349 2736 1408 consilio
2761 1357 3125 1425 unusquisque
3143 1355 3208 1407 ad
3234 1355 3451 1425 propria

1874 1457 1955 1500 cst
1989 1463 2284 1517 regressus.
2307 1448 2582 1516 Tantaque
2609 1465 2705 1518 per
2724 1450 2859 1502 viam
2890 1450 3114 1514 scelera,
3139 1449 3448 1517 homicidia,

1875 1544 2105 1612 prard'as,
2134 1543 2465 1612 direptiones
2507 1559 2601 1612 per
2638 1544 2910 1613 regionem
2953 1545 3219 1613 propriam
3260 1560 3450 1613 gesse-

1875 1641 2020 1699 runt,
2052 1641 2110 1687 ιιι
2154 1649 2216 1688 ea
2259 1647 2638 1703 usquequaque
2683 1633 2962 1688 memorari
3007 1636 3314 1704 perlongum
3354 1636 3447 1691 sit.

1880 1724 2255 1778 Verumtamen
2283 1724 2404 1791 quia
2443 1733 2655 1791 segetes
2687 1723 2979 1777 l’rovincite
3009 1724 3113 1793 igni
3141 1725 3207 1778 ab
3239 1725 3448 1781 hisdem

196 1818 313 1880 bus,
340 1819 568 1873 diversis
596 1818 871 1887 suppliciis
897 1817 1094 1883 allecti,
1120 1816 1374 1870 truncatis
1405 1815 1648 1869 manibus
1675 1830 1766 1867 au-
1797 1801 1844 1860 Β
1871 1829 2157 1869 succensas
2183 1814 2436 1878 dicimus,
2464 1815 2600 1868 fame
2627 1823 2783 1883 atque
2811 1814 2984 1868 inedia
3013 1826 3326 1884 pereuntes,
3352 1832 3450 1884 per

195 1909 450 1972 ribusque
474 1919 526 1963 et
551 1909 785 1974 naribus,
810 1908 970 1963 variis
998 1918 1123 1962 sunt
1151 1907 1414 1962 mortibus
1440 1906 1764 1973 interempti.

268 1999 434 2053 XXX.
468 1999 629 2067 Igitur
658 2000 1090 2055 Guntchramnus
1119 2014 1210 2053 rex
1244 1997 1569 2053 commoveri
1600 2011 1764 2051 exer-

195 2091 356 2144 citum
389 2091 440 2145 iu
471 2092 756 2161 llispanias
786 2092 1036 2161 prazcepit
1064 2099 1112 2155 ⁸,
1144 2090 1330 2144 dicens
1359 2108 1372 2142 :
1408 2089 1561 2143 Prius
1589 2087 1766 2156 Septi-

201 2185 430 2238 maniam
480 2183 805 2252 proxinciam
853 2183 1042 2237 ditioni
1099 2192 1296 2237 nostra
1353 2181 1604 2245 subdite,
1648 2197 1770 2250 qua:

195 2273 384 2327 Galliis
413 2284 492 2328 est
521 2274 834 2343 propinqua.
866 2273 1140 2343 Indignum
1171 2283 1271 2334 est,
1297 2282 1351 2326 ut
1378 2271 1765 2326 borrendorum

195 2363 511 2418 Gottltorum
545 2363 800 2418 terminus
831 2377 997 2432 usque
1046 2362 1096 2414 in
1141 2360 1340 2416 Gallias
1382 2363 1452 2415 sit
1492 2371 1765 2416 extensus.

195 2457 346 2510 'l‘unc
375 2466 643 2511 commoto
673 2455 820 2509 omni
850 2456 1084 2508 exercitu
1116 2454 1264 2520 regni
1295 2454 1396 2515 sui,
1416 2452 1540 2507 illuc
1566 2452 1764 2519 dirigit.

198 2545 396 2599 Gentes
425 2560 552 2599 vero
579 2560 695 2614 quae
722 2545 860 2598 ultra
888 2545 1120 2609 Ararim,
1144 2543 1567 2610 Rhodanumque
1591 2553 1645 2598 et
1671 2541 1771 2599 So-

197 2650 426 2702 quauam
453 2633 478 2671 b
510 2634 951 2696 commanebant,
983 2648 1104 2687 cum
1147 2631 1616 2702 Burgundionibus
1639 2631 1766 2701 jun-

195 2732 313 2785 ριν,
332 2723 552 2777 Ararica
578 2723 1032 2793 llltodaniticaque
1060 2722 1235 2776 littora
1266 2732 1369 2776 tam
1396 2723 1462 2778 de
1485 2721 1764 2787 fructibus,

196 2830 351 2881 quam
399 2813 468 2868 de
515 2814 796 2882 pecoribus
846 2815 998 2869 valde
1044 2814 1377 2884 depopulata:
1419 2823 1564 2869 sunt.
1608 2814 1769 2869 Multa

197 2906 516 2971 homicidia,
544 2906 814 2971 incendia,
848 2906 1160 2975 pradasque
1199 2905 1253 2960 in
1294 2905 1515 2977 regione
1556 2906 1768 2975 propria

196 2997 471 3060 facientes,
496 2997 587 3050 sed
620 3005 674 3050 et
701 2996 957 3051 ecclesias
985 2995 1341 3061 denudantes,
1370 2995 1596 3050 clericos
1626 2997 1771 3064 ipsos

194 3104 313 3142 cum
343 3087 708 3142 sacerdotibus
734 3101 797 3141 ac
821 3087 1025 3156 reliquo
1053 3086 1250 3154 populo
1274 3087 1339 3139 ad
1367 3087 1509 3153 ipsas
1534 3096 1768 3141 sacratas

1878 1907 2020 1961 viam
2057 1905 2498 1974 relinquebantur
2521 1906 2824 1971 exanimes;
2858 1907 3091 1960 nonnulli
3130 1908 3180 1961 in
3207 1909 3446 1961 flumini-

1875 2001 1974 2054 bus
1995 2000 2250 2064 demersi,
2268 1999 2506 2068 plerique
2529 1999 2579 2053 itt
2606 1998 2953 2053 seditionibus
2979 2000 3274 2067 interempti
3295 2009 3446 2055 sunt.

1871 2073 2139 2142 Ferebaut
2165 2089 2308 2141 enim
2339 2087 2569 2156 amplius
2600 2103 2755 2155 quam
2787 2088 3020 2157 quinque
3059 2088 3222 2142 millia
3261 2091 3313 2142 in
3359 2089 3449 2144 bis

1869 2180 2136 2248 stragibs
2176 2177 2344 2232 fuisse
2373 2189 2698 2248 peremptos.
2728 2178 2834 2234 Sed
2864 2194 2970 2233 non
2998 2194 3092 2233 eos
3115 2180 3205 2247 qui
3232 2195 3448 2234 reman-

1867 2278 2070 2335 serant,
2103 2269 2384 2324 coercebat
2409 2271 2633 2322 aliorum
2672 2270 2942 2324 interitus.
2969 2270 3118 2324 Tunc
3154 2279 3210 2324 et
3249 2273 3446 2324 Arver-

1870 2377 1952 2416 nre
1993 2362 2228 2430 regionis
2267 2360 2534 2424 ecclesiae,
2564 2375 2683 2428 qua:
2721 2360 2822 2414 vite
2865 2360 3092 2429 publica:
3133 2363 3444 2429 propinquas

1868 2459 2089 2514 erant,a
2116 2449 2426 2503 ministeriis
2451 2449 2732 2502 denudata:
2760 2459 2903 2504 sunt.
2923 2449 3030 2503 Nec
3059 2450 3152 2502 fuit
3182 2450 3446 2503 terminus

1869 2541 2007 2595 male
2039 2540 2300 2606 faciendi,
2330 2539 2432 2593 nisi
2458 2555 2578 2594 eum
2609 2539 2676 2593 ad
2711 2541 2920 2608 propria
2952 2540 3143 2611 singuli
3187 2555 3446 2608 pervenc-

1870 2641 2016 2688 runt.
2042 2634 2246 2699 Quibus
2275 2633 2528 2696 reversis,
2557 2647 2745 2701 magna
2775 2633 3228 2686 Guntchra'tnnum
3259 2645 3464 2701 regem-

1869 2724 2169 2779 a-maritodo
2193 2725 2368 2778 cordis
2389 2725 2617 2779 obsedit.
2641 2725 2809 2779 Duces
2829 2740 2956 2777 vero
2981 2725 3266 2793 supradicti
3289 2740 3444 2779 exer-

1868 2817 2006 2869 citus
2028 2815 2092 2869 ad
2119 2816 2386 2870 basilicam
2410 2817 2577 2870 sancti
2605 2816 2976 2885 Sytnplioriani
3004 2817 3252 2885 martyris
3273 2831 3442 2884 expe-

1871 2907 2093 2962 tierunt.
2117 2906 2376 2962 Veniente
2417 2908 2591 2974 itaque
2620 2922 2746 2975 rege
2772 2908 2844 2961 ad"
2865 2907 2982 2975 ejus
3010 2908 3401 2962 solemnitatem
3421 2949 3440 2976 ,

1871 2998 2239 3067 repraesentati
2272 3007 2397 3053 sunt
2425 2999 2522 3051 sub
2551 2999 2852 3052 conditione
2879 2998 3159 3054 audientiae
3197 3000 3248 3054 in
3295 3009 3441 3068 post-

1874 3092 2090 3146 modum
2121 3093 2334 3149 futurte.
2362 3095 2550 3148 Postea
2583 3110 2709 3150 vero
2737 3103 2964 3164 quatuor
2990 3089 3296 3153 convocatis
3322 3100 3442 3168 epi-

197 3182 306 3236 Deo
349 3193 470 3235 aras
513 3180 913 3246 interimentes,
939 3194 1106 3251 usque
1135 3180 1199 3233 ad
1233 3180 1417 3234 urbem
1447 3179 1766 3234 Nemausum
1796 3167 1844 3232 Ο
1872 3181 2050 3248 scopis
2080 3191 2131 3247 ε,
2157 3198 2363 3236 necnon
2403 3193 2458 3238 et
2495 3182 2785 3253 majoribus
2811 3198 2934 3240 natu
2966 3187 3249 3252 laicorum,
3281 3167 3446 3246 duces

197 3282 590 3341 processerunt.
633 3271 891 3327 Similiter
937 3281 989 3327 et
1040 3271 1291 3336 Biturici,
1326 3271 1601 3326 Santonici
1651 3285 1771 3324 cum

203 3367 584 3435 Petragoricis,
611 3364 1063 3434 Egolismensibus
1084 3406 1098 3432 ,
1127 3373 1181 3417 et
1207 3363 1530 3432 reliquarum
1563 3363 1771 3418 urbium

202 3461 416 3528 populo,
436 3461 526 3529 qui
554 3467 676 3513 tunc
700 3459 766 3512 ad
792 3457 1041 3512 antedicti
1074 3458 1212 3526 regis
1235 3456 1517 3525 imperium
1540 3458 1772 3526 pertine-

207 3550 363 3615 bant,
392 3564 563 3619 osque
590 3549 653 3602 ad
684 3548 1064 3603 Carcassonam
1098 3549 1281 3603 urbem
1312 3548 1551 3616 devecti,
1577 3550 1769 3604 similia

207 3641 342 3692 mala
370 3651 669 3709 gesserunt.
697 3639 799 3694 Sed
829 3654 948 3693 eum
982 3639 1046 3694 ad
1074 3639 1258 3694 urbem
1289 3641 1661 3707 accessissent,
1690 3657 1772 3697 re-

201 3729 398 3785 aeratis
413 3740 604 3798 sponte
623 3730 1086 3784 ab‘ltaltitatoribus
1110 3730 1296 3800 portis,
1323 3731 1466 3785 nullo
1489 3732 1772 3787 resistente

205 3821 427 3889 ingressi
445 3862 458 3883 ,
488 3821 672 3875 nescio
699 3836 805 3891 quo
833 3837 952 3874 cum
982 3821 1496 3878 Carcassonensilios
1523 3823 1773 3880 seandalo

200 3913 486 3979 commoti,
513 3913 695 3967 urbem
727 3913 924 3983 egressi
955 3923 1097 3968 sunt.
1127 3915 1276 3969 Tunc
1303 3914 1664 3983 Terentiolus,
1685 3932 1772 3972 co-

201 4019 314 4060 mes
334 4005 597 4075 quondam
627 4006 772 4060 urbis
796 4005 1166 4071 Lemovicinaa,
1183 4008 1360 4076 lapide
1379 4008 1446 4063 de
1473 4025 1622 4063 muro
1649 4025 1771 4078 pro-

199 4099 341 4166 jecto
366 4111 670 4166 percussus,
692 4098 940 4152 occubuit
965 4115 978 4152 :
1003 4099 1154 4165 cujus
1182 4108 1340 4168 caput
1370 4108 1668 4154 truncatum
1690 4111 1772 4157 est

201 4188 266 4244 ad
297 4189 580 4244 vindictam
609 4189 1056 4258 adversariorum,
1077 4199 1130 4246 et
1159 4190 1273 4246 urbi
1304 4191 1536 4246 delatum
1567 4202 1669 4249 est.
1694 4195 1769 4249 Ex

203 4281 304 4333 hoc
332 4281 506 4334 omnis
534 4280 757 4349 populus
787 4281 978 4340 timore
1011 4281 1339 4349 perterritus,
1361 4282 1424 4335 ad
1449 4285 1657 4353 propria
1688 4300 1772 4339 re-

200 4372 349 4442 gredi
380 4373 688 4436 destinans,
711 4373 955 4427 universa
986 4373 1224 4442 reliquit,
1250 4389 1367 4442 qua:
1395 4375 1472 4430 vel
1505 4391 1597 4443 per
1628 4377 1768 4431 viam

175 4471 433 4532 ,ccperat,
453 4463 533 4517 vel
558 4478 676 4532 quae
702 4477 882 4518 secum
917 4463 1227 4518 adduxerat.
1249 4463 1354 4517 Sed
1385 4474 1436 4517 et
1467 4465 1647 4518 Gotthi
1678 4480 1770 4533 per

1876 3269 2146 3325 discutere
2171 3273 2369 3342 ccepit,
2395 3272 2579 3327 dicens
2615 3292 2628 3326 :
2659 3275 2898 3342 Qualiter
2924 3293 3022 3330 nos
3061 3278 3162 3333 hoc
3202 3288 3446 3350 tempore

1875 3361 2151 3416 victoriam
2183 3363 2428 3418 obtinere
2457 3379 2757 3432 possumus,
2787 3366 2878 3434 qui
2904 3383 2964 3421 ea
2995 3383 3112 3437 qua:
3139 3380 3315 3438 patres
3347 3386 3446 3424 no-

1871 3453 1965 3506 stri
1993 3454 2264 3507 consecuti
2295 3463 2435 3519 sunt,
2467 3471 2568 3509 non
2598 3457 2960 3512 custodimus?
3013 3459 3178 3531 ἀοι
3213 3462 3286 3515 ΙΙΙί
3315 3478 3445 3517 vero

1870 3543 2127 3600 ecclesias
2153 3545 2506 3614 :edificantes,
2539 3549 2588 3601 in
2620 3547 2784 3603 Deum
2816 3565 2964 3617 spem
2996 3567 3206 3606 oumetn
3243 3569 3448 3622 ponen-

1875 3643 1976 3700 tes,
2029 3645 2292 3705 martyres
2341 3637 2698 3703 honorautes,
2740 3642 3045 3697 sacerdotes
3093 3657 3448 3715 venerantes,

1874 3727 2126 3781 victorias
2172 3729 2546 3798 obtinuerunt,
2595 3741 2886 3802 gentesque
2932 3735 3215 3802 adversas,
3263 3739 3448 3794 divino

1873 3819 2168 3886 epitulante
2193 3821 2483 3889 adjutorin,
2512 3824 2561 3876 in
2591 3838 2720 3878 ense
2748 3834 2799 3878 ct
2832 3840 3011 3894 parma
3041 3830 3234 3896 saipius
3262 3830 3448 3885 subdi-

1874 3907 2086 3964 derunt.
2119 3910 2224 3966 Nos
2255 3926 2382 3967 vero
2417 3929 2521 3968 non
2559 3915 2727 3968 solum
2770 3915 2936 3971 Deum
2977 3934 3082 3972 non
3124 3922 3444 3989 metuimus,

1875 4015 2060 4055 verum
2089 4003 2248 4057 etiam
2277 4018 2430 4058 sacra
2458 4005 2571 4073 ejus
2601 4015 2899 4074 vastamus,
2933 4010 3204 4067 ministros
3233 4012 3444 4067 interﬁ-

1874 4093 2081 4161 cimus,
2115 4094 2225 4163 ipsa
2270 4110 2482 4166 quoque
2520 4107 2818 4151 sanctorum
2859 4100 3078 4169 pignora
3116 4103 3171 4156 iu
3218 4103 3444 4158 tidiculo

1875 4187 2222 4258 discerpimus
2251 4205 2313 4244 ac
2346 4201 2631 4246 vastatuus.
2662 4191 2776 4246 Non
2819 4195 2959 4246 enim
3001 4203 3176 4263 potest
3215 4196 3446 4251 obtineri

1875 4279 2096 4333 victoria
2116 4320 2129 4344 ,
2159 4280 2245 4334 ubi
2294 4281 2415 4335 talia
2457 4290 2847 4349 perpetrantur.
2880 4283 3001 4338 Ideo
3030 4299 3217 4340 manus
3247 4297 3448 4340 nostra:

1874 4377 1999 4423 sunt
2021 4369 2283 4432 invalidae,
2306 4370 2448 4424 ensis
2476 4371 2716 4440 tepescit,
2741 4387 2838 4428 nec
2866 4374 3082 4443 clypeos
3107 4390 3227 4439 nos,
3250 4388 3304 4429 ut
3327 4387 3449 4430 erat

1875 4460 2094 4526 solitus,
2118 4461 2355 4516 defendit
2380 4478 2442 4516 ac
2471 4463 2716 4531 protegit.
2741 4465 2880 4533 Ergo
2908 4467 2951 4518 si
2985 4466 3084 4519 hoc
3111 4481 3242 4520 mea:
3271 4468 3442 4536 culpa:

198 4554 436 4608 occultas
468 4555 690 4610 insidias
719 4554 915 4608 multos
955 4553 1021 4608 de
1061 4553 1142 4606 liis
1175 4552 1429 4620 spoliatos
1473 4553 1766 4607 interetne-
1798 4537 1850 4598 Β
1876 4553 2178 4619 ascribitor,
2204 4553 2312 4621 jam
2355 4554 2404 4607 id
2448 4555 2584 4609 Deus
2628 4554 2787 4622 capiti
2836 4571 2954 4610 meo
2993 4556 3254 4611 restituat.
3283 4558 3450 4614 Certe

202 4653 322 4696 ruut
353 4659 369 4702 ς
399 4644 593 4698 exinde
620 4645 674 4697 in
697 4643 1084 4698 Tolosanorom
1113 4657 1301 4695 manus
1328 4641 1639 4708 incidentes,
1659 4643 1776 4712 qui.

206 4737 305 4787 bus
329 4731 455 4786 dum
484 4742 782 4801 pergerent,
801 4733 962 4786 multa
995 4733 1278 4787 intulerant
1303 4734 1459 4795 mala,
1480 4733 1687 4802 spoliati
1711 4749 1777 4787 ac

205 4823 330 4877 cassi
362 4823 452 4876 vix
485 4824 698 4890 prepria
736 4825 1046 4893 contingere
1087 4833 1390 4890 potuerunt.
1419 4824 1482 4878 lli
1525 4839 1653 4880 vero
1683 4828 1772 4895 qui

203 4921 524 4976 Nemausum
553 4917 716 4989 400
744 4918 976 4988 aggressi
1005 4917 1248 4985 fuerant,
1278 4919 1616 4974 devastantes
1655 4921 1775 4974 uni-

203 5027 358 5069 versa
379 5013 632 5084 regionis,
651 5011 923 5066 succensis
943 5011 1208 5075 domibus,
1223 5012 1455 5066 incensis
1476 5013 1767 5082 segetibus,

200 5108 437 5163 discissis
479 5106 720 5172 olivetis,
753 5104 1048 5174 vinetisque
1087 5103 1337 5170 succisis,
1375 5103 1506 5159 nihil
1547 5104 1768 5161 inclusis

325 5273 474 5328 Hanc
522 5271 1107 5341 expeditionem_anno
1155 5264 1290 5341 {585,
1334 5276 1458 5321 ante
1505 5267 1764 5341 synodum

202 5341 492 5398 Matiscone
521 5337 752 5396 habitam
772 5382 789 5408 ,
827 5337 1120 5392 confectam
1153 5337 1317 5392 fuisse
1347 5347 1494 5403 putat
1526 5337 1766 5408 valesius

203 5415 405 5489 lib._st_n
431 5428 535 5466 rer.
559 5413 779 5489 Franc.;
811 5409 904 5463 sed
926 5421 1045 5461 cum
1072 5407 1352 5489 occasione
1378 5409 1522 5460 necis
1544 5407 1762 5489 figme-

199 5483 386 5550 uegildi
417 5493 658 5550 suscepta
692 5481 895 5535 dicatur
918 5491 1076 5550 supra
1104 5491 1222 5544 cap.
1245 5477 1338 5550 28,
1361 5477 1759 5550 consentt'a'tque

197 5547 350 5607 Joau.
371 5547 640 5606 Biclarain
662 5550 948 5612 Chronico,
968 5547 1162 5616 potius,
1180 5556 1232 5598 ιιι
1255 5547 1465 5614 quidem
1491 5547 1761 5611 existimo,

196 5638 341 5677 anno
367 5637 503 5691 seq.,
540 5621 588 5674 id
619 5631 701 5673 est
730 5619 854 5691 586,
885 5616 1244 5691 consiguanda
1263 5625 1377 5691 _e.st,
1397 5632 1512 5691 quo
1550 5627 1764 5691 sanctus

200 5686 636 5759 llertnenegildos
668 5689 830 5756 patris
855 5691 1007 5755 jussu
1029 5686 1235 5759 occisus
1258 5686 1589 5759 fuit._\’alcsii
1613 5703 1763 5759 error

200 5766 322 5820 inde
354 5755 621 5831 profluxit,
641 5755 778 5831 quod
805 5757 1096 5827 Lcuvigildi
1120 5772 1313 5811 annum
1340 5755 1401 5810 l7
1423 5772 1579 5826 quem
1603 5757 1759 5812 Joan-

1874 4643 1919 4697 si
1953 4658 2043 4696 vos
2073 4644 2264 4713 regalia
2297 4645 2440 4713 joSsa
2473 4647 2843 4711 contemnitis,
2871 4660 2923 4701 et
2950 4663 3011 4701 ea
3043 4660 3162 4716 quae
3192 4637 3451 4716 proscipio

1872 4736 2098 4801 implere
2124 4734 2368 4802 differtis,
2389 4735 2501 4806 jam
2527 4737 2685 4792 debet
2708 4739 2908 4793 securis
2932 4739 3091 4808 capiti
3121 4751 3294 4794 vestro
3317 4741 3449 4794 sob—

1871 4827 2038 4893 niergi
2084 4825 2198 4880 Erit
2226 4827 2365 4880 enim
2395 4828 2769 4882 documentum
2808 4829 2950 4883 omni
2995 4830 3289 4891 exercitui.
3318 4846 3448 4885 cum

1871 4936 2010 4975 unus
2033 4921 2099 4974 de
2125 4921 2388 4989 prioribus
2414 4922 2566 4976 fuerit
2591 4923 2916 4978 interfectus.
2933 4924 3308 4980 Verumtamen
3330 4926 3445 4993 jam

1875 5013 2102 5081 experiri
2133 5013 2387 5068 debemus
2413 5015 2537 5082 quid
2567 5016 2647 5085 agi
2677 5025 2938 5084 oporteat.
2955 5016 3011 5072 Si
3035 5018 3155 5086 quis
3179 5019 3447 5086 justitiam

1873 5106 2023 5178 sequi
2053 5106 2305 5172 destinat,
2325 5107 2435 5177 jam
2464 5118 2747 5178 sequatur;
2778 5110 2821 5164 si
2852 5110 2972 5179 quis
2999 5111 3312 5180 contemnit,
3331 5112 3449 5180 jam

1873 5283 1970 5324 nes
2001 5267 2194 5323 Biclar.
2217 5267 2452 5322 Mauricii
2485 5267 2698 5322 tertium
2728 5267 2993 5336 appellat,
3019 5282 3106 5320 an.
3133 5266 3235 5319 585
3264 5267 3446 5336 illiga-

1875 5340 2030 5403 verit,
2059 5353 2178 5392 cum
2220 5348 2395 5392 tamen
2438 5338 2483 5392 is
2524 5338 2639 5406 ipse
2675 5338 2745 5392 sit
2786 5353 2959 5392 anuus
2998 5337 3124 5405 586,
3148 5354 3210 5393 ex
3243 5338 3444 5394 Biclar.

1869 5408 2092 5464 calculo.

1939 5479 1966 5516 δ
1997 5477 2151 5532 Colb.
2177 5491 2253 5542 a.,
2282 5477 2560 5547 Segouom.

1942 5557 1965 5586 ο
1997 5547 2086 5602 Sic
2118 5544 2376 5600 Bec.cuui
2406 5546 2564 5600 editis
2596 5546 2884 5613 plerisque.
2908 5544 3062 5602 Colb.
3083 5561 3160 5611 a.,
3185 5545 3312 5602 Post
3335 5549 3452 5605 dies

1867 5634 1982 5671 vero
2012 5626 2231 5689 quatitor
2254 5619 2559 5689 conthnctis.
2585 5617 2737 5671 Colb.
2769 5634 2866 5689 ιιι..
2899 5617 3022 5671 Post
3052 5628 3150 5670 tres
3181 5635 3298 5672 vero
3325 5638 3460 5689 qua-

1870 5700 2001 5750 tutnr,
2022 5685 2124 5757 etc.
2147 5685 2356 5754 Regm.,
2383 5685 2508 5740 Post
2532 5699 2627 5741 (res
2651 5703 2764 5740 vero
2791 5687 2896 5739 dies
2916 5699 3134 5757 quatuor
3160 5685 3446 5757 conyunrti

1873 5758 2025 5825 Bad.,
2045 5756 2168 5811 Post
2196 5773 2310 5812 vero
2341 5768 2438 5812 (res
2469 5758 2541 5812 vel
2565 5767 2778 5829 quatuor
2810 5756 3372 5828 dies'canjuuctigctc.
