3974 6174
200 391 291 445 469

1078 389 1399 448 ΙΙὲΞΤΟΙὶΙᾹ
1445 390 1890 448 FRANCUl’tlJM.
1934 392 2134 447 LIBER
2175 392 2510 451 OCTAVUS.

3336 390 3398 447 47
3403 393 3433 445 ιι

199 507 307 560 υΙιίο
344 503 545 572 publica
590 504 785 559 cervici
814 504 931 573 ejus
962 505 1256 562 immineat.
1286 506 1465 562 Satius
1494 516 1577 563 est
1602 508 1745 562 enim
1779 508 1827 564 Α
1857 506 2018 560 lautia
2041 550 2055 573 ,
2089 523 2189 578 qua
2220 523 2433 577 semper
2461 507 2670 574 ferves,
2717 507 3106 563 abstrahereris
3142 523 3158 562 :
3188 516 3247 562 ut
3278 517 3332 563 et
3378 519 3435 566 tu

196 606 242 651 ut
280 597 420 665 pauci
465 602 811 650 centumaces
861 608 1102 661 pereant,
1133 614 1291 667 quam
1341 600 1416 654 ira
1461 599 1554 653 Dei
1596 612 1757 667 super

197 706 386 746 onmem
427 691 699 761 regionem
731 691 997 759 dependat
1030 690 1320 747 innoxiam.
1353 691 1478 746 Haec
1516 704 1639 760 rege
1676 690 1757 744 di-

194 792 361 851 cente,
390 782 785 851 responderunt
812 781 978 837 duces
1011 800 1023 836 :
1058 782 1316 836 Bonitatis
1347 790 1451 835 tute
1483 780 1753 850 magnani-

194 879 350 940 mitas,
378 890 470 928 rex
504 874 728 940 optime,
752 872 989 926 enarrari
1020 872 1175 927 facile
1206 888 1309 926 ιιιιη
1341 881 1546 941 potest;
1575 871 1663 941 qui
1692 870 1756 923 ti-

192 972 295 1021 tnnr
318 966 410 1020 tibi
443 967 494 1018 in
529 965 693 1018 Deum
722 964 818 1027 sit,
843 964 932 1033 qui
965 974 1115 1017 amor
1142 964 1195 1016 in
1224 964 1502 1027 ecclesias,
1523 975 1643 1031 qua:
1673 976 1755 1015 re-

191 1057 407 1111 terentia
436 1056 486 1109 in
515 1058 983 1124 Sacertiotes,qua‘:
1007 1054 1173 1119 pietas
1200 1054 1251 1108 in
1276 1067 1554 1123 pauperes,
1571 1067 1756 1120 quasve

190 1149 500 1216 dispensatio
547 1149 603 1201 in
643 1161 864 1218 egenos.
895 1148 998 1202 Sed
1042 1147 1162 1216 quia
1209 1146 1384 1201 otnnia
1425 1161 1546 1214 qua:
1586 1146 1753 1215 gloria

190 1249 340 1293 vestra
373 1236 574 1307 prtrferl
598 1279 613 1303 ,
649 1250 791 1293 reeta
826 1251 1063 1308 veraque
1108 1246 1228 1294 esse
1274 1247 1597 1302 censentur;
1629 1239 1752 1306 quid

192 1331 425 1383 faciemus
445 1331 588 1400 quod
621 1331 847 1400 pepuitts
878 1332 1054 1385 omnis
1079 1330 1134 1385 in
1164 1332 1348 1386 vitium
1381 1340 1462 1387 est
1489 1332 1751 1401 dilapsus,

191 1435 491 1490 omnemque
518 1420 791 1475 hominem
818 1434 976 1491 agere
999 1434 1118 1491 quas
1140 1428 1265 1476 sunt
1291 1422 1471 1491 iniqua
1493 1423 1755 1478 delectat?

192 1511 355 1566 Nullus
385 1526 569 1580 regem
604 1513 821 1578 t‘uetuit,
848 1512 1025 1567 nullus
1057 1513 1278 1581 ducem,
1307 1512 1479 1567 nullus
1506 1518 1753 1568 comitem

191 1615 445 1661 reveretur
472 1621 488 1659 :
523 1614 579 1660 et
607 1605 652 1660 si
686 1605 929 1660 fortassis
958 1604 1119 1660 alicui
1154 1606 1252 1661 ista
1281 1604 1586 1675 displicent,
1612 1619 1666 1663 et
1692 1622 1753 1662 ea

193 1710 273 1762 pro
298 1696 637 1766 longtevitale
667 1694 789 1751 vitat
818 1705 1014 1751 vestrae
1042 1696 1333 1752 emendare
1366 1709 1612 1766 conatur,
1640 1707 1751 1754 sta-

192 1788 270 1840 tim
310 1788 506 1842 seditio
538 1787 592 1841 in
633 1786 865 1856 populo,
898 1786 1077 1841 statim
1124 1790 1380 1844 tumultus
1409 1789 1671 1856 exoritur,
1699 1798 1757 1846 et

1858 596 2019 651 vitam
2050 598 2426 668 adipiscereris
2454 609 2707 653 aeternam
2728 637 2742 662 ,
2772 608 2823 652 et
2851 599 3124 667 parvulum
3156 613 3312 667 quem
3343 614 3436 668 ge-

1858 689 2018 741 nuisti
2063 690 2330 744 adducere
2356 689 2423 742 ad
2467 690 2755 758 legitimam
2797 706 2984 761 posses
3024 701 3259 747 aetatem.
3311 691 3438 745 lltec

1856 778 2078 845 effatus,
2111 793 2233 833 cum
2266 778 2424 834 verba
2458 780 2599 833 illius
2645 782 2831 836 mulier
2875 783 3107 852 graviter
3133 782 3437 854 acciperet,

1857 882 1916 922 se
1953 883 1982 920 a
2028 876 2320 939 conspectu
2376 870 2492 940 ejus
2523 870 2647 927 felle
2682 870 2895 929 fervens
2936 875 3212 929 abstraxit.
3264 875 3439 933 Advts-
3472 904 3475 907 <

1860 960 2036 1013 nicnte
2080 974 2260 1013 autem
2316 962 2604 1017 Dominicae
2647 964 3073 1019 [tt-surrectionis
3101 966 3189 1020 die
3217 963 3268 1031 ἀ,
3314 981 3435 1020 cum

1856 1053 2110 1108 sacerdos
2150 1053 2313 1124 [.03
2363 1055 2427 1107 ad
2458 1055 2726 1125 implenda
2754 1057 3114 1112 ecclesiastica
3145 1057 3324 1113 officia
3366 1058 3436 1112 ad

1857 1144 2136 1200 ecclesiam
2183 1151 2443 1201 maturius
2488 1155 2860 1217 properasset,
2925 1148 3243 1215 antiphonas
3286 1148 3442 1220 juxta

1857 1240 2298 1295 consuetudinem
2331 1240 2571 1308 incipere
2600 1254 2694 1309 per
2721 1241 2964 1295 ordinem
2992 1244 3443 1312 ctepitmutuque

1861 1331 2004 1386 inter
2029 1332 2362 1402 psallendum
2390 1332 2637 1387 formulae
2664 1333 3036 1397 decumberet,
3080 1333 3311 1387 crudelis
3348 1333 3443 1388 ad-

1859 1422 1958 1478 fuit
1988 1423 2284 1493 homicida,
2317 1425 2406 1495 qui
2435 1423 2744 1494 episcopum
2774 1438 2935 1494 super
2959 1423 3241 1480 formulam
3264 1426 3443 1495 quies-

1857 1523 2103 1579 centem,
2145 1522 2390 1569 extracto
2444 1514 2607 1570 baltei
2652 1516 2859 1581 cultro,
2889 1514 2988 1569 sub
3027 1515 3222 1571 ascella
3253 1530 3444 1584 percu-

1857 1608 1940 1661 tit.
1976 1604 2065 1659 Ille
2094 1618 2222 1660 vero
2252 1613 2437 1661 vocem
2478 1607 2760 1671 emittens,
2793 1616 2849 1660 ut
2878 1605 3059 1661 clerici
3087 1606 3175 1673 qui
3217 1606 3443 1661 aderant

1856 1696 2204 1765 adjuvareet,
2234 1696 2431 1751 nullius
2457 1696 2658 1751 auxilio
2684 1697 2753 1751 de
2793 1697 2953 1751 tantis
2992 1695 3328 1751 adstantibus
3359 1704 3443 1751 est

1857 1787 2091 1858 adjutus.
2119 1788 2190 1842 At
2228 1787 2318 1842 ille
2360 1786 2544 1857 plenas
2584 1788 2845 1856 sanguine
2884 1800 3075 1842 manus
3101 1800 3262 1855 super
3297 1785 3435 1839 alta-

190 1881 430 1935 lntantum
463 1881 827 1950 unusquisque
860 1884 1046 1935 contra
1087 1874 1250 1952 5.02
1287 1881 1565 1937 Seuiorem
1609 1895 1750 1936 sava
1781 1881 1830 1943 B
1856 1874 1993 1936 rium
2035 1876 2332 1936 extendens
2361 1889 2413 1945 ο,
2446 1878 2745 1934 orationem
2791 1878 3048 1941 fundens,
3080 1881 3135 1934 et
3178 1877 3288 1932 Deo
3316 1891 3438 1945 gra-

191 1973 465 2027 iuteutione
485 1980 784 2043 grassatur,
810 1981 867 2026 ut
890 1970 976 2025 vix
1005 1985 1064 2025 se
1090 1974 1277 2027 credat
1303 1971 1550 2039 evadere,
1574 1973 1619 2026 si
1647 1981 1755 2027 tan-

190 2064 290 2119 dem
330 2062 497 2120 silere
540 2063 863 2134 nequiverit.
892 2065 971 2119 Ad
1015 2064 1127 2118 hac
1158 2078 1249 2118 rex
1280 2063 1354 2118 ait
1383 2079 1397 2117 :
1430 2062 1485 2119 Si
1516 2066 1638 2132 quis
1662 2077 1753 2118 se-

190 2162 340 2227 untur
360 2158 670 2228 justitiam,
704 2158 879 2223 vivat;
911 2159 954 2211 si
986 2157 1106 2226 quis
1139 2157 1310 2226 legem
1340 2155 1754 2225 mandatumque

188 2261 403 2306 nostrum
433 2252 658 2319 respuit,
678 2248 788 2321 jam
816 2257 1023 2320 pereat,
1042 2262 1111 2304 ne
1137 2262 1238 2303 nos
1263 2244 1462 2303 diutius
1487 2248 1588 2303 hoc
1613 2243 1754 2302 blas-

188 2347 439 2413 phemiutn
485 2322 725 2421 (Cal/ire
762 2341 967 2413 blame)
1014 2350 1385 2411 prosequatur.
1420 2341 1544 2397 Haec
1572 2355 1639 2397 eo
1667 2340 1751 2395 di-

188 2447 352 2502 cenle,
383 2436 609 2490 advenit
655 2434 906 2497 nuntius,
933 2432 1119 2488 dicens
1168 2448 1185 2488 :
1236 2431 1564 2487 Richaredus
1614 2432 1754 2487 illius

187 2526 495 2582 tenviebildi
540 2527 611 2581 de
663 2525 934 2595 Hispaniis
982 2536 1261 2594 egressus,
1288 2523 1460 2592 Caput
1502 2523 1699 2579 Arietis
1725 2531 1752 2562 ι

185 2624 339 2685 castra
362 2618 625 2682 obtinuit,
652 2627 708 2672 et
739 2628 802 2671 ex
835 2624 972 2686 pago
1002 2615 1269 2671 Tolosano
1300 2616 1589 2670 maximam
1621 2630 1750 2685 par-

188 2720 274 2762 tem
300 2706 658 2779 depopulatus
703 2718 818 2776 est,
855 2708 1209 2776 hominesque
1241 2706 1482 2762 captivos
1509 2706 1747 2761 abduxit.

194 2796 443 2862 Ugernum
476 2796 505 2837 δ
539 2796 857 2852 Arelatense
884 2806 1118 2851 castrum
1152 2795 1373 2867 irrupit,
1403 2810 1597 2867 resque
1623 2811 1752 2850 cun-

188 2897 282 2944 rtas
325 2896 448 2944 cum
495 2886 803 2942 hominibus
848 2883 1096 2951 abstulit;
1126 2895 1181 2940 et
1209 2887 1287 2940 sic
1317 2900 1378 2941 se
1407 2886 1539 2941 infra
1570 2899 1749 2941 tmtros

188 2976 549 3035 Nemausensis
572 2976 722 3032 urbis
746 2975 982 3032 inclusit.
1012 2976 1138 3032 Haec
1160 2975 1384 3032 audiens
1411 2993 1524 3043 rex,
1547 2976 1750 3033 hende-

188 3066 369 3135 gisilum
397 3068 451 3121 iu
478 3066 655 3122 locum
675 3064 1021 3132 Calumeiosi,
1037 3076 1393 3136 cognomento
1414 3065 1675 3138 IEgilauis
1698 3077 1748 3133 ε,

186 3158 355 3213 ducem
384 3159 664 3229 deligens,
693 3171 909 3213 omnem
939 3159 985 3212 ei
1015 3156 1350 3214 Provinciam
1379 3157 1744 3214 Arelatensem

1857 1970 1958 2026 tias
1986 1972 2179 2039 agens,
2211 1971 2261 2023 in
2300 1967 2607 2024 cubiculum
2637 1982 2791 2023 suutu
2820 1966 2961 2021 inter
2992 1968 3181 2020 manus
3206 1966 3442 2020 fideiiutn

1854 2063 2164 2132 deportatus
2183 2101 2199 2127 ,
2230 2069 2285 2117 et
2314 2062 2366 2116 in
2395 2075 2548 2115 suum
2580 2058 2831 2114 lectulum
2868 2060 3163 2115 collocatus
3189 2067 3292 2114 est.
3321 2059 3442 2114 Sta-

1856 2153 2061 2222 timque
2082 2151 2447 2222 Fredegundis
2475 2162 2598 2207 cum
2622 2152 2925 2221 Beppoleno
2946 2151 3080 2206 duce
3103 2160 3160 2206 et
3181 2151 3441 2205 Ansoual-

1853 2245 1924 2300 do
1975 2244 2178 2309 adfuit,
2219 2243 2450 2298 dicens:
2493 2240 2608 2297 Non
2656 2249 2968 2311 oportuerat
3013 2241 3130 2297 haec
3175 2244 3329 2297 nobis
3375 2256 3441 2297 ae

1854 2336 2075 2406 reliquae
2100 2335 2243 2406 plebi
2293 2344 2431 2401 ture,
2462 2334 2495 2389 ο
2535 2337 2720 2390 Sancte
2755 2333 3038 2401 sacerdoti,
3088 2344 3148 2389 ut
3198 2335 3297 2389 ista
3347 2345 3439 2389 tuo

1854 2427 2023 2484 cultui
2061 2428 2359 2483 evenirent.
2402 2425 2509 2481 Sed
2555 2425 2753 2480 utinam
2803 2422 3126 2480 iudicaretur
3167 2426 3259 2493 qui
3309 2426 3433 2481 talia

1854 2534 2016 2575 ausus
2054 2530 2136 2575 est
2165 2528 2475 2589 perpetrare
2493 2557 2509 2584 ,
2557 2525 2618 2573 ut
2639 2517 2795 2588 digna
2824 2529 2922 2587 pro
2952 2517 3053 2572 hoc
3080 2516 3288 2573 scelere
3310 2531 3441 2587 sup-

1855 2611 2013 2681 plicia
2036 2610 2346 2669 sustineret.
2368 2610 2553 2666 Sciens
2579 2618 2756 2663 autem
2778 2620 2896 2664 eam
2919 2608 3170 2664 sacerdos
3201 2617 3317 2663 haec
3339 2610 3438 2664 do-

1854 2703 1968 2757 lose
1997 2701 2267 2771 proferre,
2292 2700 2369 2755 ait
2402 2717 2415 2751 τ
2448 2700 2516 2755 Et
2553 2700 2673 2769 quis
2702 2699 2815 2754 haec
2845 2698 2964 2753 fecit
2983 2741 3000 2765 ,
3034 2700 3132 2753 uisi
3165 2700 3209 2753 is
3235 2700 3326 2769 qui
3354 2713 3440 2755 re-

1851 2806 1946 2863 ges
1971 2790 2274 2858 interemit,
2302 2789 2391 2861 qui
2420 2790 2617 2860 saepius
2638 2788 2952 2860 sanguinem
2984 2791 3326 2845 innocentem
3357 2790 3438 2845 ef-

1851 2886 2023 2950 fudit,
2043 2885 2132 2954 qui
2158 2885 2367 2940 diversa
2395 2883 2448 2937 in
2474 2883 2575 2938 hoc
2604 2896 2771 2952 regno
2801 2882 2939 2936 mala
2964 2880 3268 2936 commisit?
3298 2882 3436 2936 Res—

1853 2977 2039 3046 pondit
2068 2970 2263 3031 mulier
2299 2993 2313 3030 :
2352 2975 2493 3030 Sunt
2516 2975 2652 3045 apud
2703 2989 2801 3030 nos
2865 2972 3167 3043 peritissimi
3211 2974 3436 3043 medici,

1850 3067 1945 3138 qui
1970 3066 2093 3122 huic
2138 3066 2353 3121 vulneri
2386 3064 2588 3120 mederi
2624 3058 2885 3136 possunt
2913 3065 3169 3120 Permitte
3200 3071 3259 3119 ut
3280 3078 3439 3121 acce-

1852 3156 1981 3212 dant
2020 3155 2086 3211 ad
2116 3165 2191 3211 te.
2222 3154 2290 3210 Et
2317 3155 2450 3210 ille:
2479 3151 2635 3219 Jam,
2665 3154 2868 3226 inquit,
2908 3169 2994 3209 me
3022 3153 3163 3209 Deus
3200 3155 3440 3225 praecipit

187 3248 453 3313 commisit,
484 3247 841 3316 custodesque
887 3261 983 3317 per
1023 3247 1282 3303 terminos
1322 3262 1487 3317 super
1521 3252 1750 3317 quatuor
1778 3252 1825 3318 α
1853 3248 1923 3303 de
1951 3246 2054 3304 hoc
2097 3248 2298 3303 mundo
2340 3249 2543 3302 vocari.
2594 3246 2726 3301 Nam
2766 3256 2823 3300 tu
2864 3252 2984 3316 quae
3024 3245 3106 3300 his
3145 3245 3438 3304 sceleribus

186 3339 404 3393 viromm
436 3338 607 3393 millia
637 3338 946 3393 collocavit.
988 3338 1093 3393 Sed
1124 3345 1179 3392 et
1208 3337 1443 3394 Nicetius
1482 3340 1750 3394 Arverno-

188 3444 291 3484 rum
318 3431 422 3486 dux
453 3430 703 3485 similiter
730 3444 852 3486 cum
881 3430 1196 3485 custodibus
1226 3430 1492 3500 perrexit,
1522 3440 1577 3487 et
1617 3432 1752 3489 fines

187 3520 398 3588 regionis
425 3519 669 3575 ambivii.
1553 3504 1557 3508 ’

248 3611 435 3669 XXXI.
474 3612 610 3666 Dum
638 3611 753 3666 haec
775 3618 1080 3681 agerentur,
1107 3620 1164 3666 et
1206 3611 1574 3683 Fredegundis
1612 3615 1750 3684 apud

188 3698 655 3775 Rotbotuagensetn
701 3704 886 3757 urbem
925 3713 1368 3769 commoraretur,
1410 3705 1570 3759 verba
1607 3718 1753 3759 ama-

188 3793 415 3850 ritudinis
462 3800 587 3850 cum
643 3793 969 3848 Praetextato
1013 3793 1264 3862 pontifice
1306 3793 1518 3858 habuit,
1571 3793 1753 3849 dicens

189 3896 448 3942 venturum
481 3900 609 3941 esse
638 3897 881 3954 tempus,
914 3886 1129 3954 quando
1152 3887 1336 3940 exsilia
1367 3886 1420 3941 in
1446 3887 1637 3955 quibus
1661 3887 1755 3943 de-

188 3986 350 4032 tentus
386 3978 593 4043 fuerat,
624 3979 907 4032 reviseret.
963 3977 1030 4032 Et
1059 3977 1149 4033 ille
1179 3994 1194 4031 :
1231 3978 1341 4048 Ego
1381 3993 1594 4048 semper
1615 3992 1666 4035 et
1699 3981 1752 4036 in

191 4070 392 4137 exsilio,
441 4081 499 4125 et
528 4082 676 4125 extra
723 4070 972 4125 exsilium
1011 4072 1297 4139 episcopus
1346 4071 1451 4137 fui,
1501 4087 1656 4139 sum,
1702 4085 1756 4128 et

191 4174 298 4227 t'ru;
328 4177 447 4216 nam
477 4170 533 4215 tu
566 4175 671 4215 non
697 4166 912 4231 semper
956 4160 1121 4230 regali
1170 4160 1406 4230 potentia
1439 4161 1751 4229 perfrueris.

193 4251 281 4307 Nos
302 4254 369 4311 ab
408 4254 600 4311 exsilio
642 4253 1010 4323 provehimur,
1055 4253 1322 4309 tribuente
1357 4254 1502 4321 Deo,
1541 4256 1594 4309 iu
1628 4270 1754 4327 reg-

191 4357 301 4398 num
333 4362 346 4399 :
375 4354 429 4400 tu
456 4359 587 4399 vero
609 4344 677 4397 ab
702 4343 807 4398 hoc
836 4358 1005 4414 regno
1033 4343 1360 4414 demergeris
1385 4360 1439 4398 tu
1479 4346 1751 4413 abyssum.

192 4433 395 4492 Rectius
423 4436 570 4492 enim
600 4446 716 4491 erat
748 4436 839 4491 tibi
858 4477 875 4502 ,
907 4444 965 4490 ut
993 4435 1177 4490 relicta
1206 4436 1427 4491 stultitia
1458 4448 1617 4509 atque
1647 4455 1758 4493 ma-

189 4528 316 4593 litis,
361 4518 469 4597 jam
504 4538 555 4583 te
578 4528 643 4581 ad
673 4525 892 4582 meliora
930 4536 1304 4593 couverteres,
1347 4538 1402 4583 et
1430 4528 1499 4582 ab
1526 4530 1625 4585 hac
1644 4529 1757 4601 jac-

1855 3341 2102 3410 princeps
2150 3339 2361 3395 inventa
2403 3352 2494 3403 es,
2542 3338 2650 3393 eris
2694 3337 2974 3393 maledicta
3021 3337 3074 3392 in
3107 3337 3337 3404 saeculo,
3383 3346 3440 3395 et

1854 3432 1956 3487 erit
1986 3426 2127 3488 Deus
2155 3432 2295 3486 ultor
2321 3432 2595 3502 sanguinis
2623 3430 2726 3486 mei
2752 3431 2821 3486 de
2846 3432 3024 3499 capite
3053 3438 3165 3487 tuo.
3193 3430 3436 3501 Cumque

1855 3523 1940 3579 illa
1985 3523 2319 3593 discederet,
2364 3522 2599 3592 pontifex
2648 3522 2887 3577 ordinata
2921 3521 3080 3577 dumo
3106 3536 3230 3587 sua,
3274 3522 3435 3592 spiri-

1855 3626 1969 3672 tum
1999 3615 2287 3673 exhalavit.
2334 3614 2414 3670 Ad
2444 3629 2603 3684 quem
2649 3613 3014 3683 sepeliendum
3058 3610 3443 3669 Romacbarius

1854 3707 2221 3766 Constantinus
2273 3706 2421 3761 urbis
2453 3706 3017 3777 episcopus'adveuit.
3064 3706 3287 3775 Magnus
3317 3715 3443 3761 tunc

1854 3815 2043 3859 omnes
2074 3802 2534 3873 Rothomagenses
2560 3803 2735 3869 cives,
2779 3810 2835 3857 et
2863 3802 3160 3871 prmser'tim
3201 3801 3445 3857 seniores

1857 3889 1965 3950 loci
1993 3895 2138 3951 illius
2166 3897 2429 3960 Francos,
2473 3906 2672 3950 mteror
2696 3895 2927 3949 obsedit.
2975 3894 3054 3948 Ex
3083 3893 3278 3964 quibus
3309 3907 3445 3947 unus

1856 3987 2040 4041 senior
2068 3987 2132 4040 ad
2180 3976 2587 4057 Fredegundem
2634 3986 2886 4051 veniens,
2935 3984 3058 4038 ait:
3102 3980 3261 4038 Multa
3302 3982 3445 4039 enim

1858 4079 1997 4134 mala
2025 4080 2077 4134 in
2106 4079 2207 4134 hoc
2235 4079 2432 4133 saeculo
2462 4079 2809 4148 perpeti-esti,
2842 4076 2935 4132 sed
2962 4076 3138 4131 adhuc
3163 4076 3315 4145 pejus
3337 4089 3440 4131 nou

1860 4171 2097 4236 feceras,
2134 4182 2294 4239 quam
2323 4178 2380 4224 ut
2426 4170 2760 4224 sacerdotem
2794 4168 2887 4222 Dei
2925 4167 3141 4234 juberes
3188 4165 3440 4220 interfici.

1857 4263 1934 4319 Sit
1969 4261 2111 4317 Deus
2142 4261 2282 4317 ultor
2326 4254 2599 4331 sanguinis
2639 4259 2939 4317 innocentis
2968 4252 3253 4324 velociter;
3285 4254 3449 4328 ωε,

1859 4369 1987 4409 nam
2002 4332 2064 4407 ἐι
2089 4366 2281 4407 omnes
2306 4354 2509 4407 erimus
2531 4350 2875 4421 inquisitores
2905 4349 3029 4403 mali
3052 4347 3243 4418 hujus,
3275 4358 3331 4402 ut
3352 4348 3445 4402 tibi

1860 4444 2058 4513 d;utius
2085 4459 2190 4499 non
2213 4444 2370 4500 liceat
2399 4452 2507 4497 tam
2531 4441 2767 4499 crudelia
2796 4454 3083 4496 exercere.
3113 4437 3246 4494 Cum
3269 4447 3447 4493 autem

1860 4536 1975 4591 btec
2003 4532 2184 4589 dicens
2214 4532 2516 4589 discederet
2553 4546 2583 4587 a
2614 4540 2905 4601 conspectu
2932 4528 3158 4599 reginae,
3190 4520 3334 4583 misit
3356 4527 3449 4582 illa

250 4671 275 4699 η
304 4662 467 4732 γυιςη
506 4658 1296 4734 diciturACabarot._Alt_eserrae
1336 4669 1417 4715 est
1451 4660 1752 4717 Castelnau-
1784 4669 1834 4730 υ
1860 4666 2093 4728 obi'isse.
2124 4680 2230 4734 quo
2266 4664 2352 4718 die
2398 4663 2452 4716 in
2483 4652 2758 4734 Martyrol.
2793 4661 3036 4734 Romano
3087 4670 3437 4734 memoratur,

185 4734 327 4804 duty,
371 4730 524 4804 quod
555 4734 631 4787 ait
655 4730 864 4804 aPetro
890 4730 1051 4786 Vallis
1077 4731 1287 4785 Cernaii
1328 4734 1380 4804 in
1413 4734 1637 4786 ilistorin
1661 4737 1752 4788 Al-

185 4800 473 4873 bigensium
517 4803 778 4870 appellari
816 4800 1062 4873 Castrum
1111 4817 1303 4856 novum
1334 4800 1464 4867 Arii,
1522 4805 1575 4856 iu
1625 4819 1754 4873 agro

184 4872 519 4938 Lauraceusi,
555 4875 602 4927 le
626 4872 967 4938 Lauraguais.

251 4943 524 4998 l’Celebre
563 4952 646 4997 est
682 4941 818 5013 apud
859 4951 1067 4996 veteres
1105 4953 1351 4996 auctores
1398 4941 1553 5003 huius
1592 4947 1753 4999 castri

183 5025 399 5075 nomen,
439 5015 551 5077 ubi,
599 5012 827 5069 testante
872 5012 1113 5070 Sitonio.
1143 5014 1333 5065 Avitus
1379 5016 1637 5066 salutatus
1675 5025 1758 5069 est

182 5083 488 5153 inperator.
522 5085 897 5157 llodieﬂtat‘nen
942 5093 1143 5157 unitatu
1174 5084 1416 5157 not_nine_,
1446 5086 1587 5157 haud
1610 5095 1760 5142 certo

182 5151 393 5208 constat.
419 5170 481 5207 an
514 5156 584 5209 sit
611 5151 815 5208 Bellum
857 5152 1151 5218 Quadrum,
1184 5154 1342 5221 vulgo
1362 5151 1664 5217 Beaucaire,
1690 5172 1760 5212 an

184 5224 232 5295 in
272 5224 444 5278 insula
472 5222 964 5295 Guernicatvnlgo
995 5227 1047 5275 la
1078 5223 1295 5295 Vergrte,
1337 5234 1454 5295 quae
1498 5238 1597 5277 vox
1629 5228 1762 5282 satis

186 5293 399 5363 Ugerno
440 5299 713 5362 competit.
766 5293 999 5361 Uterque
1049 5293 1190 5349 vero
1221 5294 1390 5356 locus,
1443 5293 1761 5363 interpusito

186 5364 694 5435 tamen_llhodano,
744 5364 1073 5435 propinquus
1130 5373 1211 5418 est
1238 5363 1546 5428 Tarasconi,
1595 5380 1623 5417 a
1655 5382 1761 5435 quo

183 5446 336 5490 vetus
370 5433 635 5503 Ugcrnum
667 5451 851 5501 parum
880 5433 1138 5489 distitissc
1166 5442 1369 5488 certum
1396 5443 1500 5498 est,
1543 5433 1682 5489 sicut
1708 5446 1763 5491 et

182 5506 247 5576 ab
270 5506 487 5560 Arelate
529 5520 594 5560 ex
639 5505 757 5559 Vita
803 5506 862 5561 S.
890 5504 1130 5561 Caesarii.
1164 5504 1487 5558 Hodiernum
1530 5508 1762 5576 appellat

185 5573 379 5630 Biclar.
413 5577 462 5630 in
482 5576 770 5632 Chronico.

250 5658 275 5687 ε
302 5645 464 5701 Cofb.
495 5665 594 5711 ut.,
617 5645 806 5715 Bcgtu.
837 5656 889 5700 et
918 5645 1116 5701 Cbosn.
1150 5646 1243 5706 al.,
1272 5645 1520 5714 Ag‘lanis.

246 5716 274 5753 σι
307 5716 368 5769 Id
398 5727 497 5785 est,
528 5718 615 5771 die
638 5717 906 5771 Doutinica
939 5717 1075 5787 (qua:
1102 5718 1152 5769 ιιι
1174 5717 1435 5783 scqttmris
1455 5715 1552 5769 ωνί
1577 5726 1760 5769 aucto-

188 5788 331 5841 ribus
361 5791 556 5855 passim
599 5787 714 5841 dies
743 5789 1149 5840 resurrectionis
1190 5788 1475 5839 ltotninica:
1516 5787 1755 5851 dicitur),

187 5871 228 5913 ςι
263 5872 459 5927 verum
496 5859 565 5916 sit
602 5858 979 5915 Prattcxlattttu
1034 5873 1083 5913 Vl
1127 5857 1245 5912 Kal.
1275 5857 1486 5912 Martias
1541 5873 1629 5912 an.
1654 5856 1757 5921 5§6

1859 4737 1947 4791 die
1972 4750 2097 4791 vero
2126 4731 2366 4805 sequenti
2414 4733 2469 4788 in
2497 4731 3051 4805 apographoAUsuardt
3075 4733 3322 4805 ecclesia:
3343 4733 3450 4805 Bo.

1862 4802 2229 4873 tbomagvnsis
2259 4814 2506 4858 recenter
2535 4804 2755 4872 scripto.
2787 4802 2937 4856 Hunc
2968 4810 3145 4857 tamen
3176 4802 3351 4873 locuui
3382 4806 3455 4873 de

1865 4871 2104 4931 Paschaii
2138 4874 2427 4929 feSIivitate
2456 4871 2701 4939 intelligit
2726 4873 3093 4927 ilenscbenins
3120 4872 3185 4927 ad
3215 4873 3355 4926 diem
3382 4871 3453 4926 94

1865 4947 2023 5001 Febr.
2054 4945 2320 5013 Bullatid.,
2348 4945 2434 4998 cui
2467 4944 2612 4998 favet
2632 4946 2947 5013 Anonymus
2995 4941 3137 4998 infra
3179 4945 3448 4997 laudatus.

1865 5019 2099 5083 Ideoque
2165 5011 2471 5070 Prtetextati
2538 5025 2761 5083 mortem
2794 5011 2870 5067 ’14
2915 5012 3115 5079 Aprilis
3160 5013 3452 5082 contigisse

1864 5082 2070 5156 scribit,
2097 5102 2203 5155 quo
2232 5085 2319 5141 die
2347 5100 2436 5139 an.
2463 5082 2568 5139 586
2593 5083 2791 5156 Pascha
2822 5084 3151 5156 celebratum
3183 5092 3282 5137 est.
3313 5084 3449 5135 Sub-

1865 5154 2081 5226 scripsit
2110 5154 2468 5212 Praetextatus
2496 5156 2702 5226 Concil.
2737 5154 2907 5226 Paris.
2948 5169 3037 5217 ut,
3068 5155 3267 5226 'l‘nron.
3312 5166 3370 5214 ιι,
3399 5162 3454 5206 et

1866 5224 2081 5282 demum
2122 5226 2326 5281 Matisc.
2358 5241 2417 5289 ιι,
2465 5239 2552 5279 an.
2581 5225 2709 5292 585,
2752 5224 2895 5279 unde
2925 5231 3069 5294 patet
3096 5225 3213 5289 ejus
3264 5236 3453 5294 necem

1866 5299 1930 5352 ad
1960 5313 2048 5352 an.
2079 5298 2203 5364 586,
2234 5299 2372 5351 sicut
2399 5306 2448 5349 et
2477 5309 2541 5349 ea
2572 5290 2797 5366 quaehis
2817 5290 3081 5363 capitibus
3111 5299 3292 5346 narrat
3319 5290 3453 5348 Gre-

1868 5367 2067 5441 gorius,
2108 5382 2230 5423 esse
2259 5368 2619 5441 referendam.

1941 5450 1965 5475 ι’
1998 5430 2310 5509 Attonyntus
2349 5436 2437 5502 qui
2478 5436 2675 5509 smculo
2704 5432 2988 5509 undecimo
3020 5431 3152 5509 Acta
3189 5430 3453 5509 archiepi:

1865 5501 2720 5576 scoporuut'Rothotnagensium4
2742 5501 2988 5576 scripsit,
3032 5503 3171 5557 edita
3227 5514 3359 5576 totu.
3380 5501 3385 5502 7
3406 5504 3451 5560 ll

1868 5572 2109 5634 Attalcct.
2164 5572 2475 5644 Mahillon,
2515 5576 2592 5629 sic
2636 5572 2966 5644 liabetrQui
3016 5589 3135 5627 mox
3160 5582 3212 5627 ut
3242 5574 3453 5628 vulnera

1862 5651 2046 5715 sensit,
2075 5649 2143 5701 ad
2171 5649 2333 5701 altare
2358 5643 2583 5700 cucurrit
2601 5687 2615 5704 ,
2637 5653 2700 5715 et
2720 5643 2849 5696 illud
2880 5644 3202 5711 amplexatus
3220 5686 3235 5711 ,
3267 5644 3451 5715 viatico

1864 5712 2120 5772 Domiuici
2146 5719 2373 5789 corporis
2395 5726 2442 5772 et
2465 5713 2728 5786 sanguinis
2749 5728 2801 5769 se
2822 5715 3074 5783 muniens,
3101 5716 3323 5771 animum
3345 5712 3453 5767 Deo

1862 5789 2105 5845 reddidit.
