3920 6188
488 332 603 414 ἰιι

1463 358 1523 416 S.
1564 357 1890 414 GREGORII
1932 352 2237 413 EPISCOPI
2268 347 2705 409 TURONENSIS

3602 358 3690 411 in

504 476 593 544 qui
623 488 744 529 eum
766 471 830 525 ad
846 470 1149 525 convivium
1180 478 1514 540 provocaret.
1543 471 1661 537 Quo
1683 478 1968 535 renuente,
1992 484 2081 523 ro-
2107 470 2153 527 A
2186 465 2458 521 maleficiis
2487 464 2749 520 Francum
2780 460 2940 532 jussit
2970 461 3219 517 interlici.
3261 462 3320 518 Et
3347 463 3418 519 his
3444 466 3576 523 dii-tis
3599 468 3665 527 dis

505 575 594 637 gat
621 576 677 619 ut
704 582 746 619 si
773 562 1019 618 convivio
1047 567 1164 632 ejus
1191 562 1263 615 uti
1315 576 1419 615 non
1449 562 1610 628 velit,
1639 561 1828 617 saltem
1872 560 1956 615 vel
1985 574 2083 630 po-

504 656 683 709 culum
729 654 967 716 hauriat,
1015 667 1082 707 ne
1115 650 1328 722 jejunus
1356 666 1386 705 a
1427 650 1591 721 regali
1620 650 1786 706 domo
1824 649 2081 705 discedat.

509 745 626 813 Quo
651 752 1019 814 exspectante,
1058 752 1281 811 accepto
1311 743 1534 812 poculo,
1568 741 1702 797 bibit
1744 742 2085 812 absynthium

504 853 626 893 cum
662 840 787 893 vino
831 846 888 893 et
916 837 1074 893 melle
1112 836 1372 901 mixtum,
1422 846 1480 892 ut
1523 852 1641 892 mos
1681 837 2026 894 barbarorum
2058 846 2086 875 ⁸

508 930 711 985 habet:
757 932 850 986 sed
892 932 977 986 hic
1011 938 1168 1000 potus
1191 943 1399 984 veneno
1444 916 1679 985 imbutus
1716 939 1852 985 erat.
1898 930 2086 985 Statim

509 1030 683 1077 autem
713 1031 770 1077 ut
798 1022 964 1088 bibit,
1007 1022 1173 1077 sensit
1217 1021 1421 1093 pectori
1468 1035 1568 1076 suo
1593 1021 1831 1075 dolorem
1857 1020 2086 1076 validum

510 1112 825 1181 imminere,
856 1122 911 1168 et
938 1113 1091 1183 quasi
1139 1112 1185 1166 si
1229 1112 1555 1167 incideretur
1600 1110 1950 1177 intrinsecus,
1989 1127 2087 1166 ex-

507 1202 703 1257 clamat
732 1204 867 1269 suis,
898 1203 1081 1259 dicens
1113 1221 1127 1257 :
1163 1202 1370 1273 Fugite,
1400 1216 1435 1257 o
1463 1202 1673 1269 miseri,
1703 1202 1866 1269 fugite
1892 1202 2089 1257 malum

508 1297 645 1363 hoc,
697 1311 766 1351 ne
813 1311 1017 1351 mecum
1058 1297 1257 1366 pariter
1319 1294 1676 1364 perimaniini.
1731 1294 1839 1349 lllis
1880 1309 2092 1365 quoque

510 1403 617 1443 non
664 1387 1005 1455 bibentibus,
1052 1388 1147 1458 sed
1176 1385 1553 1443 festinantibus
1579 1386 1761 1453 abire,
1808 1385 1898 1442 ille
1928 1385 2094 1455 proti-

512 1494 613 1557 nus
641 1492 966 1546 excmcains,
1017 1492 1351 1547 ascensoque
1393 1490 1555 1548 equo,
1599 1477 1652 1531 in
1701 1476 1859 1531 tertio
1895 1475 1965 1531 ab
1993 1477 2095 1530 hoc

512 1572 636 1626 loco
660 1570 835 1627 stadio
871 1570 1086 1636 cecidit,
1117 1579 1174 1625 et
1199 1578 1441 1624 mortuus
1476 1575 1580 1624 est.
1614 1566 1859 1622 Posthac
1880 1567 2093 1623 Leudo-

510 1662 701 1716 valdus
737 1660 1022 1731 episcopus
1060 1657 1089 1700 ι
1118 1659 1377 1729 epistolas
1415 1673 1512 1728 per
1553 1673 1740 1714 omnes
1785 1657 2096 1715 sacerdotes

508 1752 731 1819 direxit,
764 1761 819 1806 et
858 1759 1079 1820 accepto
1105 1751 1330 1806 consilio
1356 1750 1611 1806 ecclesias
1637 1748 2097 1820 Rothomagenscs

2185 566 2487 621 cesserunt,
2531 555 2733 609 nullum
2776 554 3094 610 rationabile
3150 568 3444 624 responsum
3475 562 3697 628 accipien-

2188 657 2299 713 tes;
2330 646 2661 703 obtestantes
2697 647 2918 700 oinuiiio
2956 655 3012 699 ut
3043 659 3302 715 nunquam
3339 646 3385 699 iu
3410 649 3601 704 ecclesia
3624 652 3697 707 illa

2189 739 2491 809 Melantius,
2539 738 2627 808 qui
2669 738 2821 808 prius
2858 738 2910 791 in
2953 736 3073 791 loco
3109 736 3396 792 Praetextati
3434 741 3703 813 subrogatus

2192 832 2386 897 fuerat,
2416 831 2712 886 sacerdotis
2741 830 3053 900 fungeretur
3079 828 3274 883 officio.

2259 921 2481 977 XXXII.
2508 921 2669 976 Multa
2693 922 2835 976 enim
2866 920 2967 974 hoc
2994 929 3233 987 tempore
3267 919 3395 974 mala
3422 932 3557 991 gesta
3583 935 3707 981 sunt.

2189 1011 2321 1066 Nam
2352 1011 2609 1066 Domnola
2639 1010 2826 1065 relicta
2870 1009 3139 1080 quondam
3184 1007 3469 1077 Burgoleni,
3505 1026 3606 1080 qua:
3630 1013 3708 1069 fuit

2198 1102 2305 1156 tilia
2333 1101 2553 1156 Victorii
2578 1100 2952 1155 Rhedonensis
2979 1097 3217 1169 episcopi
3243 1106 3292 1165 θ,
3315 1099 3712 1168 quatntNectarius

2194 1192 2534 1247 matrimonio
2558 1191 2927 1262 copulaverat,
2971 1189 3313 1244 intentionem
3351 1189 3413 1244 de
3443 1190 3595 1245 vineis
3615 1207 3712 1247 cum

2197 1283 2467 1339 Boboleno
2497 1280 2517 1321 ε
2553 1279 2916 1338 referendario
2960 1278 3320 1349 Fredegundis
3366 1265 3589 1335 habebat.
3625 1282 3715 1338 Au-

2195 1378 2346 1435 diens
2375 1393 2495 1434 eam
2519 1380 2571 1433 in
2604 1378 2701 1433 has
2730 1377 2916 1434 vineas
2938 1376 3243 1444 advenisse,
3265 1375 3403 1430 misit
3426 1375 3616 1430 nuntios
3638 1375 3715 1429 ob-

2197 1479 2455 1527 testantes
2487 1486 2554 1526 ne
2595 1470 2803 1542 ingredi
2843 1471 3057 1540 penitus
3100 1470 3153 1525 in
3206 1470 3340 1525 hanc
3380 1469 3721 1539 possusioneui

2205 1572 2581 1630 praesumeret.
2627 1562 2778 1631 Quod
2822 1563 2907 1618 illa
2938 1561 3262 1632 despiciens,
3293 1571 3346 1617 et
3385 1574 3465 1615 res
3491 1561 3636 1631 patris
3658 1558 3724 1614 sui

2199 1654 2364 1711 fuisse
2392 1655 2760 1725 proclamans,
2792 1655 3030 1726 ingressa
3065 1663 3173 1710 est.
3205 1653 3352 1709 Tunc
3386 1652 3471 1707 ille
3494 1661 3723 1715 commota

2200 1747 2487 1813 seditione,
2520 1761 2680 1817 super
2705 1761 2822 1802 eam
2866 1760 2988 1801 cum
3037 1746 3263 1800 armatis
3287 1745 3412 1800 viris
3448 1744 3587 1799 irruit
3610 1762 3621 1796 :
3643 1757 3726 1811 qua

508 1843 720 1911 clausit,
755 1852 813 1897 ut
842 1843 894 1897 in
926 1842 1010 1898 his
1048 1841 1281 1912 populus
1320 1840 1581 1898 solemnia
1625 1841 1816 1896 divina
1832 1856 1941 1897 non
1973 1856 2095 1911 spe-
2125 1828 2170 1887 Β
2200 1840 2498 1904 interfecta,
2520 1840 2703 1895 vineas
2726 1838 3088 1902 vindetuiavit,
3114 1853 3308 1909 resque
3325 1838 3549 1906 diripuit,
3575 1847 3623 1892 et
3642 1848 3728 1891 tam

510 1942 704 1998 claret,
736 1931 909 1988 donec
938 1932 1281 2002 indagatione
1298 1933 1568 1987 communi
1595 1933 1919 2001 reperiretur
1940 1932 2099 2003 hujus

509 2030 697 2077 auctor
707 2021 949 2077 sceleris.
965 2021 1073 2077 Sed
1088 2020 1362 2093 ctaliquos
1372 2021 1749 2091 apprehendit,
1763 2022 1957 2093 quibus
1968 2038 2099 2092 sup-

510 2113 669 2182 plicio
693 2113 953 2177 subditis,
978 2114 1263 2169 veritatem
1292 2114 1556 2178 extorsit,
1588 2113 1819 2185 qualiter
1847 2128 1943 2184 per
1970 2129 2100 2169 con-

511 2202 689 2259 silium
714 2201 1083 2272 Fredegundis
1114 2203 1229 2257 haec
1255 2213 1373 2258 aeta
1404 2203 1654 2259 fuerant:
1686 2205 1780 2261 sed
1813 2220 1876 2260 ea
1905 2206 2097 2262 defen-

511 2304 686 2359 sante,
718 2294 905 2349 ulcisci
938 2309 1043 2349 non
1076 2296 1267 2363 potuit.
1323 2293 1592 2350 Ferebant
1612 2297 1776 2352 etiam
1818 2297 1884 2352 ad
1925 2298 2099 2367 ipsum

513 2398 858 2455 percussores
885 2385 1122 2450 venisse,
1161 2398 1261 2454 pro
1287 2399 1354 2441 eo
1374 2385 1517 2453 quod
1550 2386 1666 2442 haec
1718 2386 1990 2458 inquirere
2017 2403 2102 2445 sa~

514 2478 719 2544 gaciter
755 2476 1079 2540 destinaret;
1111 2475 1206 2531 sed
1233 2476 1478 2531 custodia
1518 2477 1718 2532 vallato
1746 2493 1990 2545 suorum,
2022 2479 2104 2532 ni-

519 2566 595 2622 hil
625 2567 672 2622 ei
720 2580 919 2622 nocere
939 2574 1247 2637 poturrunt.
1295 2566 1479 2634 Itaque
1518 2581 1641 2621 cum
1686 2568 1798 2622 h’asc
1828 2567 1895 2623 ad
1930 2568 2102 2635 Gunt-

517 2657 835 2712 cbramnum
875 2672 1059 2728 regem
1110 2656 1313 2727 perlata
1342 2656 1593 2724 fuissent,
1617 2665 1672 2712 et
1693 2658 1897 2714 crimen
1939 2672 2104 2729 super

519 2751 800 2806 mulierem
837 2750 1130 2819 iaceretur,
1163 2749 1310 2804 misit
1348 2757 1458 2805 tres
1489 2750 1769 2820 episcopos
1806 2751 1872 2805 ad
1914 2751 2102 2819 lilium,

525 2840 618 2910 qui
642 2854 765 2897 esse
786 2839 983 2896 dicitur
1000 2838 1308 2909 Chilperici,
1333 2853 1489 2909 quem
1502 2837 1750 2910 superius
1770 2838 2105 2895 Clothariuin

520 2934 834 3003 scripsimus
852 2932 991 3003 (Lib.
1022 2948 1119 2999 vn,
1148 2949 1262 3002 cap.
1292 2930 1349 3003 6)
1378 2932 1697 2999 vocitatum,
1729 2934 1783 2989 id
1809 2944 1891 2990 est
1914 2934 2110 2989 Arthe-

521 3024 687 3080 iniuni
740 3023 1089 3088 Senonicum,
1138 3023 1407 3080 Veranuni
1466 3023 1926 3083 Cavellionensem
1960 3034 2009 3092 ο,
2054 3033 2110 3080 et

522 3115 809 3185 Agreciuin
838 3116 1232 3183 Tricassinum,
1267 3124 1325 3172 ut
1353 3115 1557 3171 scilicet
1600 3130 1724 3172 cum
1762 3115 1846 3171 his
1875 3118 1961 3186 qui
1987 3130 2107 3186 par-

2200 1937 2343 1989 virns
2389 1949 2547 2005 quam
2578 1933 2862 2000 mulieres,
2893 1919 2983 2003 qui
3015 1947 3137 1987 cum
3168 1946 3230 1988 ea
3276 1941 3458 1999 erant,
3501 1930 3733 1984 interfecit

2201 2026 2401 2097 gladio,
2432 2040 2531 2082 nec
2555 2024 2810 2082 remansit
2857 2039 2925 2081 ex
2963 2024 3079 2087 his,
3114 2024 3218 2079 nisi
3263 2024 3351 2093 qui
3392 2023 3504 2094 fuga
3534 2023 3627 2077 labi
3654 2036 3733 2091 po-

2204 2120 2324 2172 ttiit.

2276 2205 2516 2263 XXXIII.
2554 2205 2768 2262 Exstitit
2793 2215 2971 2262 autem
3001 2206 3055 2262 in
3086 2206 3171 2261 his
3203 2205 3391 2260 diebus
3433 2204 3561 2274 apud
3583 2203 3735 2257 urbem

2204 2299 2525 2354 Parisiacain
2573 2298 2786 2367 mulier,
2817 2297 2980 2369 406
3006 2314 3129 2367 qua:
3161 2297 3369 2352 diceret
3409 2295 3586 2352 incolis
3613 2311 3626 2346 :
3652 2293 3741 2347 Fu-

2205 2391 2313 2461 gite
2335 2392 2403 2446 ab
2433 2391 2586 2457 urbe,
2608 2398 2664 2445 et
2692 2392 2883 2445 scitete
2904 2402 3023 2445 eam
3052 2389 3305 2445 incendio
3326 2384 3741 2443 concremandam.

2203 2484 2333 2553 Quce
2360 2498 2483 2538 cum
2529 2497 2559 2536 a
2604 2481 2790 2537 multis
2834 2481 3182 2545 irrideretur,
3216 2481 3357 2551 quod
3391 2480 3503 2535 haec
3536 2488 3619 2532 aut
3654 2490 3744 2529 θοις

2206 2576 2335 2629 tium
2370 2572 2633 2643 prasagio
2660 2572 2897 2638 diceret,
2926 2582 3019 2626 aut
3055 2586 3193 2626 vana
3227 2570 3408 2641 aliqua
3451 2567 3749 2628 somniasset,

2206 2674 2298 2723 aut
2327 2675 2475 2733 certe
2528 2664 2777 2719 dmmonii
2831 2665 3113 2719 meridiani
3176 2663 3275 2733 (V.
3304 2663 3394 2718 lib.
3418 2678 3466 2717 iv
3494 2662 3553 2716 de
3575 2656 3747 2714 llir.S.

2217 2756 2453 2821 Martini,
2506 2773 2622 2825 cap.
2653 2755 2744 2826 56)
2777 2754 2891 2810 haec
2932 2756 3191 2811 instinctu
3237 2755 3537 2824 proferret,
3566 2763 3750 2818 respon-

2206 2850 2284 2905 dit
2316 2866 2332 2906 :
2363 2849 2707 2919 Nequaquam
2745 2856 2829 2903 est
2875 2847 2946 2902 ita
2978 2855 3039 2900 ut
3062 2846 3273 2901 dicitis.
3313 2846 3444 2900 Nam
3487 2844 3538 2898 in
3566 2843 3752 2897 veritate

2208 2944 2417 3013 loquor,
2445 2942 2566 3011 quia
2591 2938 2699 2994 vidi
2732 2954 2828 3010 per
2856 2939 3125 2994 somnium
3153 2953 3185 2991 a
3212 2937 3433 2991 basilica
3461 2934 3618 2989 sancti
3648 2930 3754 2983 Vin-

2209 3032 2371 3089 centii
2394 3032 2694 3088 venientem
2724 3032 2897 3085 virum
2922 3030 3312 3093 illuminatum,
3339 3036 3598 3084 tenentem
3621 3036 3754 3078 manu

2210 3136 2450 3187 cereum,
2474 3130 2529 3177 et
2558 3121 2747 3177 domos
2776 3122 3142 3192 negotiantum
3164 3135 3232 3175 ex
3258 3120 3447 3174 ordine
3468 3116 3755 3173 succenden-

523 3209 704 3263 vulum
737 3207 1061 3275 nutriebant,
1092 3209 1466 3279 perquirerent
1495 3208 1652 3279 hujus
1675 3208 1895 3265 sceleris
1920 3222 2109 3278 perso-
2137 3196 2182 3261 C
2214 3222 2345 3270 cem.
2379 3214 2616 3283 Denique
2638 3222 2756 3281 post
2780 3214 2990 3266 tertiam
3023 3218 3243 3266 noctem
3277 3208 3421 3280 quod
3454 3208 3564 3262 haec
3601 3204 3755 3259 mulier

524 3312 670 3364 nam,
714 3308 769 3354 et
816 3298 868 3352 in
906 3306 1200 3367 conspectu
1236 3296 1355 3368 ejus
1390 3298 1728 3353 exhiberent.
1779 3298 1934 3366 Quod
1983 3313 2104 3355 cum

523 3391 836 3448 sacerdotes
879 3389 1039 3445 locuti
1084 3388 1339 3450 fuissent,
1388 3388 1782 3458 responderunt
1832 3390 2105 3445 seniores:

526 3480 689 3554 ωε
718 3480 883 3536 Nobis
926 3494 1145 3549 prorsus
1176 3479 1291 3534 haec
1331 3478 1469 3534 iacta
1513 3480 1820 3550 displicent,
1849 3490 1904 3536 et
1943 3482 2112 3552 magis

528 3586 593 3627 ac
627 3570 796 3640 magis
832 3583 897 3624 ea
931 3568 1173 3638 cupimus
1212 3570 1415 3626 ulcisci.
1455 3569 1590 3627 Nam
1627 3586 1733 3626 non
1766 3581 1941 3642 potest
1972 3571 2108 3641 fieri,

531 3671 590 3718 ut
618 3661 663 3716 si
694 3661 816 3731 quis
842 3660 983 3717 inter
1008 3674 1108 3716 nos
1143 3660 1423 3731 culpabilis
1462 3662 1748 3727 invenitur,
1774 3661 1826 3718 in
1856 3677 2113 3734 conspec-

534 3764 645 3809 tum
691 3752 836 3832 regis
874 3754 1038 3807 vestri
1080 3752 1395 3819 deducatur,
1416 3766 1537 3808 cum
1582 3767 1689 3809 non
1720 3756 1984 3822 possimus
2017 3770 2113 3812 no-

536 3855 767 3901 strorum
782 3844 1018 3901 facinora
1035 3844 1199 3914 regali
1212 3846 1491 3902 sanctione
1507 3847 1862 3917 comprimere
1888 3847 1937 3901 ά.
1960 3848 2114 3904 Tunc

534 3941 845 4001 sacerdotes
866 3937 1153 3993 dixerunt:
1177 3935 1444 3993 Noveritis
1470 3937 1635 4007 enim,
1661 3938 1785 4009 quia
1814 3939 1861 3993 si
1888 3953 2114 4008 persona

533 4045 653 4100 quso
692 4031 809 4084 haec
844 4030 1196 4099 perpetravit,
1242 4029 1297 4084 in
1340 4028 1518 4085 medio
1555 4031 1726 4100 posita
1771 4046 1878 4086 non
1920 4031 2111 4098 fuerit,

512 4136 634 4181 rex
658 4130 840 4176 noster
872 4135 993 4176 cum
1040 4121 1281 4177 exercitu
1322 4122 1424 4177 huc
1463 4123 1703 4189 veniens,
1737 4137 1950 4177 omnem
1980 4127 2117 4177 hanc

535 4213 809 4286 regionem
854 4213 1032 4285 gladio
1075 4214 1429 4284 incendioque
1474 4214 1700 4269 vastabit
1733 4230 1747 4269 :
1778 4214 1902 4284 quia
1948 4214 2118 4269 maui-

536 4312 727 4367 fcstum
764 4321 848 4366 est
874 4309 1012 4366 hanc
1048 4308 1383 4365 interfecisse
1415 4307 1595 4377 gladio
1622 4308 1967 4378 episcopum,
1997 4323 2116 4378 quae

608 4476 633 4503 ⁸
660 4466 748 4523 Sic
815 4466 1055 4521 Francos
1100 4464 1297 4534 passim
1341 4463 1576 4534 appellat
1622 4462 1930 4533 Gregorius.
1980 4464 2117 4519 Vino

536 4547 711 4590 autem
760 4533 1132 4608 absynthiaco,
1180 4533 1525 4608 nondbai-bari
1574 4534 1769 4608 solum,
1804 4534 2117 4608 sed_et_llo-

536 4610 677 4660 niani
708 4604 991 4665 utebantur
1017 4605 1068 4658 in
1093 4605 1373 4668 conviviis,
1408 4613 1465 4658 ut
1492 4619 1557 4659 ex
1581 4604 1877 4672 Capitolino
1908 4606 1958 4658 iti
1984 4605 2116 4659 Gor-

538 4678 722 4747 iliauo,
752 4689 806 4732 et
831 4676 1135 4747 Lampridio
1165 4675 1216 4730 in
1242 4674 1627 4743 Ilieliogabalo,
1658 4676 1718 4731 S.
1745 4673 2119 4747 Ambrosioli-

539 4750 637 4800 tiro
661 4746 725 4800 de
747 4747 938 4811 Tobia,
962 4745 1015 4802 et
1042 4747 1160 4799 aliis
1190 4746 1502 4801 auctoribus
1533 4754 1696 4813 patet.
1728 4747 1800 4800 De
1827 4745 1928 4800 hoc
1956 4745 2119 4801 etJo—

541 4831 636 4870 nas
668 4816 719 4868 iii
753 4817 876 4872 Vita
906 4816 1076 4872 sancti
1102 4816 1435 4871 Coluiiihani.
1678 4818 1683 4824 ’

611 4883 709 4939 bIs
749 4898 866 4942 crat
909 4890 1071 4955 episc.
1125 4886 1497 4954 Bajocassinus
1537 4900 1604 4941 ex
1646 4886 1737 4939 lib.
1774 4900 1847 4947 ix,
1875 4900 1993 4952 cap.
2029 4885 2117 4951 I3,

538 4956 695 5025 t'ujllS
712 4958 870 5012 sedes
890 4954 974 5012 est
1000 4958 1166 5016 prima
1193 4957 1245 5009 in
1276 4955 1518 5025 Lugduu.
1546 4956 1585 5009 II
1610 4966 1732 5025 post
1757 4954 2117 5024 metropolim;

539 5024 683 5083 unde
726 5029 955 5082 viduatze
986 5024 1438 5097 Rothomagcnsis
1470 5026 1722 5082 Ecclesiae
1768 5041 1950 5081 curam
1995 5036 2120 5081 tunc

538 5101 796 5167 suscepit.

613 5181 634 5209 ε
669 5166 760 5225 Sic
786 5183 919 5223 mss.
942 5177 996 5225 et
1022 5175 1195 5232 recte;
1231 5182 1353 5221 nam
1376 5167 1801 5223 Cabillonensem
1829 5166 2119 5222 Ecclesiam

539 5252 665 5296 tunc
680 5243 914 5302 Flavius,
926 5239 1388 5295 Cavcllionensem
1408 5254 1556 5304 vero,
1572 5253 1665 5293 seu
1677 5238 2119 5304 Cavellicensem,

546 5310 827 5375 Cavaillon,
856 5310 1120 5377 Veranus,
1150 5311 1427 5373 regebant.
1454 5310 1691 5374 Uterque
1721 5310 1887 5365 Conc.
1913 5308 2118 5363 Matisc.

542 5397 633 5452 :_i_n.
658 5382 762 5437 585
794 5383 1128 5452 subscripsit.
1171 5380 1308 5435 Editi
1339 5382 1479 5452 male
1508 5379 1927 5452 Cabillonensetn.
1957 5380 2122 5452 llujus

547 5449 737 5504 Verani
772 5452 885 5506 Vita
933 5449 1107 5508 exstat
1157 5462 1301 5504 tonio
1342 5467 1377 5509 ii
1408 5450 1661 5505 Biblioth.
1716 5464 1868 5503 nova:
1898 5449 2116 5513 Lalshei,

544 5536 662 5589 pag.
708 5521 843 5586 69');
891 5524 1022 5579 obiit
1069 5539 1126 5579 ιιι
1176 5522 1298 5577 Idus
1323 5521 1663 5584 Novembris,
1712 5521 1803 5575 sed
1859 5520 1977 5587 ipso
2032 5520 2120 5575 die

546 5593 732 5644 Iduum
759 5590 875 5659 ejus
907 5594 1094 5647 festum
1126 5592 1429 5648 celebratur
1457 5592 1511 5645 in
1541 5607 1633 5645 sua
1668 5591 1820 5646 urbe.
1847 5593 2119 5645 Artemius

544 5670 722 5715 autem
762 5663 1092 5718 Senonensis
1127 5662 1443 5730 subscripsit
1483 5662 1646 5716 Cone.
1688 5661 1892 5716 Malisc.
1925 5673 2018 5716 iet
2056 5677 2117 5716 it.

544 5732 752 5787 Colitur
781 5732 918 5801 apud
943 5734 1183 5788 Senones
1212 5734 1299 5787 die
1324 5732 1395 5786 25
1424 5733 1641 5798 Aprilis.
1668 5730 1945 5799 Agrcecius
1970 5733 2120 5786 deni-

545 5817 652 5869 que
671 5800 1006 5861 Tricassinus
1033 5800 1197 5859 Cone.
1231 5803 1435 5861 Matisc.
1466 5820 1503 5860 ii
1529 5802 1843 5874 subscripsit
1873 5819 1969 5875 per
1992 5804 2119 5859 uiis-
2146 5859 2153 5865 ,

2210 3314 2296 3362 est
2322 3306 2500 3369 eﬂ'ata,
2542 3306 2827 3360 inchoante
2863 3304 3225 3373 crepusculo,
3253 3302 3472 3372 quidam
3518 3314 3548 3354 e
3589 3297 3760 3352 civibus

2210 3410 2444 3452 accenso
2493 3395 2724 3462 lumine,
2780 3395 2834 3449 in
2877 3392 3317 3464 promptuarium
3373 3401 3455 3447 est
3502 3390 3759 3459 ingressus.

2211 3494 2592 3556 assumptoque
2619 3485 2742 3541 oleo
2771 3493 2796 3532 8
2827 3499 2890 3540 ac
2921 3485 3135 3539 caeteris
3157 3498 3285 3554 qua)
3304 3496 3602 3538 necessaria
3620 3484 3761 3539 erant,

2212 3577 2513 3641 abscessit,
2568 3574 2768 3631 lumine
2821 3589 2977 3630 secus
3030 3574 3314 3644 capellam
3365 3572 3470 3628 olei
3522 3570 3759 3626 derelicto.

2217 3670 2345 3724 lirat
2369 3669 2514 3724 enim
2545 3667 2735 3723 domus
2766 3667 2881 3722 haec
2911 3667 3080 3736 prima
3123 3681 3291 3722 secus
3331 3676 3559 3734 portam,
3584 3676 3689 3733 quis
3713 3657 3765 3713 ad

2215 3761 2493 3816 meridiem
2534 3761 2716 3831 pandit
2760 3774 3062 3831 egressum.
3117 3762 3202 3818 Ex
3240 3779 3354 3833 quo
3382 3763 3577 3819 lumine
3609 3768 3769 3826 appre-

2216 3851 3263 3918 hensadomusincendioconcrematur,
3279 3854 3352 3910 de
3380 3869 3481 3925 qua
3506 3861 3556 3907 et
3582 3849 3685 3904 alia
3700 3859 3772 3913 apo

2217 3944 2477 4015 prehendi
2506 3951 2805 4012 coeperunt.
2831 3941 2979 3997 Tunc
3002 3942 3268 4000 diruente
3290 3945 3414 4013 igne
3433 3956 3587 4009 super
3605 3938 3771 3993 vinctus

2216 4035 2468 4098 carceris,
2502 4035 2749 4104 apparuit
2796 4036 2874 4089 eis
2903 4034 3096 4092 beatus
3127 4038 3467 4100 Germanus,
3510 4045 3562 4090 et
3593 4026 3777 4088 cummi-

2220 4141 2390 4183 nuens
2420 4125 2624 4181 tnabem
2654 4138 2816 4195 atque
2848 4134 3071 4181 catenas
3091 4170 3107 4194 ,
3140 4129 3348 4199 quibus
3379 4128 3537 4182 vincti
3566 4122 3777 4180 teneban-

2221 4229 2326 4283 tur,
2353 4224 2592 4273 reserato
2621 4218 2855 4272 carceris
2900 4218 3062 4284 ostio,
3098 4209 3324 4274 vinctos
3381 4219 3533 4275 abire
3576 4210 3779 4287 permisit

2221 4310 2537 4366 incolumes.
2588 4308 2665 4362 Illi
2696 4322 2824 4363 vero
2860 4309 3063 4375 egressi
3114 4324 3182 4365 se
3227 4310 3613 4365 ad'basilicam
3640 4301 3780 4358 sancti

2222 4479 2339 4543 sum
2369 4477 2523 4543 suum
2550 4463 2740 4543 aquod
2773 4459 3197 4543 hicpbse'rvare
3226 4464 3408 4543 visum
3446 4471 3557 4543 est,
3581 4474 3640 4514 eo
3669 4450 3784 4543 quod

2223 4535 2378 4603 hujus
2409 4530 2682 4594 antistitis,
2707 4542 2761 4587 et
2790 4530 2983 4603 Felicis
3015 4531 3355 4588 Betilicensis
3386 4532 3617 4595 nomina,
3640 4530 3786 4603 nescio

2222 4597 2327 4675 qu'u
2350 4619 2477 4659 casu
2505 4605 2557 4656 in
2579 4601 3061 4675 subscriptionibus
3084 4603 3327 4659 Concilii
3355 4604 3675 4665 Matisc.,suo
3692 4597 3787 4651 loco

2223 4672 2617 4737 desiderentur,
2651 4682 2708 4726 ut
2737 4680 2918 4725 monet
2940 4672 3283 4729 Sirmondus
3314 4677 3371 4729 in
3404 4674 3612 4728 erratis.

2295 4742 2322 4781 (ι
2350 4746 2499 4811 Quod
2530 4758 2721 4812 nempe
2746 4741 2929 4802 alium,
2951 4752 3154 4811 praeter
3178 4745 3522 4799 Clilmariuoi
3542 4744 3786 4813 iuniorem.

2225 4831 2402 4885 regem
2431 4830 2535 4869 non
2562 4821 2950 4885 agnoscerent,
2998 4814 3166 4883 cuius
3202 4819 3362 4885 regni
3408 4814 3510 4884 ipsi
3543 4814 3785 4885 optimates

2224 4882 2376 4940 erant
2404 4896 2459 4940 et
2487 4883 2817 4956 consiliarii,
2839 4898 3001 4950 penes
3022 4882 3172 4953 quos
3193 4929 3211 4951 ,
3262 4882 3338 4939 (ili
3369 4882 3787 4956 regisiinfautiam.

2227 4972 2404 5012 rerum
2435 4954 2827 5010 administratio
2851 4962 3003 5025 erat;
3038 4957 3401 5025 proindeque
3424 4952 3620 5009 nullum
3657 4952 3788 5021 iusin

2226 5042 2321 5080 eos
2353 5027 2497 5096 ipsos
2527 5025 2887 5080 Guntramuus
2929 5024 3187 5096 haberet.
3246 5024 3409 5081 unde
3452 5025 3792 5080 Melantiusse-

2227 5097 2348 5151 dem
2375 5094 2879 5167 'ltothomagensem
2902 5135 2916 5155 ,
2945 5094 3193 5167 favente
3238 5096 3614 5167 Fredegunde,
3644 5100 3788 5147 rursus

2225 5168 2479 5241 obtinuit,
2503 5167 2587 5241 cui
2612 5164 2903 5241 Gregorius
2924 5163 3010 5241 AM.
3043 5163 3450 5238 Augustinum'
3477 5167 3695 5241 aliosque
3714 5171 3793 5241 uio-

2227 5238 2426 5317 nachos
2453 5231 2792 5360 i'nsgnglia—m
2819 5231 3242 5304 proficiscentes
3288 5231 3680 5295 commendavit
3720 5231 3793 5284 lib.

2227 5324 2295 5360 ix.
2321 5317 2480 5360 enisi.
2584 5346 2599 5360 .

2224 5324 2295 5373 ix,
2321 5317 2480 5373 epist.
2511 5317 2599 5361 5‘2.

2298 5324 2687 5447 εθῐὲιῗζεὲιξίιεὶι
2714 5375 2878 5433 Cone.
2912 5376 3125 5433 Turon.
3178 5395 3245 5447 ii,
3278 5396 3377 5437 an.
3410 5379 3536 5445 567,
3586 5386 3633 5435 et
3656 5371 3799 5431 lautia-

2226 5458 2310 5505 tur
2339 5464 2370 5502 a
2398 5446 2691 5503 Fortunato
2718 5449 2810 5503 Iib.
2845 5465 2919 5512 ιιι,
2958 5462 3136 5502 carm.
3182 5451 3242 5505 4.

2301 5517 2327 5596 ί.
2367 5520 2576 5596 Regini,
2610 5509 3061 5596 Bodotenngap.
3092 5534 3301 5596 princ“
3335 5532 3395 5577 et
3422 5520 3568 5596 infra
3587 5530 3692 5596 cap.
3720 5509 3798 5596 βε

2224 5590 2420 5645 dicitur
2446 5589 2792 5659 Beppoleuus.
2841 5589 2906 5645 V.
2955 5603 3085 5655 cap.
3118 5592 3217 5647 45.
3264 5593 3505 5649 Intentio
3557 5591 3655 5651 hic,
3694 5589 3801 5659 sicut

2223 5671 2278 5743 et
2329 5655 2533 5730 passim
2559 5655 2713 5730 apud
2743 5661 2929 5731 Greg.,
2974 5664 3409 5720 contentionem
3448 5679 3546 5718 seu
3576 5655 3803 5716 litemdc-

2225 5744 2422 5800 Signat.

2296 5809 2320 5850 σ
2363 5802 2452 5860 Sic
2472 5799 2678 5865 Casin.;
2708 5804 2911 5866 caeteri.
2950 5815 3346 5875 assumptoque
3374 5823 3461 5875 eo,
3490 5812 3580 5863 aut
3605 5802 3663 5859 ab
3682 5812 3754 5855 ω.
