  <div class='ocr_page' id='page_1' title='image "/cluster/home/n/w/nwhite01/storage/ocr_20150623/71/hvd.32044054758750/242.png"; bbox 0 0 3974 6174; ppageno 0'>
   <div class='ocr_carea' id='block_1_1' title="bbox 419 257 518 312">
    <p class='ocr_par' dir='ltr' id='par_1_1' title="bbox 419 257 518 312">
     <span class='ocr_line' id='line_1_1' title="bbox 419 257 518 312; baseline -0.01 0"><span class='ocrx_word' id='word_1_1' title='bbox 419 257 518 312; x_wconf 68' lang='grc'><strong>473</strong></span> 
     </span>
    </p>
   </div>
   <div class='ocr_carea' id='block_1_2' title="bbox 1339 255 2771 317">
    <p class='ocr_par' dir='ltr' id='par_1_2' title="bbox 1339 255 2771 317">
     <span class='ocr_line' id='line_1_2' title="bbox 1339 255 2771 317; baseline -0.001 0"><span class='ocrx_word' id='word_1_2' title='bbox 1339 256 1656 317; x_wconf 66' lang='lat' dir='ltr'><strong>HISTORIA</strong></span> <span class='ocrx_word' id='word_1_3' title='bbox 1699 255 2140 315; x_wconf 77' lang='lat' dir='ltr'><strong>FRANCORUM.</strong></span> <span class='ocrx_word' id='word_1_4' title='bbox 2183 257 2385 314; x_wconf 75' lang='lat' dir='ltr'><strong>LIBER</strong></span> <span class='ocrx_word' id='word_1_5' title='bbox 2424 259 2771 317; x_wconf 75' lang='lat' dir='ltr'><strong>OCTAVUS.</strong></span> 
     </span>
    </p>
   </div>
   <div class='ocr_carea' id='block_1_3' title="bbox 3564 265 3668 320">
    <p class='ocr_par' dir='ltr' id='par_1_3' title="bbox 3564 265 3668 320">
     <span class='ocr_line' id='line_1_3' title="bbox 3564 265 3668 320; baseline -0.029 -1"><span class='ocrx_word' id='word_1_6' title='bbox 3564 265 3668 320; x_wconf 64' lang='lat'><strong>47’.</strong></span> 
     </span>
    </p>
   </div>
   <div class='ocr_carea' id='block_1_4' title="bbox 341 365 3670 451">
    <p class='ocr_par' dir='ltr' id='par_1_4' title="bbox 341 365 3670 451">
     <span class='ocr_line' id='line_1_4' title="bbox 341 365 3670 451; baseline 0.001 -20"><span class='ocrx_word' id='word_1_7' title='bbox 341 389 354 398; x_wconf 93' lang='lat'><strong>&#39;</strong></span> <span class='ocrx_word' id='word_1_8' title='bbox 418 379 705 448; x_wconf 75' lang='lat' dir='ltr'><strong>&#39;v&#39;iucentii,</strong></span> <span class='ocrx_word' id='word_1_9' title='bbox 737 380 789 434; x_wconf 92' lang='lat' dir='ltr'><strong>in</strong></span> <span class='ocrx_word' id='word_1_10' title='bbox 815 393 916 451; x_wconf 89' lang='lat' dir='ltr'><strong>qua</strong></span> <span class='ocrx_word' id='word_1_11' title='bbox 941 379 1242 449; x_wconf 84' lang='lat' dir='ltr'><strong>sepulcrum</strong></span> <span class='ocrx_word' id='word_1_12' title='bbox 1272 381 1495 437; x_wconf 88' lang='lat' dir='ltr'><strong>habetur</strong></span> <span class='ocrx_word' id='word_1_13' title='bbox 1521 384 1658 437; x_wconf 92' lang='lat' dir='ltr'><strong>beati</strong></span> <span class='ocrx_word' id='word_1_14' title='bbox 1691 379 1983 441; x_wconf 85' lang='lat' dir='ltr'><strong>Antistitis,</strong></span> <span class='ocrx_word' id='word_1_15' title='bbox 2012 375 2063 432; x_wconf 84' lang='lat' dir='ltr'><strong>A</strong></span> <span class='ocrx_word' id='word_1_16' title='bbox 2092 365 2281 432; x_wconf 91' lang='lat' dir='ltr'><strong>mento</strong></span> <span class='ocrx_word' id='word_1_17' title='bbox 2301 379 2368 434; x_wconf 92' lang='lat' dir='ltr'><strong>de</strong></span> <span class='ocrx_word' id='word_1_18' title='bbox 2400 380 2624 449; x_wconf 84' lang='lat' dir='ltr'><strong>pellibus</strong></span> <span class='ocrx_word' id='word_1_19' title='bbox 2662 389 2863 433; x_wconf 78' lang='lat' dir='ltr'><strong>tanturn</strong></span> <span class='ocrx_word' id='word_1_20' title='bbox 2893 387 3154 446; x_wconf 77' lang='lat' dir='ltr'><strong>uteretur,</strong></span> <span class='ocrx_word' id='word_1_21' title='bbox 3188 380 3363 435; x_wconf 81' lang='lat' dir='ltr'><strong>cibum</strong></span> <span class='ocrx_word' id='word_1_22' title='bbox 3387 381 3454 434; x_wconf 89' lang='lat' dir='ltr'><strong>de</strong></span> <span class='ocrx_word' id='word_1_23' title='bbox 3487 380 3670 436; x_wconf 69' lang='lat' dir='ltr'><strong>herbis</strong></span> 
     </span>
    </p>
   </div>
   <div class='ocr_carea' id='block_1_5' title="bbox 416 472 1986 543">
    <p class='ocr_par' dir='ltr' id='par_1_5' title="bbox 416 472 1986 543">
     <span class='ocr_line' id='line_1_5' title="bbox 416 472 1986 543; baseline 0 -15"><span class='ocrx_word' id='word_1_24' title='bbox 416 475 773 528; x_wconf 83' lang='lat' dir='ltr'><strong>contulerunt.</strong></span> <span class='ocrx_word' id='word_1_25' title='bbox 799 472 961 542; x_wconf 92' lang='lat' dir='ltr'><strong>lgitttr</strong></span> <span class='ocrx_word' id='word_1_26' title='bbox 989 487 1110 528; x_wconf 93' lang='lat' dir='ltr'><strong>cum</strong></span> <span class='ocrx_word' id='word_1_27' title='bbox 1152 489 1247 543; x_wconf 92' lang='lat' dir='ltr'><strong>per</strong></span> <span class='ocrx_word' id='word_1_28' title='bbox 1276 483 1441 528; x_wconf 90' lang='lat' dir='ltr'><strong>totam</strong></span> <span class='ocrx_word' id='word_1_29' title='bbox 1467 476 1736 529; x_wconf 90' lang='lat' dir='ltr'><strong>civitatem</strong></span> <span class='ocrx_word' id='word_1_30' title='bbox 1771 477 1874 529; x_wconf 89' lang='lat' dir='ltr'><strong>huc</strong></span> <span class='ocrx_word' id='word_1_31' title='bbox 1909 483 1986 528; x_wconf 88' lang='lat' dir='ltr'><strong>at-</strong></span> 
     </span>
    </p>
   </div>
   <div class='ocr_carea' id='block_1_6' title="bbox 415 565 1987 636">
    <p class='ocr_par' dir='ltr' id='par_1_6' title="bbox 415 565 1987 636">
     <span class='ocr_line' id='line_1_6' title="bbox 415 565 1987 636; baseline 0.003 -18"><span class='ocrx_word' id='word_1_32' title='bbox 415 582 512 634; x_wconf 89' lang='lat' dir='ltr'><strong>que</strong></span> <span class='ocrx_word' id='word_1_33' title='bbox 543 567 669 621; x_wconf 91' lang='lat' dir='ltr'><strong>illuc</strong></span> <span class='ocrx_word' id='word_1_34' title='bbox 699 566 860 621; x_wconf 90' lang='lat' dir='ltr'><strong>ﬂante</strong></span> <span class='ocrx_word' id='word_1_35' title='bbox 889 573 1051 620; x_wconf 89' lang='lat' dir='ltr'><strong>vento</strong></span> <span class='ocrx_word' id='word_1_36' title='bbox 1081 566 1289 620; x_wconf 87' lang='lat' dir='ltr'><strong>ﬂamma</strong></span> <span class='ocrx_word' id='word_1_37' title='bbox 1322 565 1573 634; x_wconf 90' lang='lat' dir='ltr'><strong>ferretur,</strong></span> <span class='ocrx_word' id='word_1_38' title='bbox 1607 569 1833 636; x_wconf 90' lang='lat' dir='ltr'><strong>totisque</strong></span> <span class='ocrx_word' id='word_1_39' title='bbox 1857 568 1987 622; x_wconf 88' lang='lat' dir='ltr'><strong>viri-</strong></span> 
     </span>
    </p>
   </div>
   <div class='ocr_carea' id='block_1_7' title="bbox 413 658 1987 730">
    <p class='ocr_par' dir='ltr' id='par_1_7' title="bbox 413 658 1987 730">
     <span class='ocr_line' id='line_1_7' title="bbox 413 658 1987 730; baseline 0.002 -18"><span class='ocrx_word' id='word_1_40' title='bbox 413 658 509 712; x_wconf 96' lang='lat' dir='ltr'><strong>bus</strong></span> <span class='ocrx_word' id='word_1_41' title='bbox 538 669 788 729; x_wconf 80' lang='lat' dir='ltr'><strong>regnaret</strong></span> <span class='ocrx_word' id='word_1_42' title='bbox 834 659 1137 713; x_wconf 83' lang='lat' dir='ltr'><strong>incendium</strong></span> <span class='ocrx_word' id='word_1_43' title='bbox 1166 703 1182 726; x_wconf 90' lang='lat'><strong>,</strong></span> <span class='ocrx_word' id='word_1_44' title='bbox 1238 663 1665 730; x_wconf 83' lang='lat' dir='ltr'><strong>apprOpinquare</strong></span> <span class='ocrx_word' id='word_1_45' title='bbox 1716 662 1782 716; x_wconf 91' lang='lat' dir='ltr'><strong>ad</strong></span> <span class='ocrx_word' id='word_1_46' title='bbox 1825 661 1987 716; x_wconf 86' lang='lat' dir='ltr'><strong>aliam</strong></span> 
     </span>
    </p>
   </div>
   <div class='ocr_carea' id='block_1_8' title="bbox 414 750 1990 819">
    <p class='ocr_par' dir='ltr' id='par_1_8' title="bbox 414 750 1990 819">
     <span class='ocr_line' id='line_1_8' title="bbox 414 750 1990 819; baseline 0.004 -18"><span class='ocrx_word' id='word_1_47' title='bbox 414 760 621 818; x_wconf 88' lang='lat' dir='ltr'><strong>portam</strong></span> <span class='ocrx_word' id='word_1_48' title='bbox 645 751 830 817; x_wconf 62' lang='lat' dir='ltr'><strong>cepit.</strong></span> <span class='ocrx_word' id='word_1_49' title='bbox 857 750 912 804; x_wconf 89' lang='lat' dir='ltr'><strong>in</strong></span> <span class='ocrx_word' id='word_1_50' title='bbox 942 765 1043 819; x_wconf 88' lang='lat' dir='ltr'><strong>qua</strong></span> <span class='ocrx_word' id='word_1_51' title='bbox 1071 751 1208 806; x_wconf 80' lang='lat' dir='ltr'><strong>beati</strong></span> <span class='ocrx_word' id='word_1_52' title='bbox 1233 752 1438 807; x_wconf 81' lang='lat' dir='ltr'><strong>Martini</strong></span> <span class='ocrx_word' id='word_1_53' title='bbox 1480 753 1775 807; x_wconf 90' lang='lat' dir='ltr'><strong>oratorium</strong></span> <span class='ocrx_word' id='word_1_54' title='bbox 1820 752 1990 807; x_wconf 89' lang='lat' dir='ltr'><strong>habe-</strong></span> 
     </span>
    </p>
   </div>
   <div class='ocr_carea' id='block_1_9' title="bbox 414 842 1988 912">
    <p class='ocr_par' dir='ltr' id='par_1_9' title="bbox 414 842 1988 912">
     <span class='ocr_line' id='line_1_9' title="bbox 414 842 1988 912; baseline 0.001 -16"><span class='ocrx_word' id='word_1_55' title='bbox 414 842 607 896; x_wconf 88' lang='lat' dir='ltr'><strong>batur:</strong></span> <span class='ocrx_word' id='word_1_56' title='bbox 641 842 782 909; x_wconf 90' lang='lat' dir='ltr'><strong>quod</strong></span> <span class='ocrx_word' id='word_1_57' title='bbox 812 842 880 897; x_wconf 93' lang='lat' dir='ltr'><strong>ob</strong></span> <span class='ocrx_word' id='word_1_58' title='bbox 933 842 1034 898; x_wconf 91' lang='lat' dir='ltr'><strong>hoc</strong></span> <span class='ocrx_word' id='word_1_59' title='bbox 1087 842 1372 912; x_wconf 81' lang='lat' dir='ltr'><strong>aliquando</strong></span> <span class='ocrx_word' id='word_1_60' title='bbox 1418 843 1614 898; x_wconf 90' lang='lat' dir='ltr'><strong>factum</strong></span> <span class='ocrx_word' id='word_1_61' title='bbox 1666 843 1876 908; x_wconf 79' lang='lat' dir='ltr'><strong>fuerat,</strong></span> <span class='ocrx_word' id='word_1_62' title='bbox 1921 858 1988 898; x_wconf 91' lang='lat' dir='ltr'><strong>eo</strong></span> 
     </span>
    </p>
   </div>
   <div class='ocr_carea' id='block_1_10' title="bbox 412 931 1992 1001">
    <p class='ocr_par' dir='ltr' id='par_1_10' title="bbox 412 931 1992 1001">
     <span class='ocr_line' id='line_1_10' title="bbox 412 931 1992 1001; baseline 0.003 -17"><span class='ocrx_word' id='word_1_63' title='bbox 412 931 552 1000; x_wconf 91' lang='lat' dir='ltr'><strong>quod</strong></span> <span class='ocrx_word' id='word_1_64' title='bbox 583 932 654 985; x_wconf 91' lang='lat' dir='ltr'><strong>ibi</strong></span> <span class='ocrx_word' id='word_1_65' title='bbox 681 932 884 1000; x_wconf 86' lang='lat' dir='ltr'><strong>lepram</strong></span> <span class='ocrx_word' id='word_1_66' title='bbox 932 933 1189 988; x_wconf 77' lang='lat' dir='ltr'><strong>maculosi</strong></span> <span class='ocrx_word' id='word_1_67' title='bbox 1241 933 1472 988; x_wconf 88' lang='lat' dir='ltr'><strong>hominis</strong></span> <span class='ocrx_word' id='word_1_68' title='bbox 1522 933 1708 988; x_wconf 90' lang='lat' dir='ltr'><strong>osculo</strong></span> <span class='ocrx_word' id='word_1_69' title='bbox 1749 933 1992 1001; x_wconf 87' lang='lat' dir='ltr'><strong>depulis-</strong></span> 
     </span>
    </p>
   </div>
   <div class='ocr_carea' id='block_1_11' title="bbox 411 1021 1989 1094">
    <p class='ocr_par' dir='ltr' id='par_1_11' title="bbox 411 1021 1989 1094">
     <span class='ocr_line' id='line_1_11' title="bbox 411 1021 1989 1094; baseline 0.002 -18"><span class='ocrx_word' id='word_1_70' title='bbox 411 1030 553 1076; x_wconf 71' lang='lat' dir='ltr'><strong>set&#39;.</strong></span> <span class='ocrx_word' id='word_1_71' title='bbox 582 1021 673 1075; x_wconf 89' lang='lat' dir='ltr'><strong>Vir</strong></span> <span class='ocrx_word' id='word_1_72' title='bbox 702 1032 880 1076; x_wconf 89' lang='lat' dir='ltr'><strong>autem</strong></span> <span class='ocrx_word' id='word_1_73' title='bbox 907 1023 993 1092; x_wconf 90' lang='lat' dir='ltr'><strong>qui</strong></span> <span class='ocrx_word' id='word_1_74' title='bbox 1023 1039 1144 1079; x_wconf 91' lang='lat' dir='ltr'><strong>eum</strong></span> <span class='ocrx_word' id='word_1_75' title='bbox 1168 1025 1390 1078; x_wconf 74' lang='lat' dir='ltr'><strong>intextis</strong></span> <span class='ocrx_word' id='word_1_76' title='bbox 1413 1025 1656 1094; x_wconf 82' lang='lat' dir='ltr'><strong>virgultis</strong></span> <span class='ocrx_word' id='word_1_77' title='bbox 1679 1025 1730 1078; x_wconf 92' lang='lat' dir='ltr'><strong>in</strong></span> <span class='ocrx_word' id='word_1_78' title='bbox 1759 1025 1989 1079; x_wconf 87' lang='lat' dir='ltr'><strong>sublime</strong></span> 
     </span>
    </p>
   </div>
   <div class='ocr_carea' id='block_1_12' title="bbox 413 1114 1988 1186">
    <p class='ocr_par' dir='ltr' id='par_1_12' title="bbox 413 1114 1988 1186">
     <span class='ocr_line' id='line_1_12' title="bbox 413 1114 1988 1186; baseline 0.002 -19"><span class='ocrx_word' id='word_1_79' title='bbox 413 1121 807 1178; x_wconf 76' lang='lat' dir='ltr'><strong>construxerat,</strong></span> <span class='ocrx_word' id='word_1_80' title='bbox 841 1115 1077 1169; x_wconf 74' lang='lat' dir='ltr'><strong>confisus</strong></span> <span class='ocrx_word' id='word_1_81' title='bbox 1107 1117 1158 1169; x_wconf 91' lang='lat' dir='ltr'><strong>in</strong></span> <span class='ocrx_word' id='word_1_82' title='bbox 1181 1114 1338 1186; x_wconf 61' lang='lat'><strong>507</strong></span> <span class='ocrx_word' id='word_1_83' title='bbox 1361 1115 1606 1182; x_wconf 92' lang='lat' dir='ltr'><strong>Domino,</strong></span> <span class='ocrx_word' id='word_1_84' title='bbox 1635 1131 1732 1170; x_wconf 91' lang='lat' dir='ltr'><strong>nec</strong></span> <span class='ocrx_word' id='word_1_85' title='bbox 1753 1116 1823 1172; x_wconf 90' lang='lat' dir='ltr'><strong>de</strong></span> <span class='ocrx_word' id='word_1_86' title='bbox 1850 1116 1988 1170; x_wconf 87' lang='lat' dir='ltr'><strong>beati</strong></span> 
     </span>
    </p>
   </div>
   <div class='ocr_carea' id='block_1_13' title="bbox 414 1205 1991 1277">
    <p class='ocr_par' dir='ltr' id='par_1_13' title="bbox 414 1205 1991 1277">
     <span class='ocr_line' id='line_1_13' title="bbox 414 1205 1991 1277; baseline 0.001 -19"><span class='ocrx_word' id='word_1_87' title='bbox 414 1205 625 1259; x_wconf 83' lang='lat' dir='ltr'><strong>Martini</strong></span> <span class='ocrx_word' id='word_1_88' title='bbox 669 1205 865 1260; x_wconf 90' lang='lat' dir='ltr'><strong>virtute</strong></span> <span class='ocrx_word' id='word_1_89' title='bbox 893 1206 1134 1273; x_wconf 89' lang='lat' dir='ltr'><strong>difﬁsus,</strong></span> <span class='ocrx_word' id='word_1_90' title='bbox 1191 1223 1249 1262; x_wconf 85' lang='lat' dir='ltr'><strong>se</strong></span> <span class='ocrx_word' id='word_1_91' title='bbox 1300 1223 1495 1277; x_wconf 91' lang='lat' dir='ltr'><strong>resque</strong></span> <span class='ocrx_word' id='word_1_92' title='bbox 1523 1223 1649 1264; x_wconf 91' lang='lat' dir='ltr'><strong>suas</strong></span> <span class='ocrx_word' id='word_1_93' title='bbox 1700 1207 1839 1262; x_wconf 90' lang='lat' dir='ltr'><strong>intra</strong></span> <span class='ocrx_word' id='word_1_94' title='bbox 1871 1209 1991 1274; x_wconf 88' lang='lat' dir='ltr'><strong>ejus</strong></span> 
     </span>
    </p>
   </div>
   <div class='ocr_carea' id='block_1_14' title="bbox 413 1295 1988 1367">
    <p class='ocr_par' dir='ltr' id='par_1_14' title="bbox 413 1295 1988 1367">
     <span class='ocr_line' id='line_1_14' title="bbox 413 1295 1988 1367; baseline 0.004 -22"><span class='ocrx_word' id='word_1_95' title='bbox 413 1295 648 1364; x_wconf 79' lang='lat' dir='ltr'><strong>parietes</strong></span> <span class='ocrx_word' id='word_1_96' title='bbox 687 1297 933 1363; x_wconf 89' lang='lat' dir='ltr'><strong>ambivit,</strong></span> <span class='ocrx_word' id='word_1_97' title='bbox 961 1297 1183 1354; x_wconf 89' lang='lat' dir='ltr'><strong>dicens:</strong></span> <span class='ocrx_word' id='word_1_98' title='bbox 1213 1298 1385 1354; x_wconf 87' lang='lat' dir='ltr'><strong>Credo</strong></span> <span class='ocrx_word' id='word_1_99' title='bbox 1415 1302 1581 1367; x_wconf 91' lang='lat' dir='ltr'><strong>enim,</strong></span> <span class='ocrx_word' id='word_1_100' title='bbox 1621 1310 1674 1355; x_wconf 92' lang='lat' dir='ltr'><strong>et</strong></span> <span class='ocrx_word' id='word_1_101' title='bbox 1707 1299 1840 1354; x_wconf 91' lang='lat' dir='ltr'><strong>ﬁdes</strong></span> <span class='ocrx_word' id='word_1_102' title='bbox 1869 1313 1988 1352; x_wconf 87' lang='lat' dir='ltr'><strong>mea</strong></span> 
     </span>
    </p>
   </div>
   <div class='ocr_carea' id='block_1_15' title="bbox 409 1399 1990 1470">
    <p class='ocr_par' dir='ltr' id='par_1_15' title="bbox 409 1399 1990 1470">
     <span class='ocr_line' id='line_1_15' title="bbox 409 1399 1990 1470; baseline 0.001 -18"><span class='ocrx_word' id='word_1_103' title='bbox 409 1408 510 1464; x_wconf 88' lang='lat' dir='ltr'><strong>est,</strong></span> <span class='ocrx_word' id='word_1_104' title='bbox 543 1401 686 1467; x_wconf 93' lang='lat' dir='ltr'><strong>quod</strong></span> <span class='ocrx_word' id='word_1_105' title='bbox 721 1401 944 1468; x_wconf 86' lang='lat' dir='ltr'><strong>repellat</strong></span> <span class='ocrx_word' id='word_1_106' title='bbox 969 1401 1036 1456; x_wconf 92' lang='lat' dir='ltr'><strong>ab</strong></span> <span class='ocrx_word' id='word_1_107' title='bbox 1065 1401 1164 1456; x_wconf 90' lang='lat' dir='ltr'><strong>hoc</strong></span> <span class='ocrx_word' id='word_1_108' title='bbox 1187 1401 1306 1455; x_wconf 91' lang='lat' dir='ltr'><strong>loco</strong></span> <span class='ocrx_word' id='word_1_109' title='bbox 1328 1400 1656 1465; x_wconf 90' lang='lat' dir='ltr'><strong>incendium,</strong></span> <span class='ocrx_word' id='word_1_110' title='bbox 1679 1399 1768 1470; x_wconf 88' lang='lat' dir='ltr'><strong>qui</strong></span> <span class='ocrx_word' id='word_1_111' title='bbox 1791 1399 1990 1467; x_wconf 70' lang='lat' dir='ltr'><strong>saepius</strong></span> 
     </span>
    </p>
   </div>
   <div class='ocr_carea' id='block_1_16' title="bbox 415 1490 1989 1560">
    <p class='ocr_par' dir='ltr' id='par_1_16' title="bbox 415 1490 1989 1560">
     <span class='ocr_line' id='line_1_16' title="bbox 415 1490 1989 1560; baseline -0.001 -16"><span class='ocrx_word' id='word_1_112' title='bbox 415 1491 678 1546; x_wconf 88' lang='lat' dir='ltr'><strong>incendiis</strong></span> <span class='ocrx_word' id='word_1_113' title='bbox 719 1491 1036 1560; x_wconf 88' lang='lat' dir='ltr'><strong>imperavit,</strong></span> <span class='ocrx_word' id='word_1_114' title='bbox 1063 1501 1119 1547; x_wconf 89' lang='lat' dir='ltr'><strong>et</strong></span> <span class='ocrx_word' id='word_1_115' title='bbox 1146 1493 1199 1547; x_wconf 89' lang='lat' dir='ltr'><strong>in</strong></span> <span class='ocrx_word' id='word_1_116' title='bbox 1232 1492 1333 1547; x_wconf 88' lang='lat' dir='ltr'><strong>hoc</strong></span> <span class='ocrx_word' id='word_1_117' title='bbox 1362 1492 1482 1547; x_wconf 93' lang='lat' dir='ltr'><strong>loco</strong></span> <span class='ocrx_word' id='word_1_118' title='bbox 1532 1492 1726 1560; x_wconf 90' lang='lat' dir='ltr'><strong>leprosi</strong></span> <span class='ocrx_word' id='word_1_119' title='bbox 1759 1490 1989 1547; x_wconf 85' lang='lat' dir='ltr'><strong>hominis</strong></span> 
     </span>
    </p>
   </div>
   <div class='ocr_carea' id='block_1_17' title="bbox 407 1581 1990 1653">
    <p class='ocr_par' dir='ltr' id='par_1_17' title="bbox 407 1581 1990 1653">
     <span class='ocr_line' id='line_1_17' title="bbox 407 1581 1990 1653; baseline 0.003 -20"><span class='ocrx_word' id='word_1_120' title='bbox 407 1590 584 1634; x_wconf 90' lang='lat' dir='ltr'><strong>cutem</strong></span> <span class='ocrx_word' id='word_1_121' title='bbox 635 1581 822 1636; x_wconf 85' lang='lat' dir='ltr'><strong>osculo</strong></span> <span class='ocrx_word' id='word_1_122' title='bbox 882 1581 1129 1638; x_wconf 88' lang='lat' dir='ltr'><strong>medeute</strong></span> <span class='ocrx_word' id='word_1_123' title='bbox 1196 1583 1460 1653; x_wconf 82' lang='lat' dir='ltr'><strong>purgavit.</strong></span> <span class='ocrx_word' id='word_1_124' title='bbox 1518 1584 1990 1653; x_wconf 76' lang='lat' dir='ltr'><strong>Appropinquante</strong></span> 
     </span>
    </p>
   </div>
   <div class='ocr_carea' id='block_1_18' title="bbox 407 1671 1986 1758">
    <p class='ocr_par' dir='ltr' id='par_1_18' title="bbox 407 1671 1986 1758">
     <span class='ocr_line' id='line_1_18' title="bbox 407 1671 1986 1758; baseline 0.002 -34"><span class='ocrx_word' id='word_1_125' title='bbox 407 1671 550 1724; x_wconf 91' lang='lat' dir='ltr'><strong>enim</strong></span> <span class='ocrx_word' id='word_1_126' title='bbox 584 1671 708 1725; x_wconf 92' lang='lat' dir='ltr'><strong>illuc</strong></span> <span class='ocrx_word' id='word_1_127' title='bbox 737 1672 1012 1740; x_wconf 88' lang='lat' dir='ltr'><strong>incendio,</strong></span> <span class='ocrx_word' id='word_1_128' title='bbox 1046 1672 1351 1728; x_wconf 80' lang='lat' dir='ltr'><strong>ferebantur</strong></span> <span class='ocrx_word' id='word_1_129' title='bbox 1381 1674 1540 1758; x_wconf 72' lang='lat' dir='ltr'><strong>validi</strong></span> <span class='ocrx_word' id='word_1_130' title='bbox 1571 1673 1714 1743; x_wconf 89' lang='lat' dir='ltr'><strong>globi</strong></span> <span class='ocrx_word' id='word_1_131' title='bbox 1747 1676 1986 1727; x_wconf 81' lang='lat' dir='ltr'><strong>ﬂamma-</strong></span> 
     </span>
    </p>
   </div>
   <div class='ocr_carea' id='block_1_19' title="bbox 2092 472 3666 539">
    <p class='ocr_par' dir='ltr' id='par_1_19' title="bbox 2092 472 3666 539">
     <span class='ocr_line' id='line_1_19' title="bbox 2092 472 3666 539; baseline 0.003 -15"><span class='ocrx_word' id='word_1_132' title='bbox 2092 473 2387 539; x_wconf 76' lang='lat' dir='ltr'><strong>agresﬁbus</strong></span> <span class='ocrx_word' id='word_1_133' title='bbox 2418 472 2641 526; x_wconf 89' lang='lat' dir='ltr'><strong>incoctis</strong></span> <span class='ocrx_word' id='word_1_134' title='bbox 2667 482 2926 536; x_wconf 83' lang='lat' dir='ltr'><strong>sumeret;</strong></span> <span class='ocrx_word' id='word_1_135' title='bbox 2955 473 3061 526; x_wconf 90' lang='lat' dir='ltr'><strong>vini</strong></span> <span class='ocrx_word' id='word_1_136' title='bbox 3093 489 3220 528; x_wconf 88' lang='lat' dir='ltr'><strong>vero</strong></span> <span class='ocrx_word' id='word_1_137' title='bbox 3253 483 3454 528; x_wconf 89' lang='lat' dir='ltr'><strong>tantum</strong></span> <span class='ocrx_word' id='word_1_138' title='bbox 3486 489 3576 527; x_wconf 87' lang='lat' dir='ltr'><strong>vas</strong></span> <span class='ocrx_word' id='word_1_139' title='bbox 3597 474 3666 529; x_wconf 84' lang='lat' dir='ltr'><strong>ad</strong></span> 
     </span>
    </p>
   </div>
   <div class='ocr_carea' id='block_1_20' title="bbox 2091 563 3668 635">
    <p class='ocr_par' dir='ltr' id='par_1_20' title="bbox 2091 563 3668 635">
     <span class='ocr_line' id='line_1_20' title="bbox 2091 563 3668 635; baseline 0.004 -21"><span class='ocrx_word' id='word_1_140' title='bbox 2091 575 2152 615; x_wconf 92' lang='lat' dir='ltr'><strong>os</strong></span> <span class='ocrx_word' id='word_1_141' title='bbox 2205 573 2467 628; x_wconf 85' lang='lat' dir='ltr'><strong>poneret,</strong></span> <span class='ocrx_word' id='word_1_142' title='bbox 2533 563 2668 635; x_wconf 70' lang='lat' dir='ltr'><strong>~ptod</strong></span> <span class='ocrx_word' id='word_1_143' title='bbox 2716 565 2882 631; x_wconf 86' lang='lat' dir='ltr'><strong>magis</strong></span> <span class='ocrx_word' id='word_1_144' title='bbox 2938 574 3211 630; x_wconf 88' lang='lat' dir='ltr'><strong>putaretur</strong></span> <span class='ocrx_word' id='word_1_145' title='bbox 3260 564 3428 618; x_wconf 84' lang='lat' dir='ltr'><strong>libare</strong></span> <span class='ocrx_word' id='word_1_146' title='bbox 3480 566 3668 620; x_wconf 84' lang='lat' dir='ltr'><strong>osculo</strong></span> 
     </span>
    </p>
   </div>
   <div class='ocr_carea' id='block_1_21' title="bbox 2089 652 3671 725">
    <p class='ocr_par' dir='ltr' id='par_1_21' title="bbox 2089 652 3671 725">
     <span class='ocr_line' id='line_1_21' title="bbox 2089 652 3671 725; baseline 0.004 -23"><span class='ocrx_word' id='word_1_147' title='bbox 2089 668 2244 720; x_wconf 90' lang='lat' dir='ltr'><strong>quam</strong></span> <span class='ocrx_word' id='word_1_148' title='bbox 2279 653 2510 706; x_wconf 85' lang='lat' dir='ltr'><strong>haurire.</strong></span> <span class='ocrx_word' id='word_1_149' title='bbox 2542 653 2645 707; x_wconf 90' lang='lat' dir='ltr'><strong>Sed</strong></span> <span class='ocrx_word' id='word_1_150' title='bbox 2677 669 2794 706; x_wconf 92' lang='lat' dir='ltr'><strong>cum</strong></span> <span class='ocrx_word' id='word_1_151' title='bbox 2825 652 2997 708; x_wconf 90' lang='lat' dir='ltr'><strong>cidem</strong></span> <span class='ocrx_word' id='word_1_152' title='bbox 3020 653 3184 725; x_wconf 67' lang='grc'><strong>408</strong></span> <span class='ocrx_word' id='word_1_153' title='bbox 3203 654 3516 708; x_wconf 88' lang='lat' dir='ltr'><strong>devotorum</strong></span> <span class='ocrx_word' id='word_1_154' title='bbox 3563 655 3671 708; x_wconf 84' lang='lat' dir='ltr'><strong>lar-</strong></span> 
     </span>
    </p>
   </div>
   <div class='ocr_carea' id='block_1_22' title="bbox 2089 745 3666 815">
    <p class='ocr_par' dir='ltr' id='par_1_22' title="bbox 2089 745 3666 815">
     <span class='ocr_line' id='line_1_22' title="bbox 2089 745 3666 815; baseline 0 -16"><span class='ocrx_word' id='word_1_155' title='bbox 2089 746 2225 814; x_wconf 89' lang='lat' dir='ltr'><strong>gitas</strong></span> <span class='ocrx_word' id='word_1_156' title='bbox 2257 745 2559 815; x_wconf 86' lang='lat' dir='ltr'><strong>frequenter</strong></span> <span class='ocrx_word' id='word_1_157' title='bbox 2587 746 2864 801; x_wconf 82' lang='lat' dir='ltr'><strong>exhiberet</strong></span> <span class='ocrx_word' id='word_1_158' title='bbox 2911 762 3035 800; x_wconf 85' lang='lat' dir='ltr'><strong>vasa</strong></span> <span class='ocrx_word' id='word_1_159' title='bbox 3087 747 3187 801; x_wconf 93' lang='lat' dir='ltr'><strong>hoc</strong></span> <span class='ocrx_word' id='word_1_160' title='bbox 3218 748 3374 815; x_wconf 91' lang='lat' dir='ltr'><strong>plena</strong></span> <span class='ocrx_word' id='word_1_161' title='bbox 3418 748 3624 815; x_wconf 87' lang='lat' dir='ltr'><strong>liquore</strong></span> <span class='ocrx_word' id='word_1_162' title='bbox 3649 788 3666 812; x_wconf 96' lang='lat'><strong>,</strong></span> 
     </span>
    </p>
   </div>
   <div class='ocr_carea' id='block_1_23' title="bbox 2090 837 3667 905">
    <p class='ocr_par' dir='ltr' id='par_1_23' title="bbox 2090 837 3667 905">
     <span class='ocr_line' id='line_1_23' title="bbox 2090 837 3667 905; baseline 0.001 -15"><span class='ocrx_word' id='word_1_163' title='bbox 2090 837 2295 900; x_wconf 89' lang='lat' dir='ltr'><strong>didicit,</strong></span> <span class='ocrx_word' id='word_1_164' title='bbox 2324 839 2460 905; x_wconf 93' lang='lat' dir='ltr'><strong>quod</strong></span> <span class='ocrx_word' id='word_1_165' title='bbox 2496 838 2646 905; x_wconf 79' lang='lat' dir='ltr'><strong>peius</strong></span> <span class='ocrx_word' id='word_1_166' title='bbox 2675 846 2785 899; x_wconf 85' lang='lat' dir='ltr'><strong>est,</strong></span> <span class='ocrx_word' id='word_1_167' title='bbox 2829 847 2979 892; x_wconf 89' lang='lat' dir='ltr'><strong>extra</strong></span> <span class='ocrx_word' id='word_1_168' title='bbox 3014 838 3226 892; x_wconf 91' lang='lat' dir='ltr'><strong>modum</strong></span> <span class='ocrx_word' id='word_1_169' title='bbox 3260 839 3471 892; x_wconf 90' lang='lat' dir='ltr'><strong>haurire</strong></span> <span class='ocrx_word' id='word_1_170' title='bbox 3493 880 3509 900; x_wconf 88' lang='lat'><strong>,</strong></span> <span class='ocrx_word' id='word_1_171' title='bbox 3531 849 3587 893; x_wconf 91' lang='lat' dir='ltr'><strong>et</strong></span> <span class='ocrx_word' id='word_1_172' title='bbox 3615 839 3667 892; x_wconf 87' lang='lat' dir='ltr'><strong>itt</strong></span> 
     </span>
    </p>
   </div>
   <div class='ocr_carea' id='block_1_24' title="bbox 2091 927 3651 998">
    <p class='ocr_par' dir='ltr' id='par_1_24' title="bbox 2091 927 3651 998">
     <span class='ocr_line' id='line_1_24' title="bbox 2091 927 3651 998; baseline 0 -16"><span class='ocrx_word' id='word_1_173' title='bbox 2091 937 2294 982; x_wconf 89' lang='lat' dir='ltr'><strong>tantum</strong></span> <span class='ocrx_word' id='word_1_174' title='bbox 2324 928 2544 981; x_wconf 87' lang='lat' dir='ltr'><strong>dissolvi</strong></span> <span class='ocrx_word' id='word_1_175' title='bbox 2572 927 2810 998; x_wconf 88' lang='lat' dir='ltr'><strong>potione,</strong></span> <span class='ocrx_word' id='word_1_176' title='bbox 2844 937 2902 980; x_wconf 91' lang='lat' dir='ltr'><strong>ut</strong></span> <span class='ocrx_word' id='word_1_177' title='bbox 2933 929 3246 996; x_wconf 89' lang='lat' dir='ltr'><strong>plerumque</strong></span> <span class='ocrx_word' id='word_1_178' title='bbox 3272 928 3451 982; x_wconf 90' lang='lat' dir='ltr'><strong>ebrius</strong></span> <span class='ocrx_word' id='word_1_179' title='bbox 3475 943 3651 982; x_wconf 88' lang='lat' dir='ltr'><strong>cerne-</strong></span> 
     </span>
    </p>
   </div>
   <div class='ocr_carea' id='block_1_25' title="bbox 2090 1006 3664 1084">
    <p class='ocr_par' dir='ltr' id='par_1_25' title="bbox 2090 1006 3664 1084">
     <span class='ocr_line' id='line_1_25' title="bbox 2090 1006 3664 1084; baseline 0.001 -12"><span class='ocrx_word' id='word_1_180' title='bbox 2090 1029 2275 1072; x_wconf 83' lang='lat' dir='ltr'><strong>retur:</strong></span> <span class='ocrx_word' id='word_1_181' title='bbox 2309 1020 2449 1074; x_wconf 89' lang='lat' dir='ltr'><strong>unde</strong></span> <span class='ocrx_word' id='word_1_182' title='bbox 2473 1023 2671 1075; x_wconf 88' lang='lat' dir='ltr'><strong>factum</strong></span> <span class='ocrx_word' id='word_1_183' title='bbox 2702 1028 2814 1084; x_wconf 89' lang='lat' dir='ltr'><strong>est,</strong></span> <span class='ocrx_word' id='word_1_184' title='bbox 2847 1030 2903 1074; x_wconf 93' lang='lat' dir='ltr'><strong>ut</strong></span> <span class='ocrx_word' id='word_1_185' title='bbox 2929 1006 3291 1076; x_wconf 88' lang='lat' dir='ltr'><strong>invalescente</strong></span> <span class='ocrx_word' id='word_1_186' title='bbox 3320 1023 3664 1082; x_wconf 86' lang='lat' dir='ltr'><strong>tetnulentia,</strong></span> 
     </span>
    </p>
   </div>
   <div class='ocr_carea' id='block_1_26' title="bbox 2091 1112 3671 1181">
    <p class='ocr_par' dir='ltr' id='par_1_26' title="bbox 2091 1112 3671 1181">
     <span class='ocr_line' id='line_1_26' title="bbox 2091 1112 3671 1181; baseline 0.002 -18"><span class='ocrx_word' id='word_1_187' title='bbox 2091 1117 2332 1177; x_wconf 89' lang='lat' dir='ltr'><strong>tempore</strong></span> <span class='ocrx_word' id='word_1_188' title='bbox 2363 1112 2708 1180; x_wconf 83' lang='lat' dir='ltr'><strong>procedente,</strong></span> <span class='ocrx_word' id='word_1_189' title='bbox 2731 1126 2760 1164; x_wconf 91' lang='lat' dir='ltr'><strong>a</strong></span> <span class='ocrx_word' id='word_1_190' title='bbox 2784 1112 3048 1167; x_wconf 68' lang='lat' dir='ltr'><strong>dattnonio</strong></span> <span class='ocrx_word' id='word_1_191' title='bbox 3075 1124 3374 1181; x_wconf 89' lang='lat' dir='ltr'><strong>correptus,</strong></span> <span class='ocrx_word' id='word_1_192' title='bbox 3400 1129 3492 1178; x_wconf 85' lang='lat' dir='ltr'><strong>per</strong></span> <span class='ocrx_word' id='word_1_193' title='bbox 3514 1129 3671 1166; x_wconf 85' lang='lat' dir='ltr'><strong>ener-</strong></span> 
     </span>
    </p>
   </div>
   <div class='ocr_carea' id='block_1_27' title="bbox 2093 1203 3669 1272">
    <p class='ocr_par' dir='ltr' id='par_1_27' title="bbox 2093 1203 3669 1272">
     <span class='ocr_line' id='line_1_27' title="bbox 2093 1203 3669 1272; baseline 0.003 -19"><span class='ocrx_word' id='word_1_194' title='bbox 2093 1203 2227 1269; x_wconf 82' lang='lat' dir='ltr'><strong>giam</strong></span> <span class='ocrx_word' id='word_1_195' title='bbox 2259 1212 2563 1268; x_wconf 76' lang='lat' dir='ltr'><strong>vexaretur,</strong></span> <span class='ocrx_word' id='word_1_196' title='bbox 2615 1204 2668 1256; x_wconf 93' lang='lat' dir='ltr'><strong>in</strong></span> <span class='ocrx_word' id='word_1_197' title='bbox 2702 1213 2903 1258; x_wconf 81' lang='lat' dir='ltr'><strong>taumtn</strong></span> <span class='ocrx_word' id='word_1_198' title='bbox 2960 1215 3018 1258; x_wconf 91' lang='lat' dir='ltr'><strong>ut</strong></span> <span class='ocrx_word' id='word_1_199' title='bbox 3072 1214 3290 1272; x_wconf 86' lang='lat' dir='ltr'><strong>accepto</strong></span> <span class='ocrx_word' id='word_1_200' title='bbox 3344 1206 3551 1268; x_wconf 90' lang='lat' dir='ltr'><strong>cultro,</strong></span> <span class='ocrx_word' id='word_1_201' title='bbox 3584 1206 3669 1259; x_wconf 88' lang='lat' dir='ltr'><strong>vel</strong></span> 
     </span>
    </p>
   </div>
   <div class='ocr_carea' id='block_1_28' title="bbox 2089 1294 3671 1364">
    <p class='ocr_par' dir='ltr' id='par_1_28' title="bbox 2089 1294 3671 1364">
     <span class='ocr_line' id='line_1_28' title="bbox 2089 1294 3671 1364; baseline 0.003 -20"><span class='ocrx_word' id='word_1_202' title='bbox 2089 1294 2444 1363; x_wconf 90' lang='lat' dir='ltr'><strong>quodcunque</strong></span> <span class='ocrx_word' id='word_1_203' title='bbox 2471 1310 2637 1361; x_wconf 83' lang='lat' dir='ltr'><strong>genus</strong></span> <span class='ocrx_word' id='word_1_204' title='bbox 2665 1296 2784 1360; x_wconf 91' lang='lat' dir='ltr'><strong>teli,</strong></span> <span class='ocrx_word' id='word_1_205' title='bbox 2813 1297 2895 1351; x_wconf 90' lang='lat' dir='ltr'><strong>vel</strong></span> <span class='ocrx_word' id='word_1_206' title='bbox 2927 1296 3178 1364; x_wconf 89' lang='lat' dir='ltr'><strong>lapidem,</strong></span> <span class='ocrx_word' id='word_1_207' title='bbox 3209 1307 3299 1350; x_wconf 92' lang='lat' dir='ltr'><strong>aut</strong></span> <span class='ocrx_word' id='word_1_208' title='bbox 3348 1295 3540 1349; x_wconf 78' lang='lat' dir='ltr'><strong>fustem</strong></span> <span class='ocrx_word' id='word_1_209' title='bbox 3573 1312 3671 1364; x_wconf 87' lang='lat' dir='ltr'><strong>po-</strong></span> 
     </span>
    </p>
   </div>
   <div class='ocr_carea' id='block_1_29' title="bbox 2093 1388 3672 1459">
    <p class='ocr_par' dir='ltr' id='par_1_29' title="bbox 2093 1388 3672 1459">
     <span class='ocr_line' id='line_1_29' title="bbox 2093 1388 3672 1459; baseline 0 -17"><span class='ocrx_word' id='word_1_210' title='bbox 2093 1390 2282 1442; x_wconf 82' lang='lat' dir='ltr'><strong>tuisset</strong></span> <span class='ocrx_word' id='word_1_211' title='bbox 2307 1390 2570 1457; x_wconf 87' lang='lat' dir='ltr'><strong>arripere,</strong></span> <span class='ocrx_word' id='word_1_212' title='bbox 2612 1398 2735 1459; x_wconf 83' lang='lat' dir='ltr'><strong>post</strong></span> <span class='ocrx_word' id='word_1_213' title='bbox 2767 1388 3010 1444; x_wconf 86' lang='lat' dir='ltr'><strong>homines</strong></span> <span class='ocrx_word' id='word_1_214' title='bbox 3039 1393 3228 1444; x_wconf 87' lang='lat' dir='ltr'><strong>insano</strong></span> <span class='ocrx_word' id='word_1_215' title='bbox 3255 1389 3436 1443; x_wconf 87' lang='lat' dir='ltr'><strong>furore</strong></span> <span class='ocrx_word' id='word_1_216' title='bbox 3462 1390 3672 1442; x_wconf 90' lang='lat' dir='ltr'><strong>discur-</strong></span> 
     </span>
    </p>
   </div>
   <div class='ocr_carea' id='block_1_30' title="bbox 2089 1482 3670 1551">
    <p class='ocr_par' dir='ltr' id='par_1_30' title="bbox 2089 1482 3670 1551">
     <span class='ocr_line' id='line_1_30' title="bbox 2089 1482 3670 1551; baseline -0.001 -13"><span class='ocrx_word' id='word_1_217' title='bbox 2089 1493 2258 1547; x_wconf 90' lang='lat' dir='ltr'><strong>reret;</strong></span> <span class='ocrx_word' id='word_1_218' title='bbox 2301 1482 2443 1538; x_wconf 90' lang='lat' dir='ltr'><strong>unde</strong></span> <span class='ocrx_word' id='word_1_219' title='bbox 2498 1483 2791 1537; x_wconf 87' lang='lat' dir='ltr'><strong>necessitas</strong></span> <span class='ocrx_word' id='word_1_220' title='bbox 2837 1484 3055 1551; x_wconf 81' lang='lat' dir='ltr'><strong>exegit,</strong></span> <span class='ocrx_word' id='word_1_221' title='bbox 3099 1494 3155 1536; x_wconf 92' lang='lat' dir='ltr'><strong>ut</strong></span> <span class='ocrx_word' id='word_1_222' title='bbox 3208 1482 3410 1536; x_wconf 87' lang='lat' dir='ltr'><strong>catenis</strong></span> <span class='ocrx_word' id='word_1_223' title='bbox 3463 1482 3670 1537; x_wconf 76' lang='lat' dir='ltr'><strong>vinctus</strong></span> 
     </span>
    </p>
   </div>
   <div class='ocr_carea' id='block_1_31' title="bbox 2087 1574 3673 1645">
    <p class='ocr_par' dir='ltr' id='par_1_31' title="bbox 2087 1574 3673 1645">
     <span class='ocr_line' id='line_1_31' title="bbox 2087 1574 3673 1645; baseline -0.001 -13"><span class='ocrx_word' id='word_1_224' title='bbox 2087 1577 2446 1632; x_wconf 90' lang='lat' dir='ltr'><strong>custodiretur</strong></span> <span class='ocrx_word' id='word_1_225' title='bbox 2490 1577 2540 1630; x_wconf 92' lang='lat' dir='ltr'><strong>in</strong></span> <span class='ocrx_word' id='word_1_226' title='bbox 2573 1577 2789 1631; x_wconf 82' lang='lat' dir='ltr'><strong>cellula.</strong></span> <span class='ocrx_word' id='word_1_227' title='bbox 2827 1576 2883 1629; x_wconf 93' lang='lat' dir='ltr'><strong>ln</strong></span> <span class='ocrx_word' id='word_1_228' title='bbox 2917 1577 3016 1630; x_wconf 89' lang='lat' dir='ltr'><strong>hac</strong></span> <span class='ocrx_word' id='word_1_229' title='bbox 3066 1591 3279 1645; x_wconf 92' lang='lat' dir='ltr'><strong>quoque</strong></span> <span class='ocrx_word' id='word_1_230' title='bbox 3328 1574 3673 1629; x_wconf 86' lang='lat' dir='ltr'><strong>damnatione</strong></span> 
     </span>
    </p>
   </div>
   <div class='ocr_carea' id='block_1_32' title="bbox 2092 1665 3665 1736">
    <p class='ocr_par' dir='ltr' id='par_1_32' title="bbox 2092 1665 3665 1736">
     <span class='ocr_line' id='line_1_32' title="bbox 2092 1665 3665 1736; baseline -0.002 -15"><span class='ocrx_word' id='word_1_231' title='bbox 2092 1681 2186 1736; x_wconf 92' lang='lat' dir='ltr'><strong>per</strong></span> <span class='ocrx_word' id='word_1_232' title='bbox 2214 1666 2435 1721; x_wconf 91' lang='lat' dir='ltr'><strong>duorum</strong></span> <span class='ocrx_word' id='word_1_233' title='bbox 2484 1681 2748 1720; x_wconf 89' lang='lat' dir='ltr'><strong>annorum</strong></span> <span class='ocrx_word' id='word_1_234' title='bbox 2795 1667 2964 1734; x_wconf 89' lang='lat' dir='ltr'><strong>spatia</strong></span> <span class='ocrx_word' id='word_1_235' title='bbox 3012 1666 3351 1721; x_wconf 90' lang='lat' dir='ltr'><strong>dcbacchans</strong></span> <span class='ocrx_word' id='word_1_236' title='bbox 3375 1707 3389 1731; x_wconf 89' lang='lat'><strong>,</strong></span> <span class='ocrx_word' id='word_1_237' title='bbox 3422 1665 3665 1734; x_wconf 76' lang='lat' dir='ltr'><strong>Spiritum</strong></span> 
     </span>
    </p>
   </div>
   <div class='ocr_carea' id='block_1_33' title="bbox 408 1735 3664 1835">
    <p class='ocr_par' dir='ltr' id='par_1_33' title="bbox 408 1735 3664 1835">
     <span class='ocr_line' id='line_1_33' title="bbox 408 1735 3664 1835; baseline -0.002 -19"><span class='ocrx_word' id='word_1_238' title='bbox 408 1778 548 1828; x_wconf 89' lang='lat' dir='ltr'><strong>rum,</strong></span> <span class='ocrx_word' id='word_1_239' title='bbox 571 1765 658 1832; x_wconf 92' lang='lat' dir='ltr'><strong>qui</strong></span> <span class='ocrx_word' id='word_1_240' title='bbox 684 1735 1044 1834; x_wconf 80' lang='lat' dir='ltr'><strong>percutientes</strong></span> <span class='ocrx_word' id='word_1_241' title='bbox 1070 1769 1330 1835; x_wconf 89' lang='lat' dir='ltr'><strong>parietem</strong></span> <span class='ocrx_word' id='word_1_242' title='bbox 1361 1735 1602 1834; x_wconf 60' lang='lat' dir='ltr'><strong>oratorii;</strong></span> <span class='ocrx_word' id='word_1_243' title='bbox 1635 1767 1877 1835; x_wconf 87' lang='lat' dir='ltr'><strong>protinus</strong></span> <span class='ocrx_word' id='word_1_244' title='bbox 1907 1775 1987 1820; x_wconf 91' lang='lat' dir='ltr'><strong>te-</strong></span> <span class='ocrx_word' id='word_1_245' title='bbox 2015 1735 2064 1796; x_wconf 77' lang='grc' dir='ltr'><strong>Β</strong></span> <span class='ocrx_word' id='word_1_246' title='bbox 2092 1735 2388 1816; x_wconf 85' lang='lat' dir='ltr'><strong>exhalavit.</strong></span> <span class='ocrx_word' id='word_1_247' title='bbox 2441 1761 2592 1816; x_wconf 82' lang='lat' dir='ltr'><strong>Alius</strong></span> <span class='ocrx_word' id='word_1_248' title='bbox 2641 1774 2855 1829; x_wconf 86' lang='lat' dir='ltr'><strong>quoque</strong></span> <span class='ocrx_word' id='word_1_249' title='bbox 2903 1760 3182 1814; x_wconf 84' lang='lat' dir='ltr'><strong>Anatolius</strong></span> <span class='ocrx_word' id='word_1_250' title='bbox 3237 1759 3664 1828; x_wconf 84' lang='lat' dir='ltr'><strong>Bttrdegalensis,</strong></span> 
     </span>
    </p>
   </div>
   <div class='ocr_carea' id='block_1_34' title="bbox 410 1855 1986 1930">
    <p class='ocr_par' dir='ltr' id='par_1_34' title="bbox 410 1855 1986 1930">
     <span class='ocr_line' id='line_1_34' title="bbox 410 1855 1986 1930; baseline 0.004 -24"><span class='ocrx_word' id='word_1_251' title='bbox 410 1857 717 1922; x_wconf 81' lang='lat' dir='ltr'><strong>pescebant.</strong></span> <span class='ocrx_word' id='word_1_252' title='bbox 743 1855 1023 1913; x_wconf 87' lang='lat' dir='ltr'><strong>Clamabat</strong></span> <span class='ocrx_word' id='word_1_253' title='bbox 1051 1870 1229 1914; x_wconf 91' lang='lat' dir='ltr'><strong>autem</strong></span> <span class='ocrx_word' id='word_1_254' title='bbox 1262 1860 1487 1930; x_wconf 83' lang='lat' dir='ltr'><strong>pupulus</strong></span> <span class='ocrx_word' id='word_1_255' title='bbox 1510 1861 1624 1914; x_wconf 92' lang='lat' dir='ltr'><strong>viro</strong></span> <span class='ocrx_word' id='word_1_256' title='bbox 1649 1874 1712 1914; x_wconf 91' lang='lat' dir='ltr'><strong>ac</strong></span> <span class='ocrx_word' id='word_1_257' title='bbox 1735 1859 1946 1914; x_wconf 89' lang='lat' dir='ltr'><strong>mulieri</strong></span> <span class='ocrx_word' id='word_1_258' title='bbox 1973 1874 1986 1912; x_wconf 92' lang='lat'>:</span> 
     </span>
    </p>
   </div>
   <div class='ocr_carea' id='block_1_35' title="bbox 413 1948 1987 2025">
    <p class='ocr_par' dir='ltr' id='par_1_35' title="bbox 413 1948 1987 2025">
     <span class='ocr_line' id='line_1_35' title="bbox 413 1948 1987 2025; baseline 0.006 -25"><span class='ocrx_word' id='word_1_259' title='bbox 413 1948 619 2017; x_wconf 80' lang='lat' dir='ltr'><strong>Fugite,</strong></span> <span class='ocrx_word' id='word_1_260' title='bbox 654 1966 687 2006; x_wconf 88' lang='grc' dir='ltr'>ο</span> <span class='ocrx_word' id='word_1_261' title='bbox 731 1951 959 2020; x_wconf 91' lang='lat' dir='ltr'><strong>miseri,</strong></span> <span class='ocrx_word' id='word_1_262' title='bbox 1017 1963 1073 2007; x_wconf 91' lang='lat' dir='ltr'><strong>ut</strong></span> <span class='ocrx_word' id='word_1_263' title='bbox 1126 1954 1354 2009; x_wconf 88' lang='lat' dir='ltr'><strong>evadere</strong></span> <span class='ocrx_word' id='word_1_264' title='bbox 1404 1954 1644 2024; x_wconf 87' lang='lat' dir='ltr'><strong>possitis.</strong></span> <span class='ocrx_word' id='word_1_265' title='bbox 1696 1955 1834 2010; x_wconf 85' lang='lat' dir='ltr'><strong>Ecce</strong></span> <span class='ocrx_word' id='word_1_266' title='bbox 1878 1955 1987 2025; x_wconf 86' lang='lat' dir='ltr'><strong>jam</strong></span> 
     </span>
    </p>
   </div>
   <div class='ocr_carea' id='block_1_36' title="bbox 411 2029 1990 2115">
    <p class='ocr_par' dir='ltr' id='par_1_36' title="bbox 411 2029 1990 2115">
     <span class='ocr_line' id='line_1_36' title="bbox 411 2029 1990 2115; baseline 0.006 -24"><span class='ocrx_word' id='word_1_267' title='bbox 411 2039 610 2105; x_wconf 91' lang='lat' dir='ltr'><strong>ignium</strong></span> <span class='ocrx_word' id='word_1_268' title='bbox 642 2042 849 2111; x_wconf 91' lang='lat' dir='ltr'><strong>pondus</strong></span> <span class='ocrx_word' id='word_1_269' title='bbox 878 2058 1039 2115; x_wconf 90' lang='lat' dir='ltr'><strong>super</strong></span> <span class='ocrx_word' id='word_1_270' title='bbox 1057 2029 1158 2099; x_wconf 80' lang='lat' dir='ltr'><strong>vos</strong></span> <span class='ocrx_word' id='word_1_271' title='bbox 1185 2044 1360 2099; x_wconf 87' lang='lat' dir='ltr'><strong>deruit</strong></span> <span class='ocrx_word' id='word_1_272' title='bbox 1386 2060 1401 2109; x_wconf 91' lang='lat'><strong>;</strong></span> <span class='ocrx_word' id='word_1_273' title='bbox 1431 2060 1558 2101; x_wconf 91' lang='lat' dir='ltr'><strong>ecce</strong></span> <span class='ocrx_word' id='word_1_274' title='bbox 1590 2045 1782 2099; x_wconf 73' lang='lat' dir='ltr'><strong>favillae</strong></span> <span class='ocrx_word' id='word_1_275' title='bbox 1805 2046 1990 2100; x_wconf 88' lang='lat' dir='ltr'><strong>incen-</strong></span> 
     </span>
    </p>
   </div>
   <div class='ocr_carea' id='block_1_37' title="bbox 410 2129 1987 2203">
    <p class='ocr_par' dir='ltr' id='par_1_37' title="bbox 410 2129 1987 2203">
     <span class='ocr_line' id='line_1_37' title="bbox 410 2129 1987 2203; baseline 0.006 -21"><span class='ocrx_word' id='word_1_276' title='bbox 410 2129 482 2183; x_wconf 84' lang='lat' dir='ltr'><strong>dii</strong></span> <span class='ocrx_word' id='word_1_277' title='bbox 511 2145 632 2185; x_wconf 93' lang='lat' dir='ltr'><strong>cum</strong></span> <span class='ocrx_word' id='word_1_278' title='bbox 665 2131 1010 2201; x_wconf 90' lang='lat' dir='ltr'><strong>carbonibus,</strong></span> <span class='ocrx_word' id='word_1_279' title='bbox 1044 2144 1292 2202; x_wconf 90' lang='lat' dir='ltr'><strong>tanquam</strong></span> <span class='ocrx_word' id='word_1_280' title='bbox 1325 2135 1534 2190; x_wconf 88' lang='lat' dir='ltr'><strong>validus</strong></span> <span class='ocrx_word' id='word_1_281' title='bbox 1563 2135 1756 2203; x_wconf 90' lang='lat' dir='ltr'><strong>imber,</strong></span> <span class='ocrx_word' id='word_1_282' title='bbox 1794 2137 1858 2191; x_wconf 86' lang='lat' dir='ltr'><strong>ad</strong></span> <span class='ocrx_word' id='word_1_283' title='bbox 1891 2151 1987 2192; x_wconf 86' lang='lat' dir='ltr'><strong>vos</strong></span> 
     </span>
    </p>
   </div>
   <div class='ocr_carea' id='block_1_38' title="bbox 412 2223 1986 2294">
    <p class='ocr_par' dir='ltr' id='par_1_38' title="bbox 412 2223 1986 2294">
     <span class='ocr_line' id='line_1_38' title="bbox 412 2223 1986 2294; baseline 0.007 -23"><span class='ocrx_word' id='word_1_284' title='bbox 412 2235 578 2289; x_wconf 88' lang='lat' dir='ltr'><strong>usque</strong></span> <span class='ocrx_word' id='word_1_285' title='bbox 619 2223 962 2279; x_wconf 90' lang='lat' dir='ltr'><strong>distenditur.</strong></span> <span class='ocrx_word' id='word_1_286' title='bbox 999 2224 1329 2294; x_wconf 86' lang='lat' dir='ltr'><strong>Egredimini</strong></span> <span class='ocrx_word' id='word_1_287' title='bbox 1360 2225 1428 2279; x_wconf 91' lang='lat' dir='ltr'><strong>ab</strong></span> <span class='ocrx_word' id='word_1_288' title='bbox 1457 2227 1726 2294; x_wconf 89' lang='lat' dir='ltr'><strong>oratorio,</strong></span> <span class='ocrx_word' id='word_1_289' title='bbox 1771 2242 1838 2282; x_wconf 88' lang='lat' dir='ltr'><strong>ne</strong></span> <span class='ocrx_word' id='word_1_290' title='bbox 1866 2243 1986 2282; x_wconf 91' lang='lat' dir='ltr'><strong>cum</strong></span> 
     </span>
    </p>
   </div>
   <div class='ocr_carea' id='block_1_39' title="bbox 410 2311 1988 2373">
    <p class='ocr_par' dir='ltr' id='par_1_39' title="bbox 410 2311 1988 2373">
     <span class='ocr_line' id='line_1_39' title="bbox 410 2311 1988 2373; baseline 0.004 -8"><span class='ocrx_word' id='word_1_291' title='bbox 410 2311 596 2366; x_wconf 85' lang='lat' dir='ltr'><strong>eodem</strong></span> <span class='ocrx_word' id='word_1_292' title='bbox 629 2315 874 2370; x_wconf 93' lang='lat' dir='ltr'><strong>incendio</strong></span> <span class='ocrx_word' id='word_1_293' title='bbox 899 2315 1335 2371; x_wconf 90' lang='lat' dir='ltr'><strong>concrememini.</strong></span> <span class='ocrx_word' id='word_1_294' title='bbox 1360 2316 1429 2370; x_wconf 84' lang='lat' dir='ltr'><strong>At</strong></span> <span class='ocrx_word' id='word_1_295' title='bbox 1451 2317 1523 2371; x_wconf 94' lang='lat' dir='ltr'><strong>illi</strong></span> <span class='ocrx_word' id='word_1_296' title='bbox 1547 2319 1844 2373; x_wconf 89' lang='lat' dir='ltr'><strong>orationem</strong></span> <span class='ocrx_word' id='word_1_297' title='bbox 1870 2317 1988 2371; x_wconf 89' lang='lat' dir='ltr'><strong>lun-</strong></span> 
     </span>
    </p>
   </div>
   <div class='ocr_carea' id='block_1_40' title="bbox 412 2401 1984 2473">
    <p class='ocr_par' dir='ltr' id='par_1_40' title="bbox 412 2401 1984 2473">
     <span class='ocr_line' id='line_1_40' title="bbox 412 2401 1984 2473; baseline 0.005 -19"><span class='ocrx_word' id='word_1_298' title='bbox 412 2401 620 2465; x_wconf 87' lang='lat' dir='ltr'><strong>denles,</strong></span> <span class='ocrx_word' id='word_1_299' title='bbox 671 2418 940 2473; x_wconf 89' lang='lat' dir='ltr'><strong>nunquam</strong></span> <span class='ocrx_word' id='word_1_300' title='bbox 986 2404 1053 2458; x_wconf 90' lang='lat' dir='ltr'><strong>ab</strong></span> <span class='ocrx_word' id='word_1_301' title='bbox 1087 2404 1169 2458; x_wconf 88' lang='lat' dir='ltr'><strong>his</strong></span> <span class='ocrx_word' id='word_1_302' title='bbox 1219 2406 1435 2460; x_wconf 87' lang='lat' dir='ltr'><strong>vocibus</strong></span> <span class='ocrx_word' id='word_1_303' title='bbox 1475 2407 1848 2461; x_wconf 88' lang='lat' dir='ltr'><strong>movebantur.</strong></span> <span class='ocrx_word' id='word_1_304' title='bbox 1880 2408 1984 2462; x_wconf 87' lang='lat' dir='ltr'><strong>Sed</strong></span> 
     </span>
    </p>
   </div>
   <div class='ocr_carea' id='block_1_41' title="bbox 413 2494 1983 2569">
    <p class='ocr_par' dir='ltr' id='par_1_41' title="bbox 413 2494 1983 2569">
     <span class='ocr_line' id='line_1_41' title="bbox 413 2494 1983 2569; baseline 0.006 -24"><span class='ocrx_word' id='word_1_305' title='bbox 413 2508 508 2546; x_wconf 89' lang='lat' dir='ltr'><strong>nec</strong></span> <span class='ocrx_word' id='word_1_306' title='bbox 539 2494 732 2549; x_wconf 91' lang='lat' dir='ltr'><strong>mulier</strong></span> <span class='ocrx_word' id='word_1_307' title='bbox 776 2511 835 2550; x_wconf 90' lang='lat' dir='ltr'><strong>se</strong></span> <span class='ocrx_word' id='word_1_308' title='bbox 883 2512 1115 2566; x_wconf 81' lang='lat' dir='ltr'><strong>unquam</strong></span> <span class='ocrx_word' id='word_1_309' title='bbox 1153 2511 1182 2548; x_wconf 92' lang='lat' dir='ltr'><strong>a</strong></span> <span class='ocrx_word' id='word_1_310' title='bbox 1211 2496 1469 2563; x_wconf 88' lang='lat' dir='ltr'><strong>fenestra,</strong></span> <span class='ocrx_word' id='word_1_311' title='bbox 1500 2513 1594 2567; x_wconf 90' lang='lat' dir='ltr'><strong>per</strong></span> <span class='ocrx_word' id='word_1_312' title='bbox 1623 2515 1781 2569; x_wconf 88' lang='lat' dir='ltr'><strong>quam</strong></span> <span class='ocrx_word' id='word_1_313' title='bbox 1812 2500 1983 2555; x_wconf 87' lang='lat' dir='ltr'><strong>inter-</strong></span> 
     </span>
    </p>
   </div>
   <div class='ocr_carea' id='block_1_42' title="bbox 413 2587 1982 2662">
    <p class='ocr_par' dir='ltr' id='par_1_42' title="bbox 413 2587 1982 2662">
     <span class='ocr_line' id='line_1_42' title="bbox 413 2587 1982 2662; baseline 0.006 -23"><span class='ocrx_word' id='word_1_314' title='bbox 413 2587 533 2641; x_wconf 90' lang='lat' dir='ltr'><strong>dum</strong></span> <span class='ocrx_word' id='word_1_315' title='bbox 573 2589 802 2643; x_wconf 71' lang='lat' dir='ltr'><strong>ﬂammte</strong></span> <span class='ocrx_word' id='word_1_316' title='bbox 832 2589 1284 2660; x_wconf 86' lang='lat' dir='ltr'><strong>ingrediebantur,</strong></span> <span class='ocrx_word' id='word_1_317' title='bbox 1314 2591 1547 2657; x_wconf 88' lang='lat' dir='ltr'><strong>amovit;</strong></span> <span class='ocrx_word' id='word_1_318' title='bbox 1587 2608 1706 2661; x_wconf 68' lang='lat' dir='ltr'><strong>quae</strong></span> <span class='ocrx_word' id='word_1_319' title='bbox 1733 2601 1848 2647; x_wconf 90' lang='lat' dir='ltr'><strong>erat</strong></span> <span class='ocrx_word' id='word_1_320' title='bbox 1886 2607 1982 2662; x_wconf 90' lang='lat' dir='ltr'><strong>spe</strong></span> 
     </span>
    </p>
   </div>
   <div class='ocr_carea' id='block_1_43' title="bbox 411 2676 1980 2751">
    <p class='ocr_par' dir='ltr' id='par_1_43' title="bbox 411 2676 1980 2751">
     <span class='ocr_line' id='line_1_43' title="bbox 411 2676 1980 2751; baseline 0.006 -21"><span class='ocrx_word' id='word_1_321' title='bbox 411 2676 718 2733; x_wconf 84' lang='lat' dir='ltr'><strong>ﬁrmissima</strong></span> <span class='ocrx_word' id='word_1_322' title='bbox 770 2679 838 2734; x_wconf 92' lang='lat' dir='ltr'><strong>de</strong></span> <span class='ocrx_word' id='word_1_323' title='bbox 886 2681 1082 2736; x_wconf 84' lang='lat' dir='ltr'><strong>virtute</strong></span> <span class='ocrx_word' id='word_1_324' title='bbox 1133 2681 1272 2735; x_wconf 88' lang='lat' dir='ltr'><strong>beati</strong></span> <span class='ocrx_word' id='word_1_325' title='bbox 1325 2681 1578 2736; x_wconf 90' lang='lat' dir='ltr'><strong>antistitis</strong></span> <span class='ocrx_word' id='word_1_326' title='bbox 1641 2685 1980 2751; x_wconf 77' lang='lat' dir='ltr'><strong>prtemunita.</strong></span> 
     </span>
    </p>
   </div>
   <div class='ocr_carea' id='block_1_44' title="bbox 408 2769 1979 2839">
    <p class='ocr_par' dir='ltr' id='par_1_44' title="bbox 408 2769 1979 2839">
     <span class='ocr_line' id='line_1_44' title="bbox 408 2769 1979 2839; baseline 0.006 -18"><span class='ocrx_word' id='word_1_327' title='bbox 408 2769 681 2838; x_wconf 83' lang='lat' dir='ltr'><strong>Tantaque</strong></span> <span class='ocrx_word' id='word_1_328' title='bbox 712 2769 808 2824; x_wconf 89' lang='lat' dir='ltr'><strong>fuit</strong></span> <span class='ocrx_word' id='word_1_329' title='bbox 836 2772 1007 2826; x_wconf 89' lang='lat' dir='ltr'><strong>virtus</strong></span> <span class='ocrx_word' id='word_1_330' title='bbox 1054 2771 1196 2825; x_wconf 87' lang='lat' dir='ltr'><strong>beati</strong></span> <span class='ocrx_word' id='word_1_331' title='bbox 1229 2773 1530 2839; x_wconf 88' lang='lat' dir='ltr'><strong>pontiﬁcis,</strong></span> <span class='ocrx_word' id='word_1_332' title='bbox 1566 2784 1623 2828; x_wconf 92' lang='lat' dir='ltr'><strong>ut</strong></span> <span class='ocrx_word' id='word_1_333' title='bbox 1653 2789 1760 2828; x_wconf 92' lang='lat' dir='ltr'><strong>non</strong></span> <span class='ocrx_word' id='word_1_334' title='bbox 1806 2777 1979 2832; x_wconf 91' lang='lat' dir='ltr'><strong>solum</strong></span> 
     </span>
    </p>
   </div>
   <div class='ocr_carea' id='block_1_45' title="bbox 409 2857 1976 2933">
    <p class='ocr_par' dir='ltr' id='par_1_45' title="bbox 409 2857 1976 2933">
     <span class='ocr_line' id='line_1_45' title="bbox 409 2857 1976 2933; baseline 0.007 -24"><span class='ocrx_word' id='word_1_335' title='bbox 409 2857 506 2910; x_wconf 91' lang='lat' dir='ltr'><strong>hoc</strong></span> <span class='ocrx_word' id='word_1_336' title='bbox 527 2859 820 2914; x_wconf 88' lang='lat' dir='ltr'><strong>oratorium</strong></span> <span class='ocrx_word' id='word_1_337' title='bbox 863 2874 983 2915; x_wconf 91' lang='lat' dir='ltr'><strong>cum</strong></span> <span class='ocrx_word' id='word_1_338' title='bbox 1030 2861 1232 2916; x_wconf 89' lang='lat' dir='ltr'><strong>alumni</strong></span> <span class='ocrx_word' id='word_1_339' title='bbox 1283 2863 1479 2932; x_wconf 88' lang='lat' dir='ltr'><strong>proprii</strong></span> <span class='ocrx_word' id='word_1_340' title='bbox 1523 2863 1686 2918; x_wconf 92' lang='lat' dir='ltr'><strong>domo</strong></span> <span class='ocrx_word' id='word_1_341' title='bbox 1712 2865 1976 2933; x_wconf 90' lang='lat' dir='ltr'><strong>salvaret,</strong></span> 
     </span>
    </p>
   </div>
   <div class='ocr_carea' id='block_1_46' title="bbox 408 2953 1981 3024">
    <p class='ocr_par' dir='ltr' id='par_1_46' title="bbox 408 2953 1981 3024">
     <span class='ocr_line' id='line_1_46' title="bbox 408 2953 1981 3024; baseline 0.007 -23"><span class='ocrx_word' id='word_1_342' title='bbox 408 2965 586 3004; x_wconf 89' lang='lat' dir='ltr'><strong>verum</strong></span> <span class='ocrx_word' id='word_1_343' title='bbox 612 2953 773 3004; x_wconf 91' lang='lat' dir='ltr'><strong>etiam</strong></span> <span class='ocrx_word' id='word_1_344' title='bbox 805 2968 901 3006; x_wconf 93' lang='lat' dir='ltr'><strong>nec</strong></span> <span class='ocrx_word' id='word_1_345' title='bbox 926 2953 1044 3006; x_wconf 91' lang='lat' dir='ltr'><strong>aliis</strong></span> <span class='ocrx_word' id='word_1_346' title='bbox 1066 2953 1310 3009; x_wconf 86' lang='lat' dir='ltr'><strong>domibus</strong></span> <span class='ocrx_word' id='word_1_347' title='bbox 1332 2970 1450 3024; x_wconf 60' lang='lat' dir='ltr'><strong>qua:</strong></span> <span class='ocrx_word' id='word_1_348' title='bbox 1478 2955 1530 3010; x_wconf 89' lang='lat' dir='ltr'><strong>in</strong></span> <span class='ocrx_word' id='word_1_349' title='bbox 1557 2955 1783 3010; x_wconf 90' lang='lat' dir='ltr'><strong>circuitu</strong></span> <span class='ocrx_word' id='word_1_350' title='bbox 1805 2967 1981 3023; x_wconf 91' lang='lat' dir='ltr'><strong>erant,</strong></span> 
     </span>
    </p>
   </div>
   <div class='ocr_carea' id='block_1_47' title="bbox 405 3042 1979 3118">
    <p class='ocr_par' dir='ltr' id='par_1_47' title="bbox 405 3042 1979 3118">
     <span class='ocr_line' id='line_1_47' title="bbox 405 3042 1979 3118; baseline 0.007 -24"><span class='ocrx_word' id='word_1_351' title='bbox 405 3055 596 3096; x_wconf 90' lang='lat' dir='ltr'><strong>nocere</strong></span> <span class='ocrx_word' id='word_1_352' title='bbox 622 3042 850 3096; x_wconf 90' lang='lat' dir='ltr'><strong>ﬂammis</strong></span> <span class='ocrx_word' id='word_1_353' title='bbox 878 3043 1272 3101; x_wconf 87' lang='lat' dir='ltr'><strong>dominantibus</strong></span> <span class='ocrx_word' id='word_1_354' title='bbox 1294 3046 1622 3114; x_wconf 88' lang='lat' dir='ltr'><strong>permisisset</strong></span> <span class='ocrx_word' id='word_1_355' title='bbox 1645 3065 1658 3101; x_wconf 90' lang='lat'><strong>:</strong></span> <span class='ocrx_word' id='word_1_356' title='bbox 1690 3049 1867 3118; x_wconf 89' lang='lat' dir='ltr'><strong>ibique</strong></span> <span class='ocrx_word' id='word_1_357' title='bbox 1892 3064 1979 3105; x_wconf 84' lang='lat' dir='ltr'><strong>ce-</strong></span> 
     </span>
    </p>
   </div>
   <div class='ocr_carea' id='block_1_48' title="bbox 405 3134 1980 3211">
    <p class='ocr_par' dir='ltr' id='par_1_48' title="bbox 405 3134 1980 3211">
     <span class='ocr_line' id='line_1_48' title="bbox 405 3134 1980 3211; baseline 0.006 -24"><span class='ocrx_word' id='word_1_358' title='bbox 405 3134 534 3188; x_wconf 90' lang='lat' dir='ltr'><strong>cidit</strong></span> <span class='ocrx_word' id='word_1_359' title='bbox 563 3135 890 3203; x_wconf 88' lang='lat' dir='ltr'><strong>incendium,</strong></span> <span class='ocrx_word' id='word_1_360' title='bbox 924 3136 1064 3201; x_wconf 87' lang='lat' dir='ltr'><strong>quod</strong></span> <span class='ocrx_word' id='word_1_361' title='bbox 1108 3137 1174 3192; x_wconf 91' lang='lat' dir='ltr'><strong>ab</strong></span> <span class='ocrx_word' id='word_1_362' title='bbox 1224 3153 1326 3192; x_wconf 90' lang='lat' dir='ltr'><strong>una</strong></span> <span class='ocrx_word' id='word_1_363' title='bbox 1355 3150 1503 3208; x_wconf 90' lang='lat' dir='ltr'><strong>parte</strong></span> <span class='ocrx_word' id='word_1_364' title='bbox 1545 3140 1719 3208; x_wconf 90' lang='lat' dir='ltr'><strong>pontis</strong></span> <span class='ocrx_word' id='word_1_365' title='bbox 1743 3152 1980 3211; x_wconf 67' lang='lat' dir='ltr'><strong>coeperat</strong></span> 
     </span>
    </p>
   </div>
   <div class='ocr_carea' id='block_1_49' title="bbox 405 3225 1981 3297">
    <p class='ocr_par' dir='ltr' id='par_1_49' title="bbox 405 3225 1981 3297">
     <span class='ocr_line' id='line_1_49' title="bbox 405 3225 1981 3297; baseline 0.008 -20"><span class='ocrx_word' id='word_1_366' title='bbox 405 3226 683 3279; x_wconf 71' lang='lat' dir='ltr'><strong>desaevire.</strong></span> <span class='ocrx_word' id='word_1_367' title='bbox 715 3225 794 3279; x_wconf 90' lang='lat' dir='ltr'><strong>Ab</strong></span> <span class='ocrx_word' id='word_1_368' title='bbox 817 3226 921 3279; x_wconf 91' lang='lat' dir='ltr'><strong>alia</strong></span> <span class='ocrx_word' id='word_1_369' title='bbox 952 3241 1078 3281; x_wconf 92' lang='lat' dir='ltr'><strong>vero</strong></span> <span class='ocrx_word' id='word_1_370' title='bbox 1108 3238 1257 3297; x_wconf 88' lang='lat' dir='ltr'><strong>parte</strong></span> <span class='ocrx_word' id='word_1_371' title='bbox 1282 3237 1387 3284; x_wconf 86' lang='lat' dir='ltr'><strong>tam</strong></span> <span class='ocrx_word' id='word_1_372' title='bbox 1419 3230 1593 3285; x_wconf 85' lang='lat' dir='ltr'><strong>valide</strong></span> <span class='ocrx_word' id='word_1_373' title='bbox 1632 3242 1824 3288; x_wconf 92' lang='lat' dir='ltr'><strong>cuncta</strong></span> <span class='ocrx_word' id='word_1_374' title='bbox 1852 3248 1981 3288; x_wconf 88' lang='lat' dir='ltr'><strong>con-</strong></span> 
     </span>
    </p>
   </div>
   <div class='ocr_carea' id='block_1_50' title="bbox 405 3315 1979 3388">
    <p class='ocr_par' dir='ltr' id='par_1_50' title="bbox 405 3315 1979 3388">
     <span class='ocr_line' id='line_1_50' title="bbox 405 3315 1979 3388; baseline 0.008 -19"><span class='ocrx_word' id='word_1_375' title='bbox 405 3315 678 3382; x_wconf 82' lang='lat' dir='ltr'><strong>ﬂagravit,</strong></span> <span class='ocrx_word' id='word_1_376' title='bbox 727 3325 779 3369; x_wconf 91' lang='lat' dir='ltr'><strong>ut</strong></span> <span class='ocrx_word' id='word_1_377' title='bbox 827 3318 1000 3370; x_wconf 91' lang='lat' dir='ltr'><strong>amnis</strong></span> <span class='ocrx_word' id='word_1_378' title='bbox 1027 3317 1183 3373; x_wconf 88' lang='lat' dir='ltr'><strong>ﬁnem</strong></span> <span class='ocrx_word' id='word_1_379' title='bbox 1232 3319 1559 3388; x_wconf 90' lang='lat' dir='ltr'><strong>imponeret.</strong></span> <span class='ocrx_word' id='word_1_380' title='bbox 1590 3322 1979 3382; x_wconf 77' lang='lat' dir='ltr'><strong>Verumtamen</strong></span> 
     </span>
    </p>
   </div>
   <div class='ocr_carea' id='block_1_51' title="bbox 405 3407 1981 3474">
    <p class='ocr_par' dir='ltr' id='par_1_51' title="bbox 405 3407 1981 3474">
     <span class='ocr_line' id='line_1_51' title="bbox 405 3407 1981 3474; baseline 0.011 -18"><span class='ocrx_word' id='word_1_381' title='bbox 405 3407 644 3460; x_wconf 75' lang='lat' dir='ltr'><strong>ecclesiae:</strong></span> <span class='ocrx_word' id='word_1_382' title='bbox 676 3423 779 3460; x_wconf 77' lang='lat' dir='ltr'><strong>non</strong></span> <span class='ocrx_word' id='word_1_383' title='bbox 833 3415 958 3460; x_wconf 87' lang='lat' dir='ltr'><strong>sunt</strong></span> <span class='ocrx_word' id='word_1_384' title='bbox 1000 3407 1202 3464; x_wconf 67' lang='lat' dir='ltr'><strong>adusta:</strong></span> <span class='ocrx_word' id='word_1_385' title='bbox 1231 3425 1352 3465; x_wconf 89' lang='lat' dir='ltr'><strong>cum</strong></span> <span class='ocrx_word' id='word_1_386' title='bbox 1393 3413 1639 3468; x_wconf 89' lang='lat' dir='ltr'><strong>domibus</strong></span> <span class='ocrx_word' id='word_1_387' title='bbox 1669 3417 1804 3471; x_wconf 89' lang='lat' dir='ltr'><strong>suis.</strong></span> <span class='ocrx_word' id='word_1_388' title='bbox 1855 3418 1981 3474; x_wconf 82' lang='lat' dir='ltr'><strong>Aie-</strong></span> 
     </span>
    </p>
   </div>
   <div class='ocr_carea' id='block_1_52' title="bbox 407 3497 1978 3569">
    <p class='ocr_par' dir='ltr' id='par_1_52' title="bbox 407 3497 1978 3569">
     <span class='ocr_line' id='line_1_52' title="bbox 407 3497 1978 3569; baseline 0.01 -20"><span class='ocrx_word' id='word_1_389' title='bbox 407 3497 532 3551; x_wconf 88' lang='lat' dir='ltr'><strong>bant</strong></span> <span class='ocrx_word' id='word_1_390' title='bbox 560 3499 700 3553; x_wconf 91' lang='lat' dir='ltr'><strong>enim</strong></span> <span class='ocrx_word' id='word_1_391' title='bbox 734 3499 868 3553; x_wconf 88' lang='lat' dir='ltr'><strong>hanc</strong></span> <span class='ocrx_word' id='word_1_392' title='bbox 895 3500 1080 3554; x_wconf 90' lang='lat' dir='ltr'><strong>urbem</strong></span> <span class='ocrx_word' id='word_1_393' title='bbox 1112 3501 1260 3569; x_wconf 87' lang='lat' dir='ltr'><strong>quasi</strong></span> <span class='ocrx_word' id='word_1_394' title='bbox 1293 3514 1660 3558; x_wconf 86' lang='lat' dir='ltr'><strong>consecratam</strong></span> <span class='ocrx_word' id='word_1_395' title='bbox 1691 3506 1856 3563; x_wconf 87' lang='lat' dir='ltr'><strong>fuisse</strong></span> <span class='ocrx_word' id='word_1_396' title='bbox 1877 3523 1978 3564; x_wconf 85' lang='lat' dir='ltr'><strong>an-</strong></span> 
     </span>
    </p>
   </div>
   <div class='ocr_carea' id='block_1_53' title="bbox 409 3588 1979 3664">
    <p class='ocr_par' dir='ltr' id='par_1_53' title="bbox 409 3588 1979 3664">
     <span class='ocr_line' id='line_1_53' title="bbox 409 3588 1979 3664; baseline 0.01 -25"><span class='ocrx_word' id='word_1_397' title='bbox 409 3588 654 3654; x_wconf 88' lang='lat' dir='ltr'><strong>tiquitus,</strong></span> <span class='ocrx_word' id='word_1_398' title='bbox 686 3598 870 3646; x_wconf 92' lang='lat' dir='ltr'><strong>utnon</strong></span> <span class='ocrx_word' id='word_1_399' title='bbox 903 3591 970 3646; x_wconf 93' lang='lat' dir='ltr'><strong>ibi</strong></span> <span class='ocrx_word' id='word_1_400' title='bbox 1004 3591 1307 3648; x_wconf 90' lang='lat' dir='ltr'><strong>incendium</strong></span> <span class='ocrx_word' id='word_1_401' title='bbox 1338 3594 1686 3664; x_wconf 64' lang='lat' dir='ltr'><strong>prarvaleret,</strong></span> <span class='ocrx_word' id='word_1_402' title='bbox 1717 3613 1820 3651; x_wconf 90' lang='lat' dir='ltr'><strong>non</strong></span> <span class='ocrx_word' id='word_1_403' title='bbox 1862 3614 1979 3654; x_wconf 87' lang='lat' dir='ltr'><strong>ser-</strong></span> 
     </span>
    </p>
   </div>
   <div class='ocr_carea' id='block_1_54' title="bbox 403 3682 1978 3757">
    <p class='ocr_par' dir='ltr' id='par_1_54' title="bbox 403 3682 1978 3757">
     <span class='ocr_line' id='line_1_54' title="bbox 403 3682 1978 3757; baseline 0.008 -24"><span class='ocrx_word' id='word_1_404' title='bbox 403 3694 550 3749; x_wconf 86' lang='lat' dir='ltr'><strong>pens,</strong></span> <span class='ocrx_word' id='word_1_405' title='bbox 585 3698 690 3736; x_wconf 92' lang='lat' dir='ltr'><strong>non</strong></span> <span class='ocrx_word' id='word_1_406' title='bbox 721 3682 822 3752; x_wconf 88' lang='lat' dir='ltr'><strong>glis</strong></span> <span class='ocrx_word' id='word_1_407' title='bbox 847 3687 1202 3752; x_wconf 87' lang='lat' dir='ltr'><strong>apparuisset.</strong></span> <span class='ocrx_word' id='word_1_408' title='bbox 1232 3686 1413 3757; x_wconf 87' lang='lat' dir='ltr'><strong>Nuper</strong></span> <span class='ocrx_word' id='word_1_409' title='bbox 1457 3699 1634 3744; x_wconf 88' lang='lat' dir='ltr'><strong>autem</strong></span> <span class='ocrx_word' id='word_1_410' title='bbox 1663 3705 1784 3744; x_wconf 89' lang='lat' dir='ltr'><strong>cum</strong></span> <span class='ocrx_word' id='word_1_411' title='bbox 1820 3691 1978 3745; x_wconf 89' lang='lat' dir='ltr'><strong>cuni-</strong></span> 
     </span>
    </p>
   </div>
   <div class='ocr_carea' id='block_1_55' title="bbox 400 3773 1976 3852">
    <p class='ocr_par' dir='ltr' id='par_1_55' title="bbox 400 3773 1976 3852">
     <span class='ocr_line' id='line_1_55' title="bbox 400 3773 1976 3852; baseline 0.007 -25"><span class='ocrx_word' id='word_1_412' title='bbox 400 3773 549 3827; x_wconf 89' lang='lat' dir='ltr'><strong>culus</strong></span> <span class='ocrx_word' id='word_1_413' title='bbox 579 3776 753 3842; x_wconf 89' lang='lat' dir='ltr'><strong>pontis</strong></span> <span class='ocrx_word' id='word_1_414' title='bbox 780 3777 1184 3845; x_wconf 90' lang='lat' dir='ltr'><strong>emundaretur,</strong></span> <span class='ocrx_word' id='word_1_415' title='bbox 1219 3789 1274 3834; x_wconf 89' lang='lat' dir='ltr'><strong>et</strong></span> <span class='ocrx_word' id='word_1_416' title='bbox 1303 3795 1516 3836; x_wconf 71' lang='lat' dir='ltr'><strong>cmaum</strong></span> <span class='ocrx_word' id='word_1_417' title='bbox 1545 3781 1637 3841; x_wconf 88' lang='lat' dir='ltr'><strong>de</strong></span> <span class='ocrx_word' id='word_1_418' title='bbox 1660 3797 1767 3852; x_wconf 91' lang='lat' dir='ltr'><strong>quo</strong></span> <span class='ocrx_word' id='word_1_419' title='bbox 1798 3783 1976 3852; x_wconf 82' lang='lat' dir='ltr'><strong>reple-</strong></span> 
     </span>
    </p>
   </div>
   <div class='ocr_carea' id='block_1_56' title="bbox 401 3867 1975 3945">
    <p class='ocr_par' dir='ltr' id='par_1_56' title="bbox 401 3867 1975 3945">
     <span class='ocr_line' id='line_1_56' title="bbox 401 3867 1975 3945; baseline 0.008 -26"><span class='ocrx_word' id='word_1_420' title='bbox 401 3875 507 3919; x_wconf 87' lang='lat' dir='ltr'><strong>tum</strong></span> <span class='ocrx_word' id='word_1_421' title='bbox 540 3867 735 3933; x_wconf 86' lang='lat' dir='ltr'><strong>fuerat,</strong></span> <span class='ocrx_word' id='word_1_422' title='bbox 769 3867 1093 3937; x_wconf 89' lang='lat' dir='ltr'><strong>auferretur,</strong></span> <span class='ocrx_word' id='word_1_423' title='bbox 1117 3883 1420 3940; x_wconf 89' lang='lat' dir='ltr'><strong>serpentem</strong></span> <span class='ocrx_word' id='word_1_424' title='bbox 1449 3875 1750 3945; x_wconf 83' lang='lat' dir='ltr'><strong>gliremque</strong></span> <span class='ocrx_word' id='word_1_425' title='bbox 1776 3891 1975 3934; x_wconf 70' lang='lat' dir='ltr'><strong>aereum</strong></span> 
     </span>
    </p>
   </div>
   <div class='ocr_carea' id='block_1_57' title="bbox 400 3958 1980 4036">
    <p class='ocr_par' dir='ltr' id='par_1_57' title="bbox 400 3958 1980 4036">
     <span class='ocr_line' id='line_1_57' title="bbox 400 3958 1980 4036; baseline 0.009 -26"><span class='ocrx_word' id='word_1_426' title='bbox 400 3967 739 4026; x_wconf 87' lang='lat' dir='ltr'><strong>repererunt.</strong></span> <span class='ocrx_word' id='word_1_427' title='bbox 771 3958 977 4025; x_wconf 85' lang='lat' dir='ltr'><strong>Quibus</strong></span> <span class='ocrx_word' id='word_1_428' title='bbox 1005 3963 1218 4029; x_wconf 85' lang='lat' dir='ltr'><strong>ablatis,</strong></span> <span class='ocrx_word' id='word_1_429' title='bbox 1248 3972 1303 4018; x_wconf 92' lang='lat' dir='ltr'><strong>et</strong></span> <span class='ocrx_word' id='word_1_430' title='bbox 1329 3966 1491 4034; x_wconf 89' lang='lat' dir='ltr'><strong>glires</strong></span> <span class='ocrx_word' id='word_1_431' title='bbox 1517 3965 1585 4020; x_wconf 91' lang='lat' dir='ltr'><strong>ibi</strong></span> <span class='ocrx_word' id='word_1_432' title='bbox 1615 3965 1867 4036; x_wconf 90' lang='lat' dir='ltr'><strong>deinceps</strong></span> <span class='ocrx_word' id='word_1_433' title='bbox 1888 3983 1980 4023; x_wconf 83' lang='lat' dir='ltr'><strong>ex-</strong></span> 
     </span>
    </p>
   </div>
   <div class='ocr_carea' id='block_1_58' title="bbox 401 4057 1977 4128">
    <p class='ocr_par' dir='ltr' id='par_1_58' title="bbox 401 4057 1977 4128">
     <span class='ocr_line' id='line_1_58' title="bbox 401 4057 1977 4128; baseline 0.008 -27"><span class='ocrx_word' id='word_1_434' title='bbox 401 4057 475 4102; x_wconf 88' lang='lat' dir='ltr'><strong>tra</strong></span> <span class='ocrx_word' id='word_1_435' title='bbox 509 4066 818 4115; x_wconf 90' lang='lat' dir='ltr'><strong>numerum,</strong></span> <span class='ocrx_word' id='word_1_436' title='bbox 861 4063 916 4107; x_wconf 93' lang='lat' dir='ltr'><strong>et</strong></span> <span class='ocrx_word' id='word_1_437' title='bbox 955 4066 1232 4121; x_wconf 87' lang='lat' dir='ltr'><strong>serpentes</strong></span> <span class='ocrx_word' id='word_1_438' title='bbox 1258 4067 1660 4124; x_wconf 88' lang='lat' dir='ltr'><strong>apparuerunt;</strong></span> <span class='ocrx_word' id='word_1_439' title='bbox 1693 4066 1748 4113; x_wconf 84' lang='lat' dir='ltr'><strong>et</strong></span> <span class='ocrx_word' id='word_1_440' title='bbox 1794 4067 1977 4128; x_wconf 87' lang='lat' dir='ltr'><strong>postea</strong></span> 
     </span>
    </p>
   </div>
   <div class='ocr_carea' id='block_1_59' title="bbox 399 4141 1118 4213">
    <p class='ocr_par' dir='ltr' id='par_1_59' title="bbox 399 4141 1118 4213">
     <span class='ocr_line' id='line_1_59' title="bbox 399 4141 1118 4213; baseline 0.011 -21"><span class='ocrx_word' id='word_1_441' title='bbox 399 4141 640 4194; x_wconf 87' lang='lat' dir='ltr'><strong>incendia</strong></span> <span class='ocrx_word' id='word_1_442' title='bbox 680 4141 916 4210; x_wconf 88' lang='lat' dir='ltr'><strong>perferre</strong></span> <span class='ocrx_word' id='word_1_443' title='bbox 938 4145 1118 4213; x_wconf 75' lang='lat' dir='ltr'><strong>coepit.</strong></span> 
     </span>
    </p>
   </div>
   <div class='ocr_carea' id='block_1_60' title="bbox 469 4230 1980 4306">
    <p class='ocr_par' dir='ltr' id='par_1_60' title="bbox 469 4230 1980 4306">
     <span class='ocr_line' id='line_1_60' title="bbox 469 4230 1980 4306; baseline 0.011 -24"><span class='ocrx_word' id='word_1_444' title='bbox 469 4230 707 4285; x_wconf 78' lang='lat' dir='ltr'><strong>XXXIV.</strong></span> <span class='ocrx_word' id='word_1_445' title='bbox 739 4232 802 4286; x_wconf 88' lang='lat' dir='ltr'><strong>Et</strong></span> <span class='ocrx_word' id='word_1_446' title='bbox 840 4237 964 4303; x_wconf 90' lang='lat' dir='ltr'><strong>quia</strong></span> <span class='ocrx_word' id='word_1_447' title='bbox 996 4236 1244 4306; x_wconf 90' lang='lat' dir='ltr'><strong>princeps</strong></span> <span class='ocrx_word' id='word_1_448' title='bbox 1269 4237 1609 4294; x_wconf 88' lang='lat' dir='ltr'><strong>tenebrarum</strong></span> <span class='ocrx_word' id='word_1_449' title='bbox 1642 4240 1788 4296; x_wconf 90' lang='lat' dir='ltr'><strong>mille</strong></span> <span class='ocrx_word' id='word_1_450' title='bbox 1818 4241 1980 4298; x_wconf 89' lang='lat' dir='ltr'><strong>habet</strong></span> 
     </span>
    </p>
   </div>
   <div class='ocr_carea' id='block_1_61' title="bbox 395 4325 1978 4394">
    <p class='ocr_par' dir='ltr' id='par_1_61' title="bbox 395 4325 1978 4394">
     <span class='ocr_line' id='line_1_61' title="bbox 395 4325 1978 4394; baseline 0.009 -19"><span class='ocrx_word' id='word_1_451' title='bbox 395 4331 539 4375; x_wconf 89' lang='lat' dir='ltr'><strong>artes</strong></span> <span class='ocrx_word' id='word_1_452' title='bbox 571 4325 830 4391; x_wconf 79' lang='lat' dir='ltr'><strong>nocendi;</strong></span> <span class='ocrx_word' id='word_1_453' title='bbox 858 4326 982 4394; x_wconf 92' lang='lat' dir='ltr'><strong>quid</strong></span> <span class='ocrx_word' id='word_1_454' title='bbox 1011 4327 1078 4381; x_wconf 91' lang='lat' dir='ltr'><strong>de</strong></span> <span class='ocrx_word' id='word_1_455' title='bbox 1109 4329 1366 4384; x_wconf 89' lang='lat' dir='ltr'><strong>reclausis</strong></span> <span class='ocrx_word' id='word_1_456' title='bbox 1410 4346 1472 4385; x_wconf 92' lang='lat' dir='ltr'><strong>ac</strong></span> <span class='ocrx_word' id='word_1_457' title='bbox 1506 4329 1612 4387; x_wconf 86' lang='lat' dir='ltr'><strong>Deo</strong></span> <span class='ocrx_word' id='word_1_458' title='bbox 1641 4333 1853 4389; x_wconf 85' lang='lat' dir='ltr'><strong>devotis</strong></span> <span class='ocrx_word' id='word_1_459' title='bbox 1882 4352 1978 4389; x_wconf 90' lang='lat' dir='ltr'><strong>nu-</strong></span> 
     </span>
    </p>
   </div>
   <div class='ocr_carea' id='block_1_62' title="bbox 395 4415 1968 4495">
    <p class='ocr_par' dir='ltr' id='par_1_62' title="bbox 395 4415 1968 4495">
     <span class='ocr_line' id='line_1_62' title="bbox 395 4415 1968 4495; baseline 0.008 -27"><span class='ocrx_word' id='word_1_460' title='bbox 395 4427 488 4481; x_wconf 84' lang='lat' dir='ltr'><strong>per</strong></span> <span class='ocrx_word' id='word_1_461' title='bbox 516 4422 722 4482; x_wconf 75' lang='lat' dir='ltr'><strong>gestuin</strong></span> <span class='ocrx_word' id='word_1_462' title='bbox 749 4415 931 4481; x_wconf 84' lang='lat' dir='ltr'><strong>fuerit,</strong></span> <span class='ocrx_word' id='word_1_463' title='bbox 964 4419 1212 4486; x_wconf 88' lang='lat' dir='ltr'><strong>pandam.</strong></span> <span class='ocrx_word' id='word_1_464' title='bbox 1257 4420 1538 4476; x_wconf 90' lang='lat' dir='ltr'><strong>Vennocus</strong></span> <span class='ocrx_word' id='word_1_465' title='bbox 1587 4424 1774 4489; x_wconf 88' lang='lat' dir='ltr'><strong>Britto,</strong></span> <span class='ocrx_word' id='word_1_466' title='bbox 1819 4440 1968 4495; x_wconf 90' lang='lat' dir='ltr'><strong>pres-</strong></span> 
     </span>
    </p>
   </div>
   <div class='ocr_carea' id='block_1_63' title="bbox 394 4503 1971 4580">
    <p class='ocr_par' dir='ltr' id='par_1_63' title="bbox 394 4503 1971 4580">
     <span class='ocr_line' id='line_1_63' title="bbox 394 4503 1971 4580; baseline 0.007 -22"><span class='ocrx_word' id='word_1_467' title='bbox 394 4503 584 4573; x_wconf 83' lang='lat' dir='ltr'><strong>byterii</strong></span> <span class='ocrx_word' id='word_1_468' title='bbox 647 4506 849 4560; x_wconf 90' lang='lat' dir='ltr'><strong>honore</strong></span> <span class='ocrx_word' id='word_1_469' title='bbox 897 4509 1150 4576; x_wconf 65' lang='lat' dir='ltr'><strong>praeditus</strong></span> <span class='ocrx_word' id='word_1_470' title='bbox 1171 4549 1186 4574; x_wconf 94' lang='lat'><strong>,</strong></span> <span class='ocrx_word' id='word_1_471' title='bbox 1215 4510 1366 4580; x_wconf 88' lang='lat' dir='ltr'><strong>cujus</strong></span> <span class='ocrx_word' id='word_1_472' title='bbox 1396 4513 1445 4565; x_wconf 93' lang='lat' dir='ltr'><strong>in</strong></span> <span class='ocrx_word' id='word_1_473' title='bbox 1478 4513 1583 4566; x_wconf 90' lang='lat' dir='ltr'><strong>alio</strong></span> <span class='ocrx_word' id='word_1_474' title='bbox 1613 4514 1750 4569; x_wconf 91' lang='lat' dir='ltr'><strong>libro</strong></span> <span class='ocrx_word' id='word_1_475' title='bbox 1779 4519 1971 4571; x_wconf 89' lang='lat' dir='ltr'><strong>memi-</strong></span> 
     </span>
    </p>
   </div>
   <div class='ocr_carea' id='block_1_64' title="bbox 395 4593 1975 4672">
    <p class='ocr_par' dir='ltr' id='par_1_64' title="bbox 395 4593 1975 4672">
     <span class='ocr_line' id='line_1_64' title="bbox 395 4593 1975 4672; baseline 0.009 -23"><span class='ocrx_word' id='word_1_476' title='bbox 395 4600 569 4653; x_wconf 87' lang='lat' dir='ltr'><strong>nimus</strong></span> <span class='ocrx_word' id='word_1_477' title='bbox 600 4597 646 4666; x_wconf 72' lang='lat' dir='ltr'><strong>b,</strong></span> <span class='ocrx_word' id='word_1_478' title='bbox 680 4608 840 4654; x_wconf 71' lang='lat' dir='ltr'><strong>tanta:</strong></span> <span class='ocrx_word' id='word_1_479' title='bbox 883 4615 942 4656; x_wconf 87' lang='lat' dir='ltr'><strong>se</strong></span> <span class='ocrx_word' id='word_1_480' title='bbox 994 4601 1331 4657; x_wconf 69' lang='lat' dir='ltr'><strong>abstinentia:</strong></span> <span class='ocrx_word' id='word_1_481' title='bbox 1377 4593 1680 4672; x_wconf 63' lang='lat' dir='ltr'><strong>dedicavit,</strong></span> <span class='ocrx_word' id='word_1_482' title='bbox 1714 4616 1768 4661; x_wconf 91' lang='lat' dir='ltr'><strong>ut</strong></span> <span class='ocrx_word' id='word_1_483' title='bbox 1817 4607 1975 4663; x_wconf 88' lang='lat' dir='ltr'><strong>indu-</strong></span> 
     </span>
    </p>
   </div>
   <div class='ocr_carea' id='block_1_65' title="bbox 469 4845 1970 4918">
    <p class='ocr_par' dir='ltr' id='par_1_65' title="bbox 469 4845 1970 4918">
     <span class='ocr_line' id='line_1_65' title="bbox 469 4845 1970 4918; baseline 0.005 -21"><span class='ocrx_word' id='word_1_484' title='bbox 469 4845 641 4918; x_wconf 74' lang='lat' dir='ltr'><strong>°Hoc</strong></span> <span class='ocrx_word' id='word_1_485' title='bbox 664 4845 974 4918; x_wconf 84' lang='lat' dir='ltr'><strong>miraculum</strong></span> <span class='ocrx_word' id='word_1_486' title='bbox 1025 4848 1189 4902; x_wconf 88' lang='lat' dir='ltr'><strong>refert</strong></span> <span class='ocrx_word' id='word_1_487' title='bbox 1219 4847 1490 4918; x_wconf 87' lang='lat' dir='ltr'><strong>Sulpicius</strong></span> <span class='ocrx_word' id='word_1_488' title='bbox 1541 4849 1727 4904; x_wconf 87' lang='lat' dir='ltr'><strong>Sever.</strong></span> <span class='ocrx_word' id='word_1_489' title='bbox 1771 4849 1823 4903; x_wconf 89' lang='lat' dir='ltr'><strong>in</strong></span> <span class='ocrx_word' id='word_1_490' title='bbox 1852 4848 1970 4904; x_wconf 87' lang='lat' dir='ltr'><strong>Vita</strong></span> 
     </span>
    </p>
   </div>
   <div class='ocr_carea' id='block_1_66' title="bbox 391 4915 1960 4988">
    <p class='ocr_par' dir='ltr' id='par_1_66' title="bbox 391 4915 1960 4988">
     <span class='ocr_line' id='line_1_66' title="bbox 391 4915 1960 4988; baseline 0.006 -22"><span class='ocrx_word' id='word_1_491' title='bbox 391 4915 445 4988; x_wconf 63' lang='grc' dir='ltr'><strong>ξ.</strong></span> <span class='ocrx_word' id='word_1_492' title='bbox 478 4916 704 4969; x_wconf 85' lang='lat' dir='ltr'><strong>Martini.</strong></span> <span class='ocrx_word' id='word_1_493' title='bbox 739 4918 1042 4970; x_wconf 86' lang='lat' dir='ltr'><strong>Oratorium</strong></span> <span class='ocrx_word' id='word_1_494' title='bbox 1071 4934 1217 4982; x_wconf 87' lang='lat' dir='ltr'><strong>vero,</strong></span> <span class='ocrx_word' id='word_1_495' title='bbox 1241 4915 1380 4988; x_wconf 73' lang='lat' dir='ltr'><strong>quod</strong></span> <span class='ocrx_word' id='word_1_496' title='bbox 1407 4919 1492 4972; x_wconf 92' lang='lat' dir='ltr'><strong>hic</strong></span> <span class='ocrx_word' id='word_1_497' title='bbox 1512 4931 1856 4986; x_wconf 85' lang='lat' dir='ltr'><strong>memoratur,</strong></span> <span class='ocrx_word' id='word_1_498' title='bbox 1909 4922 1960 4975; x_wconf 89' lang='lat' dir='ltr'><strong>iu</strong></span> 
     </span>
    </p>
   </div>
   <div class='ocr_carea' id='block_1_67' title="bbox 391 4985 1962 5059">
    <p class='ocr_par' dir='ltr' id='par_1_67' title="bbox 391 4985 1962 5059">
     <span class='ocr_line' id='line_1_67' title="bbox 391 4985 1962 5059; baseline 0.004 -22"><span class='ocrx_word' id='word_1_499' title='bbox 391 4985 500 5052; x_wconf 81' lang='lat' dir='ltr'><strong>ipsa</strong></span> <span class='ocrx_word' id='word_1_500' title='bbox 551 4988 809 5059; x_wconf 70' lang='lat' dir='ltr'><strong>Sequanae</strong></span> <span class='ocrx_word' id='word_1_501' title='bbox 836 4988 1029 5059; x_wconf 7' lang='lat' dir='ltr'><strong>pinsula</strong></span> <span class='ocrx_word' id='word_1_502' title='bbox 1059 4989 1123 5041; x_wconf 90' lang='lat' dir='ltr'><strong>ad</strong></span> <span class='ocrx_word' id='word_1_503' title='bbox 1172 4985 1640 5056; x_wconf 83' lang='lat' dir='ltr'><strong>septentrionalem</strong></span> <span class='ocrx_word' id='word_1_504' title='bbox 1673 4991 1820 5044; x_wconf 83' lang='lat' dir='ltr'><strong>urbis</strong></span> <span class='ocrx_word' id='word_1_505' title='bbox 1851 5006 1962 5059; x_wconf 88' lang='lat' dir='ltr'><strong>por-</strong></span> 
     </span>
    </p>
   </div>
   <div class='ocr_carea' id='block_1_68' title="bbox 395 5057 1964 5127">
    <p class='ocr_par' dir='ltr' id='par_1_68' title="bbox 395 5057 1964 5127">
     <span class='ocr_line' id='line_1_68' title="bbox 395 5057 1964 5127; baseline 0.005 -20"><span class='ocrx_word' id='word_1_506' title='bbox 395 5064 499 5109; x_wconf 88' lang='lat' dir='ltr'><strong>tam</strong></span> <span class='ocrx_word' id='word_1_507' title='bbox 545 5058 772 5123; x_wconf 87' lang='lat' dir='ltr'><strong>positum</strong></span> <span class='ocrx_word' id='word_1_508' title='bbox 828 5057 992 5111; x_wconf 66' lang='lat' dir='ltr'><strong>fuisse</strong></span> <span class='ocrx_word' id='word_1_509' title='bbox 1023 5060 1290 5112; x_wconf 86' lang='lat' dir='ltr'><strong>existimat</strong></span> <span class='ocrx_word' id='word_1_510' title='bbox 1323 5059 1562 5113; x_wconf 80' lang='lat' dir='ltr'><strong>Valesius</strong></span> <span class='ocrx_word' id='word_1_511' title='bbox 1608 5061 1658 5112; x_wconf 90' lang='lat' dir='ltr'><strong>in</strong></span> <span class='ocrx_word' id='word_1_512' title='bbox 1709 5057 1964 5127; x_wconf 41' lang='lat' dir='ltr'><strong>disce—pta-</strong></span> 
     </span>
    </p>
   </div>
   <div class='ocr_carea' id='block_1_69' title="bbox 391 5127 1961 5200">
    <p class='ocr_par' dir='ltr' id='par_1_69' title="bbox 391 5127 1961 5200">
     <span class='ocr_line' id='line_1_69' title="bbox 391 5127 1961 5200; baseline 0.005 -23"><span class='ocrx_word' id='word_1_513' title='bbox 391 5128 530 5180; x_wconf 90' lang='lat' dir='ltr'><strong>tione</strong></span> <span class='ocrx_word' id='word_1_514' title='bbox 554 5127 630 5200; x_wconf 84' lang='lat' dir='ltr'><strong>de</strong></span> <span class='ocrx_word' id='word_1_515' title='bbox 651 5127 882 5200; x_wconf 89' lang='lat' dir='ltr'><strong>basilicis</strong></span> <span class='ocrx_word' id='word_1_516' title='bbox 907 5142 1024 5200; x_wconf 87' lang='lat' dir='ltr'><strong>cap.</strong></span> <span class='ocrx_word' id='word_1_517' title='bbox 1058 5128 1114 5193; x_wconf 77' lang='lat'><strong>2,</strong></span> <span class='ocrx_word' id='word_1_518' title='bbox 1169 5129 1350 5200; x_wconf 80' lang='lat' dir='ltr'><strong>procul</strong></span> <span class='ocrx_word' id='word_1_519' title='bbox 1380 5129 1550 5200; x_wconf 31' lang='lat' dir='ltr'><strong>abAeo</strong></span> <span class='ocrx_word' id='word_1_520' title='bbox 1589 5129 1729 5195; x_wconf 92' lang='lat' dir='ltr'><strong>loco,</strong></span> <span class='ocrx_word' id='word_1_521' title='bbox 1773 5132 1825 5184; x_wconf 94' lang='lat' dir='ltr'><strong>in</strong></span> <span class='ocrx_word' id='word_1_522' title='bbox 1857 5148 1961 5200; x_wconf 91' lang='lat' dir='ltr'><strong>quo</strong></span> 
     </span>
    </p>
   </div>
   <div class='ocr_carea' id='block_1_70' title="bbox 389 5197 1961 5271">
    <p class='ocr_par' dir='ltr' id='par_1_70' title="bbox 389 5197 1961 5271">
     <span class='ocr_line' id='line_1_70' title="bbox 389 5197 1961 5271; baseline 0.005 -23"><span class='ocrx_word' id='word_1_523' title='bbox 389 5199 962 5252; x_wconf 85' lang='lat' dir='ltr'><strong>nuncvisiturecclesia</strong></span> <span class='ocrx_word' id='word_1_524' title='bbox 991 5201 1160 5271; x_wconf 84' lang='lat' dir='ltr'><strong>sancti</strong></span> <span class='ocrx_word' id='word_1_525' title='bbox 1178 5199 1426 5271; x_wconf 86' lang='lat' dir='ltr'><strong>Martinia</strong></span> <span class='ocrx_word' id='word_1_526' title='bbox 1451 5197 1666 5266; x_wconf 87' lang='lat' dir='ltr'><strong>Campis</strong></span> <span class='ocrx_word' id='word_1_527' title='bbox 1692 5202 1850 5271; x_wconf 81' lang='lat' dir='ltr'><strong>vulgo</strong></span> <span class='ocrx_word' id='word_1_528' title='bbox 1874 5197 1961 5255; x_wconf 81' lang='lat' dir='ltr'><strong>di-</strong></span> 
     </span>
    </p>
   </div>
   <div class='ocr_carea' id='block_1_71' title="bbox 387 5270 1960 5338">
    <p class='ocr_par' dir='ltr' id='par_1_71' title="bbox 387 5270 1960 5338">
     <span class='ocr_line' id='line_1_71' title="bbox 387 5270 1960 5338; baseline 0.004 -20"><span class='ocrx_word' id='word_1_529' title='bbox 387 5277 492 5338; x_wconf 85' lang='lat' dir='ltr'><strong>cta,</strong></span> <span class='ocrx_word' id='word_1_530' title='bbox 517 5283 678 5338; x_wconf 72' lang='lat' dir='ltr'><strong>quant</strong></span> <span class='ocrx_word' id='word_1_531' title='bbox 703 5284 730 5322; x_wconf 86' lang='lat' dir='ltr'><strong>a</strong></span> <span class='ocrx_word' id='word_1_532' title='bbox 761 5279 909 5334; x_wconf 83' lang='lat' dir='ltr'><strong>patre</strong></span> <span class='ocrx_word' id='word_1_533' title='bbox 936 5284 1034 5322; x_wconf 90' lang='lat' dir='ltr'><strong>suo</strong></span> <span class='ocrx_word' id='word_1_534' title='bbox 1065 5270 1291 5323; x_wconf 90' lang='lat' dir='ltr'><strong>llenrico</strong></span> <span class='ocrx_word' id='word_1_535' title='bbox 1315 5285 1437 5338; x_wconf 82' lang='lat' dir='ltr'><strong>rege</strong></span> <span class='ocrx_word' id='word_1_536' title='bbox 1460 5270 1815 5324; x_wconf 85' lang='lat' dir='ltr'><strong>constructam</strong></span> <span class='ocrx_word' id='word_1_537' title='bbox 1836 5272 1960 5324; x_wconf 80' lang='lat' dir='ltr'><strong>Phi-</strong></span> 
     </span>
    </p>
   </div>
   <div class='ocr_carea' id='block_1_72' title="bbox 387 5337 1955 5406">
    <p class='ocr_par' dir='ltr' id='par_1_72' title="bbox 387 5337 1955 5406">
     <span class='ocr_line' id='line_1_72' title="bbox 387 5337 1955 5406; baseline 0.003 -16"><span class='ocrx_word' id='word_1_538' title='bbox 387 5337 558 5406; x_wconf 80' lang='lat' dir='ltr'><strong>lippus</strong></span> <span class='ocrx_word' id='word_1_539' title='bbox 587 5338 602 5390; x_wconf 95' lang='lat' dir='ltr'><strong>l</strong></span> <span class='ocrx_word' id='word_1_540' title='bbox 647 5337 968 5392; x_wconf 85' lang='lat' dir='ltr'><strong>Francorum</strong></span> <span class='ocrx_word' id='word_1_541' title='bbox 1000 5354 1089 5394; x_wconf 82' lang='lat' dir='ltr'><strong>rex</strong></span> <span class='ocrx_word' id='word_1_542' title='bbox 1121 5339 1558 5394; x_wconf 85' lang='lat' dir='ltr'><strong>Cluniacensibus</strong></span> <span class='ocrx_word' id='word_1_543' title='bbox 1598 5341 1955 5396; x_wconf 86' lang='lat' dir='ltr'><strong>Benedictinis</strong></span> 
     </span>
    </p>
   </div>
   <div class='ocr_carea' id='block_1_73' title="bbox 385 5409 1955 5466">
    <p class='ocr_par' dir='ltr' id='par_1_73' title="bbox 385 5409 1955 5466">
     <span class='ocr_line' id='line_1_73' title="bbox 385 5409 1955 5466; baseline 0.004 -6"><span class='ocrx_word' id='word_1_544' title='bbox 385 5409 659 5463; x_wconf 88' lang='lat' dir='ltr'><strong>monachis</strong></span> <span class='ocrx_word' id='word_1_545' title='bbox 715 5411 914 5462; x_wconf 60' lang='lat' dir='ltr'><strong>saeculo</strong></span> <span class='ocrx_word' id='word_1_546' title='bbox 957 5426 1006 5463; x_wconf 80' lang='lat' dir='ltr'><strong>XI</strong></span> <span class='ocrx_word' id='word_1_547' title='bbox 1056 5409 1266 5463; x_wconf 84' lang='lat' dir='ltr'><strong>labente</strong></span> <span class='ocrx_word' id='word_1_548' title='bbox 1323 5411 1589 5465; x_wconf 88' lang='lat' dir='ltr'><strong>attribuit.</strong></span> <span class='ocrx_word' id='word_1_549' title='bbox 1641 5410 1955 5466; x_wconf 85' lang='lat' dir='ltr'><strong>Persuasum</strong></span> 
     </span>
    </p>
   </div>
   <div class='ocr_carea' id='block_1_74' title="bbox 384 5479 1951 5548">
    <p class='ocr_par' dir='ltr' id='par_1_74' title="bbox 384 5479 1951 5548">
     <span class='ocr_line' id='line_1_74' title="bbox 384 5479 1951 5548; baseline 0.003 -18"><span class='ocrx_word' id='word_1_550' title='bbox 384 5486 558 5533; x_wconf 79' lang='lat' dir='ltr'><strong>tamen</strong></span> <span class='ocrx_word' id='word_1_551' title='bbox 584 5479 809 5533; x_wconf 85' lang='lat' dir='ltr'><strong>habebat</strong></span> <span class='ocrx_word' id='word_1_552' title='bbox 835 5479 1113 5548; x_wconf 88' lang='lat' dir='ltr'><strong>llenricus,</strong></span> <span class='ocrx_word' id='word_1_553' title='bbox 1146 5482 1284 5535; x_wconf 87' lang='lat' dir='ltr'><strong>seibi</strong></span> <span class='ocrx_word' id='word_1_554' title='bbox 1311 5483 1589 5535; x_wconf 77' lang='lat' dir='ltr'><strong>ecclesiam</strong></span> <span class='ocrx_word' id='word_1_555' title='bbox 1618 5493 1951 5548; x_wconf 83' lang='lat' dir='ltr'><strong>conStruere,</strong></span> 
     </span>
    </p>
   </div>
   <div class='ocr_carea' id='block_1_75' title="bbox 383 5549 1958 5623">
    <p class='ocr_par' dir='ltr' id='par_1_75' title="bbox 383 5549 1958 5623">
     <span class='ocr_line' id='line_1_75' title="bbox 383 5549 1958 5623; baseline 0.004 -25"><span class='ocrx_word' id='word_1_556' title='bbox 383 5551 466 5602; x_wconf 90' lang='lat' dir='ltr'><strong>ubi</strong></span> <span class='ocrx_word' id='word_1_557' title='bbox 504 5560 658 5623; x_wconf 73' lang='lat' dir='ltr'><strong>vetus</strong></span> <span class='ocrx_word' id='word_1_558' title='bbox 678 5549 816 5623; x_wconf 88' lang='lat' dir='ltr'><strong>illud</strong></span> <span class='ocrx_word' id='word_1_559' title='bbox 850 5552 1138 5623; x_wconf 80' lang='lat' dir='ltr'><strong>oratorium</strong></span> <span class='ocrx_word' id='word_1_560' title='bbox 1159 5562 1382 5607; x_wconf 77' lang='lat' dir='ltr'><strong>Steterat</strong></span> <span class='ocrx_word' id='word_1_561' title='bbox 1409 5569 1420 5603; x_wconf 88' lang='lat'><strong>:</strong></span> <span class='ocrx_word' id='word_1_562' title='bbox 1445 5553 1537 5607; x_wconf 90' lang='lat' dir='ltr'><strong>sed</strong></span> <span class='ocrx_word' id='word_1_563' title='bbox 1565 5552 1865 5623; x_wconf 83' lang='lat' dir='ltr'><strong>fallebatur,</strong></span> <span class='ocrx_word' id='word_1_564' title='bbox 1890 5554 1958 5606; x_wconf 92' lang='lat' dir='ltr'><strong>in-</strong></span> 
     </span>
    </p>
   </div>
   <div class='ocr_carea' id='block_1_76' title="bbox 381 5619 1958 5686">
    <p class='ocr_par' dir='ltr' id='par_1_76' title="bbox 381 5619 1958 5686">
     <span class='ocr_line' id='line_1_76' title="bbox 381 5619 1958 5686; baseline 0.004 -16"><span class='ocrx_word' id='word_1_565' title='bbox 381 5619 774 5686; x_wconf 71' lang='lat' dir='ltr'><strong>quit-Valesius,</strong></span> <span class='ocrx_word' id='word_1_566' title='bbox 793 5635 889 5675; x_wconf 91' lang='lat' dir='ltr'><strong>nec</strong></span> <span class='ocrx_word' id='word_1_567' title='bbox 915 5621 1104 5675; x_wconf 93' lang='lat' dir='ltr'><strong>mirum</strong></span> <span class='ocrx_word' id='word_1_568' title='bbox 1135 5636 1252 5678; x_wconf 78' lang='lat' dir='ltr'><strong>esse</strong></span> <span class='ocrx_word' id='word_1_569' title='bbox 1279 5623 1426 5684; x_wconf 82' lang='lat' dir='ltr'><strong>dicit,</strong></span> <span class='ocrx_word' id='word_1_570' title='bbox 1452 5637 1574 5675; x_wconf 86' lang='lat' dir='ltr'><strong>cum</strong></span> <span class='ocrx_word' id='word_1_571' title='bbox 1598 5619 1804 5676; x_wconf 87' lang='lat' dir='ltr'><strong>nullum</strong></span> <span class='ocrx_word' id='word_1_572' title='bbox 1828 5631 1958 5677; x_wconf 89' lang='lat' dir='ltr'><strong>tunc</strong></span> 
     </span>
    </p>
   </div>
   <div class='ocr_carea' id='block_1_77' title="bbox 380 5691 1952 5763">
    <p class='ocr_par' dir='ltr' id='par_1_77' title="bbox 380 5691 1952 5763">
     <span class='ocr_line' id='line_1_77' title="bbox 380 5691 1952 5763; baseline 0.003 -19"><span class='ocrx_word' id='word_1_573' title='bbox 380 5699 686 5758; x_wconf 73' lang='lat' dir='ltr'><strong>superesset</strong></span> <span class='ocrx_word' id='word_1_574' title='bbox 719 5692 912 5761; x_wconf 88' lang='lat' dir='ltr'><strong>prioris</strong></span> <span class='ocrx_word' id='word_1_575' title='bbox 944 5691 1088 5747; x_wconf 88' lang='lat' dir='ltr'><strong>illius</strong></span> <span class='ocrx_word' id='word_1_576' title='bbox 1117 5691 1328 5750; x_wconf 71' lang='lat' dir='ltr'><strong>aedilicii</strong></span> <span class='ocrx_word' id='word_1_577' title='bbox 1379 5694 1682 5763; x_wconf 83' lang='lat' dir='ltr'><strong>vestigium.</strong></span> <span class='ocrx_word' id='word_1_578' title='bbox 1735 5692 1952 5749; x_wconf 88' lang='lat' dir='ltr'><strong>Certum</strong></span> 
     </span>
    </p>
   </div>
   <div class='ocr_carea' id='block_1_78' title="bbox 2006 3094 2056 3160">
    <p class='ocr_par' dir='ltr' id='par_1_78' title="bbox 2006 3094 2056 3160">
     <span class='ocr_line' id='line_1_78' title="bbox 2006 3094 2056 3160; baseline 0 0"><span class='ocrx_word' id='word_1_579' title='bbox 2006 3094 2056 3160; x_wconf 89' lang='lat' dir='ltr'><strong>C</strong></span> 
     </span>
    </p>
   </div>
   <div class='ocr_carea' id='block_1_79' title="bbox 2004 4475 2057 4537">
    <p class='ocr_par' dir='ltr' id='par_1_79' title="bbox 2004 4475 2057 4537">
     <span class='ocr_line' id='line_1_79' title="bbox 2004 4475 2057 4537; baseline 0 0"><span class='ocrx_word' id='word_1_580' title='bbox 2004 4475 2057 4537; x_wconf 92' lang='lat' dir='ltr'><strong>D</strong></span> 
     </span>
    </p>
   </div>
   <div class='ocr_carea' id='block_1_80' title="bbox 2092 1850 3671 1922">
    <p class='ocr_par' dir='ltr' id='par_1_80' title="bbox 2092 1850 3671 1922">
     <span class='ocr_line' id='line_1_80' title="bbox 2092 1850 3671 1922; baseline -0.005 -13"><span class='ocrx_word' id='word_1_581' title='bbox 2092 1868 2246 1922; x_wconf 91' lang='lat' dir='ltr'><strong>puer,</strong></span> <span class='ocrx_word' id='word_1_582' title='bbox 2277 1862 2338 1908; x_wconf 90' lang='lat' dir='ltr'><strong>ut</strong></span> <span class='ocrx_word' id='word_1_583' title='bbox 2361 1853 2561 1918; x_wconf 90' lang='lat' dir='ltr'><strong>ferunt,</strong></span> <span class='ocrx_word' id='word_1_584' title='bbox 2591 1866 2851 1906; x_wconf 77' lang='lat' dir='ltr'><strong>annorum</strong></span> <span class='ocrx_word' id='word_1_585' title='bbox 2899 1851 3213 1917; x_wconf 90' lang='lat' dir='ltr'><strong>duodecim,</strong></span> <span class='ocrx_word' id='word_1_586' title='bbox 3251 1865 3372 1905; x_wconf 92' lang='lat' dir='ltr'><strong>cum</strong></span> <span class='ocrx_word' id='word_1_587' title='bbox 3417 1859 3562 1905; x_wconf 87' lang='lat' dir='ltr'><strong>esset</strong></span> <span class='ocrx_word' id='word_1_588' title='bbox 3594 1850 3671 1902; x_wconf 87' lang='lat' dir='ltr'><strong>fa-</strong></span> 
     </span>
    </p>
   </div>
   <div class='ocr_carea' id='block_1_81' title="bbox 2088 1929 3670 2014">
    <p class='ocr_par' dir='ltr' id='par_1_81' title="bbox 2088 1929 3670 2014">
     <span class='ocr_line' id='line_1_81' title="bbox 2088 1929 3670 2014; baseline -0.004 -13"><span class='ocrx_word' id='word_1_589' title='bbox 2088 1948 2264 2002; x_wconf 87' lang='lat' dir='ltr'><strong>mulus</strong></span> <span class='ocrx_word' id='word_1_590' title='bbox 2291 1945 2564 2014; x_wconf 89' lang='lat' dir='ltr'><strong>cujusdam</strong></span> <span class='ocrx_word' id='word_1_591' title='bbox 2595 1929 2980 2014; x_wconf 81' lang='lat' dir='ltr'><strong>negotiatoris,</strong></span> <span class='ocrx_word' id='word_1_592' title='bbox 3013 1945 3162 2013; x_wconf 91' lang='lat' dir='ltr'><strong>petiit</strong></span> <span class='ocrx_word' id='word_1_593' title='bbox 3194 1944 3290 1998; x_wconf 90' lang='lat' dir='ltr'><strong>sibi</strong></span> <span class='ocrx_word' id='word_1_594' title='bbox 3319 1943 3383 1997; x_wconf 92' lang='lat' dir='ltr'><strong>ad</strong></span> <span class='ocrx_word' id='word_1_595' title='bbox 3413 1943 3670 1998; x_wconf 86' lang='lat' dir='ltr'><strong>reclu-io-</strong></span> 
     </span>
    </p>
   </div>
   <div class='ocr_carea' id='block_1_82' title="bbox 2090 2035 3670 2100">
    <p class='ocr_par' dir='ltr' id='par_1_82' title="bbox 2090 2035 3670 2100">
     <span class='ocr_line' id='line_1_82' title="bbox 2090 2035 3670 2100; baseline -0.004 -6"><span class='ocrx_word' id='word_1_596' title='bbox 2090 2054 2212 2094; x_wconf 90' lang='lat' dir='ltr'><strong>nem</strong></span> <span class='ocrx_word' id='word_1_597' title='bbox 2261 2037 2530 2093; x_wconf 88' lang='lat' dir='ltr'><strong>licentiam</strong></span> <span class='ocrx_word' id='word_1_598' title='bbox 2583 2036 2764 2092; x_wconf 90' lang='lat' dir='ltr'><strong>tribui.</strong></span> <span class='ocrx_word' id='word_1_599' title='bbox 2797 2037 2902 2091; x_wconf 90' lang='lat' dir='ltr'><strong>Sed</strong></span> <span class='ocrx_word' id='word_1_600' title='bbox 2949 2037 3232 2091; x_wconf 74' lang='lat' dir='ltr'><strong>resiSIente</strong></span> <span class='ocrx_word' id='word_1_601' title='bbox 3283 2036 3373 2090; x_wconf 88' lang='lat' dir='ltr'><strong>diu</strong></span> <span class='ocrx_word' id='word_1_602' title='bbox 3405 2035 3670 2100; x_wconf 90' lang='lat' dir='ltr'><strong>domino,</strong></span> 
     </span>
    </p>
   </div>
   <div class='ocr_carea' id='block_1_83' title="bbox 2089 2127 3711 2199">
    <p class='ocr_par' dir='ltr' id='par_1_83' title="bbox 2089 2127 3711 2199">
     <span class='ocr_line' id='line_1_83' title="bbox 2089 2127 3711 2199; baseline -0.003 -16"><span class='ocrx_word' id='word_1_603' title='bbox 2089 2139 2282 2199; x_wconf 90' lang='lat' dir='ltr'><strong>putans</strong></span> <span class='ocrx_word' id='word_1_604' title='bbox 2317 2145 2439 2185; x_wconf 91' lang='lat' dir='ltr'><strong>eum</strong></span> <span class='ocrx_word' id='word_1_605' title='bbox 2491 2131 2542 2184; x_wconf 93' lang='lat' dir='ltr'><strong>in</strong></span> <span class='ocrx_word' id='word_1_606' title='bbox 2593 2129 2693 2184; x_wconf 92' lang='lat' dir='ltr'><strong>hoc</strong></span> <span class='ocrx_word' id='word_1_607' title='bbox 2741 2136 3049 2197; x_wconf 87' lang='lat' dir='ltr'><strong>tepescere,</strong></span> <span class='ocrx_word' id='word_1_608' title='bbox 3089 2136 3246 2196; x_wconf 91' lang='lat' dir='ltr'><strong>atque</strong></span> <span class='ocrx_word' id='word_1_609' title='bbox 3295 2127 3517 2195; x_wconf 88' lang='lat' dir='ltr'><strong>implere</strong></span> <span class='ocrx_word' id='word_1_610' title='bbox 3562 2139 3666 2179; x_wconf 93' lang='lat' dir='ltr'><strong>non</strong></span> <span class='ocrx_word' id='word_1_611' title='bbox 3705 2193 3711 2199; x_wconf 27' lang='grc' dir='ltr'>ι</span> 
     </span>
    </p>
   </div>
   <div class='ocr_carea' id='block_1_84' title="bbox 2091 2219 3665 2291">
    <p class='ocr_par' dir='ltr' id='par_1_84' title="bbox 2091 2219 3665 2291">
     <span class='ocr_line' id='line_1_84' title="bbox 2091 2219 3665 2291; baseline -0.004 -15"><span class='ocrx_word' id='word_1_612' title='bbox 2091 2223 2320 2291; x_wconf 85' lang='lat' dir='ltr'><strong>possein</strong></span> <span class='ocrx_word' id='word_1_613' title='bbox 2354 2221 2452 2276; x_wconf 89' lang='lat' dir='ltr'><strong>hac</strong></span> <span class='ocrx_word' id='word_1_614' title='bbox 2481 2231 2656 2287; x_wconf 67' lang='lat' dir='ltr'><strong>aetate,</strong></span> <span class='ocrx_word' id='word_1_615' title='bbox 2682 2220 2826 2291; x_wconf 87' lang='lat' dir='ltr'><strong>quod</strong></span> <span class='ocrx_word' id='word_1_616' title='bbox 2849 2219 3117 2274; x_wconf 89' lang='lat' dir='ltr'><strong>nitebatur</strong></span> <span class='ocrx_word' id='word_1_617' title='bbox 3142 2230 3397 2287; x_wconf 85' lang='lat' dir='ltr'><strong>appetere</strong></span> <span class='ocrx_word' id='word_1_618' title='bbox 3416 2257 3430 2281; x_wconf 93' lang='lat'><strong>,</strong></span> <span class='ocrx_word' id='word_1_619' title='bbox 3451 2219 3665 2272; x_wconf 91' lang='lat' dir='ltr'><strong>tandem</strong></span> 
     </span>
    </p>
   </div>
   <div class='ocr_carea' id='block_1_85' title="bbox 2091 2311 3664 2384">
    <p class='ocr_par' dir='ltr' id='par_1_85' title="bbox 2091 2311 3664 2384">
     <span class='ocr_line' id='line_1_85' title="bbox 2091 2311 3664 2384; baseline -0.002 -17"><span class='ocrx_word' id='word_1_620' title='bbox 2091 2316 2261 2369; x_wconf 89' lang='lat' dir='ltr'><strong>victus</strong></span> <span class='ocrx_word' id='word_1_621' title='bbox 2292 2315 2536 2384; x_wconf 86' lang='lat' dir='ltr'><strong>precibus</strong></span> <span class='ocrx_word' id='word_1_622' title='bbox 2566 2314 2748 2369; x_wconf 89' lang='lat' dir='ltr'><strong>famuli</strong></span> <span class='ocrx_word' id='word_1_623' title='bbox 2781 2314 3084 2367; x_wconf 89' lang='lat' dir='ltr'><strong>facultatem</strong></span> <span class='ocrx_word' id='word_1_624' title='bbox 3115 2313 3329 2376; x_wconf 90' lang='lat' dir='ltr'><strong>tribuit,</strong></span> <span class='ocrx_word' id='word_1_625' title='bbox 3356 2321 3412 2366; x_wconf 91' lang='lat' dir='ltr'><strong>ut</strong></span> <span class='ocrx_word' id='word_1_626' title='bbox 3442 2311 3493 2364; x_wconf 91' lang='lat' dir='ltr'><strong>id</strong></span> <span class='ocrx_word' id='word_1_627' title='bbox 3522 2311 3664 2380; x_wconf 89' lang='lat' dir='ltr'><strong>quod</strong></span> 
     </span>
    </p>
   </div>
   <div class='ocr_carea' id='block_1_86' title="bbox 2089 2402 3667 2476">
    <p class='ocr_par' dir='ltr' id='par_1_86' title="bbox 2089 2402 3667 2476">
     <span class='ocr_line' id='line_1_86' title="bbox 2089 2402 3667 2476; baseline -0.003 -16"><span class='ocrx_word' id='word_1_628' title='bbox 2089 2405 2363 2476; x_wconf 87' lang='lat' dir='ltr'><strong>ﬂagitabat</strong></span> <span class='ocrx_word' id='word_1_629' title='bbox 2391 2406 2657 2474; x_wconf 87' lang='lat' dir='ltr'><strong>impleret.</strong></span> <span class='ocrx_word' id='word_1_630' title='bbox 2685 2406 2812 2460; x_wconf 83' lang='lat' dir='ltr'><strong>Erat</strong></span> <span class='ocrx_word' id='word_1_631' title='bbox 2837 2414 3014 2459; x_wconf 88' lang='lat' dir='ltr'><strong>autem</strong></span> <span class='ocrx_word' id='word_1_632' title='bbox 3039 2405 3110 2458; x_wconf 89' lang='lat' dir='ltr'><strong>ibi</strong></span> <span class='ocrx_word' id='word_1_633' title='bbox 3132 2414 3316 2473; x_wconf 84' lang='lat' dir='ltr'><strong>crypta</strong></span> <span class='ocrx_word' id='word_1_634' title='bbox 3338 2405 3407 2456; x_wconf 89' lang='lat' dir='ltr'><strong>ab</strong></span> <span class='ocrx_word' id='word_1_635' title='bbox 3433 2402 3667 2471; x_wconf 81' lang='lat' dir='ltr'><strong>antiquis</strong></span> 
     </span>
    </p>
   </div>
   <div class='ocr_carea' id='block_1_87' title="bbox 2090 2496 3666 2568">
    <p class='ocr_par' dir='ltr' id='par_1_87' title="bbox 2090 2496 3666 2568">
     <span class='ocr_line' id='line_1_87' title="bbox 2090 2496 3666 2568; baseline -0.003 -16"><span class='ocrx_word' id='word_1_636' title='bbox 2090 2499 2419 2553; x_wconf 86' lang='lat' dir='ltr'><strong>transvoluto</strong></span> <span class='ocrx_word' id='word_1_637' title='bbox 2434 2497 2653 2568; x_wconf 84' lang='lat' dir='ltr'><strong>(Gallice</strong></span> <span class='ocrx_word' id='word_1_638' title='bbox 2673 2496 2854 2568; x_wconf 79' lang='lat' dir='ltr'><strong>vouté)</strong></span> <span class='ocrx_word' id='word_1_639' title='bbox 2870 2496 3198 2567; x_wconf 81' lang='lat' dir='ltr'><strong>elegantique</strong></span> <span class='ocrx_word' id='word_1_640' title='bbox 3221 2511 3383 2564; x_wconf 87' lang='lat' dir='ltr'><strong>opere</strong></span> <span class='ocrx_word' id='word_1_641' title='bbox 3403 2496 3666 2564; x_wconf 87' lang='lat' dir='ltr'><strong>exposita,</strong></span> 
     </span>
    </p>
   </div>
   <div class='ocr_carea' id='block_1_88' title="bbox 2089 2588 3668 2658">
    <p class='ocr_par' dir='ltr' id='par_1_88' title="bbox 2089 2588 3668 2658">
     <span class='ocr_line' id='line_1_88' title="bbox 2089 2588 3668 2658; baseline 0 -16"><span class='ocrx_word' id='word_1_642' title='bbox 2089 2589 2141 2642; x_wconf 93' lang='lat' dir='ltr'><strong>in</strong></span> <span class='ocrx_word' id='word_1_643' title='bbox 2156 2589 2309 2658; x_wconf 89' lang='lat' dir='ltr'><strong>cujus</strong></span> <span class='ocrx_word' id='word_1_644' title='bbox 2320 2591 2512 2658; x_wconf 90' lang='lat' dir='ltr'><strong>angulo</strong></span> <span class='ocrx_word' id='word_1_645' title='bbox 2527 2600 2641 2644; x_wconf 90' lang='lat' dir='ltr'><strong>erat</strong></span> <span class='ocrx_word' id='word_1_646' title='bbox 2654 2590 2841 2644; x_wconf 89' lang='lat' dir='ltr'><strong>cellula</strong></span> <span class='ocrx_word' id='word_1_647' title='bbox 2866 2604 3024 2658; x_wconf 83' lang='lat' dir='ltr'><strong>parva</strong></span> <span class='ocrx_word' id='word_1_648' title='bbox 3038 2588 3105 2644; x_wconf 87' lang='lat' dir='ltr'><strong>de</strong></span> <span class='ocrx_word' id='word_1_649' title='bbox 3117 2588 3387 2658; x_wconf 86' lang='lat' dir='ltr'><strong>quadratis</strong></span> <span class='ocrx_word' id='word_1_650' title='bbox 3404 2588 3668 2656; x_wconf 87' lang='lat' dir='ltr'><strong>lapidibus</strong></span> 
     </span>
    </p>
   </div>
   <div class='ocr_carea' id='block_1_89' title="bbox 2088 2681 3667 2751">
    <p class='ocr_par' dir='ltr' id='par_1_89' title="bbox 2088 2681 3667 2751">
     <span class='ocr_line' id='line_1_89' title="bbox 2088 2681 3667 2751; baseline -0.001 -15"><span class='ocrx_word' id='word_1_651' title='bbox 2088 2684 2289 2748; x_wconf 87' lang='lat' dir='ltr'><strong>clausa,</strong></span> <span class='ocrx_word' id='word_1_652' title='bbox 2323 2682 2375 2734; x_wconf 92' lang='lat' dir='ltr'><strong>in</strong></span> <span class='ocrx_word' id='word_1_653' title='bbox 2406 2698 2563 2751; x_wconf 92' lang='lat' dir='ltr'><strong>quam</strong></span> <span class='ocrx_word' id='word_1_654' title='bbox 2592 2683 2676 2736; x_wconf 89' lang='lat' dir='ltr'><strong>vix</strong></span> <span class='ocrx_word' id='word_1_655' title='bbox 2713 2698 2851 2737; x_wconf 88' lang='lat' dir='ltr'><strong>unus</strong></span> <span class='ocrx_word' id='word_1_656' title='bbox 2890 2693 3038 2737; x_wconf 86' lang='lat' dir='ltr'><strong>stans</strong></span> <span class='ocrx_word' id='word_1_657' title='bbox 3079 2681 3240 2736; x_wconf 89' lang='lat' dir='ltr'><strong>homo</strong></span> <span class='ocrx_word' id='word_1_658' title='bbox 3271 2682 3431 2751; x_wconf 87' lang='lat' dir='ltr'><strong>recipi</strong></span> <span class='ocrx_word' id='word_1_659' title='bbox 3467 2690 3667 2750; x_wconf 88' lang='lat' dir='ltr'><strong>posset.</strong></span> 
     </span>
    </p>
   </div>
   <div class='ocr_carea' id='block_1_90' title="bbox 2088 2772 3669 2844">
    <p class='ocr_par' dir='ltr' id='par_1_90' title="bbox 2088 2772 3669 2844">
     <span class='ocr_line' id='line_1_90' title="bbox 2088 2772 3669 2844; baseline 0.002 -18"><span class='ocrx_word' id='word_1_660' title='bbox 2088 2772 2147 2826; x_wconf 88' lang='lat' dir='ltr'><strong>lu</strong></span> <span class='ocrx_word' id='word_1_661' title='bbox 2167 2773 2301 2826; x_wconf 92' lang='lat' dir='ltr'><strong>hanc</strong></span> <span class='ocrx_word' id='word_1_662' title='bbox 2323 2773 2567 2828; x_wconf 86' lang='lat' dir='ltr'><strong>cellulam</strong></span> <span class='ocrx_word' id='word_1_663' title='bbox 2591 2789 2726 2844; x_wconf 90' lang='lat' dir='ltr'><strong>puer</strong></span> <span class='ocrx_word' id='word_1_664' title='bbox 2749 2774 3063 2843; x_wconf 81' lang='lat' dir='ltr'><strong>ingreditur;</strong></span> <span class='ocrx_word' id='word_1_665' title='bbox 3091 2775 3140 2828; x_wconf 93' lang='lat' dir='ltr'><strong>in</strong></span> <span class='ocrx_word' id='word_1_666' title='bbox 3171 2775 3268 2829; x_wconf 90' lang='lat' dir='ltr'><strong>hac</strong></span> <span class='ocrx_word' id='word_1_667' title='bbox 3296 2790 3390 2842; x_wconf 90' lang='lat' dir='ltr'><strong>per</strong></span> <span class='ocrx_word' id='word_1_668' title='bbox 3427 2785 3549 2829; x_wconf 91' lang='lat' dir='ltr'><strong>octo</strong></span> <span class='ocrx_word' id='word_1_669' title='bbox 3575 2783 3669 2829; x_wconf 85' lang='lat' dir='ltr'><strong>aut</strong></span> 
     </span>
    </p>
   </div>
   <div class='ocr_carea' id='block_1_91' title="bbox 2089 2865 3669 2935">
    <p class='ocr_par' dir='ltr' id='par_1_91' title="bbox 2089 2865 3669 2935">
     <span class='ocr_line' id='line_1_91' title="bbox 2089 2865 3669 2935; baseline 0.003 -18"><span class='ocrx_word' id='word_1_670' title='bbox 2089 2878 2154 2917; x_wconf 92' lang='lat' dir='ltr'><strong>eo</strong></span> <span class='ocrx_word' id='word_1_671' title='bbox 2205 2865 2434 2933; x_wconf 87' lang='lat' dir='ltr'><strong>amplius</strong></span> <span class='ocrx_word' id='word_1_672' title='bbox 2484 2880 2656 2920; x_wconf 89' lang='lat' dir='ltr'><strong>annos</strong></span> <span class='ocrx_word' id='word_1_673' title='bbox 2701 2876 3084 2929; x_wconf 89' lang='lat' dir='ltr'><strong>commoratus,</strong></span> <span class='ocrx_word' id='word_1_674' title='bbox 3115 2869 3258 2920; x_wconf 91' lang='lat' dir='ltr'><strong>tenui</strong></span> <span class='ocrx_word' id='word_1_675' title='bbox 3286 2866 3406 2920; x_wconf 92' lang='lat' dir='ltr'><strong>cibo</strong></span> <span class='ocrx_word' id='word_1_676' title='bbox 3434 2877 3669 2935; x_wconf 81' lang='lat' dir='ltr'><strong>poluque</strong></span> 
     </span>
    </p>
   </div>
   <div class='ocr_carea' id='block_1_92' title="bbox 2087 2956 3668 3025">
    <p class='ocr_par' dir='ltr' id='par_1_92' title="bbox 2087 2956 3668 3025">
     <span class='ocr_line' id='line_1_92' title="bbox 2087 2956 3668 3025; baseline 0.001 -15"><span class='ocrx_word' id='word_1_677' title='bbox 2087 2965 2393 3023; x_wconf 88' lang='lat' dir='ltr'><strong>contentus,</strong></span> <span class='ocrx_word' id='word_1_678' title='bbox 2433 2957 2627 3024; x_wconf 83' lang='lat' dir='ltr'><strong>vigiliis</strong></span> <span class='ocrx_word' id='word_1_679' title='bbox 2653 2957 3090 3025; x_wconf 77' lang='lat' dir='ltr'><strong>orationibusque</strong></span> <span class='ocrx_word' id='word_1_680' title='bbox 3146 2958 3388 3011; x_wconf 89' lang='lat' dir='ltr'><strong>vacabat.</strong></span> <span class='ocrx_word' id='word_1_681' title='bbox 3423 2956 3668 3012; x_wconf 79' lang='lat' dir='ltr'><strong>l&#39;ostluec</strong></span> 
     </span>
    </p>
   </div>
   <div class='ocr_carea' id='block_1_93' title="bbox 2090 3047 3667 3117">
    <p class='ocr_par' dir='ltr' id='par_1_93' title="bbox 2090 3047 3667 3117">
     <span class='ocr_line' id='line_1_93' title="bbox 2090 3047 3667 3117; baseline 0.003 -17"><span class='ocrx_word' id='word_1_682' title='bbox 2090 3061 2340 3114; x_wconf 91' lang='lat' dir='ltr'><strong>pavorem</strong></span> <span class='ocrx_word' id='word_1_683' title='bbox 2368 3047 2600 3100; x_wconf 92' lang='lat' dir='ltr'><strong>validum</strong></span> <span class='ocrx_word' id='word_1_684' title='bbox 2624 3061 2932 3116; x_wconf 89' lang='lat' dir='ltr'><strong>perpessus,</strong></span> <span class='ocrx_word' id='word_1_685' title='bbox 2954 3048 3186 3103; x_wconf 89' lang='lat' dir='ltr'><strong>clamare</strong></span> <span class='ocrx_word' id='word_1_686' title='bbox 3211 3049 3394 3117; x_wconf 64' lang='lat' dir='ltr'><strong>coepit,</strong></span> <span class='ocrx_word' id='word_1_687' title='bbox 3413 3049 3667 3104; x_wconf 81' lang='lat' dir='ltr'><strong>intrinse-</strong></span> 
     </span>
    </p>
   </div>
   <div class='ocr_carea' id='block_1_94' title="bbox 2084 3135 3669 3209">
    <p class='ocr_par' dir='ltr' id='par_1_94' title="bbox 2084 3135 3669 3209">
     <span class='ocr_line' id='line_1_94' title="bbox 2084 3135 3669 3209; baseline -0.001 -15"><span class='ocrx_word' id='word_1_688' title='bbox 2084 3153 2180 3194; x_wconf 91' lang='lat' dir='ltr'><strong>cus</strong></span> <span class='ocrx_word' id='word_1_689' title='bbox 2195 3150 2255 3192; x_wconf 88' lang='lat' dir='ltr'><strong>se</strong></span> <span class='ocrx_word' id='word_1_690' title='bbox 2277 3137 2535 3204; x_wconf 89' lang='lat' dir='ltr'><strong>torqueri.</strong></span> <span class='ocrx_word' id='word_1_691' title='bbox 2559 3135 2709 3191; x_wconf 91' lang='lat' dir='ltr'><strong>Unde</strong></span> <span class='ocrx_word' id='word_1_692' title='bbox 2731 3136 2928 3192; x_wconf 86' lang='lat' dir='ltr'><strong>factum</strong></span> <span class='ocrx_word' id='word_1_693' title='bbox 2945 3149 3044 3202; x_wconf 76' lang='grc' dir='ltr'><strong>εει,</strong></span> <span class='ocrx_word' id='word_1_694' title='bbox 3067 3150 3122 3193; x_wconf 94' lang='lat' dir='ltr'><strong>ut</strong></span> <span class='ocrx_word' id='word_1_695' title='bbox 3139 3139 3425 3209; x_wconf 86' lang='lat' dir='ltr'><strong>adjuvante</strong></span> <span class='ocrx_word' id='word_1_696' title='bbox 3439 3156 3586 3206; x_wconf 90' lang='lat' dir='ltr'><strong>eum,</strong></span> <span class='ocrx_word' id='word_1_697' title='bbox 3610 3146 3669 3194; x_wconf 87' lang='lat' dir='ltr'><strong>ut</strong></span> 
     </span>
    </p>
   </div>
   <div class='ocr_carea' id='block_1_95' title="bbox 2081 3227 3665 3302">
    <p class='ocr_par' dir='ltr' id='par_1_95' title="bbox 2081 3227 3665 3302">
     <span class='ocr_line' id='line_1_95' title="bbox 2081 3227 3665 3302; baseline -0.001 -15"><span class='ocrx_word' id='word_1_698' title='bbox 2081 3232 2264 3295; x_wconf 90' lang='lat' dir='ltr'><strong>credo,</strong></span> <span class='ocrx_word' id='word_1_699' title='bbox 2296 3229 2572 3283; x_wconf 83' lang='lat' dir='ltr'><strong>diabolicae</strong></span> <span class='ocrx_word' id='word_1_700' title='bbox 2601 3228 2763 3297; x_wconf 87' lang='lat' dir='ltr'><strong>partis</strong></span> <span class='ocrx_word' id='word_1_701' title='bbox 2795 3227 2979 3282; x_wconf 89' lang='lat' dir='ltr'><strong>militia</strong></span> <span class='ocrx_word' id='word_1_702' title='bbox 3000 3270 3014 3293; x_wconf 92' lang='lat'><strong>,</strong></span> <span class='ocrx_word' id='word_1_703' title='bbox 3047 3232 3241 3285; x_wconf 90' lang='lat' dir='ltr'><strong>amotis</strong></span> <span class='ocrx_word' id='word_1_704' title='bbox 3285 3233 3505 3300; x_wconf 89' lang='lat' dir='ltr'><strong>quadris</strong></span> <span class='ocrx_word' id='word_1_705' title='bbox 3546 3234 3665 3302; x_wconf 74' lang='lat' dir='ltr'><strong>qui-</strong></span> 
     </span>
    </p>
   </div>
   <div class='ocr_carea' id='block_1_96' title="bbox 2081 3320 3665 3391">
    <p class='ocr_par' dir='ltr' id='par_1_96' title="bbox 2081 3320 3665 3391">
     <span class='ocr_line' id='line_1_96' title="bbox 2081 3320 3665 3391; baseline -0.001 -12"><span class='ocrx_word' id='word_1_706' title='bbox 2081 3324 2180 3380; x_wconf 90' lang='lat' dir='ltr'><strong>bus</strong></span> <span class='ocrx_word' id='word_1_707' title='bbox 2203 3323 2487 3377; x_wconf 90' lang='lat' dir='ltr'><strong>conclusus</strong></span> <span class='ocrx_word' id='word_1_708' title='bbox 2513 3320 2810 3385; x_wconf 90' lang='lat' dir='ltr'><strong>tenebatur,</strong></span> <span class='ocrx_word' id='word_1_709' title='bbox 2826 3320 3051 3376; x_wconf 91' lang='lat' dir='ltr'><strong>elideret</strong></span> <span class='ocrx_word' id='word_1_710' title='bbox 3079 3323 3337 3391; x_wconf 89' lang='lat' dir='ltr'><strong>parietem</strong></span> <span class='ocrx_word' id='word_1_711' title='bbox 3361 3323 3416 3376; x_wconf 95' lang='lat' dir='ltr'><strong>in</strong></span> <span class='ocrx_word' id='word_1_712' title='bbox 3441 3332 3665 3390; x_wconf 88' lang='lat' dir='ltr'><strong>terram,</strong></span> 
     </span>
    </p>
   </div>
   <div class='ocr_carea' id='block_1_97' title="bbox 2082 3410 3662 3482">
    <p class='ocr_par' dir='ltr' id='par_1_97' title="bbox 2082 3410 3662 3482">
     <span class='ocr_line' id='line_1_97' title="bbox 2082 3410 3662 3482; baseline -0.003 -12"><span class='ocrx_word' id='word_1_713' title='bbox 2082 3415 2343 3470; x_wconf 91' lang='lat' dir='ltr'><strong>collidens</strong></span> <span class='ocrx_word' id='word_1_714' title='bbox 2370 3413 2668 3482; x_wconf 84' lang='lat' dir='ltr'><strong>palmas,et</strong></span> <span class='ocrx_word' id='word_1_715' title='bbox 2697 3410 2936 3463; x_wconf 90' lang='lat' dir='ltr'><strong>clamans</strong></span> <span class='ocrx_word' id='word_1_716' title='bbox 2965 3426 3023 3466; x_wconf 91' lang='lat' dir='ltr'><strong>se</strong></span> <span class='ocrx_word' id='word_1_717' title='bbox 3051 3426 3082 3464; x_wconf 86' lang='lat' dir='ltr'><strong>a</strong></span> <span class='ocrx_word' id='word_1_718' title='bbox 3113 3413 3313 3466; x_wconf 90' lang='lat' dir='ltr'><strong>sanctis</strong></span> <span class='ocrx_word' id='word_1_719' title='bbox 3341 3412 3434 3467; x_wconf 91' lang='lat' dir='ltr'><strong>Dei</strong></span> <span class='ocrx_word' id='word_1_720' title='bbox 3458 3415 3662 3479; x_wconf 81' lang='lat' dir='ltr'><strong>peruri.</strong></span> 
     </span>
    </p>
   </div>
   <div class='ocr_carea' id='block_1_98' title="bbox 2081 3505 3666 3575">
    <p class='ocr_par' dir='ltr' id='par_1_98' title="bbox 2081 3505 3666 3575">
     <span class='ocr_line' id='line_1_98' title="bbox 2081 3505 3666 3575; baseline -0.001 -15"><span class='ocrx_word' id='word_1_721' title='bbox 2081 3509 2324 3575; x_wconf 90' lang='lat' dir='ltr'><strong>Cumque</strong></span> <span class='ocrx_word' id='word_1_722' title='bbox 2349 3507 2650 3562; x_wconf 91' lang='lat' dir='ltr'><strong>diutissime</strong></span> <span class='ocrx_word' id='word_1_723' title='bbox 2676 3509 2727 3561; x_wconf 94' lang='lat' dir='ltr'><strong>in</strong></span> <span class='ocrx_word' id='word_1_724' title='bbox 2752 3507 2850 3561; x_wconf 89' lang='lat' dir='ltr'><strong>hac</strong></span> <span class='ocrx_word' id='word_1_725' title='bbox 2877 3506 3079 3560; x_wconf 87' lang='lat' dir='ltr'><strong>insania</strong></span> <span class='ocrx_word' id='word_1_726' title='bbox 3107 3516 3398 3568; x_wconf 89' lang='lat' dir='ltr'><strong>teneretur,</strong></span> <span class='ocrx_word' id='word_1_727' title='bbox 3419 3514 3472 3559; x_wconf 91' lang='lat' dir='ltr'><strong>et</strong></span> <span class='ocrx_word' id='word_1_728' title='bbox 3495 3505 3666 3560; x_wconf 89' lang='lat' dir='ltr'><strong>sancti</strong></span> 
     </span>
    </p>
   </div>
   <div class='ocr_carea' id='block_1_99' title="bbox 2083 3597 3664 3663">
    <p class='ocr_par' dir='ltr' id='par_1_99' title="bbox 2083 3597 3664 3663">
     <span class='ocr_line' id='line_1_99' title="bbox 2083 3597 3664 3663; baseline -0.002 -9"><span class='ocrx_word' id='word_1_729' title='bbox 2083 3599 2296 3654; x_wconf 84' lang='lat' dir='ltr'><strong>Martini</strong></span> <span class='ocrx_word' id='word_1_730' title='bbox 2338 3598 2580 3655; x_wconf 87' lang='lat' dir='ltr'><strong>crebrius</strong></span> <span class='ocrx_word' id='word_1_731' title='bbox 2624 3598 2966 3653; x_wconf 88' lang='lat' dir='ltr'><strong>conﬁteretur</strong></span> <span class='ocrx_word' id='word_1_732' title='bbox 2999 3612 3234 3663; x_wconf 90' lang='lat' dir='ltr'><strong>nomen,</strong></span> <span class='ocrx_word' id='word_1_733' title='bbox 3265 3611 3329 3650; x_wconf 86' lang='lat' dir='ltr'><strong>ac</strong></span> <span class='ocrx_word' id='word_1_734' title='bbox 3369 3597 3577 3651; x_wconf 87' lang='lat' dir='ltr'><strong>diceret</strong></span> <span class='ocrx_word' id='word_1_735' title='bbox 3603 3611 3664 3651; x_wconf 90' lang='lat' dir='ltr'><strong>se</strong></span> 
     </span>
    </p>
   </div>
   <div class='ocr_carea' id='block_1_100' title="bbox 2085 3688 3669 3761">
    <p class='ocr_par' dir='ltr' id='par_1_100' title="bbox 2085 3688 3669 3761">
     <span class='ocr_line' id='line_1_100' title="bbox 2085 3688 3669 3761; baseline -0.001 -17"><span class='ocrx_word' id='word_1_736' title='bbox 2085 3692 2259 3761; x_wconf 90' lang='lat' dir='ltr'><strong>potius</strong></span> <span class='ocrx_word' id='word_1_737' title='bbox 2305 3692 2373 3747; x_wconf 91' lang='lat' dir='ltr'><strong>ab</strong></span> <span class='ocrx_word' id='word_1_738' title='bbox 2401 3707 2467 3746; x_wconf 92' lang='lat' dir='ltr'><strong>eo</strong></span> <span class='ocrx_word' id='word_1_739' title='bbox 2509 3707 2664 3760; x_wconf 88' lang='lat' dir='ltr'><strong>quam</strong></span> <span class='ocrx_word' id='word_1_740' title='bbox 2695 3707 2724 3745; x_wconf 90' lang='lat' dir='ltr'><strong>a</strong></span> <span class='ocrx_word' id='word_1_741' title='bbox 2751 3689 2954 3746; x_wconf 86' lang='lat' dir='ltr'><strong>sanctis</strong></span> <span class='ocrx_word' id='word_1_742' title='bbox 2998 3689 3118 3744; x_wconf 84' lang='lat' dir='ltr'><strong>aliis</strong></span> <span class='ocrx_word' id='word_1_743' title='bbox 3147 3689 3406 3753; x_wconf 84' lang='lat' dir='ltr'><strong>cruciari,</strong></span> <span class='ocrx_word' id='word_1_744' title='bbox 3435 3688 3669 3743; x_wconf 88' lang='lat' dir='ltr'><strong>Turonis</strong></span> 
     </span>
    </p>
   </div>
   <div class='ocr_carea' id='block_1_101' title="bbox 2081 3780 3666 3849">
    <p class='ocr_par' dir='ltr' id='par_1_101' title="bbox 2081 3780 3666 3849">
     <span class='ocr_line' id='line_1_101' title="bbox 2081 3780 3666 3849; baseline -0.001 -13"><span class='ocrx_word' id='word_1_745' title='bbox 2081 3782 2384 3838; x_wconf 86' lang='lat' dir='ltr'><strong>adducitur.</strong></span> <span class='ocrx_word' id='word_1_746' title='bbox 2433 3782 2537 3838; x_wconf 91' lang='lat' dir='ltr'><strong>Sed</strong></span> <span class='ocrx_word' id='word_1_747' title='bbox 2568 3781 2744 3836; x_wconf 90' lang='lat' dir='ltr'><strong>malus</strong></span> <span class='ocrx_word' id='word_1_748' title='bbox 2785 3780 3005 3849; x_wconf 89' lang='lat' dir='ltr'><strong>spiritus</strong></span> <span class='ocrx_word' id='word_1_749' title='bbox 3026 3821 3042 3847; x_wconf 88' lang='lat'><strong>,</strong></span> <span class='ocrx_word' id='word_1_750' title='bbox 3075 3780 3239 3836; x_wconf 91' lang='lat' dir='ltr'><strong>credo</strong></span> <span class='ocrx_word' id='word_1_751' title='bbox 3259 3819 3277 3847; x_wconf 87' lang='lat'><strong>,</strong></span> <span class='ocrx_word' id='word_1_752' title='bbox 3319 3781 3391 3836; x_wconf 91' lang='lat' dir='ltr'><strong>ob</strong></span> <span class='ocrx_word' id='word_1_753' title='bbox 3419 3781 3666 3835; x_wconf 83' lang='lat' dir='ltr'><strong>virtutem</strong></span> 
     </span>
    </p>
   </div>
   <div class='ocr_carea' id='block_1_102' title="bbox 2080 3874 3660 3944">
    <p class='ocr_par' dir='ltr' id='par_1_102' title="bbox 2080 3874 3660 3944">
     <span class='ocr_line' id='line_1_102' title="bbox 2080 3874 3660 3944; baseline -0.002 -16"><span class='ocrx_word' id='word_1_754' title='bbox 2080 3885 2240 3943; x_wconf 87' lang='lat' dir='ltr'><strong>atque</strong></span> <span class='ocrx_word' id='word_1_755' title='bbox 2268 3874 2683 3944; x_wconf 90' lang='lat' dir='ltr'><strong>magnitudinem</strong></span> <span class='ocrx_word' id='word_1_756' title='bbox 2707 3875 2880 3927; x_wconf 87' lang='lat' dir='ltr'><strong>sancti</strong></span> <span class='ocrx_word' id='word_1_757' title='bbox 2922 3886 3287 3941; x_wconf 88' lang='lat' dir='ltr'><strong>compressus,</strong></span> <span class='ocrx_word' id='word_1_758' title='bbox 3322 3886 3660 3940; x_wconf 81' lang='lat' dir='ltr'><strong>nequaquam</strong></span> 
     </span>
    </p>
   </div>
   <div class='ocr_carea' id='block_1_103' title="bbox 2083 3961 3666 4032">
    <p class='ocr_par' dir='ltr' id='par_1_103' title="bbox 2083 3961 3666 4032">
     <span class='ocr_line' id='line_1_103' title="bbox 2083 3961 3666 4032; baseline -0.003 -14"><span class='ocrx_word' id='word_1_759' title='bbox 2083 3965 2352 4020; x_wconf 87' lang='lat' dir='ltr'><strong>hominem</strong></span> <span class='ocrx_word' id='word_1_760' title='bbox 2381 3964 2663 4019; x_wconf 87' lang='lat' dir='ltr'><strong>mutilavit.</strong></span> <span class='ocrx_word' id='word_1_761' title='bbox 2695 3963 2829 4018; x_wconf 85' lang='lat' dir='ltr'><strong>Nam</strong></span> <span class='ocrx_word' id='word_1_762' title='bbox 2863 3964 2914 4017; x_wconf 90' lang='lat' dir='ltr'><strong>in</strong></span> <span class='ocrx_word' id='word_1_763' title='bbox 2965 3963 3084 4018; x_wconf 89' lang='lat' dir='ltr'><strong>loco</strong></span> <span class='ocrx_word' id='word_1_764' title='bbox 3115 3963 3230 4032; x_wconf 86' lang='lat' dir='ltr'><strong>ipso</strong></span> <span class='ocrx_word' id='word_1_765' title='bbox 3262 3977 3355 4032; x_wconf 91' lang='lat' dir='ltr'><strong>per</strong></span> <span class='ocrx_word' id='word_1_766' title='bbox 3385 3961 3511 4015; x_wconf 87' lang='lat' dir='ltr'><strong>anni</strong></span> <span class='ocrx_word' id='word_1_767' title='bbox 3543 3977 3666 4014; x_wconf 85' lang='lat' dir='ltr'><strong>cur-</strong></span> 
     </span>
    </p>
   </div>
   <div class='ocr_carea' id='block_1_104' title="bbox 2082 4054 3663 4125">
    <p class='ocr_par' dir='ltr' id='par_1_104' title="bbox 2082 4054 3663 4125">
     <span class='ocr_line' id='line_1_104' title="bbox 2082 4054 3663 4125; baseline -0.002 -15"><span class='ocrx_word' id='word_1_768' title='bbox 2082 4057 2309 4111; x_wconf 88' lang='lat' dir='ltr'><strong>riculum</strong></span> <span class='ocrx_word' id='word_1_769' title='bbox 2341 4056 2561 4125; x_wconf 82' lang='lat' dir='ltr'><strong>degens,</strong></span> <span class='ocrx_word' id='word_1_770' title='bbox 2592 4070 2713 4110; x_wconf 91' lang='lat' dir='ltr'><strong>cum</strong></span> <span class='ocrx_word' id='word_1_771' title='bbox 2743 4054 2876 4108; x_wconf 89' lang='lat' dir='ltr'><strong>nihil</strong></span> <span class='ocrx_word' id='word_1_772' title='bbox 2899 4054 3026 4108; x_wconf 86' lang='lat' dir='ltr'><strong>mali</strong></span> <span class='ocrx_word' id='word_1_773' title='bbox 3059 4062 3351 4121; x_wconf 88' lang='lat' dir='ltr'><strong>pateretur,</strong></span> <span class='ocrx_word' id='word_1_774' title='bbox 3383 4066 3663 4121; x_wconf 87' lang='lat' dir='ltr'><strong>regressus</strong></span> 
     </span>
    </p>
   </div>
   <div class='ocr_carea' id='block_1_105' title="bbox 2081 4144 3349 4214">
    <p class='ocr_par' dir='ltr' id='par_1_105' title="bbox 2081 4144 3349 4214">
     <span class='ocr_line' id='line_1_105' title="bbox 2081 4144 3349 4214; baseline -0.006 -11"><span class='ocrx_word' id='word_1_775' title='bbox 2081 4156 2164 4203; x_wconf 89' lang='lat' dir='ltr'><strong>est</strong></span> <span class='ocrx_word' id='word_1_776' title='bbox 2201 4164 2215 4201; x_wconf 87' lang='lat'><strong>:</strong></span> <span class='ocrx_word' id='word_1_777' title='bbox 2244 4148 2338 4201; x_wconf 83' lang='lat' dir='ltr'><strong>sed</strong></span> <span class='ocrx_word' id='word_1_778' title='bbox 2368 4161 2554 4200; x_wconf 91' lang='lat' dir='ltr'><strong>rursus</strong></span> <span class='ocrx_word' id='word_1_779' title='bbox 2581 4146 2774 4214; x_wconf 90' lang='lat' dir='ltr'><strong>quibus</strong></span> <span class='ocrx_word' id='word_1_780' title='bbox 2802 4153 3066 4209; x_wconf 87' lang='lat' dir='ltr'><strong>caruerat,</strong></span> <span class='ocrx_word' id='word_1_781' title='bbox 3100 4144 3349 4197; x_wconf 90' lang='lat' dir='ltr'><strong>incurrit.</strong></span> 
     </span>
    </p>
   </div>
   <div class='ocr_carea' id='block_1_106' title="bbox 2153 4231 3660 4306">
    <p class='ocr_par' dir='ltr' id='par_1_106' title="bbox 2153 4231 3660 4306">
     <span class='ocr_line' id='line_1_106' title="bbox 2153 4231 3660 4306; baseline -0.004 -13"><span class='ocrx_word' id='word_1_782' title='bbox 2153 4237 2372 4293; x_wconf 80' lang='lat' dir='ltr'><strong>XXXV.</strong></span> <span class='ocrx_word' id='word_1_783' title='bbox 2400 4237 2580 4306; x_wconf 85' lang='lat' dir='ltr'><strong>Legati</strong></span> <span class='ocrx_word' id='word_1_784' title='bbox 2610 4236 2677 4289; x_wconf 88' lang='lat' dir='ltr'><strong>de</strong></span> <span class='ocrx_word' id='word_1_785' title='bbox 2705 4235 2973 4301; x_wconf 79' lang='lat' dir='ltr'><strong>HiSpaltilS</strong></span> <span class='ocrx_word' id='word_1_786' title='bbox 2997 4235 3062 4289; x_wconf 90' lang='lat' dir='ltr'><strong>ad</strong></span> <span class='ocrx_word' id='word_1_787' title='bbox 3089 4248 3264 4302; x_wconf 87' lang='lat' dir='ltr'><strong>regem</strong></span> <span class='ocrx_word' id='word_1_788' title='bbox 3295 4231 3660 4288; x_wconf 88' lang='lat' dir='ltr'><strong>Guntchram-</strong></span> 
     </span>
    </p>
   </div>
   <div class='ocr_carea' id='block_1_107' title="bbox 2082 4325 3660 4394">
    <p class='ocr_par' dir='ltr' id='par_1_107' title="bbox 2082 4325 3660 4394">
     <span class='ocr_line' id='line_1_107' title="bbox 2082 4325 3660 4394; baseline -0.004 -10"><span class='ocrx_word' id='word_1_789' title='bbox 2082 4345 2208 4384; x_wconf 91' lang='lat' dir='ltr'><strong>num</strong></span> <span class='ocrx_word' id='word_1_790' title='bbox 2239 4337 2504 4382; x_wconf 88' lang='lat' dir='ltr'><strong>venerunt</strong></span> <span class='ocrx_word' id='word_1_791' title='bbox 2529 4342 2650 4381; x_wconf 92' lang='lat' dir='ltr'><strong>cum</strong></span> <span class='ocrx_word' id='word_1_792' title='bbox 2677 4327 2855 4380; x_wconf 85' lang='lat' dir='ltr'><strong>multis</strong></span> <span class='ocrx_word' id='word_1_793' title='bbox 2886 4325 3218 4391; x_wconf 91' lang='lat' dir='ltr'><strong>muneribus,</strong></span> <span class='ocrx_word' id='word_1_794' title='bbox 3265 4340 3448 4394; x_wconf 89' lang='lat' dir='ltr'><strong>pacem</strong></span> <span class='ocrx_word' id='word_1_795' title='bbox 3479 4333 3660 4392; x_wconf 82' lang='lat' dir='ltr'><strong>peten-</strong></span> 
     </span>
    </p>
   </div>
   <div class='ocr_carea' id='block_1_108' title="bbox 2083 4417 3654 4488">
    <p class='ocr_par' dir='ltr' id='par_1_108' title="bbox 2083 4417 3654 4488">
     <span class='ocr_line' id='line_1_108' title="bbox 2083 4417 3654 4488; baseline -0.005 -11"><span class='ocrx_word' id='word_1_796' title='bbox 2083 4434 2185 4488; x_wconf 90' lang='lat' dir='ltr'><strong>tes,</strong></span> <span class='ocrx_word' id='word_1_797' title='bbox 2210 4423 2302 4476; x_wconf 90' lang='lat' dir='ltr'><strong>sed</strong></span> <span class='ocrx_word' id='word_1_798' title='bbox 2337 4421 2464 4474; x_wconf 87' lang='lat' dir='ltr'><strong>nihil</strong></span> <span class='ocrx_word' id='word_1_799' title='bbox 2484 4421 2614 4476; x_wconf 86' lang='lat' dir='ltr'><strong>certi</strong></span> <span class='ocrx_word' id='word_1_800' title='bbox 2645 4419 2915 4487; x_wconf 90' lang='lat' dir='ltr'><strong>accipiunt</strong></span> <span class='ocrx_word' id='word_1_801' title='bbox 2943 4419 2996 4472; x_wconf 87' lang='lat' dir='ltr'><strong>in</strong></span> <span class='ocrx_word' id='word_1_802' title='bbox 3021 4419 3308 4487; x_wconf 81' lang='lat' dir='ltr'><strong>reSponsis.</strong></span> <span class='ocrx_word' id='word_1_803' title='bbox 3339 4419 3468 4472; x_wconf 84' lang='lat' dir='ltr'><strong>Nam</strong></span> <span class='ocrx_word' id='word_1_804' title='bbox 3490 4417 3654 4488; x_wconf 67' lang='grc'><strong>409</strong></span> 
     </span>
    </p>
   </div>
   <div class='ocr_carea' id='block_1_109' title="bbox 2081 4509 3664 4583">
    <p class='ocr_par' dir='ltr' id='par_1_109' title="bbox 2081 4509 3664 4583">
     <span class='ocr_line' id='line_1_109' title="bbox 2081 4509 3664 4583; baseline -0.003 -16"><span class='ocrx_word' id='word_1_805' title='bbox 2081 4530 2222 4569; x_wconf 85' lang='lat' dir='ltr'><strong>anno</strong></span> <span class='ocrx_word' id='word_1_806' title='bbox 2253 4514 2543 4583; x_wconf 67' lang='lat' dir='ltr'><strong>praeterito,</strong></span> <span class='ocrx_word' id='word_1_807' title='bbox 2565 4527 2684 4567; x_wconf 91' lang='lat' dir='ltr'><strong>cum</strong></span> <span class='ocrx_word' id='word_1_808' title='bbox 2708 4513 2974 4565; x_wconf 84' lang='lat' dir='ltr'><strong>exercitus</strong></span> <span class='ocrx_word' id='word_1_809' title='bbox 2999 4511 3381 4578; x_wconf 89' lang='lat' dir='ltr'><strong>Septimaniam</strong></span> <span class='ocrx_word' id='word_1_810' title='bbox 3401 4509 3664 4563; x_wconf 80' lang='lat' dir='ltr'><strong>debellas-</strong></span> 
     </span>
    </p>
   </div>
   <div class='ocr_carea' id='block_1_110' title="bbox 2080 4603 3662 4676">
    <p class='ocr_par' dir='ltr' id='par_1_110' title="bbox 2080 4603 3662 4676">
     <span class='ocr_line' id='line_1_110' title="bbox 2080 4603 3662 4676; baseline -0.004 -11"><span class='ocrx_word' id='word_1_811' title='bbox 2080 4619 2181 4670; x_wconf 89' lang='lat' dir='ltr'><strong>set.</strong></span> <span class='ocrx_word' id='word_1_812' title='bbox 2216 4622 2376 4663; x_wconf 88' lang='lat' dir='ltr'><strong>naves</strong></span> <span class='ocrx_word' id='word_1_813' title='bbox 2405 4622 2522 4676; x_wconf 80' lang='lat' dir='ltr'><strong>qua:</strong></span> <span class='ocrx_word' id='word_1_814' title='bbox 2546 4605 2612 4660; x_wconf 90' lang='lat' dir='ltr'><strong>de</strong></span> <span class='ocrx_word' id='word_1_815' title='bbox 2641 4603 2821 4659; x_wconf 86' lang='lat' dir='ltr'><strong>Galiiis</strong></span> <span class='ocrx_word' id='word_1_816' title='bbox 2852 4605 2904 4658; x_wconf 94' lang='lat' dir='ltr'><strong>in</strong></span> <span class='ocrx_word' id='word_1_817' title='bbox 2929 4604 3203 4659; x_wconf 89' lang='lat' dir='ltr'><strong>Galliciam</strong></span> <span class='ocrx_word' id='word_1_818' title='bbox 3235 4604 3480 4659; x_wconf 89' lang='lat' dir='ltr'><strong>abierant</strong></span> <span class='ocrx_word' id='word_1_819' title='bbox 3524 4614 3572 4670; x_wconf 75' lang='grc' dir='ltr'><em>ε,</em></span> <span class='ocrx_word' id='word_1_820' title='bbox 3596 4619 3662 4659; x_wconf 88' lang='lat' dir='ltr'><strong>ex</strong></span> 
     </span>
    </p>
   </div>
   <div class='ocr_carea' id='block_1_111' title="bbox 2080 4826 3662 4896">
    <p class='ocr_par' dir='ltr' id='par_1_111' title="bbox 2080 4826 3662 4896">
     <span class='ocr_line' id='line_1_111' title="bbox 2080 4826 3662 4896; baseline -0.006 -9"><span class='ocrx_word' id='word_1_821' title='bbox 2080 4841 2161 4887; x_wconf 88' lang='lat' dir='ltr'><strong>est</strong></span> <span class='ocrx_word' id='word_1_822' title='bbox 2193 4840 2369 4885; x_wconf 90' lang='lat' dir='ltr'><strong>tamen</strong></span> <span class='ocrx_word' id='word_1_823' title='bbox 2396 4843 2462 4884; x_wconf 87' lang='lat' dir='ltr'><strong>ex</strong></span> <span class='ocrx_word' id='word_1_824' title='bbox 2508 4827 2834 4882; x_wconf 87' lang='lat' dir='ltr'><strong>Childeberti</strong></span> <span class='ocrx_word' id='word_1_825' title='bbox 2870 4827 2936 4882; x_wconf 92' lang='lat' dir='ltr'><strong>lll</strong></span> <span class='ocrx_word' id='word_1_826' title='bbox 2982 4827 3187 4892; x_wconf 87' lang='lat' dir='ltr'><strong>charta,</strong></span> <span class='ocrx_word' id='word_1_827' title='bbox 3247 4840 3402 4896; x_wconf 88' lang='lat' dir='ltr'><strong>quam</strong></span> <span class='ocrx_word' id='word_1_828' title='bbox 3448 4826 3499 4879; x_wconf 93' lang='lat' dir='ltr'><strong>in</strong></span> <span class='ocrx_word' id='word_1_829' title='bbox 3554 4828 3662 4895; x_wconf 84' lang='lat' dir='ltr'><strong>Ap-</strong></span> 
     </span>
    </p>
   </div>
   <div class='ocr_carea' id='block_1_112' title="bbox 2082 4900 3656 4970">
    <p class='ocr_par' dir='ltr' id='par_1_112' title="bbox 2082 4900 3656 4970">
     <span class='ocr_line' id='line_1_112' title="bbox 2082 4900 3656 4970; baseline -0.004 -12"><span class='ocrx_word' id='word_1_830' title='bbox 2082 4903 2305 4970; x_wconf 89' lang='lat' dir='ltr'><strong>pendice</strong></span> <span class='ocrx_word' id='word_1_831' title='bbox 2361 4901 2722 4970; x_wconf 80' lang='lat' dir='ltr'><strong>proferemus,</strong></span> <span class='ocrx_word' id='word_1_832' title='bbox 2763 4900 2861 4952; x_wconf 91' lang='lat' dir='ltr'><strong>sub</strong></span> <span class='ocrx_word' id='word_1_833' title='bbox 2919 4901 3084 4970; x_wconf 87' lang='lat' dir='ltr'><strong>prima</strong></span> <span class='ocrx_word' id='word_1_834' title='bbox 3117 4913 3299 4966; x_wconf 87' lang='lat' dir='ltr'><strong>regum</strong></span> <span class='ocrx_word' id='word_1_835' title='bbox 3349 4908 3656 4970; x_wconf 87' lang='lat' dir='ltr'><strong>nostrorum</strong></span> 
     </span>
    </p>
   </div>
   <div class='ocr_carea' id='block_1_113' title="bbox 2070 4968 3653 5041">
    <p class='ocr_par' dir='ltr' id='par_1_113' title="bbox 2070 4968 3653 5041">
     <span class='ocr_line' id='line_1_113' title="bbox 2070 4968 3653 5041; baseline -0.004 -15"><span class='ocrx_word' id='word_1_836' title='bbox 2070 4968 2237 5041; x_wconf 82' lang='lat' dir='ltr'><strong>stirpe</strong></span> <span class='ocrx_word' id='word_1_837' title='bbox 2261 4972 2532 5024; x_wconf 84' lang='lat' dir='ltr'><strong>basilicam</strong></span> <span class='ocrx_word' id='word_1_838' title='bbox 2558 4968 2732 5041; x_wconf 12' lang='lat' dir='ltr'><strong>sancti,</strong></span> <span class='ocrx_word' id='word_1_839' title='bbox 2750 4970 2956 5023; x_wconf 83' lang='lat' dir='ltr'><strong>Martini</strong></span> <span class='ocrx_word' id='word_1_840' title='bbox 2986 4984 3050 5022; x_wconf 89' lang='lat' dir='ltr'><strong>eo</strong></span> <span class='ocrx_word' id='word_1_841' title='bbox 3074 4969 3190 5022; x_wconf 91' lang='lat' dir='ltr'><strong>loco</strong></span> <span class='ocrx_word' id='word_1_842' title='bbox 3215 4969 3514 5041; x_wconf 72' lang='lat' dir='ltr'><strong>exstitisse,</strong></span> <span class='ocrx_word' id='word_1_843' title='bbox 3545 4983 3653 5036; x_wconf 92' lang='lat' dir='ltr'><strong>quo</strong></span> 
     </span>
    </p>
   </div>
   <div class='ocr_carea' id='block_1_114' title="bbox 2072 5040 3655 5106">
    <p class='ocr_par' dir='ltr' id='par_1_114' title="bbox 2072 5040 3655 5106">
     <span class='ocr_line' id='line_1_114' title="bbox 2072 5040 3655 5106; baseline -0.005 -9"><span class='ocrx_word' id='word_1_844' title='bbox 2072 5040 2213 5099; x_wconf 87' lang='lat' dir='ltr'><strong>nunc</strong></span> <span class='ocrx_word' id='word_1_845' title='bbox 2242 5041 2467 5097; x_wconf 86' lang='lat' dir='ltr'><strong>ecclesia</strong></span> <span class='ocrx_word' id='word_1_846' title='bbox 2500 5041 2667 5095; x_wconf 84' lang='lat' dir='ltr'><strong>sancti</strong></span> <span class='ocrx_word' id='word_1_847' title='bbox 2719 5040 2930 5094; x_wconf 83' lang='lat' dir='ltr'><strong>Martini</strong></span> <span class='ocrx_word' id='word_1_848' title='bbox 2982 5056 3011 5093; x_wconf 91' lang='lat' dir='ltr'><strong>a</strong></span> <span class='ocrx_word' id='word_1_849' title='bbox 3041 5040 3255 5106; x_wconf 84' lang='lat' dir='ltr'><strong>Campis</strong></span> <span class='ocrx_word' id='word_1_850' title='bbox 3310 5047 3506 5104; x_wconf 87' lang='lat' dir='ltr'><strong>perstat</strong></span> <span class='ocrx_word' id='word_1_851' title='bbox 3543 5054 3555 5090; x_wconf 89' lang='lat'><strong>:</strong></span> <span class='ocrx_word' id='word_1_852' title='bbox 3590 5054 3655 5089; x_wconf 91' lang='lat' dir='ltr'><strong>an</strong></span> 
     </span>
    </p>
   </div>
   <div class='ocr_carea' id='block_1_115' title="bbox 2069 5106 3652 5180">
    <p class='ocr_par' dir='ltr' id='par_1_115' title="bbox 2069 5106 3652 5180">
     <span class='ocr_line' id='line_1_115' title="bbox 2069 5106 3652 5180; baseline -0.003 -14"><span class='ocrx_word' id='word_1_853' title='bbox 2069 5130 2194 5169; x_wconf 92' lang='lat' dir='ltr'><strong>vero</strong></span> <span class='ocrx_word' id='word_1_854' title='bbox 2219 5129 2280 5168; x_wconf 89' lang='lat' dir='ltr'><strong>ea</strong></span> <span class='ocrx_word' id='word_1_855' title='bbox 2311 5113 2422 5180; x_wconf 86' lang='lat' dir='ltr'><strong>ipsa</strong></span> <span class='ocrx_word' id='word_1_856' title='bbox 2449 5112 2516 5166; x_wconf 94' lang='lat' dir='ltr'><strong>sit</strong></span> <span class='ocrx_word' id='word_1_857' title='bbox 2544 5127 2701 5180; x_wconf 87' lang='lat' dir='ltr'><strong>quam</strong></span> <span class='ocrx_word' id='word_1_858' title='bbox 2735 5112 2819 5165; x_wconf 92' lang='lat' dir='ltr'><strong>hic</strong></span> <span class='ocrx_word' id='word_1_859' title='bbox 2855 5110 3146 5179; x_wconf 85' lang='lat' dir='ltr'><strong>Gregorius</strong></span> <span class='ocrx_word' id='word_1_860' title='bbox 3187 5108 3387 5174; x_wconf 88' lang='lat' dir='ltr'><strong>laudat,</strong></span> <span class='ocrx_word' id='word_1_861' title='bbox 3419 5107 3537 5160; x_wconf 87' lang='lat' dir='ltr'><strong>aliis</strong></span> <span class='ocrx_word' id='word_1_862' title='bbox 3568 5106 3652 5161; x_wconf 89' lang='lat' dir='ltr'><strong>in-</strong></span> 
     </span>
    </p>
   </div>
   <div class='ocr_carea' id='block_1_116' title="bbox 2067 5181 2779 5255">
    <p class='ocr_par' dir='ltr' id='par_1_116' title="bbox 2067 5181 2779 5255">
     <span class='ocr_line' id='line_1_116' title="bbox 2067 5181 2779 5255; baseline -0.007 -17"><span class='ocrx_word' id='word_1_863' title='bbox 2067 5185 2382 5255; x_wconf 87' lang='lat' dir='ltr'><strong>quirendum</strong></span> <span class='ocrx_word' id='word_1_864' title='bbox 2407 5181 2779 5255; x_wconf 80' lang='lat' dir='ltr'><strong>relinquimus.</strong></span> 
     </span>
    </p>
   </div>
   <div class='ocr_carea' id='block_1_117' title="bbox 2138 5248 3650 5322">
    <p class='ocr_par' dir='ltr' id='par_1_117' title="bbox 2138 5248 3650 5322">
     <span class='ocr_line' id='line_1_117' title="bbox 2138 5248 3650 5322; baseline -0.005 -12"><span class='ocrx_word' id='word_1_865' title='bbox 2138 5254 2164 5292; x_wconf 73' lang='lat' dir='ltr'><strong>b</strong></span> <span class='ocrx_word' id='word_1_866' title='bbox 2207 5258 2374 5322; x_wconf 88' lang='lat' dir='ltr'><strong>Supra</strong></span> <span class='ocrx_word' id='word_1_867' title='bbox 2406 5253 2495 5307; x_wconf 92' lang='lat' dir='ltr'><strong>lib.</strong></span> <span class='ocrx_word' id='word_1_868' title='bbox 2528 5248 2578 5320; x_wconf 76' lang='lat' dir='ltr'><strong>v,</strong></span> <span class='ocrx_word' id='word_1_869' title='bbox 2602 5269 2719 5322; x_wconf 87' lang='lat' dir='ltr'><strong>cap.</strong></span> <span class='ocrx_word' id='word_1_870' title='bbox 2741 5253 2830 5318; x_wconf 70' lang='lat'><strong>‘22,</strong></span> <span class='ocrx_word' id='word_1_871' title='bbox 2857 5252 2942 5305; x_wconf 91' lang='lat' dir='ltr'><strong>ubi</strong></span> <span class='ocrx_word' id='word_1_872' title='bbox 2970 5250 3161 5304; x_wconf 90' lang='lat' dir='ltr'><strong>dicitur</strong></span> <span class='ocrx_word' id='word_1_873' title='bbox 3195 5248 3528 5303; x_wconf 81' lang='lat' dir='ltr'><strong>Vuinnochus</strong></span> <span class='ocrx_word' id='word_1_874' title='bbox 3553 5263 3650 5303; x_wconf 86' lang='lat' dir='ltr'><strong>seu</strong></span> 
     </span>
    </p>
   </div>
   <div class='ocr_carea' id='block_1_118' title="bbox 2078 5326 2386 5380">
    <p class='ocr_par' dir='ltr' id='par_1_118' title="bbox 2078 5326 2386 5380">
     <span class='ocr_line' id='line_1_118' title="bbox 2078 5326 2386 5380; baseline 0.003 -1"><span class='ocrx_word' id='word_1_875' title='bbox 2078 5326 2386 5380; x_wconf 77' lang='lat' dir='ltr'><strong>Vinnochus.</strong></span> 
     </span>
    </p>
   </div>
   <div class='ocr_carea' id='block_1_119' title="bbox 2134 5389 3628 5476">
    <p class='ocr_par' dir='ltr' id='par_1_119' title="bbox 2134 5389 3628 5476">
     <span class='ocr_line' id='line_1_119' title="bbox 2134 5389 3628 5476; baseline -0.005 -28"><span class='ocrx_word' id='word_1_876' title='bbox 2134 5409 2156 5436; x_wconf 78' lang='grc' dir='ltr'><em>ε</em></span> <span class='ocrx_word' id='word_1_877' title='bbox 2191 5395 2245 5448; x_wconf 93' lang='lat' dir='ltr'><strong>ld</strong></span> <span class='ocrx_word' id='word_1_878' title='bbox 2273 5395 2757 5476; x_wconf 48' lang='lat' dir='ltr'><strong>ipsum-designare</strong></span> <span class='ocrx_word' id='word_1_879' title='bbox 2778 5390 2941 5446; x_wconf 87' lang='lat' dir='ltr'><strong>voluit</strong></span> <span class='ocrx_word' id='word_1_880' title='bbox 2969 5391 3124 5476; x_wconf 52' lang='grc' dir='ltr'><strong>λψρ-η.</strong></span> <span class='ocrx_word' id='word_1_881' title='bbox 3162 5389 3351 5476; x_wconf 68' lang='lat' dir='ltr'><strong>Bjclar.</strong></span> <span class='ocrx_word' id='word_1_882' title='bbox 3389 5391 3437 5443; x_wconf 91' lang='lat' dir='ltr'><strong>in</strong></span> <span class='ocrx_word' id='word_1_883' title='bbox 3464 5390 3628 5476; x_wconf 77' lang='lat' dir='ltr'><strong>Chro-</strong></span> 
     </span>
    </p>
   </div>
   <div class='ocr_carea' id='block_1_120' title="bbox 2061 5461 3646 5536">
    <p class='ocr_par' dir='ltr' id='par_1_120' title="bbox 2061 5461 3646 5536">
     <span class='ocr_line' id='line_1_120' title="bbox 2061 5461 3646 5536; baseline -0.006 -16"><span class='ocrx_word' id='word_1_884' title='bbox 2061 5468 2200 5536; x_wconf 89' lang='lat' dir='ltr'><strong>nico,</strong></span> <span class='ocrx_word' id='word_1_885' title='bbox 2232 5461 2322 5519; x_wconf 78' lang='lat' dir='ltr'><strong>ubi</strong></span> <span class='ocrx_word' id='word_1_886' title='bbox 2355 5467 2418 5519; x_wconf 90' lang='lat' dir='ltr'><strong>ad</strong></span> <span class='ocrx_word' id='word_1_887' title='bbox 2451 5461 2746 5536; x_wconf 65' lang='lat' dir='ltr'><strong>Leuv‘tgildi</strong></span> <span class='ocrx_word' id='word_1_888' title='bbox 2778 5477 2976 5536; x_wconf 79' lang='lat' dir='ltr'><strong>annum</strong></span> <span class='ocrx_word' id='word_1_889' title='bbox 3017 5461 3075 5536; x_wconf 80' lang='lat' dir='ltr'><strong>l_7</strong></span> <span class='ocrx_word' id='word_1_890' title='bbox 3130 5463 3297 5536; x_wconf 83' lang='lat' dir='ltr'><strong>relert</strong></span> <span class='ocrx_word' id='word_1_891' title='bbox 3334 5462 3646 5536; x_wconf 61' lang='lat' dir='ltr'><strong>provittcium</strong></span> 
     </span>
    </p>
   </div>
   <div class='ocr_carea' id='block_1_121' title="bbox 2060 5527 3654 5603">
    <p class='ocr_par' dir='ltr' id='par_1_121' title="bbox 2060 5527 3654 5603">
     <span class='ocr_line' id='line_1_121' title="bbox 2060 5527 3654 5603; baseline -0.006 -12"><span class='ocrx_word' id='word_1_892' title='bbox 2060 5527 2302 5592; x_wconf 64' lang='lat' dir='ltr'><strong>Callatia:</strong></span> <span class='ocrx_word' id='word_1_893' title='bbox 2331 5527 2648 5603; x_wconf 75' lang='lat' dir='ltr'><strong>(legendum</strong></span> <span class='ocrx_word' id='word_1_894' title='bbox 2673 5542 2755 5603; x_wconf 72' lang='lat' dir='ltr'><strong>est</strong></span> <span class='ocrx_word' id='word_1_895' title='bbox 2784 5547 2848 5586; x_wconf 83' lang='lat' dir='ltr'><strong>ex</strong></span> <span class='ocrx_word' id='word_1_896' title='bbox 2879 5531 2980 5586; x_wconf 94' lang='lat' dir='ltr'><strong>hoc</strong></span> <span class='ocrx_word' id='word_1_897' title='bbox 3013 5532 3256 5603; x_wconf 87' lang='lat' dir='ltr'><strong>Gregorii</strong></span> <span class='ocrx_word' id='word_1_898' title='bbox 3289 5527 3654 5603; x_wconf 58' lang='lat' dir='ltr'><strong>locu,GaIl_q-</strong></span> 
     </span>
    </p>
   </div>
   <div class='ocr_carea' id='block_1_122' title="bbox 2057 5599 3654 5676">
    <p class='ocr_par' dir='ltr' id='par_1_122' title="bbox 2057 5599 3654 5676">
     <span class='ocr_line' id='line_1_122' title="bbox 2057 5599 3654 5676; baseline -0.006 -16"><span class='ocrx_word' id='word_1_899' title='bbox 2057 5609 2170 5674; x_wconf 60' lang='lat' dir='ltr'><strong>ciae,</strong></span> <span class='ocrx_word' id='word_1_900' title='bbox 2199 5622 2292 5662; x_wconf 88' lang='lat' dir='ltr'><strong>seu</strong></span> <span class='ocrx_word' id='word_1_901' title='bbox 2323 5599 2600 5675; x_wconf 69' lang='lat' dir='ltr'><strong>Callwciaz)</strong></span> <span class='ocrx_word' id='word_1_902' title='bbox 2627 5621 2660 5658; x_wconf 83' lang='grc' dir='ltr'><strong>α</strong></span> <span class='ocrx_word' id='word_1_903' title='bbox 2689 5601 3011 5658; x_wconf 82' lang='lat' dir='ltr'><strong>Francorum</strong></span> <span class='ocrx_word' id='word_1_904' title='bbox 3040 5599 3363 5676; x_wconf 66' lang='lat' dir='ltr'><strong>infestatione</strong></span> <span class='ocrx_word' id='word_1_905' title='bbox 3392 5602 3552 5656; x_wconf 85' lang='lat' dir='ltr'><strong>fuisse</strong></span> <span class='ocrx_word' id='word_1_906' title='bbox 3579 5599 3654 5652; x_wconf 85' lang='lat' dir='ltr'><strong>li-</strong></span> 
     </span>
    </p>
   </div>
   <div class='ocr_carea' id='block_1_123' title="bbox 2059 5683 2304 5736">
    <p class='ocr_par' dir='ltr' id='par_1_123' title="bbox 2059 5683 2304 5736">
     <span class='ocr_line' id='line_1_123' title="bbox 2059 5683 2304 5736; baseline -0.008 0"><span class='ocrx_word' id='word_1_907' title='bbox 2059 5683 2304 5736; x_wconf 70' lang='lat' dir='ltr'><strong>iteratam.</strong></span> 
     </span>
    </p>
   </div>
  </div>
