3974 6174
359 263 428 320 75
1315 265 1374 323 s.
1416 264 1745 324 cnsconn
1789 261 2094 318 EPISCUPI
2134 246 2573 320 runnxenms’

3496 267 3596 321 476

320 389 470 454 jussu
493 382 820 438 Leuvichildi
854 382 994 452 regis
1019 391 1239 438 vastata:
1269 395 1418 452 sunt,
1451 401 1536 442 res
1562 387 1775 451 ablatae,
1806 381 1899 435 ho-
1933 373 1982 436 Α
2012 378 2255 434 manibus
2307 380 2467 434 etiam
2521 393 2747 448 proprns
2801 371 3089 432 verberare
3152 378 3598 446 progrediebatur

320 476 494 530 mines
523 475 648 531 caesi
675 485 834 544 atque
863 475 1162 541 interfecti,
1197 479 1432 531 nonnulli
1461 479 1655 548 captivi
1685 479 1902 535 abducti

320 575 466 621 sunt.
504 566 579 620 Ex
603 567 796 635 quibus
824 568 976 634 pauci
1005 567 1401 636 quodammodo
1449 569 1662 640 scaphis
1706 570 1899 640 erepti,

323 655 508 724 patria:
536 670 653 723 qua:
679 664 794 708 acta
831 655 1040 709 fuerant
1071 659 1467 712 nuntiaverunt.

395 746 631 800 XXXVI.
668 747 826 816 Igitur
855 749 994 817 apud
1025 749 1425 807 Childebertum
1457 767 1638 823 regem
1684 753 1905 823 Magno-

324 837 513 890 valdus
545 837 721 890 causis
745 838 968 893 occultis
993 855 1055 892 ex
1084 837 1237 908 jussu
1267 842 1406 908 regis
1452 841 1766 898 interficitur
1806 845 1907 900 hoc

325 927 504 981 modo.
535 927 721 984 Stante
750 928 881 983 infra
915 931 1190 990 Mettensis
1222 934 1367 987 urbis
1396 934 1648 1002 palatium
1681 952 1823 1004 rege,
1854 945 1908 993 et

323 1017 506 1072 ludum
535 1029 828 1088 spectante,
861 1023 1088 1091 qualiter
1113 1025 1309 1078 animal
1339 1037 1548 1080 caterva
1594 1043 1783 1082 canum
1806 1030 1910 1084 eir—

324 1112 634 1165 cumdatum
665 1111 1004 1182 fatigabatur,
1043 1116 1419 1180 Magnomldus
1465 1120 1774 1172 arcessitur.
1809 1121 1909 1188 Qui

327 1202 571 1266 veniens,
602 1210 656 1256 et
686 1205 930 1258 nesciens
957 1221 1075 1270 qua:
1104 1208 1303 1274 agenda
1335 1218 1510 1273 erant,
1541 1226 1660 1264 cum
1694 1214 1910 1283 reliquis

326 1294 619 1349 dissolutus
649 1297 780 1360 risu,
814 1299 1116 1366 pro<picere
1158 1301 1411 1368 pecudetn
1443 1304 1625 1372 σξωρῑι.
1657 1305 1727 1359 At
1753 1305 1797 1359 is
1823 1306 1909 1360 cui

324 1386 532 1455 jussum
567 1384 757 1452 fuerat,
784 1401 902 1441 cum
923 1390 1118 1443 videret
1149 1407 1271 1445 eum
1296 1395 1600 1457 spectaculo
1625 1397 1908 1468 intentum,

327 1473 516 1529 librata
545 1476 738 1544 securi,
769 1490 926 1546 caput
953 1480 1072 1550 ejus
1104 1483 1280 1546 illisit;
1315 1485 1403 1552 qui
1436 1487 1632 1543 cecidit
1671 1500 1720 1544 et
1771 1505 1914 1545 mor-

329 1575 452 1619 tuus
484 1578 582 1635 est,
616 1582 678 1621 ac
704 1585 795 1638 per
825 1571 1111 1625 fenestram
1161 1573 1352 1629 domus
1395 1578 1681 1645 projecttts,
1729 1594 1758 1633 a
1803 1582 1914 1636 suis

327 1659 569 1726 sepultus
597 1670 698 1729 est,
731 1676 922 1731 resque
951 1665 1065 1731 ejus
1098 1667 1340 1732 protinus
1366 1667 1610 1736 direptae,
1639 1679 1693 1724 et
1722 1673 1914 1727 aerario

2005 471 2236 536 multos,
2266 486 2330 528 ac
2375 470 2600 526 dicere:
2634 470 2765 524 Num
2819 469 2937 523 ideo
2984 468 3105 539 quia
3150 464 3381 523 clericus
3431 470 3598 527 factus

2005 577 2146 628 smn,
2174 563 2316 617 ttltor
2362 563 2676 630 injttriarum
2711 576 2949 616 mearum
3002 574 3105 615 non
3136 564 3264 616 ero?
3315 563 3424 617 Sed
3473 565 3597 633 quid

2007 654 2180 709 dicam
2210 655 2276 709 de
2303 655 2534 719 caneris,
2569 670 2688 710 cum
2736 669 2834 708 nec
2881 654 3009 719 ipsis
3065 663 3274 721 quoque
3325 657 3599 724 germanis

2008 755 2270 815 parceret,
2302 747 2395 800 sed
2420 747 2564 812 ipsos
2595 745 2761 814 magis
2791 743 3147 813 exspoliarct?
3178 745 3310 798 Cum
3331 760 3442 812 quo
3464 761 3600 799 nuu-

2007 851 2164 906 quatn
2186 837 2448 906 justitiam
2474 837 2538 890 de
2570 836 2726 890 rebus
2759 837 2993 905 paternis
3021 837 3350 889 tnateruisve
3378 837 3596 906 assequi

2011 941 2312 1000 ponit-runt.
2347 932 2542 998 Quinto
2572 941 2748 986 autem
2797 943 2937 985 anno
2984 931 3324 1000 episeOpatus
3373 932 3458 986 sui
3507 949 3600 986 ex-

2009 1027 2186 1096 pleto,
2216 1035 2334 1080 cum
2362 1026 2472 1096 jam
2501 1036 2707 1079 sextum
2754 1025 3080 1095 ingrediens,
3125 1026 3343 1091 epulum
3391 1025 3600 1080 civibus

2009 1131 2129 1172 cum
2154 1119 2410 1172 immensa
2443 1117 2622 1172 laetitia
2648 1129 3030 1186 praeparassct;
3059 1131 3088 1169 a
3117 1118 3265 1171 febre
3291 1129 3598 1186 correptus,

2011 1223 2207 1261 annum
2238 1223 2396 1277 quem
2419 1220 2654 1278 coeperat
2681 1210 2920 1277 promtus
2945 1216 3115 1271 morte
3139 1208 3456 1263 imminente
3486 1211 3601 1263 fitti-

2010 1301 2107 1354 ‘vit.
2139 1299 2194 1354 In
2217 1301 2368 1370 cujus
2392 1301 2563 1356 locum
2592 1301 3003 1355 Bertchramnus
3035 1301 3336 1355 Parisiacus
3366 1311 3389 1339 ε
3423 1302 3600 1355 art-hi-

2011 1389 2269 1445 diaconus
2317 1394 2636 1461 subrogatus
2683 1402 2788 1447 est.
2837 1392 2937 1457 Qui
2985 1392 3177 1446 multas
3221 1392 3602 1448 altercationes

2012 1497 2132 1537 eum
2165 1481 2347 1538 relicta
2372 1484 2508 1538 illius
2531 1483 2764 1538 defuncti
2790 1485 3038 1539 habuisse
3064 1486 3340 1552 probatur,
3369 1502 3438 1541 eo
3458 1488 3602 1556 quod

2012 1587 2126 1640 res,
2159 1589 2278 1640 quae
2306 1585 2547 1644 tempore
2575 1575 2852 1645 Badegisili
2883 1577 3116 1645 episcopi
3165 1578 3416 1633 ecclesia:
3465 1578 3603 1633 data:

2015 1667 2244 1734 fuerant,
2279 1676 2526 1738 tanquam
2551 1670 2794 1739 proprias
2833 1670 3115 1734 retinebat,
3148 1670 3340 1726 dicens
3371 1689 3384 1723 :
3421 1670 3600 1725 Militia

328 1749 572 1818 publico,
601 1761 858 1820 quantum
889 1767 1160 1822 repertum
1183 1763 1266 1809 est
1285 1796 1300 1820 ,
1345 1766 1467 1810 sunt
1513 1758 1693 1812 illatae.
1747 1763 1916 1816 Autu-
1944 1761 1992 1822 B
2020 1759 2133 1812 hate
2163 1759 2259 1813 fuit
2290 1761 2386 1814 viri
2410 1761 2537 1828 tnci,
2565 1770 2620 1815 et
2651 1761 2773 1816 licet
2802 1761 2984 1828 invita,
3020 1769 3192 1815 tamen
3214 1771 3417 1815 cuneta
3445 1760 3602 1815 resti-

331 1839 548 1892 mabant
579 1847 752 1895 tamen
782 1843 1019 1910 quidam,
1051 1857 1116 1896 eo
1147 1845 1287 1912 quod
1319 1855 1445 1915 post
1481 1859 1706 1903 mortem
1736 1850 1918 1906 fratris

329 1930 556 1986 diversis
601 1934 766 2001 plagis
819 1934 1098 2004 conjugem
1156 1935 1399 1991 affectam
1435 1939 1810 1997 interfecisset.
1861 1953 1918 2000 et

331 2036 550 2077 uxorem
583 2027 765 2078 fratris
793 2037 1017 2081 ascrsset
1064 2037 1212 2095 toro,
1245 2030 1510 2086 exstitisse
1548 2046 1763 2089 causam
1812 2047 1915 2104 qua

327 2112 742 2170 interimeretur.

403 2204 667 2260 XXXVII.
700 2207 945 2263 Posthzec
968 2208 1312 2266 Child-eberto
1339 2213 1446 2280 regi
1471 2213 1610 2268 Illius
1633 2223 1788 2269 natus
1808 2226 1914 2284 est,

327 2292 420 2360 qui
465 2309 495 2347 a
545 2295 850 2365 Magnerico
899 2297 1253 2354 Treverorum
1300 2301 1550 2370 episcopo
1583 2313 1609 2339 ἰ
1640 2304 1708 2359 de
1763 2319 1917 2360 sacro

327 2384 480 2440 fonte
505 2397 810 2455 susceptus,
836 2389 1243 2447 Theodobertus
1271 2401 1356 2447 est
1385 2394 1646 2451 vocitatus
1679 2414 1690 2448 :
1719 2397 1784 2450 de
1811 2412 1917 2467 quo

333 2484 539 2532 tantum
564 2480 812 2548 gaudium
839 2481 1270 2540 Guntchramnus
1293 2501 1388 2540 rex
1423 2485 1625 2553 habuit,
1658 2496 1714 2542 ut
1736 2491 1916 2545 statim

329 2570 361 2624 Ι.
384 2580 535 2640 gatos
564 2574 822 2644 dirigens,
861 2577 1028 2631 multa
1057 2579 1106 2632 ei
1139 2595 1358 2634 munera
1391 2583 1804 2650 transmitteret,
1838 2583 1918 2639 di-

330 2676 460 2715 cens
494 2680 507 2715 :
539 2663 641 2717 Per
670 2664 812 2720 hunc
832 2667 972 2721 enim
1023 2668 1160 2724 Deus
1201 2671 1410 2739 erigere
1459 2672 1783 2728 Francorum
1827 2690 1916 2730 re-

263 2745 268 2750 ’
327 2770 492 2828 gnum
539 2762 748 2830 propria
777 2762 1072 2832 majestatis
1110 2780 1221 2821 suae
1270 2768 1468 2836 pietate
1510 2770 1842 2840 dignabitur,
1869 2771 1916 2826 si

335 2853 461 2907 huic
489 2865 657 2922 pater,
687 2866 778 2910 aut
806 2858 920 2926 ipse
947 2859 1139 2914 vixerit
1167 2862 1324 2929 patri.

406 2945 691 3001 XXXVIII.
724 2950 878 3005 Anno
907 2950 1135 3021 denique
1187 2955 1469 3010 undecimo
1507 2957 1655 3027 regni
1702 2957 1918 3015 Childe-

333 3040 471 3095 herti
499 3042 662 3112 regis,
695 3044 850 3112 legati
883 3045 1073 3100 iterum
1103 3046 1169 3102 de
1199 3047 1464 3118 Ilispaniis
1497 3059 1783 3117 venerunt,
1820 3068 1916 3121 pa-

2020 1853 2140 1907 tuit.
2178 1854 2301 1907 Erat
2331 1853 2472 1908 enim
2507 1853 2758 1908 ineffabili
2789 1854 3018 1918 malitia;
3071 1867 3190 1906 nam
3229 1852 3448 1921 8rpltl8"
3481 1851 3603 1907 viris

2017 1947 2194 1999 omnia
2237 1946 2483 2013 pudenda
2527 1959 2650 1998 cum
2688 1945 2823 2012 ipsis
2870 1943 3069 1998 ventris
3117 1943 3351 2010 pellibus
3401 1943 3602 2007 incidit,

2019 2034 2234 2091 feminis
2264 2035 2553 2090 secretiora
2583 2034 2823 2104 corporis
2851 2035 2963 2088 loca
3007 2033 3216 2088 laminis
3245 2033 3602 2088 candentibus

2021 2130 2274 2198 perussit,
2307 2128 2399 2182 sed
2432 2136 2486 2182 et
2513 2128 2676 2180 multa
2707 2127 2807 2180 alia
2837 2126 3014 2196 inique
3043 2127 3225 2196 gessit,
3275 2141 3402 2193 quae
3434 2138 3603 2181 lact-re

2019 2221 2214 2276 melius
2247 2221 2448 2289 putavi.
2479 2221 2620 2274 Obiit
2660 2228 2714 2273 et
2742 2217 3018 2275 Sahaudus
3045 2217 3073 2253 ά
3107 2218 3446 2272 Arelatensis
3491 2218 3602 2286 epi-

2019 2327 2237 2379 scopus,
2262 2311 2313 2363 in
2341 2310 2491 2377 cujus
2547 2309 2722 2364 locum
2773 2307 2932 2379 411
2983 2306 3219 2362 Licerius
3247 2309 3395 2378 regis
3443 2307 3602 2362 Gunt-

2019 2403 2262 2460 chramni
2311 2402 2702 2458 referendarius
2729 2412 2811 2457 eSt
2847 2402 3066 2457 ascitus.
3095 2400 3291 2456 Gravis
3323 2411 3448 2455 tunc
3479 2401 3602 2455 Pro-

2021 2497 2250 2550 vinciam
2282 2496 2451 2565 ipsam
2480 2494 2596 2549 lues
2615 2495 2932 2564 depopulata
2963 2504 3066 2550 est.
3096 2494 3236 2549 Obiit
3266 2507 3326 2548 et
3350 2494 3601 2549 Evantius

2022 2587 2340 2642 Viennensis
2359 2587 2640 2656 episcopus
2667 2595 2714 2651 θ,
2745 2587 2795 2640 in
2820 2586 2970 2655 cujus
2995 2586 3175 2641 sedem
3202 2586 3362 2640 Virus
3393 2587 3601 2656 presby-

2022 2690 2104 2735 ter
2125 2680 2193 2734 de
2219 2679 2554 2735 senatoribus
2577 2691 2701 2748 rege
2720 2678 2948 2749 eligeute
2967 2678 3329 2732 substituitur.
3354 2678 3599 2747 Multique

2020 2787 2086 2828 eo
2115 2787 2258 2827 anno
2300 2772 2636 2827 sacerdotum
2685 2787 2747 2826 ex
2799 2771 2900 2826 hoc
2947 2772 3146 2825 mundo
3189 2771 3595 2841 migraverunt:

2021 2862 2160 2934 qttod
2194 2863 2469 2930 praeterire
2494 2862 2631 2916 volui
2664 2861 2680 2898 ί
2694 2903 2710 2927 ,
2741 2876 2806 2914 eo
2835 2861 2977 2928 quod
2999 2862 3370 2932 unusquisque
3400 2863 3449 2916 in
3478 2861 3598 2916 urbe

2021 2969 2116 3009 sua
2146 2956 2228 3009 sui
2260 2946 2534 3022 reliquerit
2565 2963 2907 3008 momtnenta.

2093 3046 2208 3100 XL.
2239 3046 2359 3100 Fuit
2387 3056 2562 3100 autem
2587 3053 2641 3099 et
2671 3047 2721 3100 in
2752 3047 2885 3100 urbe
2915 3044 3178 3100 Turonica
3208 3045 3456 3116 Pelagius
3483 3044 3596 3112 qui-

332 3150 452 3187 cem
495 3144 737 3204 petentes
769 3154 781 3189 :
809 3138 904 3192 sed
951 3139 1081 3194 nihil
1131 3140 1262 3195 certi
1301 3143 1635 3206 obtinentes.
1682 3144 1990 3218 regressiC
2021 3143 2164 3208 dam,
2192 3140 2244 3194 in
2274 3139 2420 3194 omni
2469 3138 2669 3192 malitia
2719 3137 3061 3200 exercitatus,
3115 3137 3327 3192 nullum
3374 3136 3595 3205 judicem

327 3237 471 3281 sunt.
522 3227 847 3285 Richaredus
890 3241 1100 3296 autem,
1150 3234 1288 3290 filius
1339 3235 1697 3305 Lenvicltiltli,
1747 3255 1916 3308 usuue

331 3322 632 3378 Narbonam
663 3323 828 3395 410
856 3325 1020 3392 venit,
1049 3337 1103 3380 et
1132 3327 1270 3380 intra
1303 3329 1586 3385 terminum
1617 3332 1912 3391 Galliarum

333 3414 698 3482 praedas-egit,
729 3425 783 3469 et
811 3415 946 3469 t-lam
978 3431 1254 3485 regressus
1279 3422 1378 3473 est.

406 3503 651 3559 XXXIX.
684 3505 761 3560 Eo
788 3506 815 3546 ι’
845 3521 987 3560 anno
1036 3509 1187 3563 multi
1228 3509 1598 3578 episcoporum
1642 3511 1911 3571 obierunt.

334 3594 662 3664 Batlegisilus
684 3612 815 3652 vero
830 3596 1300 3654 Cenomannorum
1323 3604 1625 3674 episcopus,
1655 3608 1736 3661 vir
1760 3609 1916 3665 valde

333 3699 506 3739 smvus
533 3685 582 3739 in
617 3687 831 3756 populo,
864 3689 1118 3744 auferens
1147 3690 1258 3745 sive
1288 3692 1541 3760 diripiens
1586 3695 1783 3763 injuste
1828 3713 1916 3754 res

333 3776 666 3832 diversorum
699 3797 711 3832 :
740 3779 806 3834 ad
835 3781 988 3848 cujus
1015 3784 1246 3837 animum
1278 3785 1526 3840 acerbum
1556 3800 1715 3856 atque
1741 3791 1916 3845 immi-

337 3875 442 3922 tem
471 3869 662 3938 conjttx
693 3885 996 3929 accesserat
1021 3876 1230 3941 saevior,
1262 3891 1380 3945 qum
1412 3878 1558 3931 illum
1593 3881 1642 3933 in
1671 3884 1918 3936 commit-

338 3963 512 4015 tendis
541 3963 854 4030 sceleribus,
902 3967 1243 4037 nequissimis
1292 3971 1499 4025 consilii
1525 3972 1754 4029 stimulis
1795 3990 1916 4045 pcr-

333 4054 576 4122 nrgebat.
607 4055 717 4111 Nec
738 4059 1038 4126 prasteribat
1085 4061 1217 4124 dies,
1260 4071 1350 4116 aut
1366 4074 1694 4119 momentum
1719 4067 1907 4136 ullum,

334 4147 388 4200 in
419 4163 522 4205 uno
551 4163 657 4204 non
689 4157 780 4204 aut
809 4149 859 4204 in
887 4151 1074 4218 spoliis
1105 4152 1323 4217 civium,
1355 4167 1444 4208 aut
1474 4153 1526 4209 in
1573 4157 1796 4212 diversis
1839 4158 1917 4213 al-

2021 3244 2284 3296 metuens,
2319 3244 2415 3297 pro
2451 3245 2518 3285 eo
2546 3230 2687 3299 quod
2716 3228 3079 3297 iumentorum
3112 3229 3378 3283 fiscalium
3425 3237 3596 3281 custo-

2018 3323 2114 3379 des
2136 3323 2234 3376 sub
2261 3324 2379 3390 ejus
2409 3328 2668 3389 potestate
2697 3320 3075 3374 consisterent.
3107 3320 3186 3373 0b
3218 3319 3323 3374 hoc
3345 3317 3497 3380 furta,
3517 3330 3593 3371 su-

2020 3424 2271 3482 perventa
2302 3423 2350 3477 8,
2384 3412 2746 3479 pervasiones,
2795 3411 2992 3477 caedes,
3025 3411 3347 3479 diversaque
3376 3411 3589 3477 scelera,

2019 3516 2127 3561 tam
2161 3507 2213 3559 in
2243 3505 2554 3559 ﬂuminibus
2583 3517 2741 3571 quam
2769 3502 2820 3555 in
2866 3502 3044 3568 terris,
3075 3509 3233 3571 agere
3281 3517 3389 3557 non
3419 3516 3589 3556 cessa-

2020 3596 2132 3651 bat.
2161 3596 2291 3650 Nam
2324 3595 2638 3664 plerumque
2663 3591 3004 3654 arcessitum,
3050 3602 3104 3646 et
3133 3592 3434 3658 minacibus
3461 3591 3588 3643 lent-

2019 3690 2223 3759 basque
2253 3687 2448 3751 verbis,
2483 3696 2539 3741 ttt
2580 3685 2648 3738 ab
2693 3684 2791 3737 bac
2837 3683 3036 3738 malitia
3066 3682 3375 3746 desisteret,
3421 3681 3590 3751 prohi-

2019 3780 2147 3835 bere
2175 3778 2317 3833 volui
2352 3795 2366 3833 :
2398 3778 2489 3832 sed
2521 3776 2689 3846 magis
2716 3774 2835 3828 odia
2879 3785 3036 3843 quam
3085 3773 3321 3842 aliquem
3375 3773 3587 3826 fructum

2015 3873 2238 3944 justitiae
2259 3872 2328 3926 ab
2353 3885 2418 3926 eo
2453 3870 2656 3939 recepi,
2700 3868 2851 3937 juxta
2894 3867 3026 3921 illud
3072 3866 3460 3922 Salomoniacaa
3499 3864 3588 3915 Sac

2020 3966 2235 4034 pientitn
2266 3960 2600 4031 proverbium
2635 3975 2649 4014 :
2681 3958 2852 4028 Argue
2879 3959 3113 4022 stultum,
3143 3955 3354 4025 adjiciat
3383 3955 3518 4010 odire
3543 3961 3587 4004 te

2021 4057 2201 4128 (Prov.
2234 4071 2305 4124 tx,
2339 4054 2416 4124 8).
2450 4053 2580 4108 Nam
2613 4061 2814 4107 tantum
2847 4050 2898 4105 in
2928 4065 3012 4104 me
3043 4050 3220 4104 odium
3247 4051 3408 4104 miser
3437 4045 3586 4099 habes

2021 4151 2132 4213 bat,
2166 4157 2223 4202 ut
2262 4148 2458 4214 smpius
2488 4142 2729 4214 spoliatis
2757 4144 3018 4210 canisque
3066 4141 3370 4195 hominibus
3399 4145 3584 4193 saneta:

334 4239 713 4294 tercattonibus
749 4252 1100 4309 grassaretur.
1135 4244 1382 4310 Quotidie
1408 4255 1586 4301 autem
1613 4262 1732 4302 cum
1775 4249 1922 4318 judi-
2018 4243 2280 4306 ecclesiae,
2309 4239 2582 4294 exanimes
2609 4237 2902 4306 reliquerit,
2949 4247 3140 4289 causas
3165 4233 3395 4301 qualiter
3419 4225 3582 4282 eccle-

332 4330 485 4386 cibus
506 4346 692 4388 causas
723 4334 1020 4400 discutere,
1065 4338 1280 4393 militias
1306 4340 1592 4394 saeculares
1637 4355 1916 4399 exercere.

333 4424 530 4479 servire
556 4424 610 4480 in
652 4427 808 4489 alios,
838 4427 973 4482 alios
1011 4428 1247 4482 cmdibus
1290 4439 1448 4499 agere
1493 4446 1597 4486 non
1648 4433 1916 4502 cessabat,

2019 4334 2113 4388 site
2147 4334 2227 4387 vel
2283 4330 2520 4386 basilica:
2565 4330 2736 4385 sancti
2779 4327 2986 4382 Martini
3033 4326 3228 4378 damna
3279 4318 3581 4377 intenderet,

2019 4424 2316 4494 inquirens.
2350 4422 2503 4479 Unde
2532 4421 2729 4475 factum
2758 4427 2870 4488 est,
2900 4428 2956 4472 ut
2984 4417 3209 4487 quadam
3241 4415 3355 4469 vice
3384 4408 3585 4465 venien-

404 4593 430 4619 α
459 4581 664 4656 Colitur
690 4586 776 4640 die
801 4584 874 4640 25
901 4586 1023 4639 Julii
1048 4602 1063 4650 ;
1104 4587 1343 4656 sepultus
1371 4595 1453 4640 est
1483 4586 1534 4640 in
1581 4587 1909 4642 monasterio
1937 4587 1986 4649 Ι)
2015 4597 2110 4655 per
2142 4585 2302 4638 fluvio
2321 4581 2445 4634 Cala
2478 4578 2713 4656 dimisit,
2745 4556 3218 4656 rogansabbatetn
3243 4560 3582 4656 illttslri‘s,_l_gfj

335 4653 502 4704 sant-ti
536 4654 766 4717 Martini,
797 4671 825 4707 a
857 4657 1032 4722 seipso
1081 4653 1315 4718 condito,
1365 4659 1503 4724 quod
1559 4660 1718 4711 etiam
1769 4673 1910 4712 nunc

334 4730 509 4796 e_\_stat
540 4724 637 4775 sub
666 4725 853 4796 ordine
876 4725 1246 4796 Benedictino.
1299 4728 1423 4794 Ejus
1479 4727 1645 4780 Vitam
1696 4729 1912 4796 scripsit

335 4791 632 4864 libervintts
661 4794 845 4864 abbas,
875 4794 1116 4864 laudatur
1138 4813 1166 4848 ει
1203 4791 1492 4852 Fortunato
1515 4798 1607 4852 lib.
1638 4815 1714 4864 IIl,
1739 4791 1910 4854 carm.

335 4862 426 4925 Il,
454 4871 508 4916 et
535 4863 730 4930 passim
757 4880 786 4915 a
811 4874 995 4918 nostro
1021 4862 1296 4930 Gregorio.

411 4931 580 5005 {Hoc
623 4943 781 5005 caput
827 4949 960 5005 cum_
997 4944 1223 5005 quatuor
1265 4936 1609 5005 sequentibus
1659 4939 1810 4992 deest
1856 4938 1906 4994 in

333 5001 487 5058 (Zolh.
519 5019 571 5060 a.
603 5013 656 5058 et
682 5000 802 5075 Vat.
835 5004 908 5057 De
934 5002 1239 5075 Ba‘degesllo
1269 5000 1427 5070 supra
1459 5008 1551 5061 lib.
1588 5023 1662 5073 vt,
1696 5023 1812 5073 cap.
1841 5009 1904 5075 9;

335 5075 650 5144 subscripsit
679 5074 921 5144 Concilio
956 5072 1340 5128 villatisconensi
1371 5091 1429 5140 tt,
1459 5092 1599 5130 anno
1629 5072 1753 5133 585.
1781 5072 1909 5133 Con-

336 5140 426 5216 jttx
455 5140 568 5216 ejus
597 5143 1279 5216 Magnatrtnlisiappellatur
1309 5144 1438 5216 infra
1459 5179 1473 5202 .
1497 5146 1584 5200 lib.
1624 5163 1679 5211 x,
1706 5164 1823 5216 cap.
1850 5151 1905 5204 5.

388 5213 750 5284 istinguendus
777 5225 860 5270 est
888 5230 916 5268 a
965 5215 1311 5284 Berto-gesilo,
1339 5214 1427 5283 qui
1455 5217 1695 5272 eamdem
1727 5213 1908 5274 sedem

340 5280 420 5333 his
448 5280 657 5356 invasit,
690 5295 747 5338 ut
797 5288 847 5341 in
887 5280 1230 5340 Testamento
1259 5280 1368 5339 suo'
1394 5288 1737 5356 conqueritur
1786 5305 1911 5344 san-

335 5365 454 5406 ctus
484 5353 844 5408 Bertramnus.

411 5433 434 5460 ο
457 5422 595 5494 ΑΕῙιιδ
627 5425 754 5494 facta
784 5425 1041 5480 habentur
1073 5436 1216 5480 tonio
1246 5424 1309 5479 III
1340 5426 1582 5480 Analect.
1613 5427 1907 5494 Mabillon.,

335 5491 424 5545 ubi
455 5492 1058 5568 ipsiusTestatneututtt,
1100 5513 1206 5565 quo
1253 5500 1389 5550 inter
1433 5497 1534 5568 alia
1583 5500 1743 5568 multa
1789 5491 1908 5568 quas

335 5564 498 5618 vanis
527 5563 1030 5634 ecclesiisdonavit,
1065 5563 1292 5620 basilica:
1323 5567 1460 5620 beati
1499 5566 1781 5634 Viuccntii,
1807 5563 1902 5624 'ubi

335 5650 528 5699 corpus
559 5634 695 5686 beati
743 5633 1014 5697 Germani,
1045 5650 1073 5686 a
1103 5649 1207 5701 quo
1251 5639 1512 5689 enutritus
1568 5637 1766 5699 fuerat,
1815 5654 1900 5692 re-

337 5705 583 5772 quiescit,
623 5705 797 5760 villam
831 5703 1044 5759 Bobanc
1071 5705 1122 5758 in
1154 5707 1424 5762 territorio
1470 5709 1771 5778 Stautpcnsi
1813 5727 1899 5764 su-

2015 4637 2188 4718 illins,
2220 4637 2288 4707 ut
2307 4666 2497 4706 nomen
2527 4651 2642 4717 ejus
2671 4637 2721 4701 in
2755 4637 2894 4718 libro
2917 4644 3053 4718 vitze
3089 4643 3364 4718 recitetur.
3400 4637 3581 4718 jﬂfijs

2015 4707 2260 4781 conciiiis
2292 4707 2573 4776 interfuit.-
2588 4719 2803 4772 Festum
2830 4716 2945 4785 ejus
2976 4715 3281 4785 celebratur
3322 4713 3372 4765 itt
3399 4707 3580 4785 blarty‘

2017 4778 2428 4851 rolaGallicano
2465 4789 2645 4864 dieAIll
2703 4778 3180 4864 Non_.'_lt‘ebruarii.
3216 4785 3289 4838 De
3316 4795 3381 4835 eo
3424 4778 3579 4842 Pape-

2017 4866 2268 4922 brochius
2294 4866 2358 4918 ad
2387 4863 2528 4917 diem
2559 4861 2592 4916 6
2618 4858 2761 4912 Junii
2796 4856 3143 4911 Bollandiaiti.

2090 4911 2358 5003 $631166
2381 4911 2537 5003 alii}.
2567 4911 2765 5003 tv,
2791 4942 2912 5003 cap.
3078 4924 3272 5003 dicitur
3300 4911 3574 5003 vplgoSf:

2015 5010 2239 5078 pandas.
2273 4993 2467 5078 Variis:
2487 4993 3045 5078 CODCIIIISJVIIIIefru-i},
3189 4993 3573 5078 ViFaT§?'ﬂl"I:T

2017 5052 2257 5132 esse:
2289 5052 2942 5144 I’elagiovpapaobtinuit.
2981 5052 3056 5120 De
3081 5065 3291 5120 Licerio
3331 5057 3459 5114 infra
3489 5052 3573 5105 lib.

2013 5162 2091 5214 lx,
2120 5163 2237 5216 cap.
2266 5145 2355 5201 25.
2505 5213 2517 5217 _
2630 5210 2641 5217 _
2715 5211 2726 5217 _
2802 5209 2833 5217 Α
3004 5207 3050 5217 __
3099 5206 3126 5217 ν,
3355 5215 3360 5217 _
3444 5190 3568 5217 ευ,

2089 5195 2091 5207 .
2120 5163 2237 5216 cap.
2266 5163 2355 5201 ιο.
3115 5206 3126 5217 .
3555 5201 3568 5215 .

2089 5228 2112 5256 ε
2143 5219 2394 5273 Etantius
2439 5210 2754 5280 subscripsit
2795 5209 2959 5265 Cone.
3004 5207 3210 5280 Matisc.
3237 5219 3275 5273 ι,
3306 5190 3568 5280 an.__5_§_l_.

2017 5267 2184 5359 Lugd:
2443 5282 2576 5348 583;
2624 5267 2832 5359 Valent.
2869 5293 2924 5345 n,
2966 5293 3054 5359 an:
3107 5267 3352 5359 §84:;el_

2387 5341 2600 5409 Festum
2645 5352 2762 5422 ejus
2809 5341 3047 5405 nonnulli
3088 5347 3176 5402 die
3225 5346 3290 5400 I3
3329 5341 3567 5397 δυηιιιιτη,

2014 5431 2103 5484 alii
2133 5431 2166 5485 ὅ
2197 5428 2378 5495 1·ἐ1›ι·.,
2411 5425 2672 5480 recolunt.

2090 5498 2107 5536 τ
2133 5500 2345 5578 licng
2370 5496 2532 5578 nolui.

2081 5579 2107 5616 ⁸
2133 5542 2558 5650 Ῐίινῖξίξ’τξξ)ἶῖιξς
2576 5605 2591 5633 ,
2618 5579 2713 5621 seu
2761 5561 3042 5619 violentias
3073 5559 3373 5632 repentinas
3398 5552 3448 5603 ct
3475 5542 3565 5596 itu-

2007 5654 2277 5709 pramsas.
