1987 3087
125 142 176 168 £77

593 145 752 173 HISTORIA
774 145 995 174 FRANCORUM.
1019 145 1120 174 LIBER
1141 144 1312 173 OCTAVUS.

1710 147 1763 176 478

124 205 164 228 tes
181 202 302 228 homines
313 206 430 235 nostras,
445 206 524 237 atque
536 203 660 230 cchinum
674 203 700 229 in
713 202 782 229 vasis
792 202 915 229 deicrcn-
929 205 954 233 Δ
970 202 1086 238 migisilo
1099 210 1204 237 quoque
1225 207 1323 230 metum
1347 202 1451 235 intulit,
1474 203 1520 230 scd
1547 204 1699 238 pacificatus
1721 211 1763 234 est

124 252 164 274 tes
177 247 303 279 caderet,
321 252 480 282 protereret,
496 248 608 283 ipsaque
621 255 683 275 vasa
697 253 816 282 caperet.
838 247 916 281 Quod

123 294 221 321 factum
234 301 294 320 cum
310 294 512 328 comperissem,
535 302 598 321 eum
614 302 629 321 a
642 295 830 321 communione
858 301 918 320 sus-

123 339 215 374 pendi.
229 347 282 366 non
296 340 372 374 quasi
388 340 458 366 ullor
472 339 577 374 injuriae
592 347 670 371 metu,
686 340 733 366 sed
759 344 790 366 ut
814 339 918 366 facilius

121 393 184 412 eum
200 385 235 411 ab
250 385 300 412 hac
316 385 420 412 insania
444 385 585 413 redderem
611 379 792 412 emendatum.
816 385 851 412 At
874 385 918 411 ille

121 430 218 457 electis
232 430 374 457 duodecim
388 430 461 462 viris,
484 434 510 458 ut
538 430 588 457 hoc
601 430 689 458 scelus
704 429 848 465 pcjeraret,
871 429 919 456 ad-

123 478 206 504 reuit.
223 477 276 504 Sed
292 484 353 504 cum
364 484 414 511 ego
428 476 528 503 nullum
542 477 639 503 vellem
653 481 849 504 sacramentum
863 483 919 502 sus-

121 524 225 557 cipere,
239 519 393 556 compulsus
408 523 442 548 ab
455 530 500 555 eo,
516 523 556 549 vel
571 530 586 549 a
601 523 705 550 civibus
719 522 828 554 nostris,
841 529 919 548 amo-

123 570 157 595 tis
187 568 321 602 reliquis,
344 567 428 602 ipsius
457 572 558 595 tantum
583 567 764 602 juramentum
793 568 917 600 suscepi,

81 619 85 623 '
121 614 242 649 jussique
256 621 317 640 eum
333 613 417 647 recipi
441 613 468 640 in
489 612 716 640 communionem.
742 613 806 639 Erat
829 617 918 639 autem

121 668 155 686 eo
170 663 292 693 tempore
306 659 407 685 mensis
420 658 530 692 primus.
545 657 710 685 Adveniente
723 662 812 684 autem
827 664 918 685 mense

122 706 228 740 quinto,
244 712 297 739 quo
312 708 386 739 prata
401 705 487 732 secari
502 704 600 736 solent,
616 709 719 738 pratum
730 704 920 734 Sanctimonia-

122 752 198 783 lium,
212 751 284 785 quod
301 751 415 777 termino
430 750 495 783 prati
510 750 551 777 sui
565 749 729 781 adhaerebat,
743 749 876 780 pervadit.
891 749 918 777 In

122 805 176 832 quo
189 795 282 824 statim
299 800 328 823 ut
343 795 437 823 falcem
448 796 532 828 misit,
549 796 623 823 febre
639 800 790 829 correptus,
804 795 849 823 die
863 799 918 824 ter-

124 843 159 869 tia
175 842 301 877 spiritum
315 841 460 869 exhalavit.
482 841 645 875 Deposuerat
660 841 732 869 enim
754 841 804 868 sibi
828 842 919 875 sepul-

124 897 199 917 crum
224 889 250 916 in
276 888 385 924 basilica
411 889 494 915 sancti
522 888 626 915 Martini
653 888 705 915 vici
730 887 918 920 Condazensis.

124 936 207 971 5,12
224 935 296 970 quod
323 934 458 962 detectum
483 934 524 961 sui
551 939 577 962 et
592 934 759 961 Ieﬂ'ractum
785 933 812 960 in
836 932 919 960 frusta

125 983 275 1017 reperiunt.
293 981 338 1009 Sic
353 986 444 1016 postea
460 982 485 1008 in
502 981 606 1016 porticu
631 981 716 1016 ipsius
740 981 857 1008 basilicae
880 985 922 1008 est

124 1029 263 1062 sepultus;
282 1035 344 1054 vasa
358 1036 464 1062 quoque
477 1028 576 1060 echini,
593 1035 654 1062 quae
669 1027 844 1061 pejeraverat,
860 1032 922 1061 post

124 1074 226 1101 obitum
243 1073 314 1101 illius
328 1074 362 1101 ab
375 1073 434 1108 eius
447 1073 629 1108 promptuario
642 1078 704 1101 sunt
719 1073 817 1101 delata.
830 1073 919 1100 Mani-

125 1119 221 1147 festata
237 1124 280 1147 est
290 1124 379 1146 autent
394 1118 479 1146 virtus
490 1118 574 1146 beata:
588 1118 679 1146 Maria:
694 1118 720 1152 δ,
737 1119 763 1145 in
778 1118 856 1153 cujus
871 1118 920 1145 ba-

125 1166 200 1193 silica
216 1166 298 1192 miser
315 1169 512 1192 sacramentqu
528 1163 640 1199 protulit
653 1164 778 1192 mendax.

162 1211 234 1240 XLI.
250 1210 317 1238 Cum
333 1216 422 1239 autem
434 1219 481 1246 per
496 1215 579 1239 totam
595 1215 694 1238 terram
705 1218 788 1238 sonus
802 1211 848 1238 ille
862 1217 922 1244 per-

126 1260 248 1284 curreret
263 1256 450 1284 Prztextatum
461 1256 616 1291 episcopum
626 1264 640 1283 a
653 1256 828 1292 Fredegunde
839 1256 922 1284 fuisse

127 1303 309 1336 interfectum,
326 1302 369 1329 illa
384 1310 490 1338 quoque
504 1310 559 1338 quo
584 1302 689 1330 facilius
710 1302 894 1338 detergeremr
906 1310 926 1329 at

127 1348 254 1381 crimine,
264 1348 461 1383 apprehensum
474 1356 586 1383 puerum
599 1348 665 1376 cadi
683 1348 763 1383 jussit
778 1348 923 1376 vehemen-

128 1400 178 1424 ter.
191 1395 303 1423 dicens:
315 1395 354 1422 Tn
369 1396 419 1422 hoc
432 1395 627 1430 blasphemium
641 1403 722 1430 super
743 1402 786 1423 me
800 1395 921 1426 intulisti,

129 1448 157 1468 ut
171 1440 365 1468 Prmlextatum
379 1440 453 1468 urbis
464 1440 687 1476 Rothomagensis
697 1440 852 1476 episcopum
865 1441 922 1476 gla-

128 1487 173 1513 dio
187 1492 340 1521 appeteres.
355 1486 388 1513 Et
402 1486 510 1514 tradidit
520 1494 582 1514 eum
596 1486 684 1521 nepoti
701 1486 785 1521 ipsius
798 1486 922 1513 sacerdo-

129 1533 172 1558 tis.
186 1532 237 1564 Qui
253 1539 314 1559 cum
326 1538 388 1559 eum
404 1531 431 1558 in
441 1531 572 1565 supplicio
588 1531 730 1565 posuisset,
744 1538 850 1558 omnem
866 1538 925 1558 rem

129 1578 272 1605 evidenter
286 1578 400 1613 aperuit,
423 1577 596 1612 dixitquezA
618 1577 709 1612 regina
728 1577 800 1604 enim
822 1576 923 1604 Frede-

130 1624 220 1658 gunde
234 1630 342 1651 centum
357 1623 457 1651 solidos
470 1624 572 1657 accepi,
587 1627 616 1650 ut
630 1623 680 1650 hoc
693 1622 828 1655 facerem;
844 1630 858 1648 a
871 1622 925 1650 Me-

131 1670 215 1698 lantio
232 1678 296 1697 vero
309 1669 445 1705 episcopo,
460 1669 668 1705 quinquaginta;
685 1674 712 1697 et
734 1670 767 1696 ab
790 1668 925 1697 archidia-

131 1724 200 1744 cnno
210 1717 337 1751 civitatis,
349 1717 416 1744 alios
430 1715 637 1751 quinquaginta;
654 1716 763 1750 insuper
776 1719 804 1743 et
814 1715 923 1749 promis-

132 1770 191 1789 sum
206 1762 298 1795 habui,
313 1766 342 1789 ut
356 1762 486 1797 ingenuus
503 1761 606 1795 fierem,
622 1762 692 1789 sicut
715 1765 743 1788 ct
764 1768 833 1788 uxor
854 1767 923 1788 mea.

132 1808 159 1834 In
176 1809 226 1835 hac
241 1815 305 1836 voce
320 1808 402 1838 illius.
418 1807 559 1842 evaginato
582 1807 662 1834 homo
677 1806 720 1834 ille
741 1806 831 1841 gladio
853 1813 924 1841 pra:-

133 1853 232 1881 dictum
248 1862 321 1882 reum
347 1855 372 1882 in
397 1854 481 1882 frusta
502 1853 628 1881 concidit.
653 1853 838 1888 Fredegundis
862 1860 925 1880 vero

133 1899 296 1932 Mclantinm,
311 1907 389 1934 quem
412 1899 485 1935 prius
499 1900 654 1934 episcopum
677 1902 813 1933 posuerat,
837 1898 927 1925 eccle-

134 1952 181 1971 βίω
198 1944 319 1971 instituit.

170 1988 249 2016 XLII.
269 1989 361 2016 Duma
381 1988 557 2024 Fredegunde
578 1989 746 2024 Beppolenus
770 1989 823 2016 dux
850 1989 927 2017 valde

134 2035 302 2069 fatigaretur,
312 2041 362 2062 nec
375 2035 451 2069 juxta
464 2042 604 2069 personam
620 2042 696 2062 suam
710 2035 735 2062 ei
753 2035 839 2062 honor
849 2035 926 2063 dehi-

135 2084 176 2107 ωε
190 2080 402 2114 impenderetur,
416 2087 529 2107 cernens
540 2087 569 2107 se
580 2080 694 2115 despici,
708 2081 742 2107 ad
753 2080 928 2108 Guntchram-

135 2132 302 2159 num.regem
318 2125 392 2153 abiit.
407 2125 428 2152 A
444 2131 496 2160 quo
521 2128 629 2160 accepta
657 2130 790 2160 potestate
812 2126 926 2154 ducatus

135 2178 215 2205 super
229 2171 352 2199 civitates
366 2172 423 2199 illas
434 2192 441 2205 ,
458 2180 517 2206 qua:
531 2172 564 2199 ad
580 2171 765 2200 Chlotltarium
782 2173 926 2208 Chilperici

135 2217 205 2251 regis
221 2217 303 2244 filium
319 2218 495 2252 pertinebant,
508 2225 568 2245 cum
583 2226 677 2253 magna
689 2219 806 2253 potentia
820 2219 923 2254 pergit;

136 2262 182 2289 sed
197 2269 213 2289 a
228 2262 389 2290 Bhedonicis
404 2270 456 2290 non
471 2268 513 2290 est
528 2267 662 2297 receptus.
683 2264 835 2298 Andegavis
860 2272 924 2292 vero

137 2308 257 2342 veniens,
274 2309 355 2336 multa
370 2309 439 2336 mala
453 2309 551 2336 ibidem
567 2310 661 2344 gessit,
682 2310 719 2336 ita
738 2315 769 2337 ut
791 2317 923 2344 annonas,

136 2356 248 2389 fmnum,
260 2355 365 2388 vinum,
379 2359 407 2383 et
418 2355 545 2391 quidquid
559 2356 679 2390 reperire
692 2356 822 2390 potuisset
837 2356 863 2383 in
876 2356 924 2384 do-

137 2401 223 2428 mibus
241 2402 338 2429 civium
356 2401 388 2429 ad
413 2409 480 2436 quas
501 2405 662 2434 accesserat,
691 2409 740 2430 nec
765 2403 925 2437 exspectatis

135 2448 265 2481 clavibus,
281 2446 409 2483 disruptis
432 2447 509 2475 ostiis
530 2447 696 2480 devastaret;
720 2448 870 2483 multosque
891 2448 925 2476 de

136 2493 332 2522 habitatoribus
345 2494 394 2522 loci
417 2494 536 2521 caedibus
550 2493 846 2530 aﬂecitprotrivitque;
870 2494 923 2522 Do«

168 2561 182 2598 ξ
200 2561 304 2598 Regm.,
318 2562 452 2598 detectum,
465 2562 516 2590 u've
529 2561 675 2596 effractum.

172 2596 187 2617 δ
201 2596 277 2630 Bal,
291 2601 371 2625 sancti
387 2597 504 2624 Martini.

173 2638 186 2652 ε
201 2633 276 2660 Colb.
293 2641 330 2660 m.
344 2639 372 2660 et
394 2633 499 2667 Hegm.,
524 2632 630 2659 trirtico.
653 2631 715 2659 Bec.
742 2632 806 2659 nihil
832 2632 923 2660 habet.

134 2669 254 2702 Tristega
278 2673 341 2696 sunt
352 2668 462 2696 atdilicia
479 2670 505 2695 in
519 2673 573 2696 tres
592 2667 805 2701 contignationes
827 2668 924 2696 distin-

133 2709 195 2736 cta;
208 2703 336 2739 pulpitum
350 2712 414 2731 vero
424 2708 465 2730 est
478 2704 584 2739 culmen
600 2702 671 2739 tecti.

171 2737 399 2767 ‘SubVChlotarii
421 2739 429 2766 i
447 2738 508 2766 [iliis
528 2737 666 2765 Provincia
693 2737 719 2764 in
738 2737 805 2765 duas
833 2742 923 2772 partes

133 2775 219 2802 divisa
230 2779 281 2802 est.
297 2775 353 2802 Una
368 2775 532 2801 Arelatensis
544 2773 684 2801 Provincia
699 2772 780 2804 dicta,
801 2774 851 2800 sub
864 2781 917 2808 qua

133 2810 284 2842 Arelatum,
296 2810 364 2843 Iteii,
372 2814 435 2841 etc.,
443 2809 609 2837 Guntratnno
620 2808 716 2839 cessit;
727 2808 850 2841 alteram.
860 2816 920 2843 quat

134 2845 307 2873 Massiliensis
322 2845 460 2873 Provinci:
476 2845 626 2873 dicabatur.
634 2843 786 2875 Massiliam,
803 2843 920 2871 Avcnio—

135 2889 208 2915 nam,
219 2882 308 2916 Aquas
319 2880 423 2910 Sextias
440 2885 467 2909 et
483 2880 535 2909 alia
548 2880 643 2915 oppida
658 2879 708 2906 sub
719 2886 749 2906 sc
764 2879 918 2913 habentem,

967 254 1028 277 cum
1043 257 1087 278 eo.
1100 249 1238 276 Accedens
1253 253 1342 275 autem
1358 249 1390 275 ad
1408 249 1511 280 urbem,
1530 249 1592 276 dum
1608 250 1764 283 epularetur

968 302 1029 322 cum
1043 294 1157 321 diversis
1172 294 1198 321 in
1214 294 1320 328 tristi-gn
1334 299 1358 327 ε,
1375 294 1464 321 subito
1477 294 1588 322 eifracto
1603 295 1704 329 pulpito
1714 296 1762 323 duo

969 346 1039 374 Inus,
1055 341 1097 367 vix
1112 340 1256 367 semivivus
1276 340 1371 372 evasit,
1386 340 1476 367 mullis
1498 340 1578 375 413
1605 341 1761 374 debilitatis,

969 386 995 413 in
1010 385 1111 413 eisdem
1124 385 1211 413 tamen
1220 386 1297 413 malis
1308 386 1455 421 perdurans
1466 394 1526 421 qua:
1546 388 1618 421 prius
1631 393 1761 421 gesserat.

969 432 1050 459 Multa
1067 438 1129 459 tunc
1143 437 1170 459 et
1186 432 1367 466 Fredegundis
1382 432 1408 458 in
1425 439 1507 466 regno
1523 432 1570 459 filii
1583 433 1623 459 sui
1635 431 1669 459 de
1683 432 1762 460 rebus

968 478 1026 513 ejus
1048 478 1155 505 evertit.
1172 477 1232 511 Ipse
1245 485 1350 513 quoque
1364 477 1396 504 ad
1414 477 1584 505 Rhedonicos
1599 478 1718 511 rediens,
1734 483 1762 505 et

968 530 1015 550 eos
1029 523 1084 558 regi
1097 522 1297 550 Gutitchramno
1311 523 1426 550 subdere
1441 523 1561 557 cupiens,
1586 523 1667 550 filium
1680 531 1759 550 suum

969 569 995 596 in
1013 568 1137 596 hocloco
1162 568 1279 602 reliquit.
1308 569 1357 602 Qui
1386 576 1440 595 non
1470 568 1553 595 multo
1580 568 1764 595 intercedente

970 619 1101 648 teutpore,
1113 614 1277 641 irruentibus
1288 613 1450 641 Rhedoniris
1462 613 1637 648 interemptus
1650 619 1691 640 est
1701 622 1763 641 cum

970 661 1060 687 multis
1078 660 1217 688 honoratis
1232 660 1306 687 viris.
1334 660 1390 687 Hoc
1406 668 1475 688 anno
1491 661 1574 688 multa
1589 661 1664 695 signa
1680 668 1763 695 appa-

970 713 1098 737 ruerunt:
1115 716 1285 736 nim‘mcnse
1293 710 1411 743 septimo
1422 708 1532 735 arbores
1548 709 1612 736 visae
1632 712 1693 735 sunt
1715 707 1765 734 ilo-

970 756 1072 786 ruisse',
1088 754 1134 782 sed
1151 759 1178 783 et
1202 755 1294 782 multae
1317 762 1377 789 quae
1403 755 1476 789 prius
1503 762 1581 789 poma
1604 754 1764 785 habuerant,

970 808 1041 828 nova
1057 801 1197 833 dederunt,
1214 808 1272 834 qua:
1288 808 1371 835 usque
1385 800 1417 828 ad
1433 801 1534 828 Nitalis
1549 801 1681 828 Dominici
1698 807 1765 828 tem-

971 855 1036 881 pora
1049 846 1075 874 in
1092 847 1156 880 ipsis
1170 846 1313 874 arboribus
1324 846 1421 873 habitae
1435 851 1508 874 sunt.
1531 847 1629 882 Fulgor
1644 854 1692 881 per
1711 854 1765 874 cce‘

936 883 959 915 Β
973 893 1025 919 lum
1037 892 1063 920 in
1080 892 1188 919 modum
1202 892 1333 927 serpentis
1348 892 1500 919 cucurrisse
1513 893 1588 919 visus
1604 897 1656 919 esl.

1007 937 1098 965 XLIII.
1117 938 1196 965 Anno
1208 945 1313 972 quoque
1326 937 1488 964 duodecimo
1501 937 1665 965 Childeberli
1681 937 1765 972 regis,

971 984 1088 1012 Nicetius
1103 986 1239 1011 Arvernus
1259 989 1346 1010 rector
1360 983 1533 1011 Massiliensis
1548 983 1694 1011 Provinciae
1709 982 1721 1002 ἀ
1738 988 1766 1012 et

971 1030 1132 1063 reliquarum
1146 1029 1263 1061 urbium,
1277 1035 1337 1063 qua:
1360 1028 1385 1055 in
1405 1028 1456 1055 illis
1470 1028 1590 1063 partibus
1603 1029 1636 1055 ad
1653 1036 1766 1063 regnum

971 1074 1044 1110 regis
1068 1073 1150 1108 ipsius
1175 1072 1357 1108 pertinebant,
1382 1077 1424 1100 est
1448 1073 1597 1101 ordinatus.
1628 1074 1767 1102 Aulestius

972 1129 1039 1149 vero
1064 1121 1090 1148 in
1114 1120 1259 1155 Andegavo
1281 1127 1296 1147 a
1321 1128 1384 1156 rege
1404 1120 1605 1148 Guntchramno
1630 1122 1766 1156 dirigitur,

973 1167 1062 1194 multis
1076 1166 1174 1194 ibidem
1190 1166 1294 1193 damnis
1318 1165 1441 1201 afliigcns
1463 1174 1529 1200 eos,
1555 1167 1600 1201 qui
1627 1168 1652 1194 in
1681 1171 1768 1194 morte

974 1212 1111 1239 Domnola'.
1121 1212 1213 1239 uxoris
1232 1210 1347 1239 Nectarii
1361 1212 1430 1238 misti
1451 1212 1575 1239 fuerunt:
1590 1218 1686 1247 resque
1702 1212 1768 1246 [lep-

974 1256 1064 1293 pole'ni
1085 1262 1110 1291 ο,
1126 1264 1159 1285 eo
1174 1257 1244 1292 quod
1261 1256 1340 1285 fuerit
1356 1257 1434 1292 hujus
1448 1263 1527 1293 caput
1541 1258 1663 1292 sceleris,
1681 1258 1708 1285 in
1724 1257 1768 1284 fis«

972 1310 1033 1330 cum
1048 1302 1186 1337 redigens,
1204 1302 1349 1330 Namnetas
1362 1302 1486 1333 accessit.
1501 1309 1533 1331 ac
1548 1302 1681 1330 lacessere
1697 1302 1767 1329 Non-

973 1348 1090 1376 nichintn
1104 1348 1257 1382 epistopum
1271 1348 1363 1382 erepit,
1379 1348 1471 1376 dicens
1484 1358 1490 1375 :
1504 1346 1569 1383 Quia
1584 1346 1652 1376 filius
1668 1353 1728 1376 tuus
1742 1349 1768 1376 in

974 1395 1025 1421 hoc
1044 1394 1162 1422 facinore
1180 1399 1222 1422 est
1240 1395 1382 1427 admistus,
1399 1399 1426 1422 ut
1439 1394 1533 1430 dignas
1549 1399 1596 1429 pro
1615 1395 1768 1422 commissis

974 1440 1031 1467 suis
1043 1447 1134 1474 lltBIlilS
1148 1440 1201 1466 luat
1216 1441 1340 1468 meritum
1354 1440 1447 1474 exigit.
1461 1441 1513 1468 Sed
1527 1447 1592 1475 puer
1605 1441 1769 1468 conscientia

974 1490 1118 1513 accusante
1137 1486 1255 1517 territus,
1275 1485 1308 1513 ad
1321 1486 1505 1513 Chlothar'ium
1526 1483 1609 1513 filium
1624 1485 1768 1521 Chilperici

975 1532 1088 1566 aufugit.
1116 1532 1254 1559 Antestius
1279 1538 1344 1558 vero
1367 1532 1485 1566 acceptis
1510 1531 1712 1566 Iidejussorihus
1735 1531 1769 1558 ab

938 1569 962 1603 C
976 1577 1113 1612 episcopo,
1137 1581 1165 1604 ut
1190 1577 1215 1603 in
1242 1576 1382 1611 praesentia
1406 1578 1476 1612 regis
1497 1577 1613 1611 adesset,
1636 1575 1770 1604 Sautonas

977 1624 1062 1651 Venit.
1077 1623 1165 1651 Sonus
1185 1628 1272 1650 autem
1285 1623 1326 1650 his
1340 1623 1435 1651 diebus
1455 1623 1567 1655 exierat,
1582 1623 1653 1657 quod
1666 1622 1767 1650 Frede-

977 1669 1074 1705 gundis
1092 1670 1211 1697 occultos
1232 1670 1258 1696 in
1271 1668 1410 1704 Hispanias
1432 1669 1543 1696 nuntios
1557 1669 1694 1703 dirigeret,
1710 1676 1771 1695 eos-

977 1716 1038 1743 dem
1063 1720 1078 1742 a
1095 1714 1211 1743 Palladio
1231 1714 1383 1742 Santonica:
1406 1715 1480 1742 urbis
1492 1714 1618 1749 episcopo
1632 1714 1700 1741 clam
1712 1721 1770 1741 sus-

977 1767 1086 1796 ceptos,
1103 1765 1131 1788 et
1159 1764 1266 1788 mantea
1286 1760 1455 1788 transmissos
1471 1761 1561 1788 fuisse.
1585 1759 1667 1787 Erant
1682 1764 1770 1788 autem

977 1811 1012 1834 eo
1028 1811 1150 1839 tempore
1165 1805 1222 1833 dies
1234 1805 1448 1841 Quadragesimae
1462 1810 1572 1838 sancte,
1588 1810 1614 1833 et
1629 1807 1771 1841 episcopus

978 1853 1005 1880 in
1021 1849 1133 1880 insulam
1145 1851 1227 1887 414.
1241 1852 1334 1884 maris,
1348 1851 1475 1880 orationis
1489 1860 1567 1880 causa
1581 1857 1731 1879 secesserat
1745 1852 1768 1879 ι.

978 1898 1129 1926 Secundum
1144 1897 1364 1925 consuetudinem
1380 1902 1483 1931 autem,
1499 1898 1562 1925 dum
1579 1898 1610 1926 ad
1625 1898 1771 1925 Dominica:

978 1945 1068 1972 Cmam
1088 1946 1152 1972 festa
1174 1944 1208 1971 ad
1230 1944 1371 1972 ecclesiam
1392 1952 1467 1971 suam
1484 1945 1581 1979 populo
1596 1949 1771 1979 exspectante

978 1991 1095 2024 rediret,
1115 1990 1150 2017 ab
1165 1990 1286 2018 Antestio
1309 1988 1335 2017 in
1350 1990 1393 2017 via
1408 1991 1531 2019 vallatur.
1543 1991 1592 2023 Qui
1614 1990 1705 2026 [Forte
1717 1990 1770 2025 cui!

979 2044 1028 2064 nec
1047 2036 1168 2063 discussa
1187 2036 1226 2063 rei
1247 2036 1360 2063 veritate
1378 2035 1484 2063 dicebat
1504 2044 1511 2064 :
1535 2036 1592 2063 Non
1613 2036 1771 2072 ingredieris

978 2083 1082 2116 urbem,
1098 2082 1144 2109 sed
1169 2082 1263 2110 exsilio
1286 2082 1517 2115 candemnaberis,
1544 2084 1604 2118 quia
1628 2084 1770 2118 suscepisti

980 2131 1087 2158 nuntios
1100 2131 1214 2159 inimica:
1226 2131 1326 2158 domini
1341 2131 1424 2159 nostri
1438 2132 1517 2166 regis.
1534 2133 1569 2159 At
1584 2132 1646 2159 ille:
1662 2131 1770 2165 Nescio,

978 2178 1025 2211 ait,
1037 2178 1100 2212 quid
1116 2177 1243 2213 loquaris.
1258 2178 1357 2216 Tamen
1372 2178 1432 2212 quia
1448 2178 1506 2205 dies
1519 2177 1603 2204 sancti
1617 2177 1772 2212 imminent,

978 2223 1136 2250 accedamus
1165 2223 1199 2250 ad
1231 2223 1335 2257 urbem,
1366 2223 1541 2258 decursisque
1571 2221 1774 2250 solemnitatun}

939 2257 963 2286 D
977 2274 1129 2297 sanctarum
1142 2268 1227 2303 festis,
1239 2274 1331 2303 postea
1348 2257 1512 2304 quaecunque
1522 2268 1638 2296 volueris
1652 2276 1770 2303 oppone,

977 2315 1107 2342 rationem
1122 2322 1137 2342 a
1155 2323 1198 2342 mc
1210 2314 1325 2350 accipies
1337 2315 1417 2353 :‘quia
1431 2314 1502 2349 quod
1515 2319 1622 2349 reputas
1636 2314 1702 2342 niihil
1714 2319 1769 2342 est.

975 2362 1010 2389 At
1025 2361 1068 2389 ille
1082 2371 1087 2388 :
1101 2361 1283 2396 Nequaquam,
1297 2361 1393 2396 inquit,
1408 2362 1455 2389 sed
1483 2369 1535 2389 non
1551 2362 1665 2397 attinges
1679 2361 1774 2389 limina

976 2407 1097 2434 ecclesia:
1111 2410 1174 2440 tuae,
1188 2406 1248 2441 quia
1262 2406 1379 2434 infidelis
1397 2407 1543 2442 apparuisti
1557 2406 1666 2435 domino
1679 2412 1776 2435 nostro
1818 2422 1820 2424 τ

976 2451 1044 2486 regi.
1068 2451 1136 2485 Quid
1158 2451 1251 2486 plura?
1271 2456 1377 2479 tenetur
1398 2451 1424 2479 in
1444 2453 1486 2479 via
1504 2452 1658 2487 episcopus,
1673 2452 1771 2480 domus

977 2497 1099 2525 ecclesiae
1113 2497 1284 2531 describitur,
1306 2504 1402 2533 resque
1423 2497 1597 2533 diripiuntur.
1613 2496 1693 2525 Cives
1707 2504 1770 2524 cum

975 2564 1130 2602 Sigibertus
1148 2564 1274 2602 obtinuit.
1304 2563 1407 2602 Prioris
1433 2568 1553 2602 rectores
1577 2562 1675 2602 sapius
1700 2562 1773 2602 apud

975 2597 1080 2627 vcieres
1105 2599 1247 2627 historicos
1271 2598 1375 2633 patricii
1408 2600 1599 2634 appellantur,
1622 2597 1773 2631 aliquando

975 2635 1055 2663 etiam
1069 2634 1162 2662 duces.
1184 2635 1344 2662 Posterioris
1358 2642 1423 2662 vero
1439 2634 1556 2669 praefecti
1575 2639 1767 2669 nonnunquam

977 2671 1079 2705 patricii
1093 2670 1156 2697 dicti
1169 2674 1246 2700 sunt;
1271 2670 1314 2697 hic
1326 2667 1446 2697 Nicetius
1451 2676 1541 2705 [actor
1554 2667 1716 2705 appellatur.

977 2702 984 2705 ’
1013 2710 1025 2724 °
1043 2705 1093 2733 Ed.
1109 2706 1222 2740 aliquot,
1240 2710 1269 2732 ut
1280 2712 1360 2740 supra
1376 2712 1434 2739 cap.
1450 2704 1495 2737 52,
1511 2703 1642 2730 Boboleui.
1660 2702 1772 2739 ltegm.,

975 2740 1117 2767 Bobellmi.

1001 2741 1117 2767 obellem'.

1013 2775 1022 2795 ί
1036 2776 1099 2803 Hice
1112 2779 1171 2803 erat
1184 2779 1337 2802 sanctorum
1352 2773 1471 2801 virorum
1480 2773 1658 2805 consuetudo,
1672 2776 1701 2800 ut
1715 2773 1772 2799 dic-

975 2811 1024 2839 bns
1034 2811 1250 2846 Quadragesima:
1262 2810 1286 2846 in
1302 2809 1601 2846 eremumSccedcrent.
1614 2808 1678 2837 Vide
1690 2807 1772 2836 νηΐ.

974 2846 1066 2876 saeculi
1081 2854 1089 2873 ι
1104 2844 1283 2879 Benedictiui,
1300 2852 1374 2872 num.
1387 2844 1449 2873 111.
