1987 3087
179 126 240 160 ιιο,

674 117 705 147 S.
727 113 891 146 GREGORII
913 110 1065 140 EPISCOI‘I
1090 108 1308 137 TURONENSIS

1768 106 1826 134 480

182 183 290 211 homine
300 186 312 200 ιι
332 180 456 208 obtinere
477 185 530 205 non
555 180 668 212 queunt,
690 178 720 202 ut
738 174 833 201 saltem
849 171 891 199 vel
905 170 977 198 cele-
990 169 1014 198 Δ
1028 167 1105 200 Quod
1118 166 1300 194 misericordia
1315 164 1421 192 Domini
1433 172 1486 193 non
1499 164 1621 200 permisit
1635 172 1643 192 :
1659 164 1728 192 inter
1754 173 1826 200 quos

182 228 258 256 brata
281 225 449 254 solemnitate
465 223 583 258 paschali
601 221 769 249 discutiatur.
793 218 893 252 Hisque
912 224 976 251 sup-

183 272 353 308 plicantibus,
367 276 394 298 et
408 270 454 297 illo
467 269 609 299 renitente,
622 266 728 294 tandem
742 263 868 300 patefacit
880 263 977 290 vulnus

183 318 253 352 quod
278 317 377 345 latebat
402 317 427 343 in
452 320 569 350 pectore.
591 313 632 345 Si,
653 312 751 347 inquit,
769 311 877 338 domum
895 316 977 344 quam

185 364 253 391 intra
270 362 396 390 territorii
410 361 516 389 Biturici
533 359 676 387 terminum
690 358 789 385 habere
802 357 978 391 dignoscitur,

185 417 253 436 mea:
266 408 360 436 ditioni
378 408 446 435 facta
465 406 617 434 venditione
629 404 791 437 subdiderit,
805 411 864 438 quae
878 402 980 437 ﬂagita-

187 456 221 482 tis
247 454 315 481 facio
334 463 341 480 :
363 454 480 487 alioquin
504 460 556 479 non
581 451 691 487 ell'ugiet
712 457 807 477 manus
831 455 914 483 meas,
930 448 981 475 nisi

188 499 312 527 trudatur
325 499 350 526 in
362 499 497 527 exsilium.
520 497 613 525 Metuit
627 503 726 531 negare
736 494 878 530 episcopus
890 502 896 520 :
910 493 981 521 scri-

188 547 256 580 psit.
275 545 502 579 subscripsitque,
521 551 552 570 ac
568 542 676 570 tradidit
693 548 801 576 agrum;
817 546 844 569 et
860 540 900 568 sic
913 539 985 567 datis

190 590 391 625 titlejussoribns
412 591 445 616 de
461 589 603 623 praesentia
629 595 677 615 sua
699 592 762 614 ante
784 593 884 621 regem,
905 585 931 611 in
944 585 985 612 ci-

192 636 303 663 vitatem
325 634 428 670 ingredi
443 634 590 669 permissus
604 638 653 661 est.
667 632 821 660 Transactis
837 630 916 665 igitur
928 628 985 656 die.

192 681 242 707 bus
261 680 377 713 sanctis,
397 680 430 706 ad
448 687 537 714 regem
560 679 645 713 pergit
658 688 671 711 _:
693 677 785 707 adfuit
794 682 820 703 et
834 675 986 708 Antestius,

191 726 239 753 sed
261 726 327 753 nihil
350 725 384 753 de
407 726 448 752 his
469 732 530 760 quae
559 725 711 759 Opponebat
734 715 884 758 episcopo,»
901 720 989 755 potuit

192 772 351 807 approbare.
365 772 511 806 Episcopus
521 775 608 797 autem
621 770 653 796 ad
663 769 756 796 urbem
769 768 856 795 redire
867 766 989 801 iuba-tur,

192 825 221 847 et
236 827 319 855 usque
334 820 367 847 ad
384 819 516 855 synodum
539 819 653 845 futuram
668 817 806 848 dilatatur,
822 815 844 842 si
860 815 927 842 forte
941 813 989 840 ali-

1027 214 1118 253 Baddo
1133 211 1146 232 ά
1161 214 1252 241 senior
1267 213 1424 240 habebatur.

1063 271 1143 299 XLV.
1164 272 1230 298 Cum
1254 275 1342 298 autem
1366 269 1447 304 legati
1463 269 1504 297 'de
1517 270 1654 305 Hispaniis
1675 270 1771 298 crebro
1790 270 1830 298 ad

1028 325 1117 352 regem
1131 316 1362 344 Guntchramuum
1375 316 1506 349 venirent,
1522 320 1550 343 et
1565 315 1663 342 nullius
1678 317 1751 350 pacis
1763 323 1831 351 gra-

1029 363 1093 389 tiam
1108 362 1229 389 obtinere
1243 361 1403 396 potuissent,
1420 360 1467 388 sed
1488 361 1572 395 magis
1587 361 1725 388 inimicitia
1739 363 1833 396 pullu-

1030 407 1108 441 laret,
1130 416 1176 435 rex
1195 407 1412 436 Guntcbramnus
1424 406 1594 441 Albigensem
1618 407 1711 434 urbem
1733 409 1830 442 nepoti

1031 463 1081 482 suo
1095 455 1269 483 Childebcrto
1288 453 1415 482 reddidit.
1438 453 1514 486 Quod
1537 461 1651 481 cernens
1673 454 1831 482 Desiderius

1032 502 1097 533 dux,
1108 509 1152 536 qui
1169 500 1285 528 maxime
1306 500 1332 527 in
1344 499 1465 535 ejusdem
1478 499 1553 526 urbis
1569 499 1704 526 territorio
1717 499 1832 539 meliora

1034 546 1168 574 facultatis
1181 553 1238 573 suae
1258 545 1429 577 condiderat;
1445 544 1527 580 416
1547 544 1644 571 timens
1657 552 1691 572 nc
1705 545 1769 572 ultio
1781 553 1817 573 ex

1034 596 1172 628 peteretur
1188 591 1222 618 ab
1237 598 1270 618 eo
1284 595 1394 625 propter
1412 590 1549 624 antiquam
1567 589 1746 620 inimicitiam.
1756 589 1834 624 quod

1035 637 1177 673 aliquando
1197 637 1224 664 in
1236 636 1330 664 eadem
1350 636 1457 663 civitate
1471 635 1617 662 exercitum
1631 635 1757 669 glorioste
1773 642 1830 662 me-

1036 684 1129 712 moriaa
1143 683 1269 719 Sigiberli
1290 682 1360 717 regis
1374 681 1491 717 graviter
1507 680 1650 713 aﬂ'ecisset,
1664 688 1724 708 cutn
1736 681 1835 708 Tetra-

1037 730 1080 757 dia
1104 737 1189 757 uxore
1211 736 1270 762 sua,
1291 735 1371 763 quam
1389 725 1492 754 Eulalio
1515 730 1577 752 tunc
1595 727 1716 753 Arverno
1738 725 1834 753 comiti

1038 775 1195 806 abstulerat,
1211 773 1365 801 intermino
1378 772 1514 799 'I‘olosnno
1525 778 1587 798 cum
1606 771 1686 798 rebus
1707 772 1834 798 omnibus

1040 821 1175 848 transiens
1197 819 1345 847 exercitum
1369 820 1539 849 commovet,
1560 824 1585 845 et
1607 822 1700 845 contra
1719 817 1835 844 Gottbns

194 874 246 900 qua
268 866 303 893 de
323 866 364 892 his
385 854 445 899 qum.
471 864 686 899 opponebantur,
713 862 864 890 evidentius
886 859 988 894 possit“
1003 854 1027 885 θ
1040 866 1115 893 abire
1127 865 1256 900 disponit,
1271 863 1364 891 divisis
1378 864 1462 898 prius,
1483 870 1512 890 ut
1536 863 1639 894 ferunt,
1657 862 1737 890 rebus
1764 862 1836 889 inter

193 912 302 945 agnosci
317 910 341 938 δ.
358 910 450 937 Adfuit
463 915 489 937 et
505 909 669 937 Nonnichius
692 908 845 943 episcopus,
860 907 904 942 qui
919 904 989 933 datis

193 957 284 984 multis
299 956 454 984 muneribus
470 955 602 983 abscessit
617 960 641 982 ε.

231 1001 529 1041 Χιιν.ῈιθάεειιιιιΙίδ
552 1008 616 1028 vero
638 1000 713 1036 quasi
728 998 809 1035 £15
824 1006 859 1026 ex
880 998 991 1025 nomine

196 1048 245 1076 ﬁlii
264 1048 314 1079 sui,
340 1048 441 1081 legatos
465 1046 499 1074 ad
522 1046 753 1074 Guntchramnum
776 1052 867 1080 regem
888 1043 990 1078 dirigit.

197 1094 248 1127 Qui
264 1098 381 1120 reserata
397 1096 536 1127 petitione,
548 1098 660 1126 accepto
681 1097 822 1124 responso,
837 1088 991 1116 valedicen-

197 1144 239 1167 tes
258 1139 425 1172 abscedunt;
448 1137 496 1165 sed
522 1137 614 1165 nescio
629 1137 726 1171 quibus
744 1137 832 1165 causis
854 1135 992 1170 paululum

197 1185 268 1220 apud
295 1189 424 1212 metatum
449 1191 526 1211 suum
550 1183 678 1211 remorati
700 1186 773 1210 sunt.
795 1182 875 1209 Mane
901 1185 991 1208 autem

198 1231 279 1263 facto,
304 1230 464 1265 procedente
487 1235 550 1264 rege
570 1228 603 1255 ad
628 1227 781 1260 matutinas,
801 1234 832 1254 ac
856 1228 992 1260 pra‘euute

199 1283 297 1307 cereo,
317 1276 389 1302 visus
407 1278 448 1302 est
465 1274 546 1301 homo
565 1273 640 1309 quasi
659 1273 749 1300 ebrius
768 1272 795 1298 in
821 1270 919 1306 angulo
932 1278 994 1298 oza~

201 1322 260 1348 torii
275 1320 431 1353 dormitare,
452 1319 589 1347 accinctus
603 1318 701 1353 gladio,
713 1318 790 1352 cujus
802 1317 876 1345 hasta
893 1316 994 1352 pariete

199 1366 408 1394 sustentabatur.
434 1367 490 1394 Iloc
507 1367 565 1394 viso
582 1374 630 1394 rex
651 1366 819 1397 exclamavit,
833 1364 926 1392 dicens
939 1371 994 1391 non

199 1420 259 1439 esse
280 1412 448 1447 simpliciter.
471 1411 608 1439 hominem
631 1411 682 1439 sub
701 1411 753 1439 hoc
773 1411 884 1438 horrore
906 1409 994 1436 noctis

202 1459 248 1485 tali
264 1458 289 1485 in
310 1457 368 1485 loco
383 1452 532 1493 quiescere.
550 1458 700 1492 OppreSSns
716 1462 816 1490 autem,
830 1462 856 1484 et
873 1456 937 1483 loris
951 1463 995 1483 re-

200 1505 318 1536 vinctus.
341 1503 556 1539 interrogabatur
572 1504 636 1538 quid
657 1504 707 1531 sibi
731 1503 788 1530 haec
813 1502 910 1529 vellent
933 1508 994 1536 quze

1039 911 1110 938 ﬁlios
1124 915 1151 939 et
1162 910 1302 946 conjugem
1318 914 1530 945 :assumptoque
1544 917 1635 937 secum
1650 909 1837 936 Austrovaldo

1039 957 1148 991 comite,
1163 956 1357 984 Carcassonam
1378 956 1463 990 petiit.
1480 955 1699 990 Praeparaverant
1713 955 1783 982 enim
1804 962 1835 982 se

1040 1003 1092 1031 hoc
1104 1002 1195 1030 audito
1205 1001 1280 1030 urbis
1291 1002 1362 1030 illius
1375 1001 1458 1034 cives,
1469 1003 1544 1037 quasi
1560 1006 1687 1029 resnstere
1698 1002 1818 1028 volentes
1827 1011 1836 1029 :

1040 1050 1182 1078 audierant
1204 1053 1293 1076 autem
1317 1049 1352 1076 de
1366 1048 1409 1076 his
1426 1048 1511 1083 prius.
1532 1048 1652 1082 Denique
1673 1048 1739 1075 inito
1764 1048 1837 1074 bello

1042 1094 1134 1130 lugere
1148 1094 1242 1122 Gotthi
1265 1099 1403 1128 creperum
1413 1113 1422 1126 ,
1438 1098 1465 1121 et
1481 1093 1634 1120 Desiderius
1648 1100 1709 1120 cum
1724 1094 1837 1120 Austro.

1043 1140 1123 1168 valdo
1137 1147 1151 1167 a
1167 1145 1242 1175 tergo
1254 1139 1359 1167 caedere
1374 1140 1490 1167 hostem.
1513 1139 1568 1166 Illis
1583 1146 1690 1173 quoque
1712 1138 1837 1173 fugienti-

1043 1186 1105 1220 bus,
1117 1186 1160 1214 bic
1173 1194 1234 1214 eum
1249 1186 1340 1221 paucis
1353 1185 1386 1213 ad
1400 1186 1493 1214 urbem
1508 1184 1621 1212 ac’cessit
1636 1193 1642 1211 :
1659 1184 1748 1211 lassati
1763 1184 1836 1211 enim

1043 1233 1149 1261 Inerant
1161 1233 1266 1268 equites
1280 1232 1334 1268 [AL
1348 1231 1422 1267 equi]
1437 1233 1581 1259 sociorum.
1597 1230 1673 1257 Tunc
1686 1230 1719 1257 ad
1733 1235 1837 1265 portam

1045 1279 1119 1307 urbis
1141 1279 1284 1312 accedens,
1298 1278 1412 1306 vallatus
1435 1285 1450 1304 a
1466 1277 1569 1305 civibus
1589 1276 1634 1311 qui
1657 1276 1725 1303 intia
1745 1283 1839 1302 mutos

1044 1328 1132 1358 erant,
1147 1324 1303 1352 interiectus
1316 1327 1359 1351 est
1371 1330 1431 1350 cum
1447 1322 1488 1350 his
1503 1321 1629 1349 omnibus
1643 1321 1687 1356 qui
1703 1329 1764 1348 eum
1782 1320 1840 1348 fue-

1045 1374 1107 1398 rant
1121 1368 1254 1405 prosecuti
1267 1377 1274 1395 :
1290 1367 1325 1396 ita
1341 1372 1370 1395 ut
1384 1368 1427 1395 vix
1441 1367 1517 1402 pauci
1531 1366 1628 1394 exinde
1641 1366 1840 1401 quodammodo

1045 1415 1201 1449 evaderent,
1225 1414 1272 1450 qui
1295 1422 1373 1447 rem,
1399 1418 1428 1441 ut
1455 1418 1528 1449 gesta
1553 1413 1649 1445 fuerat,
1675 1413 1841 1440 nuntiarent.

1046 1460 1241 1489 Austrovaldus
1253 1467 1316 1488 vero
1331 1460 1444 1487 audiens
1457 1458 1623 1487 Desiderium
1644 1463 1790 1490 mortuum,
1805 1458 1840 1485 de

1046 1507 1090 1534 via
1104 1513 1243 1541 regressus
1266 1505 1300 1532 ad
1320 1512 1411 1540 regem
1434 1505 1569 1539 perrexit,
1593 1503 1639 1539 qui
1661 1511 1723 1531 mox
1743 1504 1769 1530 in
1781 1503 1841 1538 ejus

201 1553 303 1583 ageret.
324 1548 378 1576 Nec
397 1556 472 1576 mora
493 1548 626 1584 supplicio
645 1548 783 1581 subditus,
799 1547 863 1574 dicit
882 1554 912 1574 se
929 1554 944 1573 a
959 1548 993 1573 le-
1008 1548 1033 1579 ο
1045 1555 1136 1582 locum
1147 1553 1202 1581 an,
1216 1553 1356 1581 ειεωίιυιι,

202 1595 272 1629 gatis
285 1594 329 1630 qui
343 1594 509 1622 advenerant
530 1595 657 1622 emissum
670 1594 763 1626 fuisse,
775 1598 803 1620 ut
817 1600 863 1620 rex
883 1591 996 1620 deberet

203 1640 330 1669 interﬁci.
366 1640 485 1676 Denique
511 1641 673 1675 apprehensi
697 1639 776 1674 legati
798 1638 994 1672 It‘redegundis,

204 1687 272 1714 nihil
291 1687 325 1714 de
342 1686 383 1714 bis
398 1694 457 1722 quae
472 1687 699 1721 interrogatisunt
718 1686 889 1716 conﬁtentur.
902 1684 996 1712 dicen-

203 1739 244 1761 tes
261 1742 267 1760 :
288 1733 342 1761 Nos
365 1733 430 1760 nihil
455 1733 488 1760 ad
510 1733 582 1760 aliud
605 1733 697 1766 missi,
716 1732 767 1759 nisi
787 1736 816 1759 ut
834 1731 995 1767 legationem

205 1786 284 1813 quam
297 1779 476 1813 suggessimus
489 1777 665 1805 deterremus.
680 1778 754 1805 Tunc
767 1777 903 1808 hominem
918 1776 995 1804 illum

206 1824 320 1851 diversis
337 1823 422 1858 plagis
437 1823 571 1855 atl‘eclum,
586 1828 613 1851 et
627 1823 730 1851 carceri
747 1823 938 1857 mancipatum,
955 1822 996 1849 Ie-

206 1875 282 1904 gntus
299 1877 347 1904 per
363 1869 469 1897 diversa
486 1869 542 1897 loca
562 1869 657 1897 exsilio
675 1869 845 1896 condemnari
869 1868 999 1904 prmeipit.

208 1914 425 1943 Manifesti~sime
446 1914 518 1942 enim
541 1914 627 1949 patuit
650 1914 700 1942 sub
718 1914 769 1942 hoc
788 1914 849 1942 dolo
871 1922 885 1941 a
899 1914 999 1942 Frede-

209 1960 298 1996 gunde
313 1960 397 1988 fuisse
411 1960 538 1994 directos,
548 1965 576 1987 ut
588 1967 677 1995 regem
695 1960 848 1987 interﬁcere
859 1959 999 1987 deberent.

1082 1607 1177 1643 XLVI.
1206 1613 1329 1641 Posthaac
1349 1617 1361 1630 θ
1376 1611 1566 1639 Leuvichildus
1590 1619 1637 1639 rex
1661 1611 1842 1646 Hispanorum

1048 1664 1180 1696 aegrotare
1198 1658 1290 1692 coepit,
1306 1657 1366 1689 sed,
1384 1662 1412 1683 ut
1426 1656 1534 1691 quidam
1560 1660 1694 1695 asserunt,
1711 1655 1842 1689 pteniten.

1050 1694 1114 1734 tiam
1126 1712 1175 1741 pro
1188 1711 1281 1732 errore
1292 1703 1418 1731 bzeretico
1432 1710 1526 1737 agens,
1542 1707 1570 1730 ct
1585 1694 1722 1729 obtestans
1735 1708 1767 1728 ne
1780 1700 1841 1727 huic

1050 1750 1146 1779 haeresi
1159 1750 1299 1785 quisquam
1313 1747 1477 1784 reperiretur
1490 1753 1697 1779 consentaneus,
1715 1746 1741 1773 in
1755 1746 1842 1781 legem

1049 1797 1210 1825 catholicam
1236 1795 1356 1827 transiit;
1386 1801 1417 1822 ac
1446 1801 1494 1828 per
1520 1798 1622 1828 septem
1648 1792 1705 1820 dies
1729 1793 1756 1819 in
1780 1792 1842 1820 t'letn

1050 1844 1198 1879 perduraus
1212 1849 1260 1877 pro
1275 1841 1316 1868 his
1330 1848 1390 1875 qua:
1403 1844 1496 1867 contra
1512 1839 1596 1865 Deum
1620 1838 1711 1872 inique
1737 1838 1844 1865 molitus

1051 1894 1094 1918 est
1109 1887 1131 1922 ί,
1146 1888 1269 1923 spiritum
1283 1885 1435 1914 exhalavit:
1446 1883 1618 1919 regnavitqne
1634 1883 1798 1911 Richaredus
1814 1882 1844 1909 [ῖς

1053 1935 1105 1963 lius
1118 1935 1176 1969 ejus
1190 1941 1238 1969 pro
1250 1940 1296 1961 eo.
1671 1931 1674 1935 ‘

210 2010 1706 2026 “ﬂ

1707 2010 1842 2017 __——

434 2086 612 2123 417-418
640 2074 942 2118 INCIPIUNT
972 2074 994 2115 (

1049 2070 1266 2115 PITULA
1296 2067 1450 2110 LIBRI
1477 2065 1629 2109 ΝΟΝΙ.

215 2155 239 2183 1.
260 2156 295 2183 De
312 2156 454 2183 Rir/mredo
470 2160 492 2181 rt
506 2156 593 2190 legatis
605 2157 672 2189 ejus.

212 2191 255 2219 11.
271 2191 306 2218 De
318 2193 384 2217 obitu
396 2191 473 2217 beatm
493 2191 666 2224 Itmlegundis.

213 2227 272 2254 ΙΙΙ.
285 2226 323 2253 Dc
337 2235 364 2252 eo
376 2228 417 2258 qui
431 2234 488 2252 cum
505 2226 586 2251 cultro
598 2226 631 2251 ad
647 2224 868 2252 Guntclmtmnum
884 2233 967 2261 regem
981 2224 1058 2252 venit.

213 2262 266 2289 ιν.
283 2262 357 2294 Quod
376 2262 536 2288 Cliildeberto
549 2261 615 2288 alius
627 2265 702 2288 natus
717 2265 753 2287 eu
763 2261 847 2295 ﬁlius.

220 2297 249 2324 V.
266 2297 304 2324 De
319 2298 453 2331 prodigiis.

251 2368 263 2382 ³
285 2364 311 2391 Id
326 2368 365 2390 est
377 2363 408 2389 ab
420 2363 531 2394 homine,
546 2363 647 2390 scilicet
659 2363 791 2390 Antestio.

251 2398 265 2418 δ
284 2398 418 2426 Laudatur
433 2405 449 2424 a
466 2398 611 2424 Fortunato
635 2398 681 2425 lib.
696 2406 715 2430 I,
727 2406 811 2424 carm.
826 2398 854 2431 5,
869 2397 904 2424 ob
918 2397 1003 2424 a'diﬁ-

216 2439 301 2462 catam
316 2437 409 2460 sancto
421 2432 558 2465 Stephano
573 2434 723 2460 ecclesiam.
738 2433 853 2460 Alteram
879 2434 905 2459 in
920 2433 1004 2459 hono-

217 2478 273 2497 rctn
299 2473 451 2496 sant-torum
473 2467 552 2499 Petri,
570 2468 654 2499 Pauli,
671 2467 808 2495 Laurentii
833 2474 859 2495 et
873 2467 1005 2495 Pancratii

217 2504 372 2537 :viliﬁcarat,
383 2504 407 2530 in
420 2510 470 2536 qua
488 2503 614 2529 tredecim
627 2508 703 2529 erant
715 2503 817 2533 altaria,
831 2503 877 2530 sed
892 2507 1007 2537 quatuor

218 2549 251 2567 es
270 2540 311 2567 his
331 2542 486 2566 consecrata
503 2545 555 2564 non
567 2538 681 2569 Iuerant,
696 2539 767 2571 quod
786 2538 911 2572 reliquias
926 2538 952 2565 in
968 2538 1008 2564 eis

219 2574 388 2607 h-pnnendas
401 2573 487 2600 nullas
500 2573 618 2604 haberet,
627 2577 734 2607 utpatet
749 2581 780 2600 ex
794 2574 877 2599 sancti
887 2573 1008 2607 Gregorii

219 2610 253 2636 bl.
265 2610 342 2643 epist.
355 2609 399 2642 50,
414 2608 458 2635 lib.
472 2616 497 2640 v,
509 2608 553 2635 ubi
566 2608 689 2642 reliquias
702 2616 766 2640 quas
780 2609 813 2635 ab
829 2616 861 2635 eo
874 2608 1007 2635 Palladius

220 2645 426 2677 etliagitarat,se
439 2644 488 2677 ipsi
502 2643 680 2670 transmittere
695 2643 787 2670 healus
800 2647 911 2670 testatur
923 2643 1008 2677 ponti-

221 2679 275 2710 fex,
288 2679 332 2713 qui
348 2684 375 2706 et
389 2680 466 2712 epist.
481 2677 516 2705 62
529 2678 647 2713 ejusdem
659 2678 718 2705 libri
732 2678 946 2707 eidem.Palladio
955 2678 1009 2705 Au-

221 2714 356 2749 gustinum
376 2714 494 2747 aliosque
506 2714 649 2749 monachos
665 2714 691 2749 in
700 2713 820 2749 Angliam
831 2717 925 2749 euntes
935 2721 1010 2740 com-

220 2747 367 2788 ineudavit.
384 2749 484 2788 _Nomen
498 2748 557 2788 ejus
582 2749 608 2788 in
623 2747 698 2788 fastis
715 2748 961 2788 Ecclesi:elegitur,
977 2756 1009 2788 ac

221 2785 375 2818 uiisanctus
389 2783 414 2809 in
429 2782 534 2818 propria
550 2783 661 2810 ecclesia
679 2783 834 2810 honoratur.
846 2782 1011 2818 Subscripsit

222 2819 295 2848 Conc
319 2817 402 2844 Paris.
414 2824 449 2847 Iv,
461 2824 505 2843 an.
518 2817 579 2849 575,
593 2823 619 2844 et
631 2818 734 2845 Matisc.
748 2826 776 2848 ιι,
791 2825 861 2844 anno
874 2819 937 2846 .585.

261 2859 272 2873 ε
284 2851 332 2881 llic
341 2857 398 2881 erat
410 2852 549 2888 episcopus
559 2852 744 2882 Naumeteusis
755 2853 850 2882 Felicis
860 2860 1009 2887 successor,

1017 2362 1044 2392 D
1056 2365 1083 2387 ιιι
1099 2358 1198 2386 dit-itur
1217 2365 1296 2392 supra
1320 2357 1366 2383 lib.
1383 2364 1419 2388 vt,
1437 2363 1495 2391 cap.
1512 2353 1699 2392 ﬁgis-uelatur
1720 2356 1784 2392 item
1801 2357 1845 2384 ιιι..

1056 2403 1082 2422 ιν
1096 2396 1130 2422 de
1144 2395 1235 2421 Mirac.
1251 2390 1334 2421 sancti
1350 2390 1476 2423 Martini,
1491 2399 1549 2423 cap.
1565 2391 1610 2418 26.
1628 2392 1702 2419 Alius
1718 2390 1764 2418 fuit
1780 2394 1835 2424 eius

1055 2431 1115 2457 dem
1127 2430 1199 2457 sedis
1207 2431 1289 2463 episc.
1304 2426 1467 2454 Nonnichins
1476 2434 1522 2453 seu
1529 2426 1686 2455 Nunichius.
1695 2427 1740 2459 qui
1750 2427 1846 2453 saeculo

1057 2466 1185 2498 superiori
1197 2462 1279 2492 conc.
1294 2463 1433 2490 Venelensi
1448 2462 1622 2495 subscripsit;
1637 2462 1733 2497 cuique
1750 2463 1846 2497 Apolli-

1058 2502 1130 2528 naris
1146 2499 1272 2526 Sidonius
1287 2498 1395 2531 scripsit
1407 2498 1488 2531 epist.
1506 2498 1538 2524 15
1554 2498 1600 2524 lib.
1614 2505 1672 2524 vm.

1095 2536 1108 2554 δ
1128 2535 1194 2562 Cod.
1207 2534 1282 2561 Colb.
1299 2541 1338 2566 a.,
1354 2532 1439 2558 Batta.

1098 2576 1109 2589 ο
1131 2571 1186 2597 lloc
1201 2575 1279 2603 caput
1294 2569 1369 2595 deest
1384 2568 1410 2593 in
1425 2567 1502 2594 (Iolb.
1519 2574 1543 2594 a.
1558 2573 1584 2595 et
1597 2567 1656 2595 Vat.

1100 2606 1109 2626 ί
1131 2605 1245 2639 Agnovit
1265 2603 1373 2639 quidem
1387 2603 1529 2639 veritatem
1552 2611 1584 2630 ex
1599 2603 1730 2637 Gregorio
1745 2604 1778 2630 Μ.
1804 2604 1847 2630 lib.

1062 2651 1090 2669 ιιι
1107 2638 1218 2675 Dialog.,
1232 2647 1292 2673 cap.
1309 2639 1338 2665 5|
1354 2646 1362 2665 :
1380 2638 1432 2665 Sed
1444 2639 1526 2675 gentis
1539 2646 1592 2665 sua:
1605 2639 1694 2665 timore
1706 2641 1849 2673 perterritus

1061 2678 1094 2704 ad
1111 2677 1187 2710 ﬁdem
1200 2674 1353 2702 catholicam
1368 2674 1497 2710 peruenire
1510 2681 1559 2699 non
1567 2675 1677 2710 imeruit.
1703 2675 1738 2710 Ile
1756 2675 1849 2701 Lcuvi~

1062 2708 1127 2748 giltli
1151 2711 1328 2748 conversione
1352 2708 1418 2748 nihil
1433 2709 1681 2748 scriluiiitloannes
1694 2709 1849 2748 Biclareiisis

1062 2743 1153 2779 abbas,
1166 2750 1210 2772 aut
1222 2745 1339 2772 Isidorus
1351 2743 1383 2770 ad
1397 2751 1478 2770 atram
1495 2743 1556 2775 606,
1580 2744 1641 2771 licet
1653 2745 1727 2777 plura
1739 2745 1848 2773 habeant

1062 2783 1096 2810 de
1111 2783 1166 2809 illo.
1184 2781 1249 2808 Eum
1264 2780 1297 2806 ad
1312 2786 1404 2814 poenas
1420 2784 1561 2813 perpetuas
1582 2787 1614 2807 ex
1631 2780 1680 2806 hac
1694 2780 1747 2807 vita
1760 2781 1850 2808 demi-

1063 2817 1206 2882 misrenait
1215 2815 1312 2844 Paulus
1322 2814 1507 2849 Eincritensis,
1517 2821 1576 2850 cap.
1586 2815 1618 2842 l6
1627 2815 1661 2843 de
1672 2814 1738 2843 Vitis
1750 2821 1850 2851 patrum
