  <div class='ocr_page' id='page_1' title='image "/cluster/home/n/w/nwhite01/storage/ocr_20150623/71/hvd.32044054758750/246.png"; bbox 0 0 3920 6188; ppageno 0'>
   <div class='ocr_carea' id='block_1_1' title="bbox 244 302 348 360">
    <p class='ocr_par' dir='ltr' id='par_1_1' title="bbox 244 302 348 360">
     <span class='ocr_line' id='line_1_1' title="bbox 244 302 348 360; baseline 0.019 -2"><span class='ocrx_word' id='word_1_1' title='bbox 244 302 348 360; x_wconf 75' lang='grc' dir='ltr'><strong><em>ιει</em></strong></span> 
     </span>
    </p>
   </div>
   <div class='ocr_carea' id='block_1_2' title="bbox 247 412 1137 470">
    <p class='ocr_par' dir='ltr' id='par_1_2' title="bbox 247 412 1137 470">
     <span class='ocr_line' id='line_1_2' title="bbox 247 412 1137 470; baseline -0.004 0"><span class='ocrx_word' id='word_1_2' title='bbox 247 414 358 470; x_wconf 78' lang='lat' dir='ltr'><strong><em>VI.</em></strong></span> <span class='ocrx_word' id='word_1_3' title='bbox 393 415 470 470; x_wconf 88' lang='lat' dir='ltr'><strong><em>De</em></strong></span> <span class='ocrx_word' id='word_1_4' title='bbox 486 412 842 469; x_wconf 85' lang='lat' dir='ltr'><strong><em>seductoribus</em></strong></span> <span class='ocrx_word' id='word_1_5' title='bbox 866 423 915 469; x_wconf 88' lang='lat' dir='ltr'><strong><em>et</em></strong></span> <span class='ocrx_word' id='word_1_6' title='bbox 939 413 1137 468; x_wconf 76' lang='lat' dir='ltr'><strong><em>ariolis.</em></strong></span> 
     </span>
    </p>
   </div>
   <div class='ocr_carea' id='block_1_3' title="bbox 248 482 1809 547">
    <p class='ocr_par' dir='ltr' id='par_1_3' title="bbox 248 482 1809 547">
     <span class='ocr_line' id='line_1_3' title="bbox 248 482 1809 547; baseline -0.003 -7"><span class='ocrx_word' id='word_1_7' title='bbox 248 484 393 540; x_wconf 89' lang='lat' dir='ltr'><strong><em>VII.</em></strong></span> <span class='ocrx_word' id='word_1_8' title='bbox 426 485 503 539; x_wconf 87' lang='lat' dir='ltr'><strong><em>De</em></strong></span> <span class='ocrx_word' id='word_1_9' title='bbox 525 487 805 539; x_wconf 72' lang='lat' dir='ltr'><strong><em>remotione</em></strong></span> <span class='ocrx_word' id='word_1_10' title='bbox 833 484 1059 539; x_wconf 84' lang='lat' dir='ltr'><strong><em>Ennodii</em></strong></span> <span class='ocrx_word' id='word_1_11' title='bbox 1089 483 1269 547; x_wconf 77' lang='lat' dir='ltr'><strong><em>duris;</em></strong></span> <span class='ocrx_word' id='word_1_12' title='bbox 1290 483 1417 535; x_wconf 88' lang='lat' dir='ltr'><strong><em>etde</em></strong></span> <span class='ocrx_word' id='word_1_13' title='bbox 1450 482 1809 536; x_wconf 87' lang='lat' dir='ltr'><strong><em>Wasconibus.</em></strong></span> 
     </span>
    </p>
   </div>
   <div class='ocr_carea' id='block_1_4' title="bbox 248 554 1511 625">
    <p class='ocr_par' dir='ltr' id='par_1_4' title="bbox 248 554 1511 625">
     <span class='ocr_line' id='line_1_4' title="bbox 248 554 1511 625; baseline 0 -16"><span class='ocrx_word' id='word_1_14' title='bbox 248 555 426 625; x_wconf 84' lang='lat' dir='ltr'><strong><em>VIII.</em></strong></span> <span class='ocrx_word' id='word_1_15' title='bbox 460 555 535 608; x_wconf 86' lang='lat' dir='ltr'><strong><em>De</em></strong></span> <span class='ocrx_word' id='word_1_16' title='bbox 567 557 839 625; x_wconf 73' lang='lat' dir='ltr'><strong><em>prwseutia</em></strong></span> <span class='ocrx_word' id='word_1_17' title='bbox 867 555 1249 609; x_wconf 80' lang='lat' dir='ltr'><strong><em>Guntchramui</em></strong></span> <span class='ocrx_word' id='word_1_18' title='bbox 1277 554 1511 609; x_wconf 83' lang='lat' dir='ltr'><strong><em>Bosonis.</em></strong></span> 
     </span>
    </p>
   </div>
   <div class='ocr_carea' id='block_1_5' title="bbox 243 624 1039 695">
    <p class='ocr_par' dir='ltr' id='par_1_5' title="bbox 243 624 1039 695">
     <span class='ocr_line' id='line_1_5' title="bbox 243 624 1039 695; baseline -0.004 -13"><span class='ocrx_word' id='word_1_19' title='bbox 243 625 353 682; x_wconf 86' lang='lat' dir='ltr'><strong><em>IX.</em></strong></span> <span class='ocrx_word' id='word_1_20' title='bbox 387 624 467 680; x_wconf 87' lang='lat' dir='ltr'><strong><em>De</em></strong></span> <span class='ocrx_word' id='word_1_21' title='bbox 488 626 857 695; x_wconf 18' lang='lat' dir='ltr'><strong><em>interituXRaut</em></strong></span> <span class='ocrx_word' id='word_1_22' title='bbox 874 626 1039 695; x_wconf 81' lang='lat' dir='ltr'><strong><em>hingi.</em></strong></span> 
     </span>
    </p>
   </div>
   <div class='ocr_carea' id='block_1_6' title="bbox 240 693 1325 753">
    <p class='ocr_par' dir='ltr' id='par_1_6' title="bbox 240 693 1325 753">
     <span class='ocr_line' id='line_1_6' title="bbox 240 693 1325 753; baseline -0.005 -1"><span class='ocrx_word' id='word_1_23' title='bbox 240 696 315 753; x_wconf 72' lang='grc' dir='ltr'><strong>Χ.</strong></span> <span class='ocrx_word' id='word_1_24' title='bbox 347 696 426 751; x_wconf 88' lang='lat' dir='ltr'><strong><em>De</em></strong></span> <span class='ocrx_word' id='word_1_25' title='bbox 447 698 655 750; x_wconf 87' lang='lat' dir='ltr'><strong><em>interitu</em></strong></span> <span class='ocrx_word' id='word_1_26' title='bbox 684 693 1058 749; x_wconf 79' lang='lat' dir='ltr'><strong><em>Guutcltramni</em></strong></span> <span class='ocrx_word' id='word_1_27' title='bbox 1088 694 1325 749; x_wconf 88' lang='lat' dir='ltr'><strong><em>Bosonis.</em></strong></span> 
     </span>
    </p>
   </div>
   <div class='ocr_carea' id='block_1_7' title="bbox 240 766 1049 836">
    <p class='ocr_par' dir='ltr' id='par_1_7' title="bbox 240 766 1049 836">
     <span class='ocr_line' id='line_1_7' title="bbox 240 766 1049 836; baseline -0.002 -16"><span class='ocrx_word' id='word_1_28' title='bbox 240 766 357 821; x_wconf 96' lang='lat' dir='ltr'><strong><em>XI.</em></strong></span> <span class='ocrx_word' id='word_1_29' title='bbox 386 768 541 834; x_wconf 83' lang='lat' dir='ltr'><strong><em>Quod</em></strong></span> <span class='ocrx_word' id='word_1_30' title='bbox 562 783 617 820; x_wconf 89' lang='lat' dir='ltr'><strong><em>se</em></strong></span> <span class='ocrx_word' id='word_1_31' title='bbox 633 782 774 836; x_wconf 80' lang='lat' dir='ltr'><strong><em>reges</em></strong></span> <span class='ocrx_word' id='word_1_32' title='bbox 800 768 1049 836; x_wconf 64' lang='lat' dir='ltr'><strong><em>ridrrunt.</em></strong></span> 
     </span>
    </p>
   </div>
   <div class='ocr_carea' id='block_1_8' title="bbox 244 834 1460 904">
    <p class='ocr_par' dir='ltr' id='par_1_8' title="bbox 244 834 1460 904">
     <span class='ocr_line' id='line_1_8' title="bbox 244 834 1460 904; baseline -0.001 -15"><span class='ocrx_word' id='word_1_33' title='bbox 244 836 389 896; x_wconf 83' lang='lat' dir='ltr'><strong><em>XII.</em></strong></span> <span class='ocrx_word' id='word_1_34' title='bbox 423 836 501 891; x_wconf 85' lang='lat' dir='ltr'><strong><em>De</em></strong></span> <span class='ocrx_word' id='word_1_35' title='bbox 525 834 733 891; x_wconf 69' lang='lat' dir='ltr'><strong><em>interitu</em></strong></span> <span class='ocrx_word' id='word_1_36' title='bbox 766 835 1000 890; x_wconf 84' lang='lat' dir='ltr'><strong><em>Ursionis</em></strong></span> <span class='ocrx_word' id='word_1_37' title='bbox 1030 852 1093 889; x_wconf 89' lang='lat' dir='ltr'><strong><em>ac</em></strong></span> <span class='ocrx_word' id='word_1_38' title='bbox 1119 834 1460 904; x_wconf 77' lang='lat' dir='ltr'><strong><em>Berthefredi.</em></strong></span> 
     </span>
    </p>
   </div>
   <div class='ocr_carea' id='block_1_9' title="bbox 1213 281 2541 357">
    <p class='ocr_par' dir='ltr' id='par_1_9' title="bbox 1213 281 2541 357">
     <span class='ocr_line' id='line_1_9' title="bbox 1213 281 2541 357; baseline -0.005 -2"><span class='ocrx_word' id='word_1_39' title='bbox 1213 298 1534 357; x_wconf 76' lang='lat' dir='ltr'><strong><em>HISTORIA</em></strong></span> <span class='ocrx_word' id='word_1_40' title='bbox 1572 294 2017 355; x_wconf 76' lang='lat' dir='ltr'><strong><em>FRANCORUM.</em></strong></span> <span class='ocrx_word' id='word_1_41' title='bbox 2060 281 2258 350; x_wconf 74' lang='lat' dir='ltr'><strong><em>LIBER</em></strong></span> <span class='ocrx_word' id='word_1_42' title='bbox 2296 289 2541 349; x_wconf 76' lang='lat' dir='ltr'><strong><em>NONUS.</em></strong></span> 
     </span>
    </p>
   </div>
   <div class='ocr_carea' id='block_1_10' title="bbox 3421 287 3528 344">
    <p class='ocr_par' dir='ltr' id='par_1_10' title="bbox 3421 287 3528 344">
     <span class='ocr_line' id='line_1_10' title="bbox 3421 287 3528 344; baseline 0.037 -4"><span class='ocrx_word' id='word_1_43' title='bbox 3421 287 3528 344; x_wconf 66' lang='grc'><strong><em>482</em></strong></span> 
     </span>
    </p>
   </div>
   <div class='ocr_carea' id='block_1_11' title="bbox 243 900 3525 976">
    <p class='ocr_par' dir='ltr' id='par_1_11' title="bbox 243 900 3525 976">
     <span class='ocr_line' id='line_1_11' title="bbox 243 900 3525 976; baseline -0.002 -12"><span class='ocrx_word' id='word_1_44' title='bbox 243 904 429 964; x_wconf 83' lang='lat' dir='ltr'><strong><em>XIII.</em></strong></span> <span class='ocrx_word' id='word_1_45' title='bbox 468 906 543 960; x_wconf 84' lang='lat' dir='ltr'><strong><em>De</em></strong></span> <span class='ocrx_word' id='word_1_46' title='bbox 572 906 835 972; x_wconf 84' lang='lat' dir='ltr'><strong><em>Baddone,</em></strong></span> <span class='ocrx_word' id='word_1_47' title='bbox 862 908 1025 976; x_wconf 81' lang='lat' dir='ltr'><strong><em>quiin</em></strong></span> <span class='ocrx_word' id='word_1_48' title='bbox 1054 900 1358 976; x_wconf 79' lang='lat' dir='ltr'><strong><em>legationem</em></strong></span> <span class='ocrx_word' id='word_1_49' title='bbox 1384 908 1559 960; x_wconf 88' lang='lat' dir='ltr'><strong><em>abiens</em></strong></span> <span class='ocrx_word' id='word_1_50' title='bbox 1579 946 1595 972; x_wconf 86' lang='lat'><strong>,</strong></span> <span class='ocrx_word' id='word_1_51' title='bbox 1636 905 1902 969; x_wconf 69' lang='lat' dir='ltr'><strong><em>detentus,</em></strong></span> <span class='ocrx_word' id='word_1_52' title='bbox 1937 910 1984 957; x_wconf 85' lang='lat' dir='ltr'><strong><em>et</em></strong></span> <span class='ocrx_word' id='word_1_53' title='bbox 2015 904 2336 971; x_wconf 74' lang='lat' dir='ltr'><strong><em>postmodum</em></strong></span> <span class='ocrx_word' id='word_1_54' title='bbox 2368 901 2486 973; x_wconf 66' lang='lat' dir='ltr'><strong><em>“id.</em></strong></span> <span class='ocrx_word' id='word_1_55' title='bbox 2520 912 2631 972; x_wconf 85' lang='lat' dir='ltr'><strong><em>post</em></strong></span> <span class='ocrx_word' id='word_1_56' title='bbox 2655 900 2767 974; x_wconf 86' lang='lat' dir='ltr'><strong><em>diu]</em></strong></span> <span class='ocrx_word' id='word_1_57' title='bbox 2788 902 3026 957; x_wconf 85' lang='lat' dir='ltr'><strong><em>dimissus</em></strong></span> <span class='ocrx_word' id='word_1_58' title='bbox 3055 915 3162 971; x_wconf 79' lang='lat' dir='ltr'><strong><em>est;</em></strong></span> <span class='ocrx_word' id='word_1_59' title='bbox 3188 917 3235 961; x_wconf 88' lang='lat' dir='ltr'><strong><em>et</em></strong></span> <span class='ocrx_word' id='word_1_60' title='bbox 3255 906 3319 958; x_wconf 84' lang='lat' dir='ltr'><strong><em>de</em></strong></span> <span class='ocrx_word' id='word_1_61' title='bbox 3348 918 3445 960; x_wconf 64' lang='lat' dir='ltr'><strong><em>mo!</em></strong></span> <span class='ocrx_word' id='word_1_62' title='bbox 3464 904 3525 957; x_wconf 92' lang='lat' dir='ltr'><strong><em>bo</em></strong></span> 
     </span>
    </p>
   </div>
   <div class='ocr_carea' id='block_1_12' title="bbox 316 977 664 1031">
    <p class='ocr_par' dir='ltr' id='par_1_12' title="bbox 316 977 664 1031">
     <span class='ocr_line' id='line_1_12' title="bbox 316 977 664 1031; baseline 0 -2"><span class='ocrx_word' id='word_1_63' title='bbox 316 977 664 1031; x_wconf 84' lang='lat' dir='ltr'><strong><em>dusenterico.</em></strong></span> 
     </span>
    </p>
   </div>
   <div class='ocr_carea' id='block_1_13' title="bbox 245 996 1544 1117">
    <p class='ocr_par' dir='ltr' id='par_1_13' title="bbox 245 996 1544 1117">
     <span class='ocr_line' id='line_1_13' title="bbox 245 996 1544 1117; baseline -0.004 -14"><span class='ocrx_word' id='word_1_64' title='bbox 245 996 681 1116; x_wconf 60' lang='lat' dir='ltr'><strong><em>XI“</em></strong></span> <span class='ocrx_word' id='word_1_65' title='bbox 708 1045 881 1117; x_wconf 76' lang='lat' dir='ltr'><strong><em>Egidit</em></strong></span> <span class='ocrx_word' id='word_1_66' title='bbox 905 1048 1131 1114; x_wconf 74' lang='lat' dir='ltr'><strong><em>episcopi</em></strong></span> <span class='ocrx_word' id='word_1_67' title='bbox 1152 1055 1200 1101; x_wconf 81' lang='lat' dir='ltr'><strong><em>et</em></strong></span> <span class='ocrx_word' id='word_1_68' title='bbox 1219 1046 1354 1117; x_wconf 88' lang='lat' dir='ltr'><strong><em>Lupi</em></strong></span> <span class='ocrx_word' id='word_1_69' title='bbox 1380 1046 1544 1099; x_wconf 81' lang='lat' dir='ltr'><strong><em>ducis.</em></strong></span> 
     </span>
    </p>
   </div>
   <div class='ocr_carea' id='block_1_14' title="bbox 244 1117 1161 1174">
    <p class='ocr_par' dir='ltr' id='par_1_14' title="bbox 244 1117 1161 1174">
     <span class='ocr_line' id='line_1_14' title="bbox 244 1117 1161 1174; baseline -0.004 -1"><span class='ocrx_word' id='word_1_70' title='bbox 244 1118 294 1174; x_wconf 89' lang='lat' dir='ltr'><strong><em>X</em></strong></span> <span class='ocrx_word' id='word_1_71' title='bbox 312 1118 380 1171; x_wconf 92' lang='lat' dir='ltr'><strong><em>V.</em></strong></span> <span class='ocrx_word' id='word_1_72' title='bbox 418 1117 496 1171; x_wconf 86' lang='lat' dir='ltr'><strong><em>De</em></strong></span> <span class='ocrx_word' id='word_1_73' title='bbox 519 1122 844 1172; x_wconf 58' lang='lat' dir='ltr'><strong><em>conuersione</em></strong></span> <span class='ocrx_word' id='word_1_74' title='bbox 877 1117 1161 1170; x_wconf 78' lang='lat' dir='ltr'><strong><em>Ricltaredi.</em></strong></span> 
     </span>
    </p>
   </div>
   <div class='ocr_carea' id='block_1_15' title="bbox 246 1187 1490 1258">
    <p class='ocr_par' dir='ltr' id='par_1_15' title="bbox 246 1187 1490 1258">
     <span class='ocr_line' id='line_1_15' title="bbox 246 1187 1490 1258; baseline -0.002 -15"><span class='ocrx_word' id='word_1_75' title='bbox 246 1188 295 1243; x_wconf 85' lang='lat' dir='ltr'><strong><em>X</em></strong></span> <span class='ocrx_word' id='word_1_76' title='bbox 308 1188 425 1258; x_wconf 58' lang='lat' dir='ltr'><strong><em>VI.</em></strong></span> <span class='ocrx_word' id='word_1_77' title='bbox 448 1187 526 1241; x_wconf 85' lang='lat' dir='ltr'><strong><em>De</em></strong></span> <span class='ocrx_word' id='word_1_78' title='bbox 550 1189 801 1258; x_wconf 79' lang='lat' dir='ltr'><strong><em>legatione</em></strong></span> <span class='ocrx_word' id='word_1_79' title='bbox 827 1189 989 1257; x_wconf 80' lang='lat' dir='ltr'><strong><em>ipsius</em></strong></span> <span class='ocrx_word' id='word_1_80' title='bbox 1012 1191 1079 1240; x_wconf 92' lang='lat' dir='ltr'><strong><em>ad</em></strong></span> <span class='ocrx_word' id='word_1_81' title='bbox 1107 1202 1247 1256; x_wconf 89' lang='lat' dir='ltr'><strong><em>reges</em></strong></span> <span class='ocrx_word' id='word_1_82' title='bbox 1270 1196 1490 1258; x_wconf 82' lang='lat' dir='ltr'><strong><em>nostros.</em></strong></span> 
     </span>
    </p>
   </div>
   <div class='ocr_carea' id='block_1_16' title="bbox 246 1254 2489 1328">
    <p class='ocr_par' dir='ltr' id='par_1_16' title="bbox 246 1254 2489 1328">
     <span class='ocr_line' id='line_1_16' title="bbox 246 1254 2489 1328; baseline -0.004 -15"><span class='ocrx_word' id='word_1_83' title='bbox 246 1258 294 1314; x_wconf 86' lang='lat' dir='ltr'><strong><em>X</em></strong></span> <span class='ocrx_word' id='word_1_84' title='bbox 311 1256 466 1328; x_wconf 26' lang='grc' dir='ltr'><strong><em>γ11.Α</em></strong></span> <span class='ocrx_word' id='word_1_85' title='bbox 488 1258 564 1310; x_wconf 85' lang='lat' dir='ltr'><strong><em>De</em></strong></span> <span class='ocrx_word' id='word_1_86' title='bbox 582 1254 857 1328; x_wconf 53' lang='lat' dir='ltr'><strong><em>eniguitate</em></strong></span> <span class='ocrx_word' id='word_1_87' title='bbox 876 1260 1002 1311; x_wconf 88' lang='lat' dir='ltr'><strong><em>anni</em></strong></span> <span class='ocrx_word' id='word_1_88' title='bbox 1028 1254 1341 1328; x_wconf 56' lang='lat' dir='ltr'><strong><em>hujus,_seu,</em></strong></span> <span class='ocrx_word' id='word_1_89' title='bbox 1375 1256 1448 1309; x_wconf 74' lang='lat' dir='ltr'><strong><em>De</em></strong></span> <span class='ocrx_word' id='word_1_90' title='bbox 1466 1254 1734 1309; x_wconf 74' lang='lat' dir='ltr'><strong><em>sterilitate</em></strong></span> <span class='ocrx_word' id='word_1_91' title='bbox 1761 1271 1883 1308; x_wconf 81' lang='lat' dir='ltr'><strong><em>anni</em></strong></span> <span class='ocrx_word' id='word_1_92' title='bbox 1905 1264 1951 1307; x_wconf 91' lang='lat' dir='ltr'><strong><em>et</em></strong></span> <span class='ocrx_word' id='word_1_93' title='bbox 1980 1254 2229 1307; x_wconf 79' lang='lat' dir='ltr'><strong><em>cltaritate</em></strong></span> <span class='ocrx_word' id='word_1_94' title='bbox 2252 1268 2489 1307; x_wconf 74' lang='lat' dir='ltr'><strong><em>annonre.</em></strong></span> 
     </span>
    </p>
   </div>
   <div class='ocr_carea' id='block_1_17' title="bbox 248 1326 1680 1396">
    <p class='ocr_par' dir='ltr' id='par_1_17' title="bbox 248 1326 1680 1396">
     <span class='ocr_line' id='line_1_17' title="bbox 248 1326 1680 1396; baseline -0.003 -15"><span class='ocrx_word' id='word_1_95' title='bbox 248 1328 296 1381; x_wconf 84' lang='lat' dir='ltr'><strong><em>X</em></strong></span> <span class='ocrx_word' id='word_1_96' title='bbox 315 1326 489 1381; x_wconf 91' lang='lat' dir='ltr'><strong><em>VIII.</em></strong></span> <span class='ocrx_word' id='word_1_97' title='bbox 525 1328 598 1381; x_wconf 86' lang='lat' dir='ltr'><strong><em>De</em></strong></span> <span class='ocrx_word' id='word_1_98' title='bbox 621 1326 904 1394; x_wconf 77' lang='lat' dir='ltr'><strong><em>Britannis,</em></strong></span> <span class='ocrx_word' id='word_1_99' title='bbox 933 1337 979 1381; x_wconf 87' lang='lat' dir='ltr'><strong><em>et</em></strong></span> <span class='ocrx_word' id='word_1_100' title='bbox 1008 1326 1144 1381; x_wconf 80' lang='lat' dir='ltr'><strong><em>obitu</em></strong></span> <span class='ocrx_word' id='word_1_101' title='bbox 1177 1326 1409 1378; x_wconf 88' lang='lat' dir='ltr'><strong><em>Namatii</em></strong></span> <span class='ocrx_word' id='word_1_102' title='bbox 1435 1329 1680 1396; x_wconf 79' lang='lat' dir='ltr'><strong><em>episwpi.</em></strong></span> 
     </span>
    </p>
   </div>
   <div class='ocr_carea' id='block_1_18' title="bbox 247 1396 1431 1453">
    <p class='ocr_par' dir='ltr' id='par_1_18' title="bbox 247 1396 1431 1453">
     <span class='ocr_line' id='line_1_18' title="bbox 247 1396 1431 1453; baseline -0.005 0"><span class='ocrx_word' id='word_1_103' title='bbox 247 1398 414 1453; x_wconf 82' lang='lat' dir='ltr'><strong><em>XIX.</em></strong></span> <span class='ocrx_word' id='word_1_104' title='bbox 441 1397 524 1451; x_wconf 85' lang='lat' dir='ltr'><strong><em>De</em></strong></span> <span class='ocrx_word' id='word_1_105' title='bbox 542 1399 752 1453; x_wconf 83' lang='lat' dir='ltr'><strong><em>interitu</em></strong></span> <span class='ocrx_word' id='word_1_106' title='bbox 780 1397 1004 1452; x_wconf 82' lang='lat' dir='ltr'><strong><em>Sicharii</em></strong></span> <span class='ocrx_word' id='word_1_107' title='bbox 1026 1398 1148 1450; x_wconf 81' lang='lat' dir='ltr'><strong><em>civis</em></strong></span> <span class='ocrx_word' id='word_1_108' title='bbox 1172 1396 1431 1449; x_wconf 85' lang='lat' dir='ltr'><strong><em>Turonict&#39;.</em></strong></span> 
     </span>
    </p>
   </div>
   <div class='ocr_carea' id='block_1_19' title="bbox 250 1462 3532 1537">
    <p class='ocr_par' dir='ltr' id='par_1_19' title="bbox 250 1462 3532 1537">
     <span class='ocr_line' id='line_1_19' title="bbox 250 1462 3532 1537; baseline -0.001 -14"><span class='ocrx_word' id='word_1_109' title='bbox 250 1468 381 1523; x_wconf 88' lang='lat' dir='ltr'><strong><em>XX.</em></strong></span> <span class='ocrx_word' id='word_1_110' title='bbox 420 1468 499 1521; x_wconf 89' lang='lat' dir='ltr'><strong><em>De</em></strong></span> <span class='ocrx_word' id='word_1_111' title='bbox 527 1484 587 1522; x_wconf 88' lang='lat' dir='ltr'><strong><em>eo</em></strong></span> <span class='ocrx_word' id='word_1_112' title='bbox 614 1469 752 1537; x_wconf 82' lang='lat' dir='ltr'><strong><em>quod</em></strong></span> <span class='ocrx_word' id='word_1_113' title='bbox 778 1472 845 1520; x_wconf 88' lang='lat' dir='ltr'><strong><em>ad</em></strong></span> <span class='ocrx_word' id='word_1_114' title='bbox 869 1466 1315 1521; x_wconf 79' lang='lat' dir='ltr'><strong><em>Guutchramuum</em></strong></span> <span class='ocrx_word' id='word_1_115' title='bbox 1336 1482 1504 1537; x_wconf 70' lang='lat' dir='ltr'><strong><em>regem</em></strong></span> <span class='ocrx_word' id='word_1_116' title='bbox 1538 1467 1588 1519; x_wconf 90' lang='lat' dir='ltr'><strong><em>in</em></strong></span> <span class='ocrx_word' id='word_1_117' title='bbox 1615 1466 1918 1536; x_wconf 62' lang='lat' dir='ltr'><strong><em>legationem</em></strong></span> <span class='ocrx_word' id='word_1_118' title='bbox 1946 1480 2037 1532; x_wconf 87' lang='lat' dir='ltr'><strong><em>pro</em></strong></span> <span class='ocrx_word' id='word_1_119' title='bbox 2059 1464 2386 1517; x_wconf 74' lang='lat' dir='ltr'><strong><em>custodienda</em></strong></span> <span class='ocrx_word' id='word_1_120' title='bbox 2414 1479 2537 1531; x_wconf 81' lang='lat' dir='ltr'><strong><em>pace</em></strong></span> <span class='ocrx_word' id='word_1_121' title='bbox 2558 1462 2738 1515; x_wconf 79' lang='lat' dir='ltr'><strong><em>directi</em></strong></span> <span class='ocrx_word' id='word_1_122' title='bbox 2768 1479 2965 1519; x_wconf 80' lang='lat' dir='ltr'><strong><em>smnus.</em></strong></span> <span class='ocrx_word' id='word_1_123' title='bbox 2999 1495 3062 1502; x_wconf 96' lang='lat'><strong>—</strong></span> <span class='ocrx_word' id='word_1_124' title='bbox 3094 1464 3371 1535; x_wconf 76' lang='lat' dir='ltr'><strong><em>Exemplar</em></strong></span> <span class='ocrx_word' id='word_1_125' title='bbox 3392 1462 3532 1521; x_wconf 71' lang='grc' dir='ltr'><strong><em>Ρω-</em></strong></span> 
     </span>
    </p>
   </div>
   <div class='ocr_carea' id='block_1_20' title="bbox 322 1539 971 1606">
    <p class='ocr_par' dir='ltr' id='par_1_20' title="bbox 322 1539 971 1606">
     <span class='ocr_line' id='line_1_20' title="bbox 322 1539 971 1606; baseline 0.003 -17"><span class='ocrx_word' id='word_1_126' title='bbox 322 1541 480 1591; x_wconf 85' lang='lat' dir='ltr'><strong><em>tionis</em></strong></span> <span class='ocrx_word' id='word_1_127' title='bbox 500 1540 643 1606; x_wconf 86' lang='lat' dir='ltr'><strong><em>apud</em></strong></span> <span class='ocrx_word' id='word_1_128' title='bbox 664 1539 971 1591; x_wconf 77' lang='lat' dir='ltr'><strong><em>Andelaum.</em></strong></span> 
     </span>
    </p>
   </div>
   <div class='ocr_carea' id='block_1_21' title="bbox 249 1606 1560 1679">
    <p class='ocr_par' dir='ltr' id='par_1_21' title="bbox 249 1606 1560 1679">
     <span class='ocr_line' id='line_1_21' title="bbox 249 1606 1560 1679; baseline -0.002 -17"><span class='ocrx_word' id='word_1_129' title='bbox 249 1607 419 1679; x_wconf 79' lang='lat' dir='ltr'><strong><em>XXI.</em></strong></span> <span class='ocrx_word' id='word_1_130' title='bbox 452 1609 531 1662; x_wconf 89' lang='lat' dir='ltr'><strong><em>De</em></strong></span> <span class='ocrx_word' id='word_1_131' title='bbox 555 1611 883 1679; x_wconf 85' lang='lat' dir='ltr'><strong><em>eleemosynis</em></strong></span> <span class='ocrx_word' id='word_1_132' title='bbox 905 1618 949 1661; x_wconf 90' lang='lat' dir='ltr'><strong><em>et</em></strong></span> <span class='ocrx_word' id='word_1_133' title='bbox 972 1608 1192 1662; x_wconf 88' lang='lat' dir='ltr'><strong><em>bonitate</em></strong></span> <span class='ocrx_word' id='word_1_134' title='bbox 1220 1608 1380 1677; x_wconf 85' lang='lat' dir='ltr'><strong><em>ipsius</em></strong></span> <span class='ocrx_word' id='word_1_135' title='bbox 1408 1606 1560 1677; x_wconf 89' lang='lat' dir='ltr'><strong><em>regis.</em></strong></span> 
     </span>
    </p>
   </div>
   <div class='ocr_carea' id='block_1_22' title="bbox 251 1678 1220 1733">
    <p class='ocr_par' dir='ltr' id='par_1_22' title="bbox 251 1678 1220 1733">
     <span class='ocr_line' id='line_1_22' title="bbox 251 1678 1220 1733; baseline -0.002 0"><span class='ocrx_word' id='word_1_136' title='bbox 251 1678 424 1733; x_wconf 78' lang='lat' dir='ltr'><strong><em>XXII</em></strong></span> <span class='ocrx_word' id='word_1_137' title='bbox 438 1719 452 1732; x_wconf 94' lang='lat'><strong><em>.</em></strong></span> <span class='ocrx_word' id='word_1_138' title='bbox 488 1679 565 1732; x_wconf 91' lang='lat' dir='ltr'><strong><em>De</em></strong></span> <span class='ocrx_word' id='word_1_139' title='bbox 590 1684 673 1732; x_wconf 85' lang='lat' dir='ltr'><strong><em>lue</em></strong></span> <span class='ocrx_word' id='word_1_140' title='bbox 694 1678 1032 1733; x_wconf 80' lang='lat' dir='ltr'><strong><em>Massiliensis</em></strong></span> <span class='ocrx_word' id='word_1_141' title='bbox 1062 1678 1220 1732; x_wconf 84' lang='lat' dir='ltr'><strong><em>urbis.</em></strong></span> 
     </span>
    </p>
   </div>
   <div class='ocr_carea' id='block_1_23' title="bbox 249 1748 1895 1831">
    <p class='ocr_par' dir='ltr' id='par_1_23' title="bbox 249 1748 1895 1831">
     <span class='ocr_line' id='line_1_23' title="bbox 249 1748 1895 1831; baseline -0.002 -27"><span class='ocrx_word' id='word_1_142' title='bbox 522 1749 599 1831; x_wconf 64' lang='lat' dir='ltr'><strong><em>Pe</em></strong></span> <span class='ocrx_word' id='word_1_143' title='bbox 624 1750 763 1831; x_wconf 77' lang='lat' dir='ltr'><strong><em>obitu</em></strong></span> <span class='ocrx_word' id='word_1_144' title='bbox 790 1749 990 1831; x_wconf 64' lang='grc' dir='ltr'><em>Αρβήίί</em></span> <span class='ocrx_word' id='word_1_145' title='bbox 1015 1751 1262 1831; x_wconf 67' lang='lat' dir='ltr'><strong><em>episcopi,</em></strong></span> <span class='ocrx_word' id='word_1_146' title='bbox 1291 1759 1340 1802; x_wconf 84' lang='lat' dir='ltr'><strong><em>et</em></strong></span> <span class='ocrx_word' id='word_1_147' title='bbox 1363 1748 1427 1801; x_wconf 89' lang='lat' dir='ltr'><strong><em>de</em></strong></span> <span class='ocrx_word' id='word_1_148' title='bbox 1448 1762 1735 1802; x_wconf 77' lang='lat' dir='ltr'><strong><em>successore</em></strong></span> <span class='ocrx_word' id='word_1_149' title='bbox 1764 1749 1895 1820; x_wconf 84' lang='lat' dir='ltr'><strong><em>ejus.</em></strong></span> 
     </span>
    </p>
   </div>
   <div class='ocr_carea' id='block_1_24' title="bbox 251 1816 1188 1889">
    <p class='ocr_par' dir='ltr' id='par_1_24' title="bbox 251 1816 1188 1889">
     <span class='ocr_line' id='line_1_24' title="bbox 251 1816 1188 1889; baseline 0 -18"><span class='ocrx_word' id='word_1_150' title='bbox 251 1818 351 1889; x_wconf 78' lang='lat' dir='ltr'><strong><em>XX</em></strong></span> <span class='ocrx_word' id='word_1_151' title='bbox 363 1819 389 1872; x_wconf 89' lang='lat' dir='ltr'><strong><em>I</em></strong></span> <span class='ocrx_word' id='word_1_152' title='bbox 410 1819 477 1874; x_wconf 88' lang='lat' dir='ltr'><strong><em>V.</em></strong></span> <span class='ocrx_word' id='word_1_153' title='bbox 510 1820 589 1873; x_wconf 84' lang='lat' dir='ltr'><strong><em>De</em></strong></span> <span class='ocrx_word' id='word_1_154' title='bbox 608 1816 903 1889; x_wconf 71' lang='lat' dir='ltr'><strong><em>episcopatu</em></strong></span> <span class='ocrx_word' id='word_1_155' title='bbox 926 1816 976 1889; x_wconf 61' lang='lat'><strong><em>1&#39;:</em></strong></span> <span class='ocrx_word' id='word_1_156' title='bbox 981 1816 1188 1889; x_wconf 83' lang='lat' dir='ltr'><strong><em>ronimi.</em></strong></span> 
     </span>
    </p>
   </div>
   <div class='ocr_carea' id='block_1_25' title="bbox 242 1886 1725 1954">
    <p class='ocr_par' dir='ltr' id='par_1_25' title="bbox 242 1886 1725 1954">
     <span class='ocr_line' id='line_1_25' title="bbox 242 1886 1725 1954; baseline -0.003 -11"><span class='ocrx_word' id='word_1_157' title='bbox 242 1888 440 1943; x_wconf 80' lang='lat' dir='ltr'><strong><em>XXV.</em></strong></span> <span class='ocrx_word' id='word_1_158' title='bbox 480 1886 905 1954; x_wconf 46' lang='lat' dir='ltr'><strong><em>Quod&#39;exercitus</em></strong></span> <span class='ocrx_word' id='word_1_159' title='bbox 937 1887 1246 1943; x_wconf 83' lang='lat' dir='ltr'><strong><em>Childeberti</em></strong></span> <span class='ocrx_word' id='word_1_160' title='bbox 1270 1888 1322 1941; x_wconf 86' lang='lat' dir='ltr'><strong><em>in</em></strong></span> <span class='ocrx_word' id='word_1_161' title='bbox 1348 1886 1556 1942; x_wconf 88' lang='lat' dir='ltr'><strong><em>Italiam</em></strong></span> <span class='ocrx_word' id='word_1_162' title='bbox 1577 1887 1725 1940; x_wconf 90' lang='lat' dir='ltr'><strong><em>abiit.</em></strong></span> 
     </span>
    </p>
   </div>
   <div class='ocr_carea' id='block_1_26' title="bbox 253 1958 1318 2032">
    <p class='ocr_par' dir='ltr' id='par_1_26' title="bbox 253 1958 1318 2032">
     <span class='ocr_line' id='line_1_26' title="bbox 253 1958 1318 2032; baseline -0.001 -19"><span class='ocrx_word' id='word_1_163' title='bbox 253 1958 357 2032; x_wconf 79' lang='lat' dir='ltr'><strong><em>XX</em></strong></span> <span class='ocrx_word' id='word_1_164' title='bbox 370 1958 488 2032; x_wconf 60' lang='lat' dir='ltr'><strong><em>VI.</em></strong></span> <span class='ocrx_word' id='word_1_165' title='bbox 515 1959 593 2032; x_wconf 69' lang='lat' dir='ltr'><strong><em>I)_e</em></strong></span> <span class='ocrx_word' id='word_1_166' title='bbox 612 1962 753 2014; x_wconf 87' lang='lat' dir='ltr'><strong><em>obitu</em></strong></span> <span class='ocrx_word' id='word_1_167' title='bbox 788 1960 1086 2032; x_wconf 73' lang='lat' dir='ltr'><strong><em>Ingobergte</em></strong></span> <span class='ocrx_word' id='word_1_168' title='bbox 1112 1960 1318 2032; x_wconf 82' lang='lat' dir='ltr'><strong><em>regiuw.</em></strong></span> 
     </span>
    </p>
   </div>
   <div class='ocr_carea' id='block_1_27' title="bbox 250 2028 1095 2085">
    <p class='ocr_par' dir='ltr' id='par_1_27' title="bbox 250 2028 1095 2085">
     <span class='ocr_line' id='line_1_27' title="bbox 250 2028 1095 2085; baseline -0.002 -1"><span class='ocrx_word' id='word_1_169' title='bbox 250 2028 350 2084; x_wconf 79' lang='lat' dir='ltr'><strong><em>XX</em></strong></span> <span class='ocrx_word' id='word_1_170' title='bbox 371 2028 512 2084; x_wconf 94' lang='lat' dir='ltr'><strong><em>VlI.</em></strong></span> <span class='ocrx_word' id='word_1_171' title='bbox 540 2029 617 2083; x_wconf 90' lang='lat' dir='ltr'><strong><em>De</em></strong></span> <span class='ocrx_word' id='word_1_172' title='bbox 645 2032 782 2085; x_wconf 84' lang='lat' dir='ltr'><strong><em>obitu</em></strong></span> <span class='ocrx_word' id='word_1_173' title='bbox 809 2028 1095 2085; x_wconf 73' lang='lat' dir='ltr'><strong><em>Ainalonis.</em></strong></span> 
     </span>
    </p>
   </div>
   <div class='ocr_carea' id='block_1_28' title="bbox 253 2097 2013 2170">
    <p class='ocr_par' dir='ltr' id='par_1_28' title="bbox 253 2097 2013 2170">
     <span class='ocr_line' id='line_1_28' title="bbox 253 2097 2013 2170; baseline -0.001 -17"><span class='ocrx_word' id='word_1_174' title='bbox 253 2098 355 2155; x_wconf 80' lang='lat' dir='ltr'><strong><em>XX</em></strong></span> <span class='ocrx_word' id='word_1_175' title='bbox 372 2100 449 2170; x_wconf 82' lang='lat' dir='ltr'><strong><em>Vl</em></strong></span> <span class='ocrx_word' id='word_1_176' title='bbox 462 2100 487 2154; x_wconf 86' lang='grc' dir='ltr'><strong><em>Ι</em></strong></span> <span class='ocrx_word' id='word_1_177' title='bbox 497 2099 553 2156; x_wconf 90' lang='grc'><strong><em>1.</em></strong></span> <span class='ocrx_word' id='word_1_178' title='bbox 575 2100 653 2154; x_wconf 86' lang='lat' dir='ltr'><strong><em>De</em></strong></span> <span class='ocrx_word' id='word_1_179' title='bbox 681 2101 940 2161; x_wconf 84' lang='lat' dir='ltr'><strong><em>speciebus</em></strong></span> <span class='ocrx_word' id='word_1_180' title='bbox 964 2116 1090 2167; x_wconf 88' lang='lat' dir='ltr'><strong><em>quas</em></strong></span> <span class='ocrx_word' id='word_1_181' title='bbox 1120 2098 1469 2170; x_wconf 81' lang='lat' dir='ltr'><strong><em>Brunicltildis</em></strong></span> <span class='ocrx_word' id='word_1_182' title='bbox 1498 2099 1676 2170; x_wconf 85' lang='lat' dir='ltr'><strong><em>regina</em></strong></span> <span class='ocrx_word' id='word_1_183' title='bbox 1708 2097 2013 2151; x_wconf 88' lang='lat' dir='ltr'><strong><em>transmisit.</em></strong></span> 
     </span>
    </p>
   </div>
   <div class='ocr_carea' id='block_1_29' title="bbox 260 2169 485 2226">
    <p class='ocr_par' dir='ltr' id='par_1_29' title="bbox 260 2169 485 2226">
     <span class='ocr_line' id='line_1_29' title="bbox 260 2169 485 2226; baseline 0.018 -4"><span class='ocrx_word' id='word_1_184' title='bbox 260 2169 485 2226; x_wconf 77' lang='lat' dir='ltr'><strong><em>XXIX.</em></strong></span> 
     </span>
    </p>
   </div>
   <div class='ocr_carea' id='block_1_30' title="bbox 528 2167 2223 2242">
    <p class='ocr_par' dir='ltr' id='par_1_30' title="bbox 528 2167 2223 2242">
     <span class='ocr_line' id='line_1_30' title="bbox 528 2167 2223 2242; baseline -0.002 -19"><span class='ocrx_word' id='word_1_185' title='bbox 528 2171 678 2236; x_wconf 88' lang='lat' dir='ltr'><strong><em>Quod</em></strong></span> <span class='ocrx_word' id='word_1_186' title='bbox 710 2171 1034 2242; x_wconf 83' lang='lat' dir='ltr'><strong><em>Langobardi</em></strong></span> <span class='ocrx_word' id='word_1_187' title='bbox 1065 2187 1239 2242; x_wconf 60' lang='lat' dir='ltr'><strong><em>paceni</em></strong></span> <span class='ocrx_word' id='word_1_188' title='bbox 1261 2171 1327 2221; x_wconf 92' lang='lat' dir='ltr'><strong><em>ad</em></strong></span> <span class='ocrx_word' id='word_1_189' title='bbox 1356 2167 1731 2242; x_wconf 63' lang='lat' dir='ltr'><strong><em>Cltildelitrtum</em></strong></span> <span class='ocrx_word' id='word_1_190' title='bbox 1758 2184 1924 2242; x_wconf 82' lang='lat' dir='ltr'><strong><em>regem</em></strong></span> <span class='ocrx_word' id='word_1_191' title='bbox 1954 2167 2223 2237; x_wconf 82' lang='lat' dir='ltr'><strong><em>petierunt.</em></strong></span> 
     </span>
    </p>
   </div>
   <div class='ocr_carea' id='block_1_31' title="bbox 257 2238 1890 2311">
    <p class='ocr_par' dir='ltr' id='par_1_31' title="bbox 257 2238 1890 2311">
     <span class='ocr_line' id='line_1_31' title="bbox 257 2238 1890 2311; baseline -0.001 -17"><span class='ocrx_word' id='word_1_192' title='bbox 257 2238 449 2311; x_wconf 80' lang='lat' dir='ltr'><strong><em>XXX.</em></strong></span> <span class='ocrx_word' id='word_1_193' title='bbox 477 2239 560 2295; x_wconf 86' lang='lat' dir='ltr'><strong><em>De</em></strong></span> <span class='ocrx_word' id='word_1_194' title='bbox 579 2238 976 2311; x_wconf 75' lang='lat' dir='ltr'><strong><em>descriptoribus</em></strong></span> <span class='ocrx_word' id='word_1_195' title='bbox 1006 2242 1145 2294; x_wconf 86' lang='lat' dir='ltr'><strong><em>urbis</em></strong></span> <span class='ocrx_word' id='word_1_196' title='bbox 1175 2238 1579 2311; x_wconf 63' lang='lat' dir='ltr'><strong><em>Pictavteattme</em></strong></span> <span class='ocrx_word' id='word_1_197' title='bbox 1599 2239 1890 2311; x_wconf 65' lang='lat' dir='ltr'><strong><em>&#39;l&#39;uronicte.</em></strong></span> 
     </span>
    </p>
   </div>
   <div class='ocr_carea' id='block_1_32' title="bbox 255 2306 2235 2376">
    <p class='ocr_par' dir='ltr' id='par_1_32' title="bbox 255 2306 2235 2376">
     <span class='ocr_line' id='line_1_32' title="bbox 255 2306 2235 2376; baseline -0.002 -13"><span class='ocrx_word' id='word_1_198' title='bbox 255 2309 355 2363; x_wconf 73' lang='lat' dir='ltr'><strong><em>XX</em></strong></span> <span class='ocrx_word' id='word_1_199' title='bbox 364 2310 453 2364; x_wconf 84' lang='lat' dir='ltr'><strong><em>XI</em></strong></span> <span class='ocrx_word' id='word_1_200' title='bbox 463 2350 480 2364; x_wconf 91' lang='lat'><strong><em>.</em></strong></span> <span class='ocrx_word' id='word_1_201' title='bbox 518 2312 669 2376; x_wconf 85' lang='lat' dir='ltr'><strong><em>Quod</em></strong></span> <span class='ocrx_word' id='word_1_202' title='bbox 696 2306 1115 2365; x_wconf 83' lang='lat' dir='ltr'><strong><em>Guutchramnus</em></strong></span> <span class='ocrx_word' id='word_1_203' title='bbox 1140 2326 1231 2364; x_wconf 82' lang='lat' dir='ltr'><strong><em>rea:</em></strong></span> <span class='ocrx_word' id='word_1_204' title='bbox 1250 2306 1525 2364; x_wconf 68' lang='lat' dir='ltr'><strong><em>exercitum</em></strong></span> <span class='ocrx_word' id='word_1_205' title='bbox 1553 2311 1607 2365; x_wconf 84' lang='lat' dir='ltr'><strong><em>in</em></strong></span> <span class='ocrx_word' id='word_1_206' title='bbox 1630 2308 2004 2373; x_wconf 86' lang='lat' dir='ltr'><strong><em>Septimaniam</em></strong></span> <span class='ocrx_word' id='word_1_207' title='bbox 2027 2306 2235 2360; x_wconf 63' lang='lat' dir='ltr'><strong><em>drmit.</em></strong></span> 
     </span>
    </p>
   </div>
   <div class='ocr_carea' id='block_1_33' title="bbox 256 2378 2067 2436">
    <p class='ocr_par' dir='ltr' id='par_1_33' title="bbox 256 2378 2067 2436">
     <span class='ocr_line' id='line_1_33' title="bbox 256 2378 2067 2436; baseline -0.001 -2"><span class='ocrx_word' id='word_1_208' title='bbox 256 2378 520 2435; x_wconf 83' lang='lat' dir='ltr'><strong><em>XXXII.</em></strong></span> <span class='ocrx_word' id='word_1_209' title='bbox 554 2384 627 2436; x_wconf 81' lang='lat' dir='ltr'><strong><em>De</em></strong></span> <span class='ocrx_word' id='word_1_210' title='bbox 649 2383 933 2435; x_wconf 86' lang='lat' dir='ltr'><strong><em>inimicitiis</em></strong></span> <span class='ocrx_word' id='word_1_211' title='bbox 960 2381 1094 2433; x_wconf 87' lang='lat' dir='ltr'><strong><em>inter</em></strong></span> <span class='ocrx_word' id='word_1_212' title='bbox 1123 2379 1503 2434; x_wconf 81' lang='lat' dir='ltr'><strong><em>Cltildebertum</em></strong></span> <span class='ocrx_word' id='word_1_213' title='bbox 1528 2391 1573 2433; x_wconf 86' lang='lat' dir='ltr'><strong><em>et</em></strong></span> <span class='ocrx_word' id='word_1_214' title='bbox 1602 2378 2067 2432; x_wconf 82' lang='lat' dir='ltr'><strong><em>Guutchramnum.</em></strong></span> 
     </span>
    </p>
   </div>
   <div class='ocr_carea' id='block_1_34' title="bbox 232 2448 1765 2590">
    <p class='ocr_par' dir='ltr' id='par_1_34' title="bbox 232 2448 1765 2590">
     <span class='ocr_line' id='line_1_34' title="bbox 257 2448 1760 2522; baseline -0.003 -18"><span class='ocrx_word' id='word_1_215' title='bbox 257 2448 555 2507; x_wconf 81' lang='lat' dir='ltr'><strong><em>XXXIII.</em></strong></span> <span class='ocrx_word' id='word_1_216' title='bbox 589 2452 739 2517; x_wconf 86' lang='lat' dir='ltr'><strong><em>Quod</em></strong></span> <span class='ocrx_word' id='word_1_217' title='bbox 763 2451 1081 2522; x_wconf 82' lang='lat' dir='ltr'><strong><em>Ingeltrudis</em></strong></span> <span class='ocrx_word' id='word_1_218' title='bbox 1110 2451 1351 2520; x_wconf 81' lang='lat' dir='ltr'><strong><em>religiosa</em></strong></span> <span class='ocrx_word' id='word_1_219' title='bbox 1376 2454 1444 2503; x_wconf 85' lang='lat' dir='ltr'><strong><em>ad</em></strong></span> <span class='ocrx_word' id='word_1_220' title='bbox 1471 2450 1760 2504; x_wconf 84' lang='lat' dir='ltr'><strong><em>Childebert</em></strong></span> 
     </span>
     <span class='ocr_line' id='line_1_35' title="bbox 232 2518 1765 2590; baseline -0.001 -15"><span class='ocrx_word' id='word_1_221' title='bbox 232 2520 456 2590; x_wconf 73' lang='lat' dir='ltr'><strong><em>XXXI</em></strong></span> <span class='ocrx_word' id='word_1_222' title='bbox 472 2522 541 2576; x_wconf 85' lang='lat' dir='ltr'><strong><em>V.</em></strong></span> <span class='ocrx_word' id='word_1_223' title='bbox 575 2522 650 2575; x_wconf 83' lang='lat' dir='ltr'><strong><em>De</em></strong></span> <span class='ocrx_word' id='word_1_224' title='bbox 680 2523 959 2577; x_wconf 87' lang='lat' dir='ltr'><strong><em>inimicitiis</em></strong></span> <span class='ocrx_word' id='word_1_225' title='bbox 989 2518 1343 2590; x_wconf 84' lang='lat' dir='ltr'><strong><em>Fredeguudis</em></strong></span> <span class='ocrx_word' id='word_1_226' title='bbox 1368 2536 1484 2574; x_wconf 90' lang='lat' dir='ltr'><strong><em>cum</em></strong></span> <span class='ocrx_word' id='word_1_227' title='bbox 1511 2521 1622 2589; x_wconf 81' lang='lat' dir='ltr'><strong><em>ﬁlia</em></strong></span> <span class='ocrx_word' id='word_1_228' title='bbox 1651 2536 1765 2574; x_wconf 88' lang='lat' dir='ltr'><strong><em>sua.</em></strong></span> 
     </span>
    </p>
   </div>
   <div class='ocr_carea' id='block_1_35' title="bbox 256 2589 1183 2715">
    <p class='ocr_par' dir='ltr' id='par_1_35' title="bbox 256 2589 1183 2715">
     <span class='ocr_line' id='line_1_36' title="bbox 256 2589 1183 2647; baseline 0.002 -2"><span class='ocrx_word' id='word_1_229' title='bbox 256 2589 423 2645; x_wconf 74' lang='lat' dir='ltr'><strong><em>XXX</em></strong></span> <span class='ocrx_word' id='word_1_230' title='bbox 439 2592 505 2646; x_wconf 90' lang='lat' dir='ltr'><strong><em>V.</em></strong></span> <span class='ocrx_word' id='word_1_231' title='bbox 532 2591 609 2646; x_wconf 89' lang='lat' dir='ltr'><strong><em>De</em></strong></span> <span class='ocrx_word' id='word_1_232' title='bbox 628 2593 837 2646; x_wconf 86' lang='lat' dir='ltr'><strong><em>interitu</em></strong></span> <span class='ocrx_word' id='word_1_233' title='bbox 872 2589 1183 2647; x_wconf 79' lang='lat' dir='ltr'><strong><em>Waddouis.</em></strong></span> 
     </span>
     <span class='ocr_line' id='line_1_37' title="bbox 256 2657 1183 2715; baseline 0.001 -1"><span class='ocrx_word' id='word_1_234' title='bbox 256 2657 424 2715; x_wconf 80' lang='lat' dir='ltr'><strong><em>XXX</em></strong></span> <span class='ocrx_word' id='word_1_235' title='bbox 442 2661 540 2715; x_wconf 91' lang='lat' dir='ltr'><strong><em>VI.</em></strong></span> <span class='ocrx_word' id='word_1_236' title='bbox 568 2664 717 2715; x_wconf 77' lang='lat' dir='ltr'><strong><em>Quod</em></strong></span> <span class='ocrx_word' id='word_1_237' title='bbox 737 2662 1091 2715; x_wconf 82' lang='lat' dir='ltr'><strong><em>Cltildebertus</em></strong></span> <span class='ocrx_word' id='word_1_238' title='bbox 1111 2678 1183 2715; x_wconf 74' lang='lat' dir='ltr'><strong><em>rea</em></strong></span> 
     </span>
    </p>
   </div>
   <div class='ocr_carea' id='block_1_36' title="bbox 257 2730 1433 2803">
    <p class='ocr_par' dir='ltr' id='par_1_36' title="bbox 257 2730 1433 2803">
     <span class='ocr_line' id='line_1_38' title="bbox 257 2730 1433 2803; baseline -0.003 -17"><span class='ocrx_word' id='word_1_239' title='bbox 257 2730 424 2803; x_wconf 83' lang='lat' dir='ltr'><strong><em>XXX</em></strong></span> <span class='ocrx_word' id='word_1_240' title='bbox 439 2731 585 2803; x_wconf 42' lang='lat' dir='ltr'><strong><em>VII:</em></strong></span> <span class='ocrx_word' id='word_1_241' title='bbox 616 2733 691 2803; x_wconf 64' lang='lat' dir='ltr'><strong><em>De</em></strong></span> <span class='ocrx_word' id='word_1_242' title='bbox 716 2733 1045 2803; x_wconf 85' lang='lat' dir='ltr'><strong><em>Droctigisilo</em></strong></span> <span class='ocrx_word' id='word_1_243' title='bbox 1074 2734 1333 2803; x_wconf 88' lang='lat' dir='ltr'><strong><em>episcopo.</em></strong></span> <span class='ocrx_word' id='word_1_244' title='bbox 1372 2799 1402 2803; x_wconf 95' lang='lat'><strong><em>_</em></strong></span> <span class='ocrx_word' id='word_1_245' title='bbox 1429 2778 1433 2783; x_wconf 90' lang='lat'><strong><em>.</em></strong></span> 
     </span>
    </p>
   </div>
   <div class='ocr_carea' id='block_1_37' title="bbox 589 2446 2751 2522">
    <p class='ocr_par' dir='ltr' id='par_1_37' title="bbox 589 2446 2751 2522">
     <span class='ocr_line' id='line_1_39' title="bbox 589 2446 2751 2522; baseline 0 -17"><span class='ocrx_word' id='word_1_246' title='bbox 589 2452 739 2517; x_wconf 86' lang='lat' dir='ltr'><strong><em>Quod</em></strong></span> <span class='ocrx_word' id='word_1_247' title='bbox 763 2451 1081 2522; x_wconf 67' lang='lat' dir='ltr'><strong><em>Ingeltrudis</em></strong></span> <span class='ocrx_word' id='word_1_248' title='bbox 1110 2451 1351 2520; x_wconf 81' lang='lat' dir='ltr'><strong><em>religiosa</em></strong></span> <span class='ocrx_word' id='word_1_249' title='bbox 1376 2454 1444 2503; x_wconf 86' lang='lat' dir='ltr'><strong><em>ad</em></strong></span> <span class='ocrx_word' id='word_1_250' title='bbox 1471 2450 1851 2522; x_wconf 68' lang='lat' dir='ltr'><strong><em>Cbildebertum</em></strong></span> <span class='ocrx_word' id='word_1_251' title='bbox 1876 2448 2024 2514; x_wconf 58' lang='lat' dir='ltr'><strong><em>abii},</em></strong></span> <span class='ocrx_word' id='word_1_252' title='bbox 2050 2457 2225 2501; x_wconf 87' lang='lat' dir='ltr'><strong><em>contra</em></strong></span> <span class='ocrx_word' id='word_1_253' title='bbox 2243 2446 2404 2516; x_wconf 76' lang='lat' dir='ltr'><strong><em>[ilium</em></strong></span> <span class='ocrx_word' id='word_1_254' title='bbox 2430 2458 2751 2519; x_wconf 80' lang='lat' dir='ltr'><strong><em>suggestum.</em></strong></span> 
     </span>
    </p>
   </div>
   <div class='ocr_carea' id='block_1_38' title="bbox 568 2656 2563 2729">
    <p class='ocr_par' dir='ltr' id='par_1_38' title="bbox 568 2656 2563 2729">
     <span class='ocr_line' id='line_1_40' title="bbox 568 2656 2563 2729; baseline -0.001 -14"><span class='ocrx_word' id='word_1_255' title='bbox 568 2664 717 2728; x_wconf 89' lang='lat' dir='ltr'><strong><em>Quod</em></strong></span> <span class='ocrx_word' id='word_1_256' title='bbox 737 2662 1091 2717; x_wconf 81' lang='lat' dir='ltr'><strong><em>Cltildebertus</em></strong></span> <span class='ocrx_word' id='word_1_257' title='bbox 1111 2677 1201 2715; x_wconf 74' lang='lat' dir='ltr'><strong><em>rex</em></strong></span> <span class='ocrx_word' id='word_1_258' title='bbox 1231 2660 1633 2716; x_wconf 82' lang='lat' dir='ltr'><strong><em>Theodobertum</em></strong></span> <span class='ocrx_word' id='word_1_259' title='bbox 1661 2660 1830 2729; x_wconf 76' lang='lat' dir='ltr'><strong><em>ﬁlium</em></strong></span> <span class='ocrx_word' id='word_1_260' title='bbox 1849 2674 1997 2712; x_wconf 86' lang='lat' dir='ltr'><strong><em>suum</em></strong></span> <span class='ocrx_word' id='word_1_261' title='bbox 2024 2656 2563 2713; x_wconf 61' lang='lat' dir='ltr'><strong><em>Suessionus&#39;direxit.</em></strong></span> 
     </span>
    </p>
   </div>
   <div class='ocr_carea' id='block_1_39' title="bbox 258 2798 2481 2872">
    <p class='ocr_par' dir='ltr' id='par_1_39' title="bbox 258 2798 2481 2872">
     <span class='ocr_line' id='line_1_41' title="bbox 258 2798 2481 2872; baseline -0.003 -17"><span class='ocrx_word' id='word_1_262' title='bbox 258 2799 424 2872; x_wconf 85' lang='lat' dir='ltr'><strong><em>XXX</em></strong></span> <span class='ocrx_word' id='word_1_263' title='bbox 443 2800 609 2857; x_wconf 83' lang='lat' dir='ltr'><strong><em>VIII.</em></strong></span> <span class='ocrx_word' id='word_1_264' title='bbox 636 2800 712 2855; x_wconf 84' lang='lat' dir='ltr'><strong><em>De</em></strong></span> <span class='ocrx_word' id='word_1_265' title='bbox 730 2818 788 2856; x_wconf 91' lang='lat' dir='ltr'><strong><em>eo</em></strong></span> <span class='ocrx_word' id='word_1_266' title='bbox 817 2798 954 2872; x_wconf 80' lang='lat' dir='ltr'><strong><em>quod</em></strong></span> <span class='ocrx_word' id='word_1_267' title='bbox 974 2803 1134 2871; x_wconf 89' lang='lat' dir='ltr'><strong><em>aliqui</em></strong></span> <span class='ocrx_word' id='word_1_268' title='bbox 1165 2798 1341 2856; x_wconf 81' lang='lat' dir='ltr'><strong><em>contra</em></strong></span> <span class='ocrx_word' id='word_1_269' title='bbox 1364 2799 1751 2872; x_wconf 69' lang='lat' dir='ltr'><strong><em>Brunicbildem</em></strong></span> <span class='ocrx_word' id='word_1_270' title='bbox 1780 2800 2011 2872; x_wconf 73' lang='lat' dir='ltr'><strong><em>reginam</em></strong></span> <span class='ocrx_word' id='word_1_271' title='bbox 2037 2814 2196 2872; x_wconf 80' lang='lat' dir='ltr'><strong><em>agere</em></strong></span> <span class='ocrx_word' id='word_1_272' title='bbox 2216 2798 2347 2851; x_wconf 71' lang='lat' dir='ltr'><strong><em>volu.</em></strong></span> <span class='ocrx_word' id='word_1_273' title='bbox 2364 2811 2481 2872; x_wconf 67' lang='lat' dir='ltr'><strong><em>run_t</em></strong></span> 
     </span>
    </p>
   </div>
   <div class='ocr_carea' id='block_1_40' title="bbox 258 2866 3538 2945">
    <p class='ocr_par' dir='ltr' id='par_1_40' title="bbox 258 2866 3538 2945">
     <span class='ocr_line' id='line_1_42' title="bbox 258 2866 3538 2945; baseline 0.001 -20"><span class='ocrx_word' id='word_1_274' title='bbox 258 2869 539 2945; x_wconf 86' lang='lat' dir='ltr'><strong><em>XIX.</em></strong></span> <span class='ocrx_word' id='word_1_275' title='bbox 569 2872 646 2927; x_wconf 90' lang='lat' dir='ltr'><strong><em>De</em></strong></span> <span class='ocrx_word' id='word_1_276' title='bbox 670 2866 915 2926; x_wconf 75' lang='lat' dir='ltr'><strong><em>scandalo</em></strong></span> <span class='ocrx_word' id='word_1_277' title='bbox 941 2874 994 2926; x_wconf 83' lang='lat' dir='ltr'><strong><em>in</em></strong></span> <span class='ocrx_word' id='word_1_278' title='bbox 1016 2866 1319 2927; x_wconf 80' lang='lat' dir='ltr'><strong><em>monasterio</em></strong></span> <span class='ocrx_word' id='word_1_279' title='bbox 1360 2870 1648 2925; x_wconf 86' lang='lat' dir='ltr'><strong><em>Pictavensi</em></strong></span> <span class='ocrx_word' id='word_1_280' title='bbox 1676 2880 1787 2924; x_wconf 87' lang='lat' dir='ltr'><strong><em>orto</em></strong></span> <span class='ocrx_word' id='word_1_281' title='bbox 1827 2866 1917 2940; x_wconf 77' lang='lat' dir='ltr'><strong><em>per</em></strong></span> <span class='ocrx_word' id='word_1_282' title='bbox 1953 2868 2313 2923; x_wconf 80' lang='lat' dir='ltr'><strong><em>Chrodteldem</em></strong></span> <span class='ocrx_word' id='word_1_283' title='bbox 2342 2882 2387 2944; x_wconf 72' lang='lat' dir='ltr'><strong><em>et</em></strong></span> <span class='ocrx_word' id='word_1_284' title='bbox 2430 2866 2693 2945; x_wconf 79' lang='lat' dir='ltr'><strong><em>Basinunt.</em></strong></span> <span class='ocrx_word' id='word_1_285' title='bbox 2715 2900 2787 2910; x_wconf 96' lang='lat'><strong>—</strong></span> <span class='ocrx_word' id='word_1_286' title='bbox 2819 2867 3051 2941; x_wconf 64' lang='lat' dir='ltr'><strong><em>d&#39;pistola</em></strong></span> <span class='ocrx_word' id='word_1_287' title='bbox 3087 2873 3440 2943; x_wconf 72' lang='lat' dir='ltr'><strong><em>episcoporum</em></strong></span> <span class='ocrx_word' id='word_1_288' title='bbox 3471 2874 3538 2930; x_wconf 88' lang='lat' dir='ltr'><strong><em>ad</em></strong></span> 
     </span>
    </p>
   </div>
   <div class='ocr_carea' id='block_1_41' title="bbox 332 2942 829 3013">
    <p class='ocr_par' dir='ltr' id='par_1_41' title="bbox 332 2942 829 3013">
     <span class='ocr_line' id='line_1_43' title="bbox 332 2942 829 3013; baseline 0.008 -17"><span class='ocrx_word' id='word_1_289' title='bbox 332 2942 406 3013; x_wconf 62' lang='grc' dir='ltr'><strong><em>δ.</em></strong></span> <span class='ocrx_word' id='word_1_290' title='bbox 442 2944 829 3013; x_wconf 77' lang='lat' dir='ltr'><strong><em>Iiadegundem.</em></strong></span> 
     </span>
    </p>
   </div>
   <div class='ocr_carea' id='block_1_42' title="bbox 260 3010 1160 3083">
    <p class='ocr_par' dir='ltr' id='par_1_42' title="bbox 260 3010 1160 3083">
     <span class='ocr_line' id='line_1_44' title="bbox 260 3010 1160 3083; baseline 0.004 -20"><span class='ocrx_word' id='word_1_291' title='bbox 260 3010 402 3083; x_wconf 40' lang='lat' dir='ltr'><strong><em>X13:</em></strong></span> <span class='ocrx_word' id='word_1_292' title='bbox 421 3015 496 3083; x_wconf 78' lang='lat' dir='ltr'><strong><em>De</em></strong></span> <span class='ocrx_word' id='word_1_293' title='bbox 517 3010 690 3083; x_wconf 76' lang='lat' dir='ltr'><strong><em>fomite</em></strong></span> <span class='ocrx_word' id='word_1_294' title='bbox 716 3014 881 3078; x_wconf 84' lang='lat' dir='ltr'><strong><em>primo</em></strong></span> <span class='ocrx_word' id='word_1_295' title='bbox 906 3013 1160 3067; x_wconf 89' lang='lat' dir='ltr'><strong><em>scandali.</em></strong></span> 
     </span>
    </p>
   </div>
   <div class='ocr_carea' id='block_1_43' title="bbox 261 3080 2281 3151">
    <p class='ocr_par' dir='ltr' id='par_1_43' title="bbox 261 3080 2281 3151">
     <span class='ocr_line' id='line_1_45' title="bbox 261 3080 2281 3151; baseline -0.001 -17"><span class='ocrx_word' id='word_1_296' title='bbox 261 3081 306 3134; x_wconf 79' lang='grc' dir='ltr'><em>Χ</em></span> <span class='ocrx_word' id='word_1_297' title='bbox 316 3080 402 3135; x_wconf 85' lang='grc' dir='ltr'><strong><em>ιι</em></strong></span> <span class='ocrx_word' id='word_1_298' title='bbox 412 3122 425 3135; x_wconf 95' lang='grc'><strong>.</strong></span> <span class='ocrx_word' id='word_1_299' title='bbox 452 3080 531 3138; x_wconf 80' lang='lat' dir='ltr'><strong><em>De</em></strong></span> <span class='ocrx_word' id='word_1_300' title='bbox 558 3083 694 3138; x_wconf 76' lang='lat' dir='ltr'><strong><em>ccede</em></strong></span> <span class='ocrx_word' id='word_1_301' title='bbox 717 3084 770 3135; x_wconf 86' lang='lat' dir='ltr'><strong><em>in</em></strong></span> <span class='ocrx_word' id='word_1_302' title='bbox 802 3083 1011 3137; x_wconf 87' lang='lat' dir='ltr'><strong><em>basilica</em></strong></span> <span class='ocrx_word' id='word_1_303' title='bbox 1035 3083 1199 3137; x_wconf 86' lang='lat' dir='ltr'><strong><em>sancti</em></strong></span> <span class='ocrx_word' id='word_1_304' title='bbox 1226 3081 1447 3136; x_wconf 82' lang='lat' dir='ltr'><strong><em>Hilarii.</em></strong></span> <span class='ocrx_word' id='word_1_305' title='bbox 1474 3111 1541 3122; x_wconf 93' lang='lat'><strong><em>—</em></strong></span> <span class='ocrx_word' id='word_1_306' title='bbox 1560 3080 1883 3145; x_wconf 83' lang='lat' dir='ltr'><strong><em>Rescriptum</em></strong></span> <span class='ocrx_word' id='word_1_307' title='bbox 1903 3080 2281 3151; x_wconf 78' lang='lat' dir='ltr'><strong><em>episcoporum.</em></strong></span> 
     </span>
    </p>
   </div>
   <div class='ocr_carea' id='block_1_44' title="bbox 262 3151 2343 3223">
    <p class='ocr_par' dir='ltr' id='par_1_44' title="bbox 262 3151 2343 3223">
     <span class='ocr_line' id='line_1_46' title="bbox 262 3151 2343 3223; baseline 0 -18"><span class='ocrx_word' id='word_1_308' title='bbox 262 3151 311 3223; x_wconf 81' lang='lat' dir='ltr'><strong><em>X</em></strong></span> <span class='ocrx_word' id='word_1_309' title='bbox 319 3151 439 3223; x_wconf 58' lang='lat' dir='ltr'><strong><em>L11</em></strong></span> <span class='ocrx_word' id='word_1_310' title='bbox 447 3194 460 3205; x_wconf 92' lang='lat'><strong><em>.</em></strong></span> <span class='ocrx_word' id='word_1_311' title='bbox 508 3153 841 3223; x_wconf 70' lang='lat' dir='ltr'><strong><em>Exemplaria</em></strong></span> <span class='ocrx_word' id='word_1_312' title='bbox 866 3155 1095 3219; x_wconf 77' lang='lat' dir='ltr'><strong><em>epistola:</em></strong></span> <span class='ocrx_word' id='word_1_313' title='bbox 1113 3170 1267 3221; x_wconf 88' lang='lat' dir='ltr'><strong><em>quam</em></strong></span> <span class='ocrx_word' id='word_1_314' title='bbox 1294 3163 1470 3207; x_wconf 88' lang='lat' dir='ltr'><strong><em>sancta</em></strong></span> <span class='ocrx_word' id='word_1_315' title='bbox 1503 3152 1834 3223; x_wconf 85' lang='lat' dir='ltr'><strong><em>Radeguudis</em></strong></span> <span class='ocrx_word' id='word_1_316' title='bbox 1862 3152 2111 3223; x_wconf 84' lang='lat' dir='ltr'><strong><em>episcopis</em></strong></span> <span class='ocrx_word' id='word_1_317' title='bbox 2134 3152 2343 3206; x_wconf 75' lang='lat' dir='ltr'><strong><em>direxit.</em></strong></span> 
     </span>
    </p>
   </div>
   <div class='ocr_carea' id='block_1_45' title="bbox 262 3218 498 3277">
    <p class='ocr_par' dir='ltr' id='par_1_45' title="bbox 262 3218 498 3277">
     <span class='ocr_line' id='line_1_47' title="bbox 262 3218 498 3277; baseline 0 0"><span class='ocrx_word' id='word_1_318' title='bbox 262 3218 498 3277; x_wconf 76' lang='lat' dir='ltr'><strong><em>XLIII.</em></strong></span> 
     </span>
    </p>
   </div>
   <div class='ocr_carea' id='block_1_46' title="bbox 263 3289 1087 3363">
    <p class='ocr_par' dir='ltr' id='par_1_46' title="bbox 263 3289 1087 3363">
     <span class='ocr_line' id='line_1_48' title="bbox 263 3289 1087 3363; baseline 0.001 -16"><span class='ocrx_word' id='word_1_319' title='bbox 263 3289 403 3348; x_wconf 82' lang='lat' dir='ltr'><strong><em>XLI</em></strong></span> <span class='ocrx_word' id='word_1_320' title='bbox 422 3293 487 3353; x_wconf 85' lang='lat' dir='ltr'><strong><em>V.</em></strong></span> <span class='ocrx_word' id='word_1_321' title='bbox 514 3289 591 3349; x_wconf 84' lang='lat' dir='ltr'><strong><em>De</em></strong></span> <span class='ocrx_word' id='word_1_322' title='bbox 618 3295 916 3363; x_wconf 84' lang='lat' dir='ltr'><strong><em>intemperie</em></strong></span> <span class='ocrx_word' id='word_1_323' title='bbox 942 3289 1087 3348; x_wconf 76' lang='lat' dir='ltr'><strong><em>anni.</em></strong></span> 
     </span>
    </p>
   </div>
   <div class='ocr_carea' id='block_1_47' title="bbox 526 3222 2455 3294">
    <p class='ocr_par' dir='ltr' id='par_1_47' title="bbox 526 3222 2455 3294">
     <span class='ocr_line' id='line_1_49' title="bbox 526 3222 2455 3294; baseline -0.001 -17"><span class='ocrx_word' id='word_1_324' title='bbox 526 3222 676 3290; x_wconf 82' lang='lat' dir='ltr'><strong><em>Quod</em></strong></span> <span class='ocrx_word' id='word_1_325' title='bbox 701 3223 1010 3277; x_wconf 81' lang='lat' dir='ltr'><strong><em>Tlteutarius</em></strong></span> <span class='ocrx_word' id='word_1_326' title='bbox 1036 3229 1296 3294; x_wconf 84' lang='lat' dir='ltr'><strong><em>presbyter</em></strong></span> <span class='ocrx_word' id='word_1_327' title='bbox 1324 3227 1393 3278; x_wconf 88' lang='lat' dir='ltr'><strong><em>ad</em></strong></span> <span class='ocrx_word' id='word_1_328' title='bbox 1414 3225 1509 3277; x_wconf 83' lang='lat' dir='ltr'><strong><em>ltoc</em></strong></span> <span class='ocrx_word' id='word_1_329' title='bbox 1537 3222 1838 3278; x_wconf 82' lang='lat' dir='ltr'><strong><em>scandalum</em></strong></span> <span class='ocrx_word' id='word_1_330' title='bbox 1865 3222 2204 3294; x_wconf 85' lang='lat' dir='ltr'><strong><em>mitigandum</em></strong></span> <span class='ocrx_word' id='word_1_331' title='bbox 2232 3224 2455 3276; x_wconf 81' lang='lat' dir='ltr'><strong><em>advenit.</em></strong></span> 
     </span>
    </p>
   </div>
   <div class='ocr_carea' id='block_1_48' title="bbox 1308 3590 2481 3717">
    <p class='ocr_par' dir='ltr' id='par_1_48' title="bbox 1308 3590 2481 3717">
     <span class='ocr_line' id='line_1_50' title="bbox 1308 3590 2481 3717; baseline 0.013 -19"><span class='ocrx_word' id='word_1_332' title='bbox 1308 3590 1785 3699; x_wconf 86' lang='lat' dir='ltr'><strong><em>LIBER</em></strong></span> <span class='ocrx_word' id='word_1_333' title='bbox 1857 3594 2481 3717; x_wconf 68' lang='lat' dir='ltr'><strong><em>NONUS.</em></strong></span> 
     </span>
    </p>
   </div>
   <div class='ocr_carea' id='block_1_49' title="bbox 338 3815 3542 3894">
    <p class='ocr_par' dir='ltr' id='par_1_49' title="bbox 338 3815 3542 3894">
     <span class='ocr_line' id='line_1_51' title="bbox 338 3815 3542 3894; baseline 0.003 -19"><span class='ocrx_word' id='word_1_334' title='bbox 338 3822 514 3894; x_wconf 59' lang='lat'><strong><em>519</em></strong></span> <span class='ocrx_word' id='word_1_335' title='bbox 540 3822 588 3875; x_wconf 87' lang='lat' dir='ltr'><strong><em>l.</em></strong></span> <span class='ocrx_word' id='word_1_336' title='bbox 618 3818 784 3889; x_wconf 81' lang='lat' dir='ltr'><strong><em>Igitur</em></strong></span> <span class='ocrx_word' id='word_1_337' title='bbox 811 3827 836 3855; x_wconf 71' lang='grc'><strong><em>⁸</em></strong></span> <span class='ocrx_word' id='word_1_338' title='bbox 870 3825 986 3886; x_wconf 85' lang='lat' dir='ltr'><strong><em>post</em></strong></span> <span class='ocrx_word' id='word_1_339' title='bbox 1008 3826 1231 3872; x_wconf 89' lang='lat' dir='ltr'><strong><em>mortem</em></strong></span> <span class='ocrx_word' id='word_1_340' title='bbox 1255 3815 1579 3872; x_wconf 83' lang='lat' dir='ltr'><strong><em>Leuvichildi</em></strong></span> <span class='ocrx_word' id='word_1_341' title='bbox 1607 3816 1867 3887; x_wconf 58' lang='lat' dir='ltr'><strong><em>Hispana-</em></strong></span> <span class='ocrx_word' id='word_1_342' title='bbox 1895 3822 1941 3880; x_wconf 77' lang='grc' dir='ltr'>Α</span> <span class='ocrx_word' id='word_1_343' title='bbox 1971 3835 2099 3889; x_wconf 88' lang='lat' dir='ltr'><strong><em>pere</em></strong></span> <span class='ocrx_word' id='word_1_344' title='bbox 2136 3823 2306 3877; x_wconf 85' lang='lat' dir='ltr'><strong><em>noluit</em></strong></span> <span class='ocrx_word' id='word_1_345' title='bbox 2350 3823 2512 3879; x_wconf 78' lang='lat' dir='ltr'><strong><em>verba</em></strong></span> <span class='ocrx_word' id='word_1_346' title='bbox 2558 3838 2767 3880; x_wconf 88' lang='lat' dir='ltr'><strong><em>eorum.</em></strong></span> <span class='ocrx_word' id='word_1_347' title='bbox 2842 3824 2994 3882; x_wconf 85' lang='lat' dir='ltr'><strong><em>Unde</em></strong></span> <span class='ocrx_word' id='word_1_348' title='bbox 3043 3825 3163 3882; x_wconf 86' lang='lat' dir='ltr'><strong><em>talis</em></strong></span> <span class='ocrx_word' id='word_1_349' title='bbox 3209 3830 3542 3893; x_wconf 72' lang='lat' dir='ltr'><strong><em>postmodum</em></strong></span> 
     </span>
    </p>
   </div>
   <div class='ocr_carea' id='block_1_50' title="bbox 272 3904 1860 3980">
    <p class='ocr_par' dir='ltr' id='par_1_50' title="bbox 272 3904 1860 3980">
     <span class='ocr_line' id='line_1_52' title="bbox 272 3904 1860 3980; baseline -0.002 -14"><span class='ocrx_word' id='word_1_350' title='bbox 272 3930 391 3967; x_wconf 86' lang='lat' dir='ltr'><strong><em>rum</em></strong></span> <span class='ocrx_word' id='word_1_351' title='bbox 419 3912 563 3980; x_wconf 64' lang='lat' dir='ltr'><strong><em>regis</em></strong></span> <span class='ocrx_word' id='word_1_352' title='bbox 590 3952 605 3977; x_wconf 90' lang='lat'><strong><em>,</em></strong></span> <span class='ocrx_word' id='word_1_353' title='bbox 656 3908 988 3963; x_wconf 79' lang='lat' dir='ltr'><strong><em>Ricbatedus</em></strong></span> <span class='ocrx_word' id='word_1_354' title='bbox 1038 3906 1176 3960; x_wconf 86' lang='lat' dir='ltr'><strong><em>lilius</em></strong></span> <span class='ocrx_word' id='word_1_355' title='bbox 1219 3904 1336 3976; x_wconf 85' lang='lat' dir='ltr'><strong><em>ejus</em></strong></span> <span class='ocrx_word' id='word_1_356' title='bbox 1382 3904 1555 3961; x_wconf 75' lang='lat' dir='ltr'><strong><em>Itedus</em></strong></span> <span class='ocrx_word' id='word_1_357' title='bbox 1596 3905 1713 3962; x_wconf 90' lang='lat' dir='ltr'><strong><em>iniit</em></strong></span> <span class='ocrx_word' id='word_1_358' title='bbox 1740 3923 1860 3963; x_wconf 88' lang='lat' dir='ltr'><strong><em>cum</em></strong></span> 
     </span>
    </p>
   </div>
   <div class='ocr_carea' id='block_1_51' title="bbox 274 4000 1864 4070">
    <p class='ocr_par' dir='ltr' id='par_1_51' title="bbox 274 4000 1864 4070">
     <span class='ocr_line' id='line_1_53' title="bbox 274 4000 1864 4070; baseline -0.003 -11"><span class='ocrx_word' id='word_1_359' title='bbox 274 4003 597 4060; x_wconf 77' lang='lat' dir='ltr'><strong><em>Goisvintba</em></strong></span> <span class='ocrx_word' id='word_1_360' title='bbox 631 4002 813 4057; x_wconf 86' lang='lat' dir='ltr'><strong><em>relicta</em></strong></span> <span class='ocrx_word' id='word_1_361' title='bbox 838 4000 1000 4070; x_wconf 89' lang='lat' dir='ltr'><strong><em>patris</em></strong></span> <span class='ocrx_word' id='word_1_362' title='bbox 1029 4000 1134 4062; x_wconf 89' lang='lat' dir='ltr'><strong><em>sui,</em></strong></span> <span class='ocrx_word' id='word_1_363' title='bbox 1162 4014 1387 4069; x_wconf 79' lang='lat' dir='ltr'><strong><em>eamque</em></strong></span> <span class='ocrx_word' id='word_1_364' title='bbox 1416 4009 1470 4053; x_wconf 92' lang='lat' dir='ltr'><strong><em>nt</em></strong></span> <span class='ocrx_word' id='word_1_365' title='bbox 1494 4008 1716 4055; x_wconf 82' lang='lat' dir='ltr'><strong><em>matrem</em></strong></span> <span class='ocrx_word' id='word_1_366' title='bbox 1744 4016 1864 4055; x_wconf 87' lang='lat' dir='ltr'><strong><em>sus-</em></strong></span> 
     </span>
    </p>
   </div>
   <div class='ocr_carea' id='block_1_52' title="bbox 271 4089 1861 4161">
    <p class='ocr_par' dir='ltr' id='par_1_52' title="bbox 271 4089 1861 4161">
     <span class='ocr_line' id='line_1_54' title="bbox 271 4089 1861 4161; baseline -0.002 -13"><span class='ocrx_word' id='word_1_367' title='bbox 271 4094 413 4161; x_wconf 84' lang='lat' dir='ltr'><strong><em>cepit</em></strong></span> <span class='ocrx_word' id='word_1_368' title='bbox 462 4092 513 4147; x_wconf 69' lang='grc' dir='ltr'><strong><em>δ.</em></strong></span> <span class='ocrx_word' id='word_1_369' title='bbox 555 4092 679 4145; x_wconf 56' lang='lat' dir='ltr'><strong><em>llaec</em></strong></span> <span class='ocrx_word' id='word_1_370' title='bbox 706 4092 846 4145; x_wconf 89' lang='lat' dir='ltr'><strong><em>enim</em></strong></span> <span class='ocrx_word' id='word_1_371' title='bbox 893 4096 1011 4143; x_wconf 87' lang='lat' dir='ltr'><strong><em>erat</em></strong></span> <span class='ocrx_word' id='word_1_372' title='bbox 1052 4097 1221 4147; x_wconf 81' lang='lat' dir='ltr'><strong><em>mater</em></strong></span> <span class='ocrx_word' id='word_1_373' title='bbox 1262 4089 1611 4145; x_wconf 84' lang='lat' dir='ltr'><strong><em>Brunicbildis</em></strong></span> <span class='ocrx_word' id='word_1_374' title='bbox 1640 4092 1861 4159; x_wconf 67' lang='lat' dir='ltr'><strong><em>reginae,</em></strong></span> 
     </span>
    </p>
   </div>
   <div class='ocr_carea' id='block_1_53' title="bbox 273 4182 1859 4253">
    <p class='ocr_par' dir='ltr' id='par_1_53' title="bbox 273 4182 1859 4253">
     <span class='ocr_line' id='line_1_55' title="bbox 273 4182 1859 4253; baseline -0.001 -13"><span class='ocrx_word' id='word_1_375' title='bbox 273 4186 467 4241; x_wconf 82' lang='lat' dir='ltr'><strong><em>matris</em></strong></span> <span class='ocrx_word' id='word_1_376' title='bbox 492 4184 821 4239; x_wconf 85' lang='lat' dir='ltr'><strong><em>Cbildeberti</em></strong></span> <span class='ocrx_word' id='word_1_377' title='bbox 858 4185 1107 4253; x_wconf 89' lang='lat' dir='ltr'><strong><em>junioris.</em></strong></span> <span class='ocrx_word' id='word_1_378' title='bbox 1147 4182 1479 4239; x_wconf 76' lang='lat' dir='ltr'><strong><em>Ricltaredus</em></strong></span> <span class='ocrx_word' id='word_1_379' title='bbox 1506 4198 1635 4238; x_wconf 80' lang='lat' dir='ltr'><strong><em>vero</em></strong></span> <span class='ocrx_word' id='word_1_380' title='bbox 1662 4183 1729 4237; x_wconf 89' lang='lat' dir='ltr'><strong><em>de</em></strong></span> <span class='ocrx_word' id='word_1_381' title='bbox 1755 4185 1859 4238; x_wconf 83' lang='lat' dir='ltr'><strong><em>a&#39;ia</em></strong></span> 
     </span>
    </p>
   </div>
   <div class='ocr_carea' id='block_1_54' title="bbox 274 4275 1864 4344">
    <p class='ocr_par' dir='ltr' id='par_1_54' title="bbox 274 4275 1864 4344">
     <span class='ocr_line' id='line_1_56' title="bbox 274 4275 1864 4344; baseline -0.002 -15"><span class='ocrx_word' id='word_1_382' title='bbox 274 4292 447 4331; x_wconf 80' lang='lat' dir='ltr'><strong><em>uxore</em></strong></span> <span class='ocrx_word' id='word_1_383' title='bbox 464 4288 579 4329; x_wconf 88' lang='lat' dir='ltr'><strong><em>erat</em></strong></span> <span class='ocrx_word' id='word_1_384' title='bbox 604 4275 745 4329; x_wconf 84' lang='lat' dir='ltr'><strong><em>ﬁlius</em></strong></span> <span class='ocrx_word' id='word_1_385' title='bbox 764 4275 1110 4329; x_wconf 76' lang='lat' dir='ltr'><strong><em>Leuvicliildi.</em></strong></span> <span class='ocrx_word' id='word_1_386' title='bbox 1139 4276 1375 4344; x_wconf 86' lang='lat' dir='ltr'><strong><em>Denique</em></strong></span> <span class='ocrx_word' id='word_1_387' title='bbox 1388 4288 1509 4328; x_wconf 91' lang='lat' dir='ltr'><strong><em>cum</em></strong></span> <span class='ocrx_word' id='word_1_388' title='bbox 1529 4288 1753 4329; x_wconf 82' lang='lat' dir='ltr'><strong><em>noverca</em></strong></span> <span class='ocrx_word' id='word_1_389' title='bbox 1774 4275 1864 4326; x_wconf 81' lang='lat' dir='ltr'><strong><em>Ita-</em></strong></span> 
     </span>
    </p>
   </div>
   <div class='ocr_carea' id='block_1_55' title="bbox 273 4366 1858 4436">
    <p class='ocr_par' dir='ltr' id='par_1_55' title="bbox 273 4366 1858 4436">
     <span class='ocr_line' id='line_1_57' title="bbox 273 4366 1858 4436; baseline -0.001 -15"><span class='ocrx_word' id='word_1_390' title='bbox 273 4368 388 4422; x_wconf 85' lang='lat' dir='ltr'><strong><em>bito</em></strong></span> <span class='ocrx_word' id='word_1_391' title='bbox 424 4366 673 4433; x_wconf 63' lang='lat' dir='ltr'><strong><em>consilio,</em></strong></span> <span class='ocrx_word' id='word_1_392' title='bbox 704 4366 903 4436; x_wconf 79' lang='lat' dir='ltr'><strong><em>legatos</em></strong></span> <span class='ocrx_word' id='word_1_393' title='bbox 920 4367 985 4420; x_wconf 88' lang='lat' dir='ltr'><strong><em>ad</em></strong></span> <span class='ocrx_word' id='word_1_394' title='bbox 1002 4368 1043 4421; x_wconf 88' lang='lat' dir='ltr'><strong>G</strong></span> <span class='ocrx_word' id='word_1_395' title='bbox 1056 4366 1463 4420; x_wconf 89' lang='lat' dir='ltr'><strong><em>untchramnum</em></strong></span> <span class='ocrx_word' id='word_1_396' title='bbox 1484 4379 1682 4434; x_wconf 75' lang='lat' dir='ltr'><strong><em>regem,</em></strong></span> <span class='ocrx_word' id='word_1_397' title='bbox 1700 4373 1858 4435; x_wconf 85' lang='lat' dir='ltr'><strong><em>atque</em></strong></span> 
     </span>
    </p>
   </div>
   <div class='ocr_carea' id='block_1_56' title="bbox 280 4455 1863 4527">
    <p class='ocr_par' dir='ltr' id='par_1_56' title="bbox 280 4455 1863 4527">
     <span class='ocr_line' id='line_1_58' title="bbox 280 4455 1863 4527; baseline -0.002 -14"><span class='ocrx_word' id='word_1_398' title='bbox 280 4459 691 4514; x_wconf 81' lang='lat' dir='ltr'><strong><em>Childebertum</em></strong></span> <span class='ocrx_word' id='word_1_399' title='bbox 710 4458 906 4527; x_wconf 75' lang='lat' dir='ltr'><strong><em>dirigit,</em></strong></span> <span class='ocrx_word' id='word_1_400' title='bbox 940 4458 1161 4512; x_wconf 84' lang='lat' dir='ltr'><strong><em>dicens:</em></strong></span> <span class='ocrx_word' id='word_1_401' title='bbox 1220 4457 1413 4512; x_wconf 86' lang='lat' dir='ltr'><strong><em>Pacem</em></strong></span> <span class='ocrx_word' id='word_1_402' title='bbox 1445 4455 1638 4511; x_wconf 85' lang='lat' dir='ltr'><strong><em>habete</em></strong></span> <span class='ocrx_word' id='word_1_403' title='bbox 1690 4457 1863 4511; x_wconf 75' lang='lat' dir='ltr'><strong><em>nobis-</em></strong></span> 
     </span>
    </p>
   </div>
   <div class='ocr_carea' id='block_1_57' title="bbox 277 4544 1860 4613">
    <p class='ocr_par' dir='ltr' id='par_1_57' title="bbox 277 4544 1860 4613">
     <span class='ocr_line' id='line_1_59' title="bbox 277 4544 1860 4613; baseline -0.001 -12"><span class='ocrx_word' id='word_1_404' title='bbox 277 4561 398 4601; x_wconf 84' lang='lat' dir='ltr'><strong><em>cum</em></strong></span> <span class='ocrx_word' id='word_1_405' title='bbox 419 4588 436 4613; x_wconf 90' lang='lat'><strong>,</strong></span> <span class='ocrx_word' id='word_1_406' title='bbox 463 4556 517 4599; x_wconf 87' lang='lat' dir='ltr'><strong><em>et</em></strong></span> <span class='ocrx_word' id='word_1_407' title='bbox 548 4546 789 4601; x_wconf 75' lang='lat' dir='ltr'><strong><em>ineamus</em></strong></span> <span class='ocrx_word' id='word_1_408' title='bbox 817 4545 988 4599; x_wconf 74' lang='lat' dir='ltr'><strong><em>itedus</em></strong></span> <span class='ocrx_word' id='word_1_409' title='bbox 1011 4586 1025 4609; x_wconf 90' lang='lat'><strong>,</strong></span> <span class='ocrx_word' id='word_1_410' title='bbox 1072 4554 1130 4599; x_wconf 90' lang='lat' dir='ltr'><strong><em>ut</em></strong></span> <span class='ocrx_word' id='word_1_411' title='bbox 1174 4544 1338 4613; x_wconf 84' lang='lat' dir='ltr'><strong><em>adjuti</em></strong></span> <span class='ocrx_word' id='word_1_412' title='bbox 1383 4544 1634 4613; x_wconf 78' lang='lat' dir='ltr'><strong><em>prtesido</em></strong></span> <span class='ocrx_word' id='word_1_413' title='bbox 1663 4552 1860 4610; x_wconf 80' lang='lat' dir='ltr'><strong><em>ve-tro,</em></strong></span> 
     </span>
    </p>
   </div>
   <div class='ocr_carea' id='block_1_58' title="bbox 276 4636 1859 4707">
    <p class='ocr_par' dir='ltr' id='par_1_58' title="bbox 276 4636 1859 4707">
     <span class='ocr_line' id='line_1_60' title="bbox 276 4636 1859 4707; baseline -0.001 -15"><span class='ocrx_word' id='word_1_414' title='bbox 276 4654 401 4692; x_wconf 88' lang='lat' dir='ltr'><strong><em>cum</em></strong></span> <span class='ocrx_word' id='word_1_415' title='bbox 437 4637 735 4692; x_wconf 89' lang='lat' dir='ltr'><strong><em>necessitas</em></strong></span> <span class='ocrx_word' id='word_1_416' title='bbox 788 4637 1129 4707; x_wconf 85' lang='lat' dir='ltr'><strong><em>p0poscerit,</em></strong></span> <span class='ocrx_word' id='word_1_417' title='bbox 1182 4636 1341 4690; x_wconf 82' lang='lat' dir='ltr'><strong><em>simili</em></strong></span> <span class='ocrx_word' id='word_1_418' title='bbox 1389 4650 1486 4689; x_wconf 89' lang='lat' dir='ltr'><strong><em>nos</em></strong></span> <span class='ocrx_word' id='word_1_419' title='bbox 1532 4637 1859 4705; x_wconf 85' lang='lat' dir='ltr'><strong><em>conditione,</em></strong></span> 
     </span>
    </p>
   </div>
   <div class='ocr_carea' id='block_1_59' title="bbox 276 4726 1865 4795">
    <p class='ocr_par' dir='ltr' id='par_1_59' title="bbox 276 4726 1865 4795">
     <span class='ocr_line' id='line_1_61' title="bbox 276 4726 1865 4795; baseline -0.003 -10"><span class='ocrx_word' id='word_1_420' title='bbox 276 4730 651 4785; x_wconf 79' lang='lat' dir='ltr'><strong><em>intercedente</em></strong></span> <span class='ocrx_word' id='word_1_421' title='bbox 679 4728 969 4795; x_wconf 81' lang='lat' dir='ltr'><strong><em>cltarilate,</em></strong></span> <span class='ocrx_word' id='word_1_422' title='bbox 995 4728 1293 4781; x_wconf 85' lang='lat' dir='ltr'><strong><em>muniamus</em></strong></span> <span class='ocrx_word' id='word_1_423' title='bbox 1327 4736 1374 4779; x_wconf 78' lang='grc' dir='ltr'><strong>ο.</strong></span> <span class='ocrx_word' id='word_1_424' title='bbox 1427 4726 1709 4781; x_wconf 82' lang='lat' dir='ltr'><strong><em>Venientes</em></strong></span> <span class='ocrx_word' id='word_1_425' title='bbox 1737 4742 1865 4781; x_wconf 83' lang='lat' dir='ltr'><strong><em>vero</em></strong></span> 
     </span>
    </p>
   </div>
   <div class='ocr_carea' id='block_1_60' title="bbox 278 4817 1866 4889">
    <p class='ocr_par' dir='ltr' id='par_1_60' title="bbox 278 4817 1866 4889">
     <span class='ocr_line' id='line_1_62' title="bbox 278 4817 1866 4889; baseline -0.002 -17"><span class='ocrx_word' id='word_1_426' title='bbox 278 4820 468 4889; x_wconf 57' lang='lat' dir='ltr'><strong><em>lqati.</em></strong></span> <span class='ocrx_word' id='word_1_427' title='bbox 498 4820 587 4888; x_wconf 89' lang='lat' dir='ltr'><strong><em>qui</em></strong></span> <span class='ocrx_word' id='word_1_428' title='bbox 638 4818 702 4872; x_wconf 85' lang='lat' dir='ltr'><strong><em>ad</em></strong></span> <span class='ocrx_word' id='word_1_429' title='bbox 760 4817 1220 4872; x_wconf 81' lang='lat' dir='ltr'><strong><em>Gnutchramnum</em></strong></span> <span class='ocrx_word' id='word_1_430' title='bbox 1252 4832 1428 4885; x_wconf 82' lang='lat' dir='ltr'><strong><em>regem</em></strong></span> <span class='ocrx_word' id='word_1_431' title='bbox 1460 4817 1649 4870; x_wconf 79' lang='lat' dir='ltr'><strong><em>directi</em></strong></span> <span class='ocrx_word' id='word_1_432' title='bbox 1691 4825 1866 4882; x_wconf 85' lang='lat' dir='ltr'><strong><em>erant,</em></strong></span> 
     </span>
    </p>
   </div>
   <div class='ocr_carea' id='block_1_61' title="bbox 277 4905 1866 4980">
    <p class='ocr_par' dir='ltr' id='par_1_61' title="bbox 277 4905 1866 4980">
     <span class='ocr_line' id='line_1_63' title="bbox 277 4905 1866 4980; baseline -0.003 -15"><span class='ocrx_word' id='word_1_433' title='bbox 277 4910 423 4980; x_wconf 82' lang='lat' dir='ltr'><strong><em>apud</em></strong></span> <span class='ocrx_word' id='word_1_434' title='bbox 455 4909 783 4963; x_wconf 77' lang='lat' dir='ltr'><strong><em>llatascense</em></strong></span> <span class='ocrx_word' id='word_1_435' title='bbox 807 4905 835 4943; x_wconf 76' lang='grc' dir='ltr'>ά</span> <span class='ocrx_word' id='word_1_436' title='bbox 861 4907 1112 4975; x_wconf 85' lang='lat' dir='ltr'><strong><em>oppidum</em></strong></span> <span class='ocrx_word' id='word_1_437' title='bbox 1140 4908 1273 4976; x_wconf 83' lang='lat' dir='ltr'><strong><em>jussi</em></strong></span> <span class='ocrx_word' id='word_1_438' title='bbox 1310 4914 1436 4960; x_wconf 90' lang='lat' dir='ltr'><strong><em>sunt</em></strong></span> <span class='ocrx_word' id='word_1_439' title='bbox 1465 4906 1740 4963; x_wconf 84' lang='lat' dir='ltr'><strong><em>residere:</em></strong></span> <span class='ocrx_word' id='word_1_440' title='bbox 1770 4906 1866 4961; x_wconf 82' lang='lat' dir='ltr'><strong><em>ihi-</em></strong></span> 
     </span>
    </p>
   </div>
   <div class='ocr_carea' id='block_1_62' title="bbox 280 5001 1867 5074">
    <p class='ocr_par' dir='ltr' id='par_1_62' title="bbox 280 5001 1867 5074">
     <span class='ocr_line' id='line_1_64' title="bbox 280 5001 1867 5074; baseline -0.003 -15"><span class='ocrx_word' id='word_1_441' title='bbox 280 5022 388 5074; x_wconf 97' lang='lat' dir='ltr'><strong><em>que</em></strong></span> <span class='ocrx_word' id='word_1_442' title='bbox 417 5005 747 5059; x_wconf 64' lang='lat' dir='ltr'><strong><em>transmissis</em></strong></span> <span class='ocrx_word' id='word_1_443' title='bbox 788 5003 915 5057; x_wconf 69' lang='lat' dir='ltr'><strong><em>viris</em></strong></span> <span class='ocrx_word' id='word_1_444' title='bbox 953 5018 1044 5057; x_wconf 82' lang='lat' dir='ltr'><strong><em>rex</em></strong></span> <span class='ocrx_word' id='word_1_445' title='bbox 1074 5017 1262 5058; x_wconf 83' lang='lat' dir='ltr'><strong><em>causas</em></strong></span> <span class='ocrx_word' id='word_1_446' title='bbox 1288 5001 1573 5073; x_wconf 78' lang='lat' dir='ltr'><strong><em>cegnovit,</em></strong></span> <span class='ocrx_word' id='word_1_447' title='bbox 1605 5001 1707 5063; x_wconf 6' lang='lat' dir='ltr'><strong><em>sed.</em></strong></span> <span class='ocrx_word' id='word_1_448' title='bbox 1731 5002 1867 5056; x_wconf 86' lang='lat' dir='ltr'><strong><em>reci-</em></strong></span> 
     </span>
    </p>
   </div>
   <div class='ocr_carea' id='block_1_63' title="bbox 1967 3910 3543 3988">
    <p class='ocr_par' dir='ltr' id='par_1_63' title="bbox 1967 3910 3543 3988">
     <span class='ocr_line' id='line_1_65' title="bbox 1967 3910 3543 3988; baseline 0.01 -25"><span class='ocrx_word' id='word_1_449' title='bbox 1967 3910 2109 3966; x_wconf 90' lang='lat' dir='ltr'><strong><em>inter</em></strong></span> <span class='ocrx_word' id='word_1_450' title='bbox 2156 3927 2251 3968; x_wconf 73' lang='lat' dir='ltr'><strong><em>eos</em></strong></span> <span class='ocrx_word' id='word_1_451' title='bbox 2285 3914 2562 3969; x_wconf 80' lang='lat' dir='ltr'><strong><em>inimicitia</em></strong></span> <span class='ocrx_word' id='word_1_452' title='bbox 2596 3916 2867 3985; x_wconf 78' lang='lat' dir='ltr'><strong><em>pullulavit</em></strong></span> <span class='ocrx_word' id='word_1_453' title='bbox 2889 3956 2906 3983; x_wconf 92' lang='lat'><strong>,</strong></span> <span class='ocrx_word' id='word_1_454' title='bbox 2935 3916 3098 3988; x_wconf 67' lang='grc'><strong><em>420</em></strong></span> <span class='ocrx_word' id='word_1_455' title='bbox 3125 3929 3181 3972; x_wconf 91' lang='lat' dir='ltr'><strong><em>ut</em></strong></span> <span class='ocrx_word' id='word_1_456' title='bbox 3208 3920 3273 3973; x_wconf 84' lang='lat' dir='ltr'><strong><em>ad</em></strong></span> <span class='ocrx_word' id='word_1_457' title='bbox 3303 3921 3543 3978; x_wconf 75' lang='lat' dir='ltr'><strong><em>civitates</em></strong></span> 
     </span>
    </p>
   </div>
   <div class='ocr_carea' id='block_1_64' title="bbox 1964 4002 3539 4077">
    <p class='ocr_par' dir='ltr' id='par_1_64' title="bbox 1964 4002 3539 4077">
     <span class='ocr_line' id='line_1_66' title="bbox 1964 4002 3539 4077; baseline 0.006 -20"><span class='ocrx_word' id='word_1_458' title='bbox 1964 4002 2307 4071; x_wconf 72' lang='lat' dir='ltr'><strong><em>Septitnanite</em></strong></span> <span class='ocrx_word' id='word_1_459' title='bbox 2346 4005 2551 4058; x_wconf 89' lang='lat' dir='ltr'><strong><em>nullum</em></strong></span> <span class='ocrx_word' id='word_1_460' title='bbox 2581 4004 2649 4059; x_wconf 90' lang='lat' dir='ltr'><strong><em>de</em></strong></span> <span class='ocrx_word' id='word_1_461' title='bbox 2678 4019 2843 4074; x_wconf 79' lang='lat' dir='ltr'><strong><em>regno</em></strong></span> <span class='ocrx_word' id='word_1_462' title='bbox 2871 4006 2990 4074; x_wconf 87' lang='lat' dir='ltr'><strong><em>ejus</em></strong></span> <span class='ocrx_word' id='word_1_463' title='bbox 3016 4011 3237 4062; x_wconf 72' lang='lat' dir='ltr'><strong><em>transire</em></strong></span> <span class='ocrx_word' id='word_1_464' title='bbox 3266 4012 3539 4077; x_wconf 85' lang='lat' dir='ltr'><strong><em>permitte-</em></strong></span> 
     </span>
    </p>
   </div>
   <div class='ocr_carea' id='block_1_65' title="bbox 1965 4094 3520 4167">
    <p class='ocr_par' dir='ltr' id='par_1_65' title="bbox 1965 4094 3520 4167">
     <span class='ocr_line' id='line_1_67' title="bbox 1965 4094 3520 4167; baseline 0.005 -19"><span class='ocrx_word' id='word_1_465' title='bbox 1965 4102 2104 4148; x_wconf 87' lang='lat' dir='ltr'><strong><em>rent.</em></strong></span> <span class='ocrx_word' id='word_1_466' title='bbox 2147 4094 2207 4147; x_wconf 82' lang='lat' dir='ltr'><strong><em>Hi</em></strong></span> <span class='ocrx_word' id='word_1_467' title='bbox 2234 4110 2365 4149; x_wconf 83' lang='lat' dir='ltr'><strong><em>vero</em></strong></span> <span class='ocrx_word' id='word_1_468' title='bbox 2389 4097 2480 4164; x_wconf 89' lang='lat' dir='ltr'><strong><em>qui</em></strong></span> <span class='ocrx_word' id='word_1_469' title='bbox 2518 4096 2583 4149; x_wconf 91' lang='lat' dir='ltr'><strong><em>ad</em></strong></span> <span class='ocrx_word' id='word_1_470' title='bbox 2613 4095 3015 4153; x_wconf 84' lang='lat' dir='ltr'><strong><em>Cltildebertum</em></strong></span> <span class='ocrx_word' id='word_1_471' title='bbox 3051 4112 3228 4167; x_wconf 76' lang='lat' dir='ltr'><strong><em>regem</em></strong></span> <span class='ocrx_word' id='word_1_472' title='bbox 3256 4115 3393 4155; x_wconf 83' lang='lat' dir='ltr'><strong><em>vene</em></strong></span> <span class='ocrx_word' id='word_1_473' title='bbox 3414 4116 3520 4156; x_wconf 85' lang='lat' dir='ltr'><strong><em>unt</em></strong></span> 
     </span>
    </p>
   </div>
   <div class='ocr_carea' id='block_1_66' title="bbox 1963 4184 3542 4259">
    <p class='ocr_par' dir='ltr' id='par_1_66' title="bbox 1963 4184 3542 4259">
     <span class='ocr_line' id='line_1_68' title="bbox 1963 4184 3542 4259; baseline 0.004 -21"><span class='ocrx_word' id='word_1_474' title='bbox 1963 4198 2083 4238; x_wconf 89' lang='lat' dir='ltr'><strong><em>cum</em></strong></span> <span class='ocrx_word' id='word_1_475' title='bbox 2130 4184 2391 4240; x_wconf 82' lang='lat' dir='ltr'><strong><em>cltaritate</em></strong></span> <span class='ocrx_word' id='word_1_476' title='bbox 2433 4186 2634 4255; x_wconf 87' lang='lat' dir='ltr'><strong><em>recepti</em></strong></span> <span class='ocrx_word' id='word_1_477' title='bbox 2697 4200 2858 4241; x_wconf 87' lang='lat' dir='ltr'><strong><em>sunt:</em></strong></span> <span class='ocrx_word' id='word_1_478' title='bbox 2907 4186 3155 4256; x_wconf 76' lang='lat' dir='ltr'><strong><em>datisque</em></strong></span> <span class='ocrx_word' id='word_1_479' title='bbox 3206 4190 3542 4259; x_wconf 82' lang='lat' dir='ltr'><strong><em>muneribus,</em></strong></span> 
     </span>
    </p>
   </div>
   <div class='ocr_carea' id='block_1_67' title="bbox 1962 4278 3265 4348">
    <p class='ocr_par' dir='ltr' id='par_1_67' title="bbox 1962 4278 3265 4348">
     <span class='ocr_line' id='line_1_69' title="bbox 1962 4278 3265 4348; baseline 0.002 -18"><span class='ocrx_word' id='word_1_480' title='bbox 1962 4286 2179 4345; x_wconf 88' lang='lat' dir='ltr'><strong><em>accepta</em></strong></span> <span class='ocrx_word' id='word_1_481' title='bbox 2214 4289 2364 4342; x_wconf 88' lang='lat' dir='ltr'><strong><em>pace,</em></strong></span> <span class='ocrx_word' id='word_1_482' title='bbox 2394 4290 2513 4331; x_wconf 91' lang='lat' dir='ltr'><strong><em>cum</em></strong></span> <span class='ocrx_word' id='word_1_483' title='bbox 2543 4278 2851 4332; x_wconf 87' lang='lat' dir='ltr'><strong><em>muneribus</em></strong></span> <span class='ocrx_word' id='word_1_484' title='bbox 2874 4286 2996 4332; x_wconf 90' lang='lat' dir='ltr'><strong><em>sunt</em></strong></span> <span class='ocrx_word' id='word_1_485' title='bbox 3019 4279 3265 4348; x_wconf 59' lang='grc' dir='ltr'><strong><em>καταδεῖ.</em></strong></span> 
     </span>
    </p>
   </div>
   <div class='ocr_carea' id='block_1_68' title="bbox 2040 4365 3542 4437">
    <p class='ocr_par' dir='ltr' id='par_1_68' title="bbox 2040 4365 3542 4437">
     <span class='ocr_line' id='line_1_70' title="bbox 2040 4365 3542 4437; baseline 0.006 -18"><span class='ocrx_word' id='word_1_486' title='bbox 2040 4366 2101 4420; x_wconf 95' lang='lat' dir='ltr'><strong><em>ll.</em></strong></span> <span class='ocrx_word' id='word_1_487' title='bbox 2148 4365 2226 4419; x_wconf 84' lang='lat' dir='ltr'><strong><em>Eo</em></strong></span> <span class='ocrx_word' id='word_1_488' title='bbox 2256 4382 2398 4420; x_wconf 82' lang='lat' dir='ltr'><strong><em>anno</em></strong></span> <span class='ocrx_word' id='word_1_489' title='bbox 2426 4367 2729 4421; x_wconf 81' lang='lat' dir='ltr'><strong><em>beatissima</em></strong></span> <span class='ocrx_word' id='word_1_490' title='bbox 2762 4368 3099 4437; x_wconf 75' lang='lat' dir='ltr'><strong><em>Hadegundis</em></strong></span> <span class='ocrx_word' id='word_1_491' title='bbox 3118 4369 3186 4421; x_wconf 88' lang='lat' dir='ltr'><strong><em>ab</em></strong></span> <span class='ocrx_word' id='word_1_492' title='bbox 3216 4370 3316 4424; x_wconf 89' lang='lat' dir='ltr'><strong><em>boc</em></strong></span> <span class='ocrx_word' id='word_1_493' title='bbox 3344 4373 3542 4428; x_wconf 85' lang='lat' dir='ltr'><strong><em>mundo</em></strong></span> 
     </span>
    </p>
   </div>
   <div class='ocr_carea' id='block_1_69' title="bbox 1970 4456 3542 4533">
    <p class='ocr_par' dir='ltr' id='par_1_69' title="bbox 1970 4456 3542 4533">
     <span class='ocr_line' id='line_1_71' title="bbox 1970 4456 3542 4533; baseline 0.007 -23"><span class='ocrx_word' id='word_1_494' title='bbox 1970 4456 2241 4527; x_wconf 73' lang='lat' dir='ltr'><strong><em>migravit.</em></strong></span> <span class='ocrx_word' id='word_1_495' title='bbox 2266 4459 2397 4527; x_wconf 59' lang='lat' dir='ltr'><strong><em>Quae</em></strong></span> <span class='ocrx_word' id='word_1_496' title='bbox 2424 4475 2674 4530; x_wconf 75' lang='lat' dir='ltr'><strong><em>magnum</em></strong></span> <span class='ocrx_word' id='word_1_497' title='bbox 2695 4461 2961 4530; x_wconf 82' lang='lat' dir='ltr'><strong><em>planctum</em></strong></span> <span class='ocrx_word' id='word_1_498' title='bbox 2986 4462 3037 4515; x_wconf 94' lang='lat' dir='ltr'><strong><em>in</em></strong></span> <span class='ocrx_word' id='word_1_499' title='bbox 3068 4464 3389 4517; x_wconf 85' lang='lat' dir='ltr'><strong><em>monasterio</em></strong></span> <span class='ocrx_word' id='word_1_500' title='bbox 3404 4465 3542 4533; x_wconf 72' lang='lat' dir='ltr'><strong><em>quod</em></strong></span> 
     </span>
    </p>
   </div>
   <div class='ocr_carea' id='block_1_70' title="bbox 1969 4551 3543 4624">
    <p class='ocr_par' dir='ltr' id='par_1_70' title="bbox 1969 4551 3543 4624">
     <span class='ocr_line' id='line_1_72' title="bbox 1969 4551 3543 4624; baseline 0.003 -20"><span class='ocrx_word' id='word_1_501' title='bbox 1969 4551 2322 4606; x_wconf 83' lang='lat' dir='ltr'><strong><em>constituerat</em></strong></span> <span class='ocrx_word' id='word_1_502' title='bbox 2364 4553 2672 4623; x_wconf 88' lang='lat' dir='ltr'><strong><em>dereliquit.</em></strong></span> <span class='ocrx_word' id='word_1_503' title='bbox 2722 4553 2924 4623; x_wconf 81' lang='lat' dir='ltr'><strong><em>Fuique</em></strong></span> <span class='ocrx_word' id='word_1_504' title='bbox 2968 4562 3026 4609; x_wconf 89' lang='lat' dir='ltr'><strong><em>et</em></strong></span> <span class='ocrx_word' id='word_1_505' title='bbox 3086 4566 3187 4622; x_wconf 73' lang='lat' dir='ltr'><strong><em>ego</em></strong></span> <span class='ocrx_word' id='word_1_506' title='bbox 3214 4570 3449 4624; x_wconf 64' lang='lat' dir='ltr'><strong><em>praseus</em></strong></span> <span class='ocrx_word' id='word_1_507' title='bbox 3477 4556 3543 4609; x_wconf 87' lang='lat' dir='ltr'><strong><em>ad</em></strong></span> 
     </span>
    </p>
   </div>
   <div class='ocr_carea' id='block_1_71' title="bbox 1968 4642 3545 4714">
    <p class='ocr_par' dir='ltr' id='par_1_71' title="bbox 1968 4642 3545 4714">
     <span class='ocr_line' id='line_1_73' title="bbox 1968 4642 3545 4714; baseline 0.004 -20"><span class='ocrx_word' id='word_1_508' title='bbox 1968 4654 2086 4694; x_wconf 87' lang='lat' dir='ltr'><strong><em>eam</em></strong></span> <span class='ocrx_word' id='word_1_509' title='bbox 2119 4643 2506 4707; x_wconf 66' lang='lat' dir='ltr'><strong><em>scieliendam.</em></strong></span> <span class='ocrx_word' id='word_1_510' title='bbox 2559 4642 2703 4699; x_wconf 90' lang='lat' dir='ltr'><strong><em>Obiit</em></strong></span> <span class='ocrx_word' id='word_1_511' title='bbox 2746 4658 2926 4699; x_wconf 85' lang='lat' dir='ltr'><strong><em>autem</em></strong></span> <span class='ocrx_word' id='word_1_512' title='bbox 2973 4659 3157 4699; x_wconf 88' lang='lat' dir='ltr'><strong><em>mense</em></strong></span> <span class='ocrx_word' id='word_1_513' title='bbox 3184 4655 3363 4714; x_wconf 80' lang='lat' dir='ltr'><strong><em>sexto,</em></strong></span> <span class='ocrx_word' id='word_1_514' title='bbox 3391 4646 3545 4701; x_wconf 85' lang='lat' dir='ltr'><strong><em>tertia</em></strong></span> 
     </span>
    </p>
   </div>
   <div class='ocr_carea' id='block_1_72' title="bbox 1972 4732 3546 4805">
    <p class='ocr_par' dir='ltr' id='par_1_72' title="bbox 1972 4732 3546 4805">
     <span class='ocr_line' id='line_1_74' title="bbox 1972 4732 3546 4805; baseline 0.004 -21"><span class='ocrx_word' id='word_1_515' title='bbox 1972 4733 2178 4786; x_wconf 86' lang='lat' dir='ltr'><strong><em>decima</em></strong></span> <span class='ocrx_word' id='word_1_516' title='bbox 2209 4732 2295 4788; x_wconf 90' lang='lat' dir='ltr'><strong><em>die</em></strong></span> <span class='ocrx_word' id='word_1_517' title='bbox 2325 4734 2523 4788; x_wconf 90' lang='lat' dir='ltr'><strong><em>mensis</em></strong></span> <span class='ocrx_word' id='word_1_518' title='bbox 2544 4773 2561 4801; x_wconf 89' lang='lat'><strong>,</strong></span> <span class='ocrx_word' id='word_1_519' title='bbox 2593 4735 2800 4803; x_wconf 86' lang='lat' dir='ltr'><strong><em>sepulta</em></strong></span> <span class='ocrx_word' id='word_1_520' title='bbox 2826 4743 2951 4803; x_wconf 91' lang='lat' dir='ltr'><strong><em>post</em></strong></span> <span class='ocrx_word' id='word_1_521' title='bbox 2984 4736 3242 4790; x_wconf 89' lang='lat' dir='ltr'><strong><em>triduum.</em></strong></span> <span class='ocrx_word' id='word_1_522' title='bbox 3299 4738 3427 4805; x_wconf 76' lang='lat' dir='ltr'><strong><em>Qua:</em></strong></span> <span class='ocrx_word' id='word_1_523' title='bbox 3454 4754 3546 4791; x_wconf 85' lang='lat' dir='ltr'><strong><em>au-</em></strong></span> 
     </span>
    </p>
   </div>
   <div class='ocr_carea' id='block_1_73' title="bbox 1972 4824 3547 4901">
    <p class='ocr_par' dir='ltr' id='par_1_73' title="bbox 1972 4824 3547 4901">
     <span class='ocr_line' id='line_1_75' title="bbox 1972 4824 3547 4901; baseline 0.006 -25"><span class='ocrx_word' id='word_1_524' title='bbox 1972 4833 2076 4876; x_wconf 89' lang='lat' dir='ltr'><strong><em>tem</em></strong></span> <span class='ocrx_word' id='word_1_525' title='bbox 2118 4824 2187 4879; x_wconf 81' lang='lat' dir='ltr'><strong><em>ibi</em></strong></span> <span class='ocrx_word' id='word_1_526' title='bbox 2232 4825 2347 4894; x_wconf 84' lang='lat' dir='ltr'><strong><em>ipsa</em></strong></span> <span class='ocrx_word' id='word_1_527' title='bbox 2397 4825 2485 4881; x_wconf 91' lang='lat' dir='ltr'><strong><em>die</em></strong></span> <span class='ocrx_word' id='word_1_528' title='bbox 2528 4826 2753 4883; x_wconf 79' lang='lat' dir='ltr'><strong><em>virtutes</em></strong></span> <span class='ocrx_word' id='word_1_529' title='bbox 2806 4841 3197 4898; x_wconf 85' lang='lat' dir='ltr'><strong><em>apparuerunt,</em></strong></span> <span class='ocrx_word' id='word_1_530' title='bbox 3226 4840 3280 4884; x_wconf 90' lang='lat' dir='ltr'><strong><em>et</em></strong></span> <span class='ocrx_word' id='word_1_531' title='bbox 3318 4832 3547 4901; x_wconf 84' lang='lat' dir='ltr'><strong><em>qualiter</em></strong></span> 
     </span>
    </p>
   </div>
   <div class='ocr_carea' id='block_1_74' title="bbox 1971 4912 3546 4990">
    <p class='ocr_par' dir='ltr' id='par_1_74' title="bbox 1971 4912 3546 4990">
     <span class='ocr_line' id='line_1_76' title="bbox 1971 4912 3546 4990; baseline 0.006 -25"><span class='ocrx_word' id='word_1_532' title='bbox 1971 4912 2130 4967; x_wconf 80' lang='lat' dir='ltr'><strong><em>fuerit</em></strong></span> <span class='ocrx_word' id='word_1_533' title='bbox 2159 4913 2431 4985; x_wconf 81' lang='lat' dir='ltr'><strong><em>funerata,</em></strong></span> <span class='ocrx_word' id='word_1_534' title='bbox 2470 4914 2523 4972; x_wconf 91' lang='lat' dir='ltr'><strong><em>in</em></strong></span> <span class='ocrx_word' id='word_1_535' title='bbox 2550 4916 2687 4973; x_wconf 87' lang='lat' dir='ltr'><strong><em>libro</em></strong></span> <span class='ocrx_word' id='word_1_536' title='bbox 2725 4917 3102 4975; x_wconf 76' lang='lat' dir='ltr'><strong><em>Miraculorum</em></strong></span> <span class='ocrx_word' id='word_1_537' title='bbox 3136 4930 3159 4959; x_wconf 85' lang='grc'>⁶</span> <span class='ocrx_word' id='word_1_538' title='bbox 3184 4923 3391 4990; x_wconf 87' lang='lat' dir='ltr'><strong><em>plenius</em></strong></span> <span class='ocrx_word' id='word_1_539' title='bbox 3410 4922 3546 4977; x_wconf 85' lang='lat' dir='ltr'><strong><em>scri-</em></strong></span> 
     </span>
    </p>
   </div>
   <div class='ocr_carea' id='block_1_75' title="bbox 1970 5002 2324 5061">
    <p class='ocr_par' dir='ltr' id='par_1_75' title="bbox 1970 5002 2324 5061">
     <span class='ocr_line' id='line_1_77' title="bbox 1970 5002 2324 5061; baseline 0.006 -3"><span class='ocrx_word' id='word_1_540' title='bbox 1970 5002 2099 5058; x_wconf 89' lang='lat' dir='ltr'><strong><em>bere</em></strong></span> <span class='ocrx_word' id='word_1_541' title='bbox 2126 5005 2324 5061; x_wconf 88' lang='lat' dir='ltr'><strong><em>studui.</em></strong></span> 
     </span>
    </p>
   </div>
   <div class='ocr_carea' id='block_1_76' title="bbox 355 5114 2456 5189">
    <p class='ocr_par' dir='ltr' id='par_1_76' title="bbox 355 5114 2456 5189">
     <span class='ocr_line' id='line_1_78' title="bbox 355 5114 2456 5189; baseline -0.002 -14"><span class='ocrx_word' id='word_1_542' title='bbox 355 5130 381 5158; x_wconf 85' lang='grc' dir='ltr'>ι</span> <span class='ocrx_word' id='word_1_543' title='bbox 427 5121 581 5177; x_wconf 81' lang='lat' dir='ltr'><strong><em>Deest</em></strong></span> <span class='ocrx_word' id='word_1_544' title='bbox 611 5125 713 5177; x_wconf 80' lang='lat' dir='ltr'><strong><em>hoc</em></strong></span> <span class='ocrx_word' id='word_1_545' title='bbox 747 5130 904 5189; x_wconf 86' lang='lat' dir='ltr'><strong><em>caput</em></strong></span> <span class='ocrx_word' id='word_1_546' title='bbox 936 5125 987 5174; x_wconf 92' lang='lat' dir='ltr'><strong><em>in</em></strong></span> <span class='ocrx_word' id='word_1_547' title='bbox 1014 5119 1169 5173; x_wconf 88' lang='lat' dir='ltr'><strong><em>Colb.</em></strong></span> <span class='ocrx_word' id='word_1_548' title='bbox 1198 5131 1241 5189; x_wconf 81' lang='lat' dir='ltr'><strong><em>a.</em></strong></span> <span class='ocrx_word' id='word_1_549' title='bbox 1271 5129 1481 5189; x_wconf 78' lang='lat' dir='ltr'><strong><em>etcum</em></strong></span> <span class='ocrx_word' id='word_1_550' title='bbox 1512 5131 1626 5187; x_wconf 89' lang='lat' dir='ltr'><strong><em>seq.</em></strong></span> <span class='ocrx_word' id='word_1_551' title='bbox 1660 5118 1712 5169; x_wconf 86' lang='lat' dir='ltr'><strong><em>in</em></strong></span> <span class='ocrx_word' id='word_1_552' title='bbox 1745 5114 1865 5189; x_wconf 79' lang='lat' dir='ltr'><strong><em>_Vat.</em></strong></span> <span class='ocrx_word' id='word_1_553' title='bbox 1903 5122 1946 5182; x_wconf 73' lang='grc' dir='ltr'><strong>Β</strong></span> <span class='ocrx_word' id='word_1_554' title='bbox 1976 5134 2070 5187; x_wconf 80' lang='lat' dir='ltr'><strong><em>pro</em></strong></span> <span class='ocrx_word' id='word_1_555' title='bbox 2102 5117 2456 5189; x_wconf 78' lang='lat' dir='ltr'><strong><em>Matiscouem.</em></strong></span> 
     </span>
    </p>
   </div>
   <div class='ocr_carea' id='block_1_77' title="bbox 355 5187 1866 5260">
    <p class='ocr_par' dir='ltr' id='par_1_77' title="bbox 355 5187 1866 5260">
     <span class='ocr_line' id='line_1_79' title="bbox 355 5187 1866 5260; baseline -0.003 -16"><span class='ocrx_word' id='word_1_556' title='bbox 355 5192 382 5228; x_wconf 76' lang='grc' dir='ltr'>δ</span> <span class='ocrx_word' id='word_1_557' title='bbox 431 5190 555 5246; x_wconf 57' lang='lat' dir='ltr'><strong><em>&quot;ac</em></strong></span> <span class='ocrx_word' id='word_1_558' title='bbox 601 5207 776 5246; x_wconf 87' lang='lat' dir='ltr'><strong><em>tamen</em></strong></span> <span class='ocrx_word' id='word_1_559' title='bbox 820 5187 1005 5260; x_wconf 50' lang='lat' dir='ltr'><strong><em>postea</em></strong></span> <span class='ocrx_word' id='word_1_560' title='bbox 1038 5204 1159 5243; x_wconf 88' lang='lat' dir='ltr'><strong><em>cum</em></strong></span> <span class='ocrx_word' id='word_1_561' title='bbox 1186 5188 1358 5260; x_wconf 87' lang='lat' dir='ltr'><strong><em>Uldila</em></strong></span> <span class='ocrx_word' id='word_1_562' title='bbox 1388 5187 1641 5257; x_wconf 89' lang='lat' dir='ltr'><strong><em>episcopo</em></strong></span> <span class='ocrx_word' id='word_1_563' title='bbox 1666 5187 1866 5260; x_wconf 77' lang='lat' dir='ltr'><strong><em>Arione</em></strong></span> 
     </span>
    </p>
   </div>
   <div class='ocr_carea' id='block_1_78' title="bbox 282 5256 1864 5329">
    <p class='ocr_par' dir='ltr' id='par_1_78' title="bbox 282 5256 1864 5329">
     <span class='ocr_line' id='line_1_80' title="bbox 282 5256 1864 5329; baseline -0.002 -16"><span class='ocrx_word' id='word_1_564' title='bbox 282 5262 464 5329; x_wconf 70' lang='lat' dir='ltr'><strong><em>iuncta</em></strong></span> <span class='ocrx_word' id='word_1_565' title='bbox 489 5303 505 5327; x_wconf 90' lang='lat'><strong><em>,</em></strong></span> <span class='ocrx_word' id='word_1_566' title='bbox 541 5256 841 5317; x_wconf 72' lang='lat' dir='ltr'><strong><em>lteccaredo</em></strong></span> <span class='ocrx_word' id='word_1_567' title='bbox 887 5260 1105 5314; x_wconf 88' lang='lat' dir='ltr'><strong><em>insidias</em></strong></span> <span class='ocrx_word' id='word_1_568' title='bbox 1137 5259 1375 5325; x_wconf 83' lang='lat' dir='ltr'><strong><em>paravit,</em></strong></span> <span class='ocrx_word' id='word_1_569' title='bbox 1403 5268 1458 5311; x_wconf 84' lang='lat' dir='ltr'><strong><em>ut</em></strong></span> <span class='ocrx_word' id='word_1_570' title='bbox 1501 5256 1681 5312; x_wconf 87' lang='lat' dir='ltr'><strong><em>narrat</em></strong></span> <span class='ocrx_word' id='word_1_571' title='bbox 1710 5256 1864 5310; x_wconf 78' lang='lat' dir='ltr'><strong><em>Joan.</em></strong></span> 
     </span>
    </p>
   </div>
   <div class='ocr_carea' id='block_1_79' title="bbox 285 5329 1202 5385">
    <p class='ocr_par' dir='ltr' id='par_1_79' title="bbox 285 5329 1202 5385">
     <span class='ocr_line' id='line_1_81' title="bbox 285 5329 1202 5385; baseline -0.004 0"><span class='ocrx_word' id='word_1_572' title='bbox 285 5332 483 5385; x_wconf 80' lang='lat' dir='ltr'><strong><em>Biclar.</em></strong></span> <span class='ocrx_word' id='word_1_573' title='bbox 510 5334 576 5385; x_wconf 85' lang='lat' dir='ltr'><strong><em>ad</em></strong></span> <span class='ocrx_word' id='word_1_574' title='bbox 602 5348 797 5385; x_wconf 84' lang='lat' dir='ltr'><strong><em>annum</em></strong></span> <span class='ocrx_word' id='word_1_575' title='bbox 828 5332 863 5385; x_wconf 73' lang='grc' dir='ltr'>ὅ</span> <span class='ocrx_word' id='word_1_576' title='bbox 894 5332 982 5383; x_wconf 44' lang='lat' dir='ltr'><strong><em>lter</em></strong></span> <span class='ocrx_word' id='word_1_577' title='bbox 1002 5329 1202 5383; x_wconf 80' lang='lat' dir='ltr'><strong><em>caredi.</em></strong></span> 
     </span>
    </p>
   </div>
   <div class='ocr_carea' id='block_1_80' title="bbox 364 5395 1867 5465">
    <p class='ocr_par' dir='ltr' id='par_1_80' title="bbox 364 5395 1867 5465">
     <span class='ocr_line' id='line_1_82' title="bbox 364 5395 1867 5465; baseline -0.004 -10"><span class='ocrx_word' id='word_1_578' title='bbox 364 5412 387 5440; x_wconf 77' lang='grc' dir='ltr'><strong>ε</strong></span> <span class='ocrx_word' id='word_1_579' title='bbox 434 5402 521 5457; x_wconf 87' lang='lat' dir='ltr'><strong><em>Sic</em></strong></span> <span class='ocrx_word' id='word_1_580' title='bbox 548 5418 736 5456; x_wconf 85' lang='lat' dir='ltr'><strong><em>omnes</em></strong></span> <span class='ocrx_word' id='word_1_581' title='bbox 774 5402 990 5454; x_wconf 89' lang='lat' dir='ltr'><strong><em>omnino</em></strong></span> <span class='ocrx_word' id='word_1_582' title='bbox 1030 5399 1159 5453; x_wconf 89' lang='lat' dir='ltr'><strong><em>editi</em></strong></span> <span class='ocrx_word' id='word_1_583' title='bbox 1205 5405 1259 5451; x_wconf 91' lang='lat' dir='ltr'><strong><em>et</em></strong></span> <span class='ocrx_word' id='word_1_584' title='bbox 1303 5395 1507 5465; x_wconf 88' lang='lat' dir='ltr'><strong><em>scripti.</em></strong></span> <span class='ocrx_word' id='word_1_585' title='bbox 1550 5396 1748 5451; x_wconf 85' lang='lat' dir='ltr'><strong><em>Tamen</em></strong></span> <span class='ocrx_word' id='word_1_586' title='bbox 1791 5396 1867 5449; x_wconf 88' lang='lat' dir='ltr'><strong><em>le-</em></strong></span> 
     </span>
    </p>
   </div>
   <div class='ocr_carea' id='block_1_81' title="bbox 282 5468 1867 5543">
    <p class='ocr_par' dir='ltr' id='par_1_81' title="bbox 282 5468 1867 5543">
     <span class='ocr_line' id='line_1_83' title="bbox 282 5468 1867 5543; baseline -0.002 -20"><span class='ocrx_word' id='word_1_587' title='bbox 282 5473 517 5543; x_wconf 62' lang='lat' dir='ltr'><strong><em>gendum</em></strong></span> <span class='ocrx_word' id='word_1_588' title='bbox 544 5483 646 5537; x_wconf 87' lang='lat' dir='ltr'><strong><em>est,</em></strong></span> <span class='ocrx_word' id='word_1_589' title='bbox 680 5473 778 5525; x_wconf 81' lang='lat' dir='ltr'><strong><em>nisi</em></strong></span> <span class='ocrx_word' id='word_1_590' title='bbox 809 5473 983 5534; x_wconf 78' lang='lat' dir='ltr'><strong><em>Ial&#39;lor,</em></strong></span> <span class='ocrx_word' id='word_1_591' title='bbox 1012 5469 1185 5523; x_wconf 88' lang='lat' dir='ltr'><strong><em>Simili</em></strong></span> <span class='ocrx_word' id='word_1_592' title='bbox 1208 5484 1296 5520; x_wconf 80' lang='lat' dir='ltr'><strong><em>vos</em></strong></span> <span class='ocrx_word' id='word_1_593' title='bbox 1324 5468 1642 5543; x_wconf 72' lang='lat' dir='ltr'><strong><em>conditione,</em></strong></span> <span class='ocrx_word' id='word_1_594' title='bbox 1672 5475 1765 5520; x_wconf 88' lang='lat' dir='ltr'><strong><em>aut</em></strong></span> <span class='ocrx_word' id='word_1_595' title='bbox 1786 5480 1867 5520; x_wconf 85' lang='lat' dir='ltr'><strong><em>sa-</em></strong></span> 
     </span>
    </p>
   </div>
   <div class='ocr_carea' id='block_1_82' title="bbox 281 5538 1518 5603">
    <p class='ocr_par' dir='ltr' id='par_1_82' title="bbox 281 5538 1518 5603">
     <span class='ocr_line' id='line_1_84' title="bbox 281 5538 1518 5603; baseline -0.007 -6"><span class='ocrx_word' id='word_1_596' title='bbox 281 5538 380 5603; x_wconf 71' lang='grc' dir='ltr'><strong><em>ὗε,</em></strong></span> <span class='ocrx_word' id='word_1_597' title='bbox 408 5544 559 5595; x_wconf 76' lang='lat' dir='ltr'><strong><em>simili</em></strong></span> <span class='ocrx_word' id='word_1_598' title='bbox 588 5560 680 5595; x_wconf 92' lang='lat' dir='ltr'><strong><em>nos</em></strong></span> <span class='ocrx_word' id='word_1_599' title='bbox 712 5543 1069 5594; x_wconf 78' lang='lat' dir='ltr'><strong><em>conditione...</em></strong></span> <span class='ocrx_word' id='word_1_600' title='bbox 1102 5556 1186 5593; x_wconf 81' lang='lat' dir='ltr'><strong><em>vos</em></strong></span> <span class='ocrx_word' id='word_1_601' title='bbox 1210 5538 1518 5590; x_wconf 83' lang='lat' dir='ltr'><strong><em>muniamus.</em></strong></span> 
     </span>
    </p>
   </div>
   <div class='ocr_carea' id='block_1_83' title="bbox 359 5606 1861 5677">
    <p class='ocr_par' dir='ltr' id='par_1_83' title="bbox 359 5606 1861 5677">
     <span class='ocr_line' id='line_1_85' title="bbox 359 5606 1861 5677; baseline -0.003 -11"><span class='ocrx_word' id='word_1_602' title='bbox 359 5611 392 5648; x_wconf 84' lang='grc'><em>⁴</em></span> <span class='ocrx_word' id='word_1_603' title='bbox 432 5613 520 5666; x_wconf 82' lang='lat' dir='ltr'><strong><em>Sic</em></strong></span> <span class='ocrx_word' id='word_1_604' title='bbox 552 5629 742 5665; x_wconf 84' lang='lat' dir='ltr'><strong><em>omnes</em></strong></span> <span class='ocrx_word' id='word_1_605' title='bbox 770 5627 897 5663; x_wconf 86' lang='lat' dir='ltr'><strong><em>mss.</em></strong></span> <span class='ocrx_word' id='word_1_606' title='bbox 944 5620 997 5664; x_wconf 85' lang='lat' dir='ltr'><strong><em>et</em></strong></span> <span class='ocrx_word' id='word_1_607' title='bbox 1042 5610 1127 5664; x_wconf 85' lang='lat' dir='ltr'><strong><em>ed.</em></strong></span> <span class='ocrx_word' id='word_1_608' title='bbox 1170 5610 1423 5677; x_wconf 88' lang='lat' dir='ltr'><strong><em>plerique.</em></strong></span> <span class='ocrx_word' id='word_1_609' title='bbox 1454 5608 1572 5661; x_wconf 81' lang='lat' dir='ltr'><strong><em>Col.</em></strong></span> <span class='ocrx_word' id='word_1_610' title='bbox 1604 5617 1657 5661; x_wconf 88' lang='lat' dir='ltr'><strong><em>et</em></strong></span> <span class='ocrx_word' id='word_1_611' title='bbox 1685 5606 1861 5676; x_wconf 78' lang='lat' dir='ltr'><strong><em>Bign.,</em></strong></span> 
     </span>
    </p>
   </div>
   <div class='ocr_carea' id='block_1_84' title="bbox 288 5679 1866 5748">
    <p class='ocr_par' dir='ltr' id='par_1_84' title="bbox 288 5679 1866 5748">
     <span class='ocr_line' id='line_1_86' title="bbox 288 5679 1866 5748; baseline -0.003 -11"><span class='ocrx_word' id='word_1_612' title='bbox 288 5682 629 5737; x_wconf 67' lang='lat' dir='ltr'><strong><em>lausceuse.</em></strong></span> <span class='ocrx_word' id='word_1_613' title='bbox 666 5682 954 5748; x_wconf 87' lang='lat' dir='ltr'><strong><em>Utrobique</em></strong></span> <span class='ocrx_word' id='word_1_614' title='bbox 985 5681 1201 5733; x_wconf 79' lang='lat' dir='ltr'><strong><em>Matisco</em></strong></span> <span class='ocrx_word' id='word_1_615' title='bbox 1234 5679 1451 5748; x_wconf 51' lang='lat' dir='ltr'><strong><em>intelligi</em></strong></span> <span class='ocrx_word' id='word_1_616' title='bbox 1482 5679 1660 5732; x_wconf 85' lang='lat' dir='ltr'><strong><em>debet.</em></strong></span> <span class='ocrx_word' id='word_1_617' title='bbox 1703 5680 1866 5733; x_wconf 74' lang='lat' dir='ltr'><strong><em>Certe</em></strong></span> 
     </span>
    </p>
   </div>
   <div class='ocr_carea' id='block_1_85' title="bbox 286 5745 1868 5815">
    <p class='ocr_par' dir='ltr' id='par_1_85' title="bbox 286 5745 1868 5815">
     <span class='ocr_line' id='line_1_87' title="bbox 286 5745 1868 5815; baseline -0.004 -6"><span class='ocrx_word' id='word_1_618' title='bbox 286 5752 570 5809; x_wconf 75' lang='lat' dir='ltr'><strong><em>Fortunat.</em></strong></span> <span class='ocrx_word' id='word_1_619' title='bbox 597 5792 613 5813; x_wconf 84' lang='lat'><strong><em>.</em></strong></span> <span class='ocrx_word' id='word_1_620' title='bbox 666 5752 718 5808; x_wconf 87' lang='lat' dir='ltr'><strong><em>in</em></strong></span> <span class='ocrx_word' id='word_1_621' title='bbox 770 5745 882 5807; x_wconf 78' lang='lat' dir='ltr'><strong><em>Vita</em></strong></span> <span class='ocrx_word' id='word_1_622' title='bbox 924 5751 980 5805; x_wconf 73' lang='grc' dir='ltr'><strong><em>ὃ.</em></strong></span> <span class='ocrx_word' id='word_1_623' title='bbox 1015 5748 1265 5806; x_wconf 80' lang='lat' dir='ltr'><strong><em>Germani</em></strong></span> <span class='ocrx_word' id='word_1_624' title='bbox 1287 5788 1302 5815; x_wconf 86' lang='lat'><strong><em>,</em></strong></span> <span class='ocrx_word' id='word_1_625' title='bbox 1336 5745 1681 5804; x_wconf 78' lang='lat' dir='ltr'><strong><em>Matasconem</em></strong></span> <span class='ocrx_word' id='word_1_626' title='bbox 1708 5749 1868 5804; x_wconf 81' lang='lat' dir='ltr'><strong><em>habet</em></strong></span> 
     </span>
    </p>
   </div>
   <div class='ocr_carea' id='block_1_86' title="bbox 2046 5186 3547 5258">
    <p class='ocr_par' dir='ltr' id='par_1_86' title="bbox 2046 5186 3547 5258">
     <span class='ocr_line' id='line_1_88' title="bbox 2046 5186 3547 5258; baseline 0.002 -17"><span class='ocrx_word' id='word_1_627' title='bbox 2046 5200 2069 5226; x_wconf 74' lang='grc' dir='ltr'><strong>ε</strong></span> <span class='ocrx_word' id='word_1_628' title='bbox 2114 5190 2228 5243; x_wconf 84' lang='lat' dir='ltr'><strong><em>Lib.</em></strong></span> <span class='ocrx_word' id='word_1_629' title='bbox 2278 5193 2350 5258; x_wconf 84' lang='lat' dir='ltr'><strong><em>de</em></strong></span> <span class='ocrx_word' id='word_1_630' title='bbox 2377 5188 2558 5243; x_wconf 87' lang='lat' dir='ltr'><strong><em>Gloria</em></strong></span> <span class='ocrx_word' id='word_1_631' title='bbox 2582 5188 2831 5244; x_wconf 79' lang='lat' dir='ltr'><strong><em>Confess.</em></strong></span> <span class='ocrx_word' id='word_1_632' title='bbox 2873 5204 2993 5258; x_wconf 84' lang='lat' dir='ltr'><strong><em>cap.</em></strong></span> <span class='ocrx_word' id='word_1_633' title='bbox 3032 5189 3155 5242; x_wconf 81' lang='grc'><strong><em>106.</em></strong></span> <span class='ocrx_word' id='word_1_634' title='bbox 3191 5186 3455 5255; x_wconf 79' lang='lat' dir='ltr'><strong><em>Agititem</em></strong></span> <span class='ocrx_word' id='word_1_635' title='bbox 3478 5188 3547 5245; x_wconf 86' lang='lat' dir='ltr'><strong><em>de</em></strong></span> 
     </span>
    </p>
   </div>
   <div class='ocr_carea' id='block_1_87' title="bbox 1971 5250 3647 5327">
    <p class='ocr_par' dir='ltr' id='par_1_87' title="bbox 1971 5250 3647 5327">
     <span class='ocr_line' id='line_1_89' title="bbox 1971 5250 3647 5327; baseline 0.002 -15"><span class='ocrx_word' id='word_1_636' title='bbox 1971 5274 2031 5312; x_wconf 85' lang='lat' dir='ltr'><strong><em>ca</em></strong></span> <span class='ocrx_word' id='word_1_637' title='bbox 2060 5259 2153 5311; x_wconf 77' lang='lat' dir='ltr'><strong><em>lib.</em></strong></span> <span class='ocrx_word' id='word_1_638' title='bbox 2186 5274 2200 5311; x_wconf 90' lang='grc' dir='ltr'>ι</span> <span class='ocrx_word' id='word_1_639' title='bbox 2232 5259 2297 5312; x_wconf 89' lang='lat' dir='ltr'><strong><em>de</em></strong></span> <span class='ocrx_word' id='word_1_640' title='bbox 2324 5257 2504 5313; x_wconf 41' lang='lat' dir='ltr'><strong><em>Gluria</em></strong></span> <span class='ocrx_word' id='word_1_641' title='bbox 2537 5261 2690 5315; x_wconf 74' lang='lat' dir='ltr'><strong><em>Mart.</em></strong></span> <span class='ocrx_word' id='word_1_642' title='bbox 2713 5300 2728 5324; x_wconf 89' lang='lat'><em>,</em></span> <span class='ocrx_word' id='word_1_643' title='bbox 2756 5276 2876 5327; x_wconf 81' lang='lat' dir='ltr'><strong><em>cap.</em></strong></span> <span class='ocrx_word' id='word_1_644' title='bbox 2911 5250 2962 5311; x_wconf 60' lang='lat'><strong><em>5&#39;.</em></strong></span> <span class='ocrx_word' id='word_1_645' title='bbox 3004 5260 3144 5311; x_wconf 83' lang='lat' dir='ltr'><strong><em>Obiit</em></strong></span> <span class='ocrx_word' id='word_1_646' title='bbox 3178 5250 3337 5324; x_wconf 57' lang='lat' dir='ltr'><strong><em>po&#39;rro</em></strong></span> <span class='ocrx_word' id='word_1_647' title='bbox 3365 5262 3451 5314; x_wconf 88' lang='lat' dir='ltr'><strong><em>die</em></strong></span> <span class='ocrx_word' id='word_1_648' title='bbox 3481 5261 3548 5315; x_wconf 72' lang='grc'><strong><em>13</em></strong></span> <span class='ocrx_word' id='word_1_649' title='bbox 3636 5250 3647 5257; x_wconf 60' lang='grc'><em>’</em></span> 
     </span>
    </p>
   </div>
   <div class='ocr_carea' id='block_1_88' title="bbox 1972 5328 3545 5397">
    <p class='ocr_par' dir='ltr' id='par_1_88' title="bbox 1972 5328 3545 5397">
     <span class='ocr_line' id='line_1_90' title="bbox 1972 5328 3545 5397; baseline 0.003 -14"><span class='ocrx_word' id='word_1_650' title='bbox 1972 5330 2226 5395; x_wconf 77' lang='lat' dir='ltr'><strong><em>Augusti,</em></strong></span> <span class='ocrx_word' id='word_1_651' title='bbox 2257 5340 2309 5381; x_wconf 91' lang='lat' dir='ltr'><strong><em>et</em></strong></span> <span class='ocrx_word' id='word_1_652' title='bbox 2336 5330 2550 5397; x_wconf 60' lang='lat' dir='ltr'><strong><em>quidem</em></strong></span> <span class='ocrx_word' id='word_1_653' title='bbox 2585 5347 2723 5383; x_wconf 78' lang='lat' dir='ltr'><strong><em>attito</em></strong></span> <span class='ocrx_word' id='word_1_654' title='bbox 2754 5328 2875 5389; x_wconf 67' lang='lat' dir='ltr'><strong><em>L87.</em></strong></span> <span class='ocrx_word' id='word_1_655' title='bbox 2911 5344 2974 5382; x_wconf 80' lang='lat' dir='ltr'><strong><em>ex</em></strong></span> <span class='ocrx_word' id='word_1_656' title='bbox 3014 5329 3113 5382; x_wconf 86' lang='lat' dir='ltr'><strong><em>hoc</em></strong></span> <span class='ocrx_word' id='word_1_657' title='bbox 3138 5328 3379 5397; x_wconf 74' lang='lat' dir='ltr'><strong><em>Gregorii</em></strong></span> <span class='ocrx_word' id='word_1_658' title='bbox 3406 5332 3545 5387; x_wconf 85' lang='lat' dir='ltr'><strong><em>loco.</em></strong></span> 
     </span>
    </p>
   </div>
   <div class='ocr_carea' id='block_1_89' title="bbox 1972 5398 3549 5466">
    <p class='ocr_par' dir='ltr' id='par_1_89' title="bbox 1972 5398 3549 5466">
     <span class='ocr_line' id='line_1_91' title="bbox 1972 5398 3549 5466; baseline 0.001 -13"><span class='ocrx_word' id='word_1_659' title='bbox 1972 5401 2187 5466; x_wconf 74' lang='lat' dir='ltr'><strong><em>Sepulla</em></strong></span> <span class='ocrx_word' id='word_1_660' title='bbox 2220 5408 2301 5452; x_wconf 85' lang='lat' dir='ltr'><strong><em>est</em></strong></span> <span class='ocrx_word' id='word_1_661' title='bbox 2330 5401 2379 5451; x_wconf 92' lang='lat' dir='ltr'><strong><em>in</em></strong></span> <span class='ocrx_word' id='word_1_662' title='bbox 2423 5400 2638 5453; x_wconf 78' lang='lat' dir='ltr'><strong><em>basilica</em></strong></span> <span class='ocrx_word' id='word_1_663' title='bbox 2678 5402 2733 5453; x_wconf 67' lang='grc' dir='ltr'><strong><em>Β.</em></strong></span> <span class='ocrx_word' id='word_1_664' title='bbox 2767 5400 2975 5461; x_wconf 74' lang='lat' dir='ltr'><strong><em>Marize,</em></strong></span> <span class='ocrx_word' id='word_1_665' title='bbox 3005 5398 3091 5450; x_wconf 83' lang='lat' dir='ltr'><strong><em>ubi</em></strong></span> <span class='ocrx_word' id='word_1_666' title='bbox 3133 5406 3254 5451; x_wconf 80' lang='lat' dir='ltr'><strong><em>tunc</em></strong></span> <span class='ocrx_word' id='word_1_667' title='bbox 3285 5409 3402 5455; x_wconf 86' lang='lat' dir='ltr'><strong><em>erat</em></strong></span> <span class='ocrx_word' id='word_1_668' title='bbox 3425 5416 3549 5455; x_wconf 57' lang='lat' dir='ltr'><strong><em>san-</em></strong></span> 
     </span>
    </p>
   </div>
   <div class='ocr_carea' id='block_1_90' title="bbox 1969 5468 3545 5532">
    <p class='ocr_par' dir='ltr' id='par_1_90' title="bbox 1969 5468 3545 5532">
     <span class='ocr_line' id='line_1_92' title="bbox 1969 5468 3545 5532; baseline 0.001 -8"><span class='ocrx_word' id='word_1_669' title='bbox 1969 5470 2355 5524; x_wconf 83' lang='lat' dir='ltr'><strong><em>etimoutaltum</em></strong></span> <span class='ocrx_word' id='word_1_670' title='bbox 2396 5472 2761 5524; x_wconf 70' lang='lat' dir='ltr'><strong><em>cmmeterium</em></strong></span> <span class='ocrx_word' id='word_1_671' title='bbox 2782 5508 2797 5532; x_wconf 93' lang='lat'><strong>,</strong></span> <span class='ocrx_word' id='word_1_672' title='bbox 2831 5468 2985 5521; x_wconf 71' lang='lat' dir='ltr'><strong><em>hodie</em></strong></span> <span class='ocrx_word' id='word_1_673' title='bbox 3015 5483 3043 5519; x_wconf 88' lang='lat' dir='ltr'><strong><em>a</em></strong></span> <span class='ocrx_word' id='word_1_674' title='bbox 3068 5469 3338 5525; x_wconf 84' lang='lat' dir='ltr'><strong><em>canonicis</em></strong></span> <span class='ocrx_word' id='word_1_675' title='bbox 3369 5486 3545 5526; x_wconf 74' lang='lat' dir='ltr'><strong><em>saecu-</em></strong></span> 
     </span>
    </p>
   </div>
   <div class='ocr_carea' id='block_1_91' title="bbox 1972 5537 3548 5609">
    <p class='ocr_par' dir='ltr' id='par_1_91' title="bbox 1972 5537 3548 5609">
     <span class='ocr_line' id='line_1_93' title="bbox 1972 5537 3548 5609; baseline 0.001 -17"><span class='ocrx_word' id='word_1_676' title='bbox 1972 5542 2169 5593; x_wconf 91' lang='lat' dir='ltr'><strong><em>laribus</em></strong></span> <span class='ocrx_word' id='word_1_677' title='bbox 2192 5549 2468 5605; x_wconf 83' lang='lat' dir='ltr'><strong><em>occupata.</em></strong></span> <span class='ocrx_word' id='word_1_678' title='bbox 2497 5540 2623 5607; x_wconf 83' lang='lat' dir='ltr'><strong><em>Ejus</em></strong></span> <span class='ocrx_word' id='word_1_679' title='bbox 2644 5552 2813 5609; x_wconf 71' lang='lat' dir='ltr'><strong><em>sacra:</em></strong></span> <span class='ocrx_word' id='word_1_680' title='bbox 2842 5537 3077 5607; x_wconf 68' lang='lat' dir='ltr'><strong><em>reliquiae</em></strong></span> <span class='ocrx_word' id='word_1_681' title='bbox 3094 5554 3279 5608; x_wconf 70' lang='lat' dir='ltr'><strong><em>magna</em></strong></span> <span class='ocrx_word' id='word_1_682' title='bbox 3304 5557 3367 5595; x_wconf 80' lang='lat' dir='ltr'><strong><em>ex</em></strong></span> <span class='ocrx_word' id='word_1_683' title='bbox 3396 5554 3548 5609; x_wconf 83' lang='lat' dir='ltr'><strong><em>parte</em></strong></span> 
     </span>
    </p>
   </div>
   <div class='ocr_carea' id='block_1_92' title="bbox 1972 5607 3547 5667">
    <p class='ocr_par' dir='ltr' id='par_1_92' title="bbox 1972 5607 3547 5667">
     <span class='ocr_line' id='line_1_94' title="bbox 1972 5607 3547 5667; baseline 0.001 -3"><span class='ocrx_word' id='word_1_684' title='bbox 1972 5626 2091 5664; x_wconf 88' lang='lat' dir='ltr'><strong><em>cum</em></strong></span> <span class='ocrx_word' id='word_1_685' title='bbox 2149 5611 2286 5663; x_wconf 87' lang='lat' dir='ltr'><strong><em>beati</em></strong></span> <span class='ocrx_word' id='word_1_686' title='bbox 2351 5610 2531 5662; x_wconf 89' lang='lat' dir='ltr'><strong><em>llilarii</em></strong></span> <span class='ocrx_word' id='word_1_687' title='bbox 2577 5607 2780 5661; x_wconf 80' lang='lat' dir='ltr'><strong><em>exuviis</em></strong></span> <span class='ocrx_word' id='word_1_688' title='bbox 2828 5623 2857 5661; x_wconf 84' lang='lat' dir='ltr'><strong><em>a</em></strong></span> <span class='ocrx_word' id='word_1_689' title='bbox 2901 5607 3208 5663; x_wconf 76' lang='lat' dir='ltr'><strong><em>Calvinistis</em></strong></span> <span class='ocrx_word' id='word_1_690' title='bbox 3254 5607 3547 5667; x_wconf 65' lang='lat' dir='ltr'><strong><em>combusta</em></strong></span> 
     </span>
    </p>
   </div>
   <div class='ocr_carea' id='block_1_93' title="bbox 1974 5677 3300 5749">
    <p class='ocr_par' dir='ltr' id='par_1_93' title="bbox 1974 5677 3300 5749">
     <span class='ocr_line' id='line_1_95' title="bbox 1974 5677 3300 5749; baseline -0.001 -14"><span class='ocrx_word' id='word_1_691' title='bbox 1974 5688 2097 5735; x_wconf 89' lang='lat' dir='ltr'><strong><em>sunt</em></strong></span> <span class='ocrx_word' id='word_1_692' title='bbox 2126 5696 2267 5735; x_wconf 77' lang='lat' dir='ltr'><strong><em>anno</em></strong></span> <span class='ocrx_word' id='word_1_693' title='bbox 2300 5678 2457 5733; x_wconf 68' lang='lat'><strong><em>12.62.</em></strong></span> <span class='ocrx_word' id='word_1_694' title='bbox 2491 5677 2620 5733; x_wconf 74' lang='lat' dir='ltr'><strong><em>Vide</em></strong></span> <span class='ocrx_word' id='word_1_695' title='bbox 2650 5688 2765 5734; x_wconf 86' lang='lat' dir='ltr'><strong><em>not.</em></strong></span> <span class='ocrx_word' id='word_1_696' title='bbox 2796 5680 2846 5733; x_wconf 87' lang='lat' dir='ltr'><strong><em>in</em></strong></span> <span class='ocrx_word' id='word_1_697' title='bbox 2874 5678 2965 5734; x_wconf 90' lang='lat' dir='ltr'><strong><em>lib.</em></strong></span> <span class='ocrx_word' id='word_1_698' title='bbox 2993 5695 3071 5749; x_wconf 89' lang='lat' dir='ltr'><strong><em>tu,</em></strong></span> <span class='ocrx_word' id='word_1_699' title='bbox 3099 5695 3214 5749; x_wconf 79' lang='lat' dir='ltr'><strong><em>cap.</em></strong></span> <span class='ocrx_word' id='word_1_700' title='bbox 3246 5680 3300 5734; x_wconf 84' lang='lat'><strong><em>7.</em></strong></span> 
     </span>
    </p>
   </div>
  </div>
