3974 6174
378 247 480 303 ικῖι

1385 241 1444 297 S.
1487 237 1813 296 GREGORII
1857 236 2159 293 EPISCOPI
2199 235 2629 297 TURONENSIS

3530 232 3648 287 483

450 363 538 419 Ill.
574 364 774 417 Interea
818 368 842 396 ⁸
893 356 1108 412 advenit
1164 356 1423 412 festivitas
1481 357 1649 412 sancti
1698 354 1952 420 Marcelli,
1984 360 2026 414 Α
2054 353 2335 423 iactitabat
2367 369 2381 406 :
2408 350 2473 405 ad
2504 365 2684 419 quem,
2724 363 2846 420 quia
2880 361 3115 418 praesens
3140 358 3247 401 non
3276 358 3451 413 eram,
3476 348 3647 400 rusti-

376 472 497 527 quae.
523 455 662 525 apud
708 453 892 507 urbem
924 450 1351 506 Cabillonensem
1389 464 1573 505 mense
1608 448 1836 527 septimo
1865 460 1957 500 ce-

382 524 641 607 lebratur,
697 551 751 597 et
791 541 1226 597 Guntchramnus
1274 555 1367 593 rex
1415 538 1604 592 adfuit.
1640 524 1838 592 Verum
1870 534 1959 589 ubi

382 634 611 703 peractis
660 631 989 687 solemnibus
1025 628 1086 694 δ,
1134 629 1198 683 ad
1252 636 1651 683 sacrosanctum
1709 626 1958 680 altarium

379 723 809 779 cummunicandi
832 724 999 793 gratia
1030 722 1364 785 accessisset,
1390 718 1535 772 venit
1564 718 1780 788 quidam
1807 717 1956 786 quasi

378 818 575 886 aliquid
610 824 977 885 suggesturus.
1017 813 1116 880 Qui
1146 813 1272 867 dum
1317 820 1565 880 properat
1591 809 1750 881 42],
1776 819 1960 864 contra

378 921 560 975 regem
589 948 604 967 ,
650 906 825 959 culter
851 905 899 959 ei
941 903 1007 957 de
1039 918 1195 956 manu
1217 900 1494 961 dilabitur.
1520 900 1966 969 apprehensoque

379 1005 643 1066 repente,
679 996 840 1049 alium
888 995 1120 1048 cultrum
1174 994 1510 1063 evaginatum
1557 993 1608 1045 in
1657 1006 1816 1045 manu
1846 990 1965 1061 ejus

384 1086 678 1153 reperiunt.
710 1086 817 1140 Nec
847 1100 991 1138 mora
1013 1126 1028 1150 ,
1070 1085 1294 1138 eductus
1322 1099 1361 1137 a
1379 1084 1592 1137 basilica
1620 1092 1823 1147 sancta,
1853 1081 1966 1134 vin-

386 1185 506 1230 ctus
530 1217 543 1238 ,
577 1187 628 1245 et
676 1176 954 1230 tormentis
983 1175 1224 1228 addictus
1248 1215 1263 1239 ,
1306 1174 1590 1227 conﬁtetur
1624 1188 1682 1227 se
1711 1175 1965 1226 emissum

389 1266 455 1318 ad
482 1267 908 1321 interﬁciendum
938 1281 1141 1336 regem,
1173 1266 1356 1318 dicens
1382 1282 1394 1316 :
1426 1264 1517 1319 Sic
1552 1264 1693 1318 enim
1722 1263 1969 1317 tractavit

387 1357 479 1427 qui
520 1371 607 1411 me
655 1357 819 1411 misit.
886 1357 1019 1424 Quia
1069 1357 1319 1425 cognovit
1370 1371 1465 1409 rex
1509 1356 1796 1409 multorum
1830 1357 1880 1408 in
1910 1369 1970 1409 se

383 1450 507 1503 odia
534 1458 840 1518 aggregata,
874 1459 929 1503 et
953 1460 1233 1517 suspectus
1265 1463 1333 1503 ne
1362 1449 1711 1516 percutiatur,
1752 1448 1969 1503 omnino

389 1556 451 1596 se
478 1556 505 1593 a
535 1542 650 1595 suis
681 1542 866 1595 vallari
900 1542 1176 1610 pratcipit:
1208 1556 1307 1595 nec
1341 1530 1605 1610 reperitur
1633 1539 1809 1593 aditus
1839 1554 1973 1609 qua-

394 1630 517 1685 liter
538 1632 602 1684 ad
652 1647 774 1686 eum
822 1647 941 1686 cum
984 1632 1178 1701 gladiis
1228 1631 1398 1699 possit
1440 1630 1734 1693 accedere,
1786 1630 1885 1683 nisi
1918 1630 1969 1683 in

2059 450 2195 504 citas
2241 449 2418 518 populi
2469 447 2638 501 multa
2696 444 3050 510 conﬂuxerat,
3105 442 3409 497 deferentes
3457 455 3648 495 secum

2059 555 2233 596 caecos
2262 551 2317 594 et
2341 541 2566 604 debiles,
2610 552 2745 606 quos
2793 552 2897 591 non
2953 535 3239 591 sanctitate
3284 548 3499 597 sanare,
3547 534 3646 588 sed

2061 645 2244 686 errore
2272 631 2652 685 necromantici
2692 630 2889 697 ingenii
2920 628 3198 694 quaerebat
3226 624 3475 680 illudere.
3510 623 3645 678 Nam

2063 723 2161 777 hos
2186 721 2274 783 qui
2298 729 2453 776 erant
2486 720 2785 790 paralytict,
2815 728 2906 773 aut
2929 718 3032 773 alia
3074 715 3315 783 impediti
3340 716 3643 780 debilitate,

2058 814 2283 883 jubebat
2308 813 2484 868 valide
2514 811 2759 876 extendi,
2783 820 2839 865 ut
2860 794 2994 882 quos
3020 809 3233 863 virtutis
3260 808 3454 863 divina:
3485 807 3645 877 largi—

2065 905 2208 958 tione
2232 903 2461 972 dirigere
2484 908 2588 956 non
2621 910 2852 971 poterat,
2882 899 3034 970 quasi
3069 914 3164 968 per
3188 898 3504 953 industriam
3535 911 3651 951 res-

2067 999 2320 1047 tauraret.
2356 991 2590 1058 Denique
2618 989 3091 1060 apprehendebant
3115 988 3270 1057 pueri
3293 987 3415 1058 ejus
3457 1000 3653 1041 manus

2068 1081 2363 1145 hominum,
2392 1079 2478 1134 alii
2502 1095 2626 1135 vero
2652 1080 2834 1149 pedeS,
2860 1089 3163 1146 tractosque
3186 1078 3427 1132 diversas
3448 1076 3501 1130 in
3528 1092 3655 1145 par-

2069 1182 2171 1237 tes,
2205 1172 2275 1225 ita
2304 1179 2363 1225 ut
2383 1175 2536 1226 nervi
2566 1180 2881 1240 putarentur
2910 1168 3154 1233 abrumpi
3188 1184 3201 1221 :
3253 1182 3374 1220 cum
3404 1181 3511 1221 non
3563 1181 3653 1220 sa-

2070 1271 2345 1328 narentur,
2375 1262 2779 1329 dimittebantnr
2808 1262 3103 1315 exanimes.
3136 1248 3285 1315 Unde
3316 1260 3514 1317 factum
3540 1248 3679 1319 est,"

2075 1363 2132 1406 ut
2162 1354 2213 1406 in
2246 1355 2347 1406 hoc
2373 1351 2635 1421 supplicio
2683 1352 2833 1405 multi
2873 1350 3118 1419 spiritum
3161 1349 3506 1413 exhalarent;
3537 1358 3655 1399 tan-

2074 1451 2296 1511 tumque
2334 1443 2500 1495 miser
2519 1442 2688 1496 elatus
2716 1448 2857 1498 erat.
2884 1449 2939 1493 ut
2967 1440 3229 1492 minorem
3261 1448 3286 1486 κ
3325 1452 3385 1493 se
3434 1437 3651 1492 beatum

2072 1536 2353 1590 Martinum
2385 1549 2506 1589 esse
2534 1534 2757 1598 diceret,
2788 1547 2848 1588 se
2868 1547 2995 1587 vero
3025 1531 3279 1600 apostolis
3320 1540 3650 1597 coaequaret.

2074 1627 2182 1682 Nec
2226 1626 2440 1694 mirum,
2485 1641 2528 1679 si
2580 1625 2667 1680 hic
2693 1624 2924 1681 similem
2964 1638 3024 1679 se
3052 1624 3193 1679 dicat
3219 1623 3498 1691 apostolis.
3529 1637 3654 1679 cum

381 1720 631 1787 ecclesia,
661 1721 712 1774 in
744 1735 844 1789 qua
868 1735 1089 1774 securus
1115 1731 1169 1775 et
1191 1720 1320 1773 nihil
1352 1730 1592 1773 metuens
1632 1726 1774 1771 stare
1797 1717 1975 1787 digno—
2004 1726 2047 1785 Β
2078 1718 2167 1773 ille
2194 1731 2381 1770 auctor
2409 1715 2681 1784 nequitiae,
2707 1731 2734 1767 a
2760 1729 2868 1784 quo
2892 1717 2991 1768 ista
3025 1714 3347 1784 procedunt,
3378 1713 3652 1767 Christum

381 1813 572 1875 st-itur,
605 1812 1089 1866 transverberetur.
1128 1812 1232 1866 Sed
1263 1818 1319 1874 et
1340 1810 1422 1864 his
1449 1811 1513 1863 de
1542 1809 1734 1879 quibus
1762 1811 1966 1863 locutus

384 1902 486 1957 fuit
511 1903 897 1971 apprehensis,
939 1903 1122 1956 multis
1155 1903 1510 1970 interemptis,
1545 1904 1684 1955 hunc
1715 1901 1970 1956 verbera-

385 1999 499 2046 tum
550 1994 717 2061 plagis
756 1992 960 2046 dimisit
990 1993 1166 2045 vivum
1196 2033 1211 2059 ,
1242 1993 1364 2062 quia
1413 1995 1561 2046 nefas
1610 1992 1816 2061 putavit
1846 2002 1895 2057 ε,
1922 1991 1969 2046 si

384 2083 432 2138 is
458 2084 547 2151 qui
569 2084 638 2136 ab
665 2083 891 2137 ecclesia
926 2082 1150 2135 eductus
1176 2085 1366 2148 fuerat,
1400 2092 1762 2137 truncaretur.

458 2173 544 2227 ιν.
575 2172 601 2209 ι¹
645 2173 721 2226 Eo
768 2188 909 2226 anno
960 2170 1302 2227 Chihleherto
1347 2174 1457 2241 regi
1488 2174 1625 2227 alius
1654 2174 1789 2226 lilius
1817 2185 1971 2227 natus

385 2272 490 2330 est,
516 2277 673 2330 quem
730 2261 968 2316 Veratius
1003 2260 1391 2316 Cavillonensis
1416 2271 1440 2300 ο
1471 2264 1752 2333 episcOpus
1803 2267 1975 2319 susci-

387 2351 539 2419 piens
564 2366 592 2403 a
622 2351 854 2416 lavacro,
889 2350 1208 2412 Theoderici
1234 2366 1428 2405 nomen
1453 2352 1647 2420 posuit.
1676 2352 1807 2406 Erat
1829 2353 1971 2449 enim

399 2458 466 2499 eo
488 2444 868 2512 tempore“ipse
898 2441 1129 2509 pontifex
1156 2442 1363 2511 magnis
1393 2442 1677 2498 virtutibus
1700 2441 1971 2513 pra'dittis,

388 2534 460 2589 ita
492 2544 544 2587 ut
571 2534 881 2603 plerumque
927 2531 1151 2586 inﬁrmis
1198 2535 1407 2602 signum
1457 2534 1631 2588 crucis
1672 2535 1973 2604 imponens,

388 2626 568 2679 statim
597 2625 829 2685 sanitati,
859 2623 1126 2693 tribuente
1153 2623 1409 2689 Domino,
1442 2635 1786 2680 rcstauraret.

465 2716 528 2769 ν.
561 2716 805 2784 Prodigia
836 2714 855 2752 ί
883 2730 1094 2785 quoque
1135 2716 1300 2769 multa
1352 2716 1547 2772 dehinc
1592 2727 1972 2787 apparuerunt.

388 2807 521 2862 Nam
546 2823 667 2861 vasa
701 2823 795 2878 per
824 2808 1014 2861 domos
1040 2809 1396 2871 diversorum,
1446 2807 1614 2879 signis
1660 2809 1841 2865 nescio
1862 2813 1979 2881 qui-

389 2901 492 2957 bus
520 2902 810 2954 eharauta
840 2911 983 2966 sunt,
1016 2917 1133 2972 quae
1183 2915 1270 2954 res
1310 2901 1455 2955 nullo
1507 2917 1740 2969 unquam
1791 2904 1974 2973 modo,

384 3002 479 3047 aut
498 2992 647 3047 eradi
677 2995 866 3061 potuit,
896 3006 987 3048 aut
1015 2993 1205 3048 deleri.
1242 2993 1533 3061 lncmptum
1557 3006 1639 3048 est
1668 3005 1846 3050 autem
1877 2996 1977 3052 hoc

2069 1824 2127 1864 se
2152 1809 2204 1864 in
2232 1810 2338 1864 ﬁne
2358 1809 2539 1864 saeculi
2574 1808 2813 1863 fassurns
2842 1808 2933 1864 sit.
2958 1808 3087 1863 Nam
3111 1808 3177 1863 de
3192 1808 3292 1862 hoc
3311 1806 3654 1860 animadver-

2071 1916 2187 1956 sum
2218 1909 2322 1964 est,
2368 1892 2432 1956 ut"
2466 1901 2714 1969 superius
2742 1901 2996 1967 diximus,
3029 1915 3214 1957 errore
3241 1897 3658 1959 necromantiae

2073 1993 2202 2048 artis
2232 1993 2398 2047 fuisse
2436 1993 2718 2048 imbutttm.
2751 1993 2907 2059 Quia,
2938 2001 2995 2045 ut
3017 2002 3262 2046 asserunt
3292 1992 3380 2057 qui
3424 2004 3549 2043 eum
3574 1989 3656 2040 vi-

2072 2085 2284 2152 derunt,
2329 2100 2450 2140 cum
2499 2084 2723 2154 quisque
2773 2083 2840 2138 de
2870 2098 2933 2138 eo
2965 2084 3147 2155 procul
3179 2092 3233 2137 et
3276 2081 3455 2137 abdite
3503 2080 3659 2149 quid-

2072 2193 2232 2246 quam
2276 2176 2484 2232 locutus
2537 2175 2722 2231 fuisset
2753 2175 2899 2239 mali,
2958 2189 3139 2230 coram
3195 2173 3393 2245 popqu
3449 2181 3657 2227 astante

2074 2266 2493 2335 improperabat,
2517 2265 2730 2321 dicens:
2757 2264 2887 2331 Quia
2914 2265 3015 2319 hoc
3040 2273 3097 2319 et
3121 2262 3247 2318 illud
3268 2263 3338 2317 de
3362 2276 3448 2317 me
3468 2261 3657 2315 effatus

2073 2364 2177 2419 est,
2208 2369 2329 2424 qua:
2357 2357 2640 2410 sanctitate
2668 2369 2784 2409 mea
2831 2363 2986 2408 erant
3024 2353 3257 2423 indigna.
3308 2351 3374 2406 Et
3404 2355 3518 2421 ‘quo
3548 2350 3657 2404 alio

2076 2445 2179 2499 nisi
2209 2445 2579 2501 nuntiantibus
2604 2445 2883 2500 daemoniis
2908 2444 2958 2499 id
2987 2441 3391 2515 cognoscebat?
3420 2441 3657 2496 llabehat

2076 2545 2252 2593 autem
2284 2537 2549 2593 cucullum
2596 2552 2657 2591 ac
2691 2538 2922 2592 tunicam
2955 2535 3022 2591 de
3044 2535 3160 2605 pilis
3182 2548 3487 2604 caprarum,
3515 2542 3569 2588 et
3603 2533 3655 2587 in

2077 2630 2327 2700 praesenti
2350 2629 2565 2699 quidem
2592 2628 2867 2684 abstinens
2888 2637 3002 2683 erat
3037 2642 3066 2681 a
3096 2626 3230 2681 cibis
3257 2634 3312 2681 et
3336 2634 3495 2694 potu;
3519 2626 3657 2677 clam

2076 2731 2254 2776 autem
2285 2735 2406 2785 cum
2437 2719 2492 2773 in
2517 2717 2872 2774 diversorium
2904 2717 3157 2783 venisset,
3191 2716 3260 2770 ita
3294 2714 3575 2770 infarcibat
3604 2714 3657 2767 in

2077 2828 2192 2878 ore,
2225 2821 2282 2867 ut
2311 2811 2558 2866 minister
2586 2826 2689 2867 non
2712 2821 3019 2873 occurreret
3044 2818 3245 2867 tantum
3271 2806 3508 2876 poscenti
3536 2821 3658 2875 por-

2078 2901 2270 2971 rigere.
2305 2901 2410 2957 Sed
2443 2901 2657 2955 detecta
2685 2900 2967 2955 dolositate
3007 2900 3145 2968 ejus,
3188 2910 3242 2954 et
3270 2914 3300 2952 a
3342 2898 3538 2953 nostris
3560 2898 3659 2950 de-

2079 2994 2360 3067 prehensa,
2407 2992 2615 3061 ejectus
2634 3001 2717 3047 est
2742 3001 2892 3046 extra
2924 2990 3072 3045 urbis
3094 2989 3403 3045 terminum.
3432 2988 3541 3042 Nec
3562 3002 3659 3072 co-

385 3087 685 3156 prodigium
718 3087 783 3140 ab
810 3087 960 3141 urbis
982 3088 1298 3142 Carnotena:
1327 3086 1622 3151 territorio,
1663 3099 1718 3143 et
1756 3089 1977 3147 veniens
2006 3083 2050 3147 C
2079 3088 2365 3165 gnovimus
2385 3085 2643 3153 deinceps
2670 3099 2777 3158 quo
2802 3084 3031 3148 abisset;
3054 3081 3269 3138 dicebat
3291 3080 3451 3155 423
3481 3089 3658 3134 tamen

385 3196 486 3249 per
514 3180 976 3245 Aurelianensem,
1009 3194 1179 3250 usque
1211 3178 1659 3249 Burdegalensem
1688 3182 1975 3237 terminum

384 3270 733 3341 peraceessit,
760 3286 864 3325 non
894 3272 1307 3340 praetermittens
1336 3271 1494 3324 ullam
1522 3270 1707 3325 urbem
1737 3286 1855 3340 qua!
1880 3271 1979 3327 fuit

390 3364 447 3419 in
472 3364 670 3419 medio.
706 3362 762 3418 In
793 3362 964 3417 vineis
991 3378 1117 3417 vero
1144 3376 1329 3417 mense
1349 3370 1540 3415 octavo
1565 3370 1830 3415 transacta
1858 3361 1975 3415 vin-

379 3455 586 3512 demia.
616 3454 862 3523 palmites
901 3467 1067 3508 novos
1109 3467 1230 3506 cum
1278 3454 1394 3506 uvis
1424 3451 1739 3507 deformatis
1768 3451 1977 3523 aspexi-

382 3563 532 3602 mus.
564 3546 620 3600 ln
666 3545 785 3598 aliis
833 3544 1114 3598 arboribus
1145 3543 1364 3598 frondes
1389 3558 1563 3607 novte,
1595 3553 1651 3598 et
1680 3559 1814 3597 nova
1866 3545 1976 3598 visa

379 3646 513 3690 sunt
541 3649 716 3704 poma.
742 3632 895 3686 Radii
922 3647 950 3686 a
979 3641 1126 3702 parte
1165 3632 1444 3702 Aquilonis
1467 3645 1847 3702 apparuerunt.
1882 3638 1979 3688 As-

389 3723 643 3779 serebant
672 3720 912 3775 nonnulli
944 3720 1139 3775 vidiSse
1163 3735 1223 3775 se
1249 3730 1526 3790 serpentes
1548 3737 1615 3778 ex
1631 3722 1773 3777 nube
1798 3722 1980 3792 delap-

379 3829 499 3870 sos.
534 3812 639 3866 Alii
669 3811 1011 3864 afﬁrmabant
1041 3811 1218 3865 villam
1250 3827 1371 3866 cum
1398 3811 1539 3865 casis
1592 3823 1647 3867 et
1677 3812 1978 3868 hominibus

382 3907 667 3961 :snbitanea
698 3904 1065 3957 internecione
1094 3904 1376 3959 evanuisse
1396 3924 1410 3970 ;
1429 3913 1483 3959 et
1507 3905 1670 3959 multa
1704 3906 1804 3959 alia
1828 3907 1977 3975 signa

384 4006 773 4067 apparuerunt,
799 4009 919 4062 qua:
936 4004 1027 4046 aut
1055 3994 1195 4062 regis
1220 3994 1426 4047 obitum
1451 3995 1767 4049 annuntiare
1782 3996 1976 4059 solent,

386 4101 482 4143 aut
511 4086 742 4159 regionis
760 4084 1055 4143 excidium.
1088 4084 1253 4156 422
1288 4084 1567 4139 Vindemia
1616 4099 1681 4139 co
1708 4100 1848 4140 anno
1897 4094 1978 4140 te-

377 4182 535 4247 rnuis,
559 4195 712 4251 aquze.
736 4178 948 4247 validae,
981 4178 1180 4248 pluviae
1202 4177 1502 4243 immeusze,
1532 4177 1747 4233 ﬁumina
1770 4194 1980 4250 quoque

387 4274 662 4344 granditer
699 4270 925 4325 adaucta
957 4270 1190 4325 luerunt.

470 4364 554 4418 Vl.
600 4362 721 4417 Fuit
748 4378 813 4416 eo
834 4377 976 4415 anno
998 4362 1049 4416 in
1078 4361 1208 4415 urbe
1236 4360 1499 4415 Turonica
1548 4361 1852 4417 Desiderius
1879 4379 1977 4417 no-

2077 3180 2251 3236 civcm
2304 3191 2366 3233 se
2417 3191 2540 3232 esse
2590 3176 3060 3246 Burdegalensem.
3104 3173 3233 3228 Nam
3282 3183 3339 3228 et
3387 3179 3513 3226 ante
3559 3170 3659 3226 bos

2078 3280 2283 3340 septem
2332 3283 2502 3323 annos
2554 3268 2650 3322 fuit
2677 3276 2731 3323 et
2776 3267 2912 3322 alius
2940 3280 3164 3336 magnus
3192 3264 3348 3319 valde
3376 3262 3651 3327 seductor,

2077 3361 2168 3432 qui
2192 3360 2390 3415 multos
2410 3359 2627 3429 decepit
2654 3358 2937 3412 dolositate
2961 3372 3078 3412 sua.
3110 3356 3205 3412 llic
3225 3358 3367 3413 enim
3393 3356 3607 3411 culohio
3634 3357 3658 3391 ⁸³

2079 3451 2296 3507 indutus
2325 3460 2461 3518 erat,
2502 3450 2728 3505 amictus
2751 3450 2982 3518 desuper
3007 3450 3233 3505 sindone
3258 3488 3274 3516 ,
3326 3465 3538 3505 crucem
3579 3450 3658 3507 fe-

2085 3556 2229 3606 rens.
2262 3541 2331 3597 de
2377 3555 2478 3613 qua
2509 3540 2880 3610 dependebant
2908 3540 3235 3608 ampullnlae,
3287 3555 3420 3610 quas
3449 3541 3661 3596 dicebat

2079 3633 2255 3687 oleum
2278 3640 2521 3686 sanctum
2555 3631 2771 3687 habere.
2811 3632 3000 3686 Aiebat
3028 3634 3172 3686 enim
3203 3647 3262 3685 se
3296 3632 3364 3686 de
3398 3631 3661 3700 Hispaniis

2084 3723 2403 3787 adventare,
2456 3737 2519 3776 ac
2572 3721 2825 3791 reliquias
2875 3720 3307 3781 beatissimorum
3366 3729 3657 3792 martyrum

2080 3813 2346 3870 Vincentii
2372 3813 2562 3877 levita,
2599 3811 2894 3881 Felicisque
2925 3811 3175 3882 martyris
3206 3809 3222 3848 ί
3254 3810 3529 3866 exhibere.
3554 3810 3663 3865 Sed

2081 3915 2201 3960 cum
2226 3906 2335 3975 jam
2366 3918 2586 3974 veSpere
2612 3903 2677 3957 ad
2710 3902 2977 3957 basilicam
3006 3906 3172 3957 sancti
3202 3902 3661 3957 Martini'l‘urohis

2081 3998 2407 4063 advenisset,
2462 4006 2515 4051 et
2544 4011 2640 4048 nos
2674 3996 2724 4049 in
2755 3993 3002 4048 convivio
3029 3994 3409 4058 resideremus,
3441 3993 3660 4047 manda-

2084 4100 2196 4148 tum
2228 4089 2397 4153 misit,
2430 4088 2615 4143 dicens
2644 4104 2656 4140 :
2696 4088 2993 4142 Occurrant
3030 4086 3271 4156 reliquiis
3304 4087 3524 4140 sanctis.
3566 4085 3661 4140 Cui

2083 4199 2202 4249 nos,
2252 4185 2373 4254 quia
2426 4183 2553 4237 liora
2574 4183 2682 4250 jam
2721 4180 3069 4250 praeterierat,
3101 4181 3325 4235 diximus
3358 4198 3371 4233 :
3407 4180 3661 4250 Requ‘eso

2087 4287 2212 4330 cant
2262 4277 2433 4330 beata:
2489 4275 2725 4344 I‘CIHIIlliB
2766 4289 2927 4343 Super
2965 4275 3233 4338 altarium,
3289 4273 3463 4328 donec
3505 4288 3662 4327 mane

2084 4369 2435 4435 procedamus
2467 4366 2532 4421 ad
2565 4381 2845 4420 occursum
2878 4380 3081 4419 earum.
3116 4364 3220 4420 Sed
3264 4363 3350 4418 hic
3379 4364 3551 4433 primo
3575 4363 3659 4416 di-

394 4456 559 4523 mine,
589 4456 677 4526 qui
703 4470 763 4510 se
793 4469 1041 4523 magnum
1072 4454 1357 4523 quemdam
1388 4466 1510 4507 esse
1548 4453 1778 4521 diccbat,
1833 4470 1981 4510 assc-
2010 4456 2061 4514 D
2087 4458 2260 4514 Iuculo
2289 4473 2633 4529 consurgens,
2692 4472 2790 4511 ncc
2847 4459 3169 4525 exspectatis
3223 4456 3399 4521 nobis,
3444 4453 3663 4508 advenit

392 4560 518 4601 rens
547 4563 607 4602 se
634 4546 799 4601 multa
828 4559 987 4615 posse
1012 4544 1190 4600 facere
1212 4546 1383 4615 signa.
1420 4543 1548 4598 Nam
1576 4553 1629 4599 et
1660 4546 1873 4599 nuntios
1896 4545 1979 4599 in-

395 4643 477 4690 ter
494 4652 574 4701 se,
608 4647 768 4709 atque
791 4636 1007 4691 Petrum
1031 4635 1359 4707 Paulumque
1380 4635 1651 4705 apostolos
1680 4636 1981 4693 discurrere

465 4776 494 4807 ⁸
534 4769 694 4825 Deest
721 4768 820 4825 hoc
850 4776 1011 4836 caput
1040 4767 1094 4823 in
1122 4768 1276 4823 Colh.
1309 4784 1361 4822 a.

462 4836 490 4877 δ
530 4838 873 4893 Observanda
921 4840 1004 4890 hic
1050 4849 1199 4895 vetus
1233 4839 1522 4895 Gallicana:
1572 4840 1814 4897 ccclesizc
1848 4857 1977 4897 con-

378 4911 643 4967 'suctudo.
682 4923 887 4960 sacram
926 4913 1354 4962 enmtnunioncm
1398 4911 1607 4963 nonnisi
1653 4923 1769 4975 post
1815 4928 1964 4971 iera-

388 4982 769 5102 ctamgnissam
795 4978 1227 5032 administrandi.
1253 4978 1314 5032 V.
1343 4981 1542 5050 Liturg.
1577 4977 1765 5035 Gallic.
1804 4984 1895 5036 lib.
1928 4998 1968 5047 ι,

389 5067 509 5102 can.
579 5090 592 5102 .

389 5067 509 5106 can.
539 5067 592 5103 ἰ).

495 5090 509 5104 .
539 5068 592 5103 ἱ).

459 5068 489 5160 Β
528 5121 621 5193 Jns
643 5118 773 5193 asyli
800 5134 838 5193 a7
863 5117 1050 5193 primis
1076 5115 1331 5171 Ecclesia:
1357 5120 1585 5193 saeculis,
1608 5136 1671 5175 ex
1704 5136 1810 5190 quo
1830 5121 1974 5190 prin-

388 5190 535 5253 cipes
556 5190 841 5245 Christiani
878 5191 1043 5252 fuere,
1068 5201 1383 5241 concessum
1416 5192 1661 5245 ecclesiis
1693 5207 1973 5247 asseruere

392 5258 576 5329 l’atres
605 5263 770 5314 Curre.
799 5260 1074 5315 Aurelian.
1099 5272 1136 5324 t,
1167 5260 1269 5310 sub
1299 5258 1609 5315 Chlodnveo
1634 5263 1844 5329 Magno,
1877 5279 1967 5315 an.

386 5328 449 5382 5i
470 5332 514 5393 l,
543 5331 682 5396 quod
713 5342 893 5399 postea
940 5340 1050 5383 tum
1088 5330 1247 5382 variis
1277 5330 1624 5384 conciliorum
1649 5328 1968 5397 canonihus,

387 5408 496 5521 tum
540 5416 721 5468 regum
772 5413 1079 5456 nostrorum
1119 5399 1310 5454 edictis
1353 5401 1551 5468 Saepius
1597 5402 1969 5456 conﬁrmatum

411 5484 459 5521 Ill
495 5508 504 5518 .

411 5478 504 5521 Ull.

456 5540 481 5576 α
524 5536 636 5592 Hoc
683 5548 843 5611 caput
888 5540 1036 5594 deest
1067 5539 1117 5593 in
1149 5538 1305 5596 codd.
1337 5538 1491 5595 Colh.
1546 5556 1618 5595 m.
1650 5550 1706 5597 et
1753 5540 1966 5611 Regm.,

383 5611 631 5734 quintaniis
681 5609 732 5662 in
763 5610 828 5665 iis
865 5624 1208 5666 rcccnscatur
1255 5612 1306 5664 in
1364 5612 1520 5681 hujus
1567 5613 1685 5668 libri
1735 5609 1967 5680 capitum

384 5694 453 5734 mi
480 5697 562 5734 tcu
587 5699 641 5734 υ.

384 5680 641 5737 inrdiculo.

2081 4565 2392 4606 cumcrucc
2416 4564 2533 4616 sua,
2585 4560 2638 4603 et
2665 4550 2717 4603 in
2748 4548 2938 4603 cellula
2987 4558 3166 4601 nostra
3225 4545 3412 4601 adfuit.
3467 4546 3662 4613 Stupe—

2089 4640 2260 4696 factus
2298 4656 2418 4710 ego,
2466 4651 2519 4697 et
2545 4640 2816 4695 admirans
2848 4639 3139 4705 levitatem,
3192 4637 3481 4708 interrogo,
3538 4639 3661 4707 quid

2156 4785 2181 4812 θ
2221 4776 2312 4830 Sic
2364 4791 2462 4843 pro
2501 4774 2895 4829 Caecilianensis
2946 4788 3069 4827 cum
3118 4772 3317 4828 Chesn.
3358 4776 3428 4829 al.
3466 4773 3664 4828 habent

2084 4844 2210 4900 Bcc.
2237 4856 2292 4902 et
2317 4844 2471 4900 Colb.
2505 4860 2583 4908 α..
2616 4858 2668 4899 et
2698 4846 2910 4911 quidem
2945 4854 3112 4907 recte,
3144 4855 3200 4897 ιιι
3224 4845 3333 4913 jam
3374 4860 3535 4910 supra
3563 4845 3660 4896 ob-

2081 4919 2414 4973 servavimus
2443 4917 2507 4968 ad
2539 4931 2658 4983 cap.
2691 4917 2752 4970 51
2790 4915 2880 4968 lib.
2915 4929 3029 4968 vni.
3064 4914 3230 4979 Editi,
3265 4915 3653 4968 Cabillonensis.

2079 4985 2401 5041 Theoderici
2432 4986 2765 5041 nativitatem
2823 4985 3174 5056 Fredvgarius
3220 5000 3362 5039 anno
3416 4985 3662 5054 sequenti

2079 5070 2381 5197 ῗοῗειθὲἓέί
2426 5124 2564 5197 istud
2612 5135 2772 5194 caput
2820 5140 2940 5182 cum
2987 5125 3157 5182 tribus
3203 5126 3555 5197 sequentibus
3606 5125 3659 5179 in

2078 5194 2231 5253 Colb.
2265 5212 2316 5251 a.
2347 5206 2400 5251 ct
2435 5196 2553 5249 Vat.
2640 5200 2647 5223 '

2151 5277 2176 5335 ti
2221 5269 2340 5320 llec.
2371 5275 2423 5319 cl
2447 5265 2651 5329 Casin.,
2674 5266 2959 5335 juniorcm.

2149 5334 2177 5372 ³³
2216 5337 2496 5391 Colobium
2527 5334 2691 5392 vestis
2716 5345 2833 5391 erat
2860 5338 3062 5402 ab~qne
3092 5336 3338 5401 manicis,
3364 5334 3558 5404 quibus
3581 5334 3657 5389 uti

2077 5406 2321 5527 ἓέιευέηι
2341 5404 2578 5478 Algj‘ptii
2602 5408 2847 5462 monachi
2878 5405 3016 5476 apud
3037 5406 3277 5461 Cassian.
3300 5410 3394 5463 lib.
3417 5422 3433 5462 l
3460 5404 3659 5464 lnstit..

2146 5494 2196 5527 [ἱ.
2266 5516 2280 5527 .

2077 5492 2196 5585 me.
2219 5492 2318 5611 Qui
2349 5546 2612 5617 Gerunda:
2644 5560 2829 5616 passus
2857 5555 2959 5617 est,
2992 5548 3060 5601 de
3088 5562 3192 5616 qun
3216 5546 3349 5604 lib.t
3381 5547 3445 5600 de
3476 5542 3658 5601 Gloria

2079 5618 2260 5681 Marb,
2291 5632 2409 5686 cap.
2440 5615 2529 5671 92.
2646 5615 2669 5639 ι
