3974 6174
383 254 490 308 455

1339 253 1667 312 HISTORIA
1703 252 2153 313 FRANCORUM.
2196 252 2399 311 LIBER
2437 254 2687 311 NONUS.

3541 257 3645 310 ικσ

376 374 497 428 haec
521 369 624 424 sibi
654 368 845 431 velint.
875 367 1171 438 Respondit
1198 370 1353 438 quasi
1390 370 1653 439 superbus
1689 378 1743 426 et
1783 368 1964 424 inﬂata
1990 372 2038 435 Α
2068 368 2222 423 cerit.
2248 366 2354 423 Sed
2383 383 2483 423 nec
2514 381 2612 423 nos
2640 382 2747 436 prae
2779 364 2881 422 hoc
2911 364 3104 423 {tutore
3130 367 3185 423 in
3215 365 3487 422 basilicam
3513 382 3642 424 san-

378 474 511 516 voce
542 476 557 515 :
592 459 888 525 Meliorem,
942 459 1134 527 inquit,
1181 473 1464 516 occursum
1507 461 1663 517 nobis
1704 459 1963 517 exhibere

375 554 659 612 debueras.
691 552 797 608 Sec
820 554 934 607 haec
962 568 1061 621 ego
1090 552 1143 607 in
1166 566 1323 608 aures
1345 553 1632 622 Cbilperici
1664 562 1690 593 ιι
1717 551 1859 623 regis
1882 552 1963 607 in-

371 662 560 718 geram
606 664 621 701 :
661 647 755 702 ille
784 654 963 702 autem
1008 646 1296 702 ulciscatur
1337 645 1732 715 despcctionem
1762 660 1959 702 meam.

374 738 444 793 Et
465 736 739 807 ingressus
765 735 820 792 in
850 737 1169 801 oratorium,
1221 751 1307 791 me
1332 736 1652 804 postposito,
1674 735 1787 805 ipse
1814 736 1962 804 capi-

374 828 560 884 tellutn
587 843 753 885 unum
775 868 792 894 ,
830 835 995 896 atque
1016 826 1267 892 alterum,
1299 842 1361 883 ac
1390 826 1605 883 tertium
1641 827 1803 892 dicit;
1846 828 1960 893 ipse

372 920 672 974 orationem
719 917 959 987 profert,
1009 924 1065 971 et
1113 917 1227 986 ipse
1253 925 1618 984 consummat,
1647 917 1957 987 elevataque

372 1010 567 1067 iterum
588 1023 752 1064 cruce
772 1008 924 1064 abiit.
955 1008 1079 1062 Erat
1107 1009 1249 1062 enim
1273 1007 1321 1061 ei
1352 1016 1405 1062 et
1421 1021 1599 1061 sermo
1628 1009 1878 1076 rusticus,
1903 1016 1959 1067 et

374 1101 543 1170 ipsius
576 1100 766 1168 lingua:
795 1098 1018 1153 latitudo
1049 1099 1218 1168 turpis
1239 1106 1397 1167 atque
1422 1098 1705 1163 obscaena;
1730 1102 1822 1154 sed
1857 1115 1957 1155 nee

369 1192 440 1245 de
465 1206 532 1247 eo
561 1204 742 1245 sermo
772 1188 1102 1243 rationabilis
1131 1189 1455 1255 procedebat
1490 1204 1503 1240 :
1532 1189 1621 1258 qui
1651 1203 1820 1259 usque
1853 1190 1956 1244 Pa-

370 1283 530 1339 risios
556 1281 804 1336 accessit.
861 1279 954 1335 llis
983 1277 1126 1334 enim
1156 1279 1347 1333 diebus
1376 1277 1694 1346 negationes
1729 1281 1953 1350 publica:

371 1371 803 1434 celebrabantur,
830 1385 950 1438 quae
978 1377 1101 1422 ante
1144 1377 1387 1423 sanctum
1428 1368 1720 1424 Dominicae
1753 1372 1955 1425 Ascen-

374 1465 544 1520 siouis
569 1463 709 1519 diem
740 1464 825 1534 agi
861 1463 1057 1516 solent.
1091 1462 1307 1516 Factum
1334 1474 1416 1518 est
1447 1472 1648 1527 autem,
1681 1472 1739 1518 ut
1768 1480 1953 1533 proce-

365 1558 530 1612 dente
561 1554 907 1625 Ragnetnodo
939 1553 1189 1623 pontiﬁce
1216 1568 1335 1608 cum
1369 1554 1565 1624 populo
1586 1568 1705 1621 suo,
1748 1565 1799 1610 et
1836 1556 1948 1611 loca

364 1657 551 1703 sancta
575 1647 962 1710 circumeunte,
1006 1653 1061 1699 ut
1107 1655 1159 1698 et
1202 1644 1289 1699 hic
1314 1660 1434 1699 cum
1479 1660 1639 1700 cruce
1667 1660 1762 1701 sua
1790 1646 1951 1703 adre.

2064 470 2204 513 ctam
2238 460 2441 529 ingredi
2472 470 2800 528 poteramus.
2855 459 3133 519 Accedens
3165 476 3293 517 vero
3321 477 3457 516 unus
3484 462 3647 521 cieri.

2062 566 2274 617 eorum,
2321 552 2520 608 clausis
2571 552 2791 609 naribus
2819 567 2943 608 eum
2986 553 3227 609 excitare
3282 555 3493 623 nititur,
3541 571 3644 613 nec

2058 642 2256 712 potuit,
2306 644 2376 699 ita
2409 646 2551 701 enim
2580 654 2693 701 erat
2724 645 2887 701 miser
2915 641 3246 701 madefactus
3289 647 3436 704 vino.
3488 650 3644 709 'l‘uue

2059 745 2286 800 quatuor
2310 739 2626 792 accedentes
2651 736 2857 802 clerici,
2906 737 3145 793 levantes
3182 753 3306 793 eum
3362 740 3494 796 inter
3528 756 3643 795 ma-

2059 844 2182 893 nus,
2224 830 2276 885 in
2308 846 2469 886 unum
2500 830 2754 901 angulum
2794 830 3026 886 basilicae
3056 831 3425 901 proiecerunt:
3464 844 3520 889 et
3543 848 3641 889 ει·

2058 916 2307 976 bibentes
2354 936 2545 991 aquas,
2591 923 2774 978 abluto
2804 923 3133 992 pavimento,
3188 938 3436 993 resperso
3475 928 3637 985 ctiam

2059 1011 2298 1069 herbulis
2318 1015 2577 1077 odoratis,
2591 1014 2670 1069 sic
2689 1014 2912 1083 ingressi
2930 1028 3113 1069 sumus
3126 1014 3342 1083 explere
3354 1028 3628 1071 cursurus:

2059 1117 2327 1173 nunquam
2372 1113 2549 1159 tamen
2603 1104 2755 1159 nobis
2793 1104 3145 1174 psallentibus
3189 1106 3361 1173 potuit
3387 1106 3634 1168 excitari,

2055 1195 2225 1252 donec
2251 1196 2379 1252 dato
2413 1198 2570 1253 terris
2598 1198 2686 1251 die
2715 1198 2873 1252 altius
2895 1196 3023 1251 solis
3053 1196 3253 1265 lampas
3276 1197 3633 1265 ascenderet:

2055 1287 2250 1343 dehinc
2278 1302 2592 1343 excusatum
2625 1288 2833 1343 reddidi
2860 1287 3148 1343 sacerdoti.
3177 1288 3635 1347 Convenientibus

2052 1387 2231 1434 autem
2280 1380 2551 1449 episc0pis
2589 1381 2726 1449 apud
2762 1380 2944 1434 urbem
2988 1379 3335 1444 Parisiat-am,
3359 1381 3485 1435 dum
3519 1382 3636 1435 haec

2054 1472 2105 1528 iu
2124 1471 2375 1526 convivio
2397 1471 2937 1543 narraremus,425
2955 1471 3126 1539 ipsum
3151 1486 3247 1540 pro
3268 1472 3636 1544 castigationis

2051 1564 2220 1633 gratia
2273 1563 2465 1619 adesse
2514 1563 2873 1634 przceipimus.
2937 1563 3055 1631 Quo
3105 1572 3355 1630 astante,
3411 1565 3637 1623 elevatis

2053 1656 2292 1711 Aurelius
2346 1656 2687 1711 Beorretanae
2732 1653 2931 1710 urbisd
2970 1656 3252 1725 episcopus
3297 1655 3489 1721 oculis,
3543 1672 3637 1711 co-

365 1741 548 1808 niens,
574 1739 881 1795 inusitatum
914 1737 1121 1807 populis
1143 1737 1405 1793 exhibens
1434 1738 1820 1805 indumentum,
1856 1740 1952 1794 ad-
1986 1739 2030 1801 Β
2055 1746 2265 1818 gnoscit
2292 1763 2413 1803 eum
2438 1763 2603 1828 suum,
2622 1762 2743 1804 esse
2771 1748 3051 1815 tantulum,
3093 1749 3299 1819 sibique
3324 1764 3419 1819 per
3456 1749 3633 1819 fugam

363 1832 671 1901 junctisque
702 1829 998 1897 publicanis
1026 1844 1090 1884 ac
1118 1828 1329 1882 rusticis
1376 1828 1711 1897 mulieribus,
1765 1840 1814 1884 cl
1850 1830 1950 1887 iste

365 1924 593 1983 chorum
640 1936 799 1976 suum
832 1919 1054 1986 faceret,
1077 1928 1132 1974 et
1153 1920 1306 1988 quasi
1337 1934 1457 1981 cum
1486 1933 1579 1973 sua
1608 1919 1949 1976 multitudine

364 2015 481 2068 loca
505 2022 688 2067 saneta
711 2011 995 2066 circumire
1018 2018 1205 2066 tentat.
1232 2010 1357 2064 lltec
1385 2024 1613 2066 cernens
1630 2012 1945 2080 episcopus,

364 2107 509 2161 tttisit
550 2104 987 2163 arcliidiaconum
1026 2119 1179 2158 suum
1214 2142 1230 2169 ,
1280 2104 1464 2159 dicens
1513 2121 1525 2157 :
1581 2105 1637 2159 Si
1694 2104 1947 2173 reliquias

362 2206 674 2257 sanctorum
701 2195 944 2261 exhibes,
979 2211 1118 2263 pone
1148 2210 1240 2257 eas
1266 2196 1536 2263 paululum
1572 2194 1738 2266 424,
1765 2196 1817 2250 in
1849 2197 1946 2250 ba-

361 2288 540 2352 silica,
596 2295 653 2341 et
707 2286 985 2341 uobiscum
1016 2286 1230 2340 celebra
1276 2287 1393 2341 dies
1428 2294 1676 2353 sanctos;
1720 2286 1944 2341 decursa

360 2391 545 2435 autem
594 2378 960 2441 solemnitate,
1010 2376 1364 2447 proficisceris
1413 2378 1465 2432 in
1511 2376 1649 2431 viam
1680 2387 1846 2433 tuam.
1876 2378 1948 2432 At

362 2472 456 2529 ille
501 2469 894 2541 parvipendcns
930 2485 1049 2539 qua:
1096 2471 1164 2525 ab
1190 2470 1569 2527 arcbidiacono
1608 2469 1942 2539 dicebantur,

360 2564 528 2629 carpit
554 2563 866 2630 episcopum
895 2562 1149 2617 conviciis
1176 2577 1239 2616 ac
1269 2561 1735 2621 maledictionibus
1760 2578 1941 2631 prose.

358 2655 473 2727 qui.
506 2654 769 2712 Sacerdos
791 2666 922 2707 vero
960 2652 1264 2725 intelligens
1286 2667 1407 2707 eum
1431 2668 1551 2708 esse
1578 2653 1941 2723 seductorem,

355 2747 518 2819 jussit
545 2761 668 2801 eum
699 2744 901 2801 recludi
937 2742 990 2799 in
1018 2743 1290 2799 cellulam.
1327 2743 1787 2815 Perscrutatisque
1813 2760 1943 2801 cuu-

356 2839 459 2893 etis
486 2852 607 2909 qua:
638 2835 890 2901 habebat,
923 2835 1127 2893 invenit
1152 2851 1271 2891 cum
1295 2850 1361 2891 eo
1388 2836 1659 2892 sacculum
1691 2854 1940 2907 magnum

355 2930 572 2999 plenum
602 2929 672 2984 de
698 2928 967 2984 radicibus
983 2928 1317 2984 diversarum
1343 2928 1658 2996 herbarum;
1684 2931 1863 3001 ibique
1886 2941 1942 2988 et

353 3023 543 3079 dentes
572 3024 750 3092 talpae,
772 3030 827 3076 et
850 3036 971 3077 ossa
1001 3021 1252 3085 murium,
1276 3028 1329 3076 et
1345 3036 1546 3090 ungues
1572 3029 1729 3093 atque
1752 3023 1938 3092 adipes

2051 1839 2344 1909 dilapsum,
2370 1850 2426 1896 et
2453 1842 2530 1896 sic
2560 1851 2874 1897 excusatum
2907 1854 3178 1912 receptum
3213 1841 3427 1900 reduxit
3461 1845 3512 1905 in
3543 1860 3636 1911 pa-

2053 1932 2234 1987 lt‘iam.
2260 1933 2409 1987 Multi
2437 1933 2578 1989 enim
2609 1942 2734 1986 sunt
2753 1933 2843 2001 qui
2877 1934 2974 1987 bas
3002 1934 3347 1989 seductiones
3376 1948 3635 1989 exerceo.

2049 2033 2131 2079 tes
2156 2026 2413 2094 populum
2454 2026 2714 2081 rusticum
2762 2025 2815 2079 in
2865 2040 3106 2081 errorem
3156 2040 3357 2094 ponere
3406 2039 3512 2083 non
3538 2027 3635 2079 de~

2047 2115 2247 2171 sistunt
2276 2134 2289 2168 :
2318 2116 2387 2171 de
2410 2117 2624 2185 quibus,
2657 2124 2714 2171 ut
2736 2115 2951 2184 opinor,
2987 2125 3041 2170 et
3086 2115 3342 2175 Dominus
3371 2116 3425 2171 in
3457 2115 3635 2171 Evan-

2048 2208 2188 2277 gelio
2241 2209 2360 2273 ait,
2405 2205 2721 2277 Consurgere
2780 2214 2803 2243 ο
2861 2206 2913 2258 in
2974 2206 3261 2260 novissimis
3316 2207 3631 2275 imparibus

2048 2300 2485 2370 pseudocltrt'stos,
2524 2309 2571 2354 et
2602 2300 3094 2371 pseudOprOpltetas,
3139 2301 3226 2368 qui
3264 2302 3445 2355 dantes
3487 2303 3635 2373 signa

2045 2404 2093 2447 et
2125 2394 2387 2464 prodigia.
2407 2394 2560 2447 etiam
2587 2392 2774 2447 electos
2800 2394 2856 2445 in
2884 2407 3111 2446 errorem
3142 2394 3383 2447 inducant
3413 2392 3634 2464 (ﬂatur.

1996 2536 1999 2537 ν
2046 2501 2189 2551 xxtv,
2213 2489 2333 2556 24).
2379 2485 2452 2541 De
2492 2485 2576 2541 his
2610 2485 2707 2542 ista
2733 2484 3005 2541 sulftciattt
3036 2502 3051 2540 :
3084 2499 3181 2540 nos
3212 2486 3390 2556 potius
3417 2489 3483 2541 ad
3510 2503 3633 2557 pro¢

2045 2579 2276 2648 positum
2299 2577 2605 2635 redeamus.

2116 2730 2229 2789 Vll.
2259 2730 2531 2787 Ennodius
2559 2745 2680 2786 cum
2707 2730 2955 2789 ducatum
2994 2732 3201 2788 urbium
3226 2732 3509 2789 Turonica:
3534 2744 3631 2788 at-

2040 2838 2144 2894 que
2172 2822 2403 2878 Pictavaz
2422 2824 2837 2890 administraret,
2864 2822 3039 2879 adbuc
3060 2833 3115 2878 et
3143 2822 3253 2878 Vici
3276 2823 3529 2880 Jt.l.cnsis
3552 2837 3631 2880 nt-

2040 2932 2147 2987 que
2177 2916 2475 2972 Benarua:f
2511 2917 2723 2971 urbium
2742 2918 3094 2986 principatum
3110 2920 3323 2986 accipit.
3359 2917 3463 2973 Sed
3488 2901 3639 2973 eun?

2042 3012 2184 3068 tibus
2213 3011 2499 3072 comitibus
2536 3010 2823 3067 Turonicae
2878 3021 3039 3081 atque
3089 3013 3318 3069 Pictam
3367 3014 3513 3068 urbis
3559 3015 3627 3069 ad

354 3114 590 3171 ursinus.
627 3112 931 3181 Vidensqne
961 3114 1072 3166 haec
1102 3110 1358 3166 maleﬁcia
1389 3125 1533 3179 esse,
1565 3122 1753 3167 cuncta
1779 3113 1937 3183 jussit

2047 3116 2219 3173 regem
2276 3100 2696 3167 Childehertum,
2728 3099 3074 3156 obtinuerunt
3125 3116 3247 3157 eum
3279 3116 3308 3158 a
3338 3117 3397 3159 se
3445 3119 3628 3158 remo-

352 3206 410 3260 in
442 3206 636 3263 nomen
662 3204 873 3273 projici,
907 3203 1192 3272 ablataque
1220 3203 1269 3256 ci
1294 3218 1486 3272 cruce,
1533 3205 1698 3272 jussit
1741 3219 1862 3260 eum
1903 3221 1935 3261 a

352 3298 586 3355 termino
618 3295 898 3351 Parisiacae
932 3294 1081 3349 urbis
1115 3294 1347 3350 excludi.
1390 3296 1496 3350 Sed
1530 3297 1614 3351 hic
1635 3296 1829 3352 iterum
1857 3296 1938 3353 fa-

350 3399 439 3443 cta
462 3388 631 3443 altera
664 3401 844 3452 cruce,
876 3386 1041 3457 coepit
1068 3402 1189 3457 quae
1217 3396 1457 3457 gesserat
1493 3402 1777 3454 exercere;
1811 3404 1936 3459 cap-

352 3492 543 3551 tusque
560 3480 630 3535 ab
652 3478 1056 3543 arcbidiacono,
1087 3489 1142 3534 et
1170 3480 1374 3534 catenis
1400 3480 1631 3548 vinctus,
1654 3480 1835 3548 jussus
1854 3488 1939 3538 est

350 3572 631 3629 custodiri.
664 3571 756 3626 llis
784 3570 978 3627 diebus
1008 3569 1245 3627 Parisios
1273 3572 1613 3638 advenerant,
1656 3581 1712 3627 et
1747 3574 1813 3629 ad
1844 3574 1936 3628 ba-

348 3666 558 3720 silicam
605 3663 747 3721 beati
775 3663 973 3721 Juliani
1004 3663 1252 3734 martyris
1284 3662 1309 3701 δ
1362 3674 1615 3719 metatum
1647 3665 1933 3721 habebam.

345 3756 515 3812 Nocte
544 3757 705 3827 igitur
734 3754 1038 3827 insequenti
1070 3770 1359 3825 erumpens
1387 3758 1550 3813 miser
1598 3757 1698 3811 iste
1749 3759 1817 3813 de
1842 3774 1933 3813 cu-

346 3848 548 3913 stodia,
578 3864 700 3903 cum
730 3848 860 3918 ipsis
886 3848 1081 3918 quibus
1108 3857 1225 3903 erat
1256 3862 1423 3903 nexus
1449 3847 1657 3904 catenis
1686 3849 1752 3905 ad
1783 3860 1933 3906 ante—

347 3941 551 3994 dictam
599 3939 876 3995 basilicam
905 3939 1076 3994 sancti
1122 3937 1316 3993 Juliaui
1345 3948 1598 4007 properat
1628 3956 1642 3993 :
1693 3944 1932 4012 atquein

348 4044 382 4095 p
402 4028 656 4082 .vimento
689 4029 742 4083 in
789 4028 906 4083 loco
953 4043 1061 4098 quo
1080 4043 1183 4099 ego
1213 4012 1355 4082 staFe
1384 4042 1530 4083 eram
1560 4030 1770 4096 solttus,
1800 4032 1929 4098 ruit,

344 4136 408 4179 ac
438 4136 633 4189 sopore
684 4108 914 4190 vinoque
944 4134 1236 4189 oppressus
1284 4119 1627 4175 obdormivit.
1661 4121 1767 4177 Nos
1803 4138 1931 4177 vero

344 4215 515 4285 ignari
541 4215 689 4282 facti,
717 4215 889 4271 media
919 4223 1199 4282 surgentes
1227 4221 1385 4269 nocte
1406 4215 1470 4271 ad
1502 4214 1802 4271 reddendas
1824 4215 1931 4269 Do-

344 4309 494 4359 mino
534 4306 756 4374 gratias,
814 4305 1115 4361 invenimus
1146 4320 1269 4359 eum
1298 4304 1652 4362 dormientem
1679 4322 1695 4359 ε
1726 4308 1795 4361 de
1823 4324 1930 4376 quo

343 4410 525 4454 tantus
567 4399 725 4454 [imor
754 4400 862 4470 [ΑΙ.
888 4399 1090 4470 νεάτη]
1116 4398 1528 4468 egrediebatur,
1580 4408 1639 4453 ut
1686 4402 1923 4454 omnium

2039 3192 2153 3246 veri
2188 3201 2234 3243 ε.
2266 3190 2358 3245 llle
2399 3206 2529 3245 vero
2561 3190 2647 3245 ubi
2698 3204 2756 3245 se
2787 3200 3050 3246 remotum
3108 3193 3176 3248 de
3207 3195 3291 3250 his
3333 3210 3427 3249 seu
3463 3195 3523 3260 it,
3556 3197 3627 3255 ad

2037 3282 2278 3337 civitates
2298 3280 2542 3351 superius
2565 3291 2889 3336 memoratas
2935 3293 3217 3352 properat;
3263 3285 3359 3340 sed
3413 3285 3541 3339 dum
3573 3287 3625 3342 iu

2039 3375 2144 3430 illis
2177 3383 2631 3440 commoraretur,
2656 3373 2962 3429 mandatum
2992 3377 3219 3445 accepit,
3252 3386 3307 3430 ut
3332 3392 3391 3432 se
3416 3377 3485 3431 ab
3512 3380 3626 3432 eis-

2037 3468 2159 3524 dem
2185 3476 2503 3533 removeret,
2535 3476 2588 3527 et
2622 3464 2702 3520 sic
2723 3477 2943 3534 accepto
2971 3469 3101 3532 otio,
3132 3468 3197 3522 ad
3228 3469 3445 3527 domum
3472 3485 3625 3534 suam

2039 3574 2305 3625 reversus,
2331 3558 2517 3628 privati
2548 3557 2729 3623 operis
2778 3572 2960 3617 curam
3007 3560 3164 3630 gerit.
3201 3560 3468 3617 Vascones
3497 3578 3627 3621 vero

2037 3653 2106 3708 de
2142 3652 2411 3706 montibus
2456 3659 2865 3719 prorumpentes
2897 3646 2920 3685 ¹³
2960 3649 3013 3705 in
3062 3653 3219 3719 p!ana
3268 3652 3624 3719 descendunt,

2039 3744 2243 3809 vineas,
2276 3756 2539 3812 agrosque
2579 3741 2999 3810 depopulantes,
3028 3742 3219 3797 domos
3240 3742 3511 3801 tradentes
3541 3748 3624 3801 iu~

2036 3834 2247 3900 ceudio,
2269 3833 2551 3893 nonnullos
2570 3832 2896 3889 abducentes
2911 3836 3150 3903 captivos
3171 3849 3292 3891 cum
3318 3839 3626 3905 pecoribus,

2035 3936 2220 3987 contra
2250 3940 2383 3998 quos
2404 3940 2497 3994 arei
2518 3929 2601 3985 ius
2628 3926 3014 3989 Austroualdus
3033 3927 3137 3981 dux
3164 3929 3423 3995 processit
3455 3937 3496 3996 ι,
3527 3933 3629 3987 seu

2036 4034 2251 4087 parvam
2276 4018 2536 4073 ultionem
2560 4019 2739 4087 exegit
2767 4016 2875 4089 [ΑΙ.
2907 4018 3170 4088 exercuit]
3213 4020 3281 4077 ab
3305 4021 3406 4076 eis.
3436 4021 3629 4077 Gottlii

2034 4125 2162 4170 vero
2192 4119 2409 4179 pmptcr
2436 4106 2727 4177 superioris
2756 4108 2881 4163 anni
2904 4108 3349 4174 devastationem,
3379 4126 3536 4179 quam
3569 4113 3629 4172 in
3716 4126 3733 4147 κ

2031 4202 2359 4273 Septimania
2408 4200 2549 4269 regis
2603 4199 2993 4261 Guntcbramni
3032 4200 3303 4259 exercitus
3350 4201 3504 4266 fecit,
3565 4204 3625 4261 in

2032 4297 2401 4351 Arelatensem
2464 4290 2798 4351 Provinciam
2858 4300 3241 4360 proruperunt,
3292 4302 3629 4361 egeruntth

2034 4388 2264 4459 praedas,
2301 4397 2356 4443 et
2384 4385 2626 4455 captivos
2663 4383 3003 4440 abduxerunt
3045 4398 3216 4453 usque
3237 4384 3308 4439 ad
3354 4384 3625 4443 decimum

342 4497 646 4549 cloacarmn
667 4505 827 4562 atque
854 4506 1160 4547 secessuum
1195 4490 1418 4547 [tutores
1462 4489 1625 4547 {ustor
1652 4492 1742 4548 ille
1770 4492 1921 4547 devi-
1953 4490 2005 4551 D
2029 4492 2097 4547 ah
2113 4491 2246 4546 urbe
2273 4483 2796 4543 tuilliaiium.Unuut
2821 4482 2983 4543 etiam
3005 4492 3263 4551 castrum,
3293 4483 3561 4555 Ugertmni
3590 4497 3615 4543 ι

420 4672 445 4699 ⁸
484 4655 1056 4731 εἶς-ειηηλϐιεξιᾴεὺετ-Ιξ.
1094 4655 1448 4731 Uterquerex
1481 4659 1607 4705 tunc
1626 4659 1762 4731 erat.

420 4731 446 4770 δ
486 4720 690 4786 υενιιειὰ
713 4728 926 4801 basilica
948 4728 1071 4801 vide
1098 4720 1261 4794 supra
1293 4724 1384 4777 lib.
1411 4737 1463 4775 v1
1483 4762 1497 4784 ,
1530 4737 1649 4801 cap.
1687 4720 1770 4801 1.7.

421 4813 443 4841 α
483 4791 1443 4872 Observaudamajorumnostrorum
1488 4808 1547 4872 re
1572 4792 1759 4872 igioiu
1793 4791 1915 4872 red-

342 4872 533 4927 dendis
568 4873 675 4927 Deo
705 4865 950 4924 laudith
974 4869 1187 4933 debitis,
1238 4865 1392 4919 statis
1424 4865 1600 4929 horis,
1648 4871 1704 4917 ut
1754 4865 1915 4917 etiam

343 4945 580 5012 episcopi
635 4948 793 4996 noctu
848 4939 912 4991 ad
943 4936 1387 5012 _persolvend_utn_
1425 4936 1640 5012 solitum
1672 4947 1914 5012 pensum

343 5003 643 5083 surgerent.
675 5013 901 5083 Sanetus
932 5003 1227 5083 Germanus
1270 5006 1443 5083 Paris.
1470 5005 1583 5083 epis
1622 5044 1636 5058 .
1671 5005 1722 5058 in
1762 5003 1917 5057 itine-

346 5076 493 5141 ribus
537 5084 710 5151 capite
764 5082 907 5133 nudo
942 5120 956 5141 .
1003 5080 1101 5151 etsi
1158 5079 1242 5131 nix
1294 5076 1611 5151 aullitttitcﬁ
1654 5084 1915 5151 urgeret,

344 5173 549 5211 cursum
600 5147 796 5206 dicebat
828 5190 841 5212 ,
898 5165 960 5204 ex
1014 5150 1320 5203 Fortunato.
1381 5148 1535 5200 Plura
1584 5147 1649 5199 tle
1708 5150 1806 5198 hnc
1860 5160 1917 5199 re

345 5225 682 5285 Nalillouius
710 5222 871 5279 habet
909 5222 961 5283 iu
993 5220 1265 5290 Disquisit.
1314 5218 1381 5271 de
1402 5218 1572 5271 Cursu
1621 5213 1918 5280 Gallicauo,

348 5296 379 5369 s
474 5368 633 5423 Varie
659 5364 797 5432 apud
842 5363 1016 5419 varios
1050 5358 1304 5432 srrtltitur
1337 5356 1679 5432 hujuscastri
1703 5370 1918 5432 nomen.

346 5438 664 5502 Bigerrones
693 5425 927 5502 appellat
953 5436 1135 5502 Casa;
1159 5430 1294 5489 libro
1312 5425 1754 5502 tuttellitiallici.
1789 5429 1847 5502 U_t
1864 5426 1926 5479 bs

344 5496 519 5578 gentis
547 5496 923 5576 caput‘l‘urba,
954 5518 1047 5578 seu
1093 5500 1313 5578 T_r_avia_,
1341 5500 1464 5578 olim
1486 5498 1792 5578 .dicd'lailll',
1826 5496 1926 5578 ini.-

342 5565 437 5637 die
463 5565 669 5634 Tarsa}.
714 5579 769 5630 lu
816 5565 1083 5629 veteribus
1135 5569 1369 5634 Notitiis,
1399 5569 1575 5621 civitas
1617 5566 1806 5630 Turba,
1840 5565 1925 5616 tibi

341 5666 564 5705 castrum
602 5648 848 5717 Bigerra,
880 5647 1142 5717 decutiunt
1161 5642 1366 5717 obtinet
1400 5642 1575 5717 locum
1617 5640 1667 5717 in
1700 5638 1927 5717 Diovem-

346 5708 953 5792 pnpulaniathuths
1011 5713 1327 5779 subscripsit
1390 5711 1554 5765 Cone.
1618 5708 1815 5764 Mutisc.
1858 5723 1925 5759 tt.

2026 4662 2122 4756 3";
2150 4646 2369 4786 $55.,
2399 4709 2726 4786 genam-gent
2751 4705 3147 4786 psmdorhristi,
3190 4716 3320 4786 et_c_.,
3350 4707 3618 4786 inducent.

2100 4787 2119 4827 f
2154 4777 2367 4855 Regum;
2392 4777 2662 4855 Βεηιαῃίε,
2688 4780 2841 4834 υυιι).
2972 4787 3027 4832 et
3050 4777 3200 4845 880.,
3234 4777 3532 4855 Βενηςινηω.
3564 4784 3623 4855 ιη

2027 4848 2301 4914 veteribus
2328 4850 2535 4923 notitiis
2563 4853 2738 4913 locum
2778 4850 3067 4923 septimum
3096 4860 3319 4923 occupat
3371 4848 3513 4923 inter
3541 4854 3621 4907 cio

2027 4934 2217 4985 vitales
2235 4920 2761 4992 Novmtpopttiaui'tu
2792 4920 2963 4975 Hodie
2996 4919 3257 4992 Betteat'tti
3284 4922 3503 4976 nomine
3532 4938 3620 4979 re-

2024 4999 2168 5072 gioni
2191 4997 2401 5067 relicto,
2426 4989 2945 5072 vocatur-Luscum,
2967 4990 3140 5072 .vulgo.
3151 4989 3363 5072 μνείας.

2098 5079 2123 5118 tt
2156 5059 2399 5121 Comites
2426 5065 2476 5118 itt
2505 5062 2727 5132 singulis
2756 5070 2910 5115 erant
2932 5059 3266 5125 civbatibus,
3296 5061 3462 5132 duces
3491 5076 3621 5117 vero

2029 5138 2268 5211 pluribus
2331 5130 2619 5209 praeerant}
2665 5133 2797 5188 Vide
2842 5146 3003 5201 supra
3046 5141 3201 5186 notas
3240 5132 3306 5185 ad
3350 5130 3444 5187 lib.
3499 5148 3618 5199 Vill,

2027 5210 2432 5335 ca‘l’t'VEscones
2462 5275 2513 5328 in
2561 5272 2832 5345 Pyreumis
2872 5270 3094 5345 Alpibus
3136 5270 3440 5325 habitantes
3495 5279 3618 5345 post

2031 5353 2207 5406 varias
2230 5349 2585 5410 incursiones,
2607 5342 2872 5399 inclinato
2921 5343 3245 5395 Francorum
3280 5356 3466 5410 regno,
3500 5342 3613 5397 Νιν-

2033 5416 2738 5490 vetnpopulauiattttandem
2771 5413 3127 5490 obtutuere‘hu
3168 5410 3365 5479 quibus
3392 5411 3617 5490 ct‘Vas-

2033 5438 2222 5490 Velnlm
2266 5435 2494 5471 lllalllalll
2519 5435 2732 5469 tandem
2771 5435 3127 5490 nummum,"
3168 5435 3365 5479 qutuus
3392 5435 3448 5466 cs
3492 5435 3615 5467 vas—

2028 5500 2181 5548 conta
2206 5435 2347 5545 «θριξὶ
2370 5497 2471 5545 est.
2510 5485 2641 5541 Vide
2682 5486 3005 5537 Alteserram
3053 5480 3188 5537 ltb.t
3233 5496 3414 5543 rerum
3446 5484 3615 5554 Aqm-

2031 5574 2164 5627 tan.,
2187 5576 2306 5629 cap.
2342 5559 2428 5613 ιϐ.

2108 5634 2122 5672 i
2148 5622 2319 5703 Sup'm
2352 5632 2446 5703 np.
2489 5643 2603 5691 vm,
2632 5622 2877 5703 cap:_fif’i,
2901 5622 3330 5703 dicitur-comes.

2109 5707 2120 5755 i
2156 5689 2366 5775 “Phill”
2398 5689 2871 5772 liiycrrtntrtCVidt:
2893 5708 3053 5764 supra
3085 5691 3178 5748 lib.
3220 5706 3345 5759 Vlll,
3370 5704 3487 5757 cap.
3522 5689 3612 5745 so.
