  <div class='ocr_page' id='page_1' title='image "/cluster/home/n/w/nwhite01/storage/ocr_20150623/71/hvd.32044054758750/249.png"; bbox 0 0 3920 6188; ppageno 0'>
   <div class='ocr_carea' id='block_1_1' title="bbox 394 271 496 327">
    <p class='ocr_par' dir='ltr' id='par_1_1' title="bbox 394 271 496 327">
     <span class='ocr_line' id='line_1_1' title="bbox 394 271 496 327; baseline -0.029 0"><span class='ocrx_word' id='word_1_1' title='bbox 394 271 496 327; x_wconf 70' lang='grc'><strong>487</strong></span> 
     </span>
    </p>
   </div>
   <div class='ocr_carea' id='block_1_2' title="bbox 1398 264 3602 330">
    <p class='ocr_par' dir='ltr' id='par_1_2' title="bbox 1398 264 3602 330">
     <span class='ocr_line' id='line_1_2' title="bbox 1398 264 3602 330; baseline -0.005 0"><span class='ocrx_word' id='word_1_2' title='bbox 1398 271 1456 330; x_wconf 83' lang='grc'><strong>8.</strong></span> <span class='ocrx_word' id='word_1_3' title='bbox 1496 270 1824 330; x_wconf 79' lang='lat' dir='ltr'><strong>GBEGORII</strong></span> <span class='ocrx_word' id='word_1_4' title='bbox 1865 267 2171 327; x_wconf 84' lang='lat' dir='ltr'><strong>EPISCOPI</strong></span> <span class='ocrx_word' id='word_1_5' title='bbox 2207 264 2638 324; x_wconf 76' lang='lat' dir='ltr'><strong>1URONENSIS</strong></span> <span class='ocrx_word' id='word_1_6' title='bbox 3517 269 3602 326; x_wconf 60' lang='lat' dir='ltr'><strong>(eis</strong></span> 
     </span>
    </p>
   </div>
   <div class='ocr_carea' id='block_1_3' title="bbox 393 376 3605 459">
    <p class='ocr_par' dir='ltr' id='par_1_3' title="bbox 393 376 3605 459">
     <span class='ocr_line' id='line_1_3' title="bbox 393 376 3605 459; baseline -0.001 -14"><span class='ocrx_word' id='word_1_7' title='bbox 393 391 632 457; x_wconf 79' lang='lat' dir='ltr'><strong>nomine,</strong></span> <span class='ocrx_word' id='word_1_8' title='bbox 662 404 782 445; x_wconf 92' lang='lat' dir='ltr'><strong>cum</strong></span> <span class='ocrx_word' id='word_1_9' title='bbox 812 388 972 446; x_wconf 82' lang='lat' dir='ltr'><strong>rebus</strong></span> <span class='ocrx_word' id='word_1_10' title='bbox 1004 396 1164 459; x_wconf 86' lang='lat' dir='ltr'><strong>atque</strong></span> <span class='ocrx_word' id='word_1_11' title='bbox 1196 386 1591 444; x_wconf 70' lang='lat' dir='ltr'><strong>habitatoribus</strong></span> <span class='ocrx_word' id='word_1_12' title='bbox 1643 387 1971 451; x_wconf 90' lang='lat' dir='ltr'><strong>desolantes,</strong></span> <span class='ocrx_word' id='word_1_13' title='bbox 2005 387 2055 448; x_wconf 76' lang='grc' dir='ltr'><strong>Δ</strong></span> <span class='ocrx_word' id='word_1_14' title='bbox 2081 379 2451 450; x_wconf 78' lang='lat' dir='ltr'><strong>Rauchingum</strong></span> <span class='ocrx_word' id='word_1_15' title='bbox 2507 380 2687 450; x_wconf 90' lang='lat' dir='ltr'><strong>jussit.</strong></span> <span class='ocrx_word' id='word_1_16' title='bbox 2728 378 2829 448; x_wconf 86' lang='lat' dir='ltr'><strong>Qui</strong></span> <span class='ocrx_word' id='word_1_17' title='bbox 2868 392 2992 434; x_wconf 90' lang='lat' dir='ltr'><strong>cum</strong></span> <span class='ocrx_word' id='word_1_18' title='bbox 3038 376 3303 448; x_wconf 92' lang='lat' dir='ltr'><strong>adfuisset,</strong></span> <span class='ocrx_word' id='word_1_19' title='bbox 3339 383 3605 456; x_wconf 71' lang='lat' dir='ltr'><strong>priusquam</strong></span> 
     </span>
    </p>
   </div>
   <div class='ocr_carea' id='block_1_4' title="bbox 391 479 1261 549">
    <p class='ocr_par' dir='ltr' id='par_1_4' title="bbox 391 479 1261 549">
     <span class='ocr_line' id='line_1_4' title="bbox 391 479 1261 549; baseline -0.002 -14"><span class='ocrx_word' id='word_1_20' title='bbox 391 480 540 535; x_wconf 88' lang='lat' dir='ltr'><strong>nullo</strong></span> <span class='ocrx_word' id='word_1_21' title='bbox 560 480 841 536; x_wconf 85' lang='lat' dir='ltr'><strong>resistente</strong></span> <span class='ocrx_word' id='word_1_22' title='bbox 862 479 1091 549; x_wconf 75' lang='lat' dir='ltr'><strong>regressi</strong></span> <span class='ocrx_word' id='word_1_23' title='bbox 1118 488 1261 533; x_wconf 89' lang='lat' dir='ltr'><strong>sunt.</strong></span> 
     </span>
    </p>
   </div>
   <div class='ocr_carea' id='block_1_5' title="bbox 462 570 1975 642">
    <p class='ocr_par' dir='ltr' id='par_1_5' title="bbox 462 570 1975 642">
     <span class='ocr_line' id='line_1_5' title="bbox 462 570 1975 642; baseline -0.001 -16"><span class='ocrx_word' id='word_1_24' title='bbox 462 571 600 626; x_wconf 84' lang='lat' dir='ltr'>VIII.</span> <span class='ocrx_word' id='word_1_25' title='bbox 636 570 1066 625; x_wconf 86' lang='lat' dir='ltr'><strong>Guutchramnus</strong></span> <span class='ocrx_word' id='word_1_26' title='bbox 1091 585 1218 625; x_wconf 81' lang='lat' dir='ltr'><strong>vero</strong></span> <span class='ocrx_word' id='word_1_27' title='bbox 1247 571 1384 625; x_wconf 87' lang='lat' dir='ltr'><strong>Boso</strong></span> <span class='ocrx_word' id='word_1_28' title='bbox 1409 586 1533 625; x_wconf 91' lang='lat' dir='ltr'><strong>cum</strong></span> <span class='ocrx_word' id='word_1_29' title='bbox 1561 584 1757 626; x_wconf 83' lang='lat' dir='ltr'><strong>exosus</strong></span> <span class='ocrx_word' id='word_1_30' title='bbox 1778 570 1975 642; x_wconf 79' lang='lat' dir='ltr'><strong>regina:</strong></span> 
     </span>
    </p>
   </div>
   <div class='ocr_carea' id='block_1_6' title="bbox 392 661 1979 733">
    <p class='ocr_par' dir='ltr' id='par_1_6' title="bbox 392 661 1979 733">
     <span class='ocr_line' id='line_1_6' title="bbox 392 661 1979 733; baseline -0.002 -16"><span class='ocrx_word' id='word_1_31' title='bbox 392 663 713 727; x_wconf 83' lang='lat' dir='ltr'><strong>haberetur,</strong></span> <span class='ocrx_word' id='word_1_32' title='bbox 746 661 910 731; x_wconf 65' lang='lat' dir='ltr'><strong>coepit</strong></span> <span class='ocrx_word' id='word_1_33' title='bbox 952 677 1049 731; x_wconf 92' lang='lat' dir='ltr'><strong>per</strong></span> <span class='ocrx_word' id='word_1_34' title='bbox 1077 663 1360 733; x_wconf 86' lang='lat' dir='ltr'><strong>episcopos</strong></span> <span class='ocrx_word' id='word_1_35' title='bbox 1390 677 1453 717; x_wconf 91' lang='lat' dir='ltr'><strong>ac</strong></span> <span class='ocrx_word' id='word_1_36' title='bbox 1482 677 1732 732; x_wconf 87' lang='lat' dir='ltr'><strong>proceres</strong></span> <span class='ocrx_word' id='word_1_37' title='bbox 1770 662 1979 717; x_wconf 87' lang='lat' dir='ltr'><strong>discur-</strong></span> 
     </span>
    </p>
   </div>
   <div class='ocr_carea' id='block_1_7' title="bbox 393 750 1978 823">
    <p class='ocr_par' dir='ltr' id='par_1_7' title="bbox 393 750 1978 823">
     <span class='ocr_line' id='line_1_7' title="bbox 393 750 1978 823; baseline -0.002 -16"><span class='ocrx_word' id='word_1_38' title='bbox 393 766 537 819; x_wconf 82' lang='lat' dir='ltr'><strong>rere,</strong></span> <span class='ocrx_word' id='word_1_39' title='bbox 566 750 733 823; x_wconf 61' lang='lat'><strong>526</strong></span> <span class='ocrx_word' id='word_1_40' title='bbox 761 763 816 807; x_wconf 92' lang='lat' dir='ltr'><strong>et</strong></span> <span class='ocrx_word' id='word_1_41' title='bbox 861 754 1071 807; x_wconf 82' lang='lat' dir='ltr'><strong>veniam</strong></span> <span class='ocrx_word' id='word_1_42' title='bbox 1112 754 1311 808; x_wconf 89' lang='lat' dir='ltr'><strong>misero</strong></span> <span class='ocrx_word' id='word_1_43' title='bbox 1360 754 1563 818; x_wconf 85' lang='lat' dir='ltr'><strong>precari</strong></span> <span class='ocrx_word' id='word_1_44' title='bbox 1592 762 1616 789; x_wconf 78' lang='grc'><strong><em>⁸</em></strong></span> <span class='ocrx_word' id='word_1_45' title='bbox 1641 767 1799 821; x_wconf 87' lang='lat' dir='ltr'><strong>quam</strong></span> <span class='ocrx_word' id='word_1_46' title='bbox 1852 759 1978 805; x_wconf 86' lang='lat' dir='ltr'><strong>ante</strong></span> 
     </span>
    </p>
   </div>
   <div class='ocr_carea' id='block_1_8' title="bbox 392 844 1974 913">
    <p class='ocr_par' dir='ltr' id='par_1_8' title="bbox 392 844 1974 913">
     <span class='ocr_line' id='line_1_8' title="bbox 392 844 1974 913; baseline -0.002 -14"><span class='ocrx_word' id='word_1_47' title='bbox 392 849 740 913; x_wconf 75' lang='lat' dir='ltr'><strong>despexerat.</strong></span> <span class='ocrx_word' id='word_1_48' title='bbox 768 844 901 899; x_wconf 87' lang='lat' dir='ltr'><strong>Nam</strong></span> <span class='ocrx_word' id='word_1_49' title='bbox 929 861 1051 899; x_wconf 92' lang='lat' dir='ltr'><strong>cum</strong></span> <span class='ocrx_word' id='word_1_50' title='bbox 1084 861 1173 900; x_wconf 89' lang='lat' dir='ltr'><strong>rex</strong></span> <span class='ocrx_word' id='word_1_51' title='bbox 1198 844 1574 902; x_wconf 78' lang='lat' dir='ltr'><strong>Childebertus</strong></span> <span class='ocrx_word' id='word_1_52' title='bbox 1603 853 1749 899; x_wconf 57' lang='lat' dir='ltr'><strong>esset</strong></span> <span class='ocrx_word' id='word_1_53' title='bbox 1773 844 1974 913; x_wconf 91' lang='lat' dir='ltr'><strong>junior,</strong></span> 
     </span>
    </p>
   </div>
   <div class='ocr_carea' id='block_1_9' title="bbox 391 938 2008 1013">
    <p class='ocr_par' dir='ltr' id='par_1_9' title="bbox 391 938 2008 1013">
     <span class='ocr_line' id='line_1_9' title="bbox 391 938 2008 1013; baseline 0 -22"><span class='ocrx_word' id='word_1_54' title='bbox 391 938 787 994; x_wconf 83' lang='lat' dir='ltr'><strong>Brunicliildem</strong></span> <span class='ocrx_word' id='word_1_55' title='bbox 819 940 1055 1009; x_wconf 83' lang='lat' dir='ltr'><strong>reginam</strong></span> <span class='ocrx_word' id='word_1_56' title='bbox 1078 954 1221 1007; x_wconf 77' lang='lat' dir='ltr'><strong>sa-pe</strong></span> <span class='ocrx_word' id='word_1_57' title='bbox 1244 938 1502 993; x_wconf 88' lang='lat' dir='ltr'><strong>conviciis</strong></span> <span class='ocrx_word' id='word_1_58' title='bbox 1529 949 1688 1007; x_wconf 86' lang='lat' dir='ltr'><strong>atque</strong></span> <span class='ocrx_word' id='word_1_59' title='bbox 1711 938 1978 1003; x_wconf 87' lang='lat' dir='ltr'><strong>imprope-</strong></span> <span class='ocrx_word' id='word_1_60' title='bbox 2002 1006 2008 1013; x_wconf 21' lang='grc' dir='ltr'>δ</span> 
     </span>
    </p>
   </div>
   <div class='ocr_carea' id='block_1_10' title="bbox 387 1027 1977 1099">
    <p class='ocr_par' dir='ltr' id='par_1_10' title="bbox 387 1027 1977 1099">
     <span class='ocr_line' id='line_1_10' title="bbox 387 1027 1977 1099; baseline -0.003 -16"><span class='ocrx_word' id='word_1_61' title='bbox 387 1029 485 1085; x_wconf 80' lang='lat' dir='ltr'><strong>riis</strong></span> <span class='ocrx_word' id='word_1_62' title='bbox 515 1030 818 1094; x_wconf 87' lang='lat' dir='ltr'><strong>Iacessibat,</strong></span> <span class='ocrx_word' id='word_1_63' title='bbox 845 1034 940 1085; x_wconf 89' lang='lat' dir='ltr'><strong>sed</strong></span> <span class='ocrx_word' id='word_1_64' title='bbox 987 1039 1042 1084; x_wconf 91' lang='lat' dir='ltr'><strong>et</strong></span> <span class='ocrx_word' id='word_1_65' title='bbox 1065 1029 1275 1099; x_wconf 91' lang='lat' dir='ltr'><strong>injuriis</strong></span> <span class='ocrx_word' id='word_1_66' title='bbox 1298 1045 1417 1098; x_wconf 65' lang='lat' dir='ltr'><strong>quae</strong></span> <span class='ocrx_word' id='word_1_67' title='bbox 1444 1029 1493 1083; x_wconf 90' lang='lat' dir='ltr'><strong>ei</strong></span> <span class='ocrx_word' id='word_1_68' title='bbox 1520 1029 1589 1082; x_wconf 89' lang='lat' dir='ltr'><strong>ab</strong></span> <span class='ocrx_word' id='word_1_69' title='bbox 1610 1027 1852 1082; x_wconf 75' lang='lat' dir='ltr'><strong>adversis</strong></span> <span class='ocrx_word' id='word_1_70' title='bbox 1895 1027 1977 1079; x_wconf 85' lang='lat' dir='ltr'><strong>itt-</strong></span> 
     </span>
    </p>
   </div>
   <div class='ocr_carea' id='block_1_11' title="bbox 390 1118 1976 1183">
    <p class='ocr_par' dir='ltr' id='par_1_11' title="bbox 390 1118 1976 1183">
     <span class='ocr_line' id='line_1_11' title="bbox 390 1118 1976 1183; baseline -0.001 -10"><span class='ocrx_word' id='word_1_71' title='bbox 390 1120 719 1183; x_wconf 79' lang='lat' dir='ltr'><strong>ferebantur,</strong></span> <span class='ocrx_word' id='word_1_72' title='bbox 747 1118 924 1175; x_wconf 84' lang='lat' dir='ltr'><strong>fautor</strong></span> <span class='ocrx_word' id='word_1_73' title='bbox 961 1123 1259 1176; x_wconf 78' lang='lat' dir='ltr'><strong>exstiterat.</strong></span> <span class='ocrx_word' id='word_1_74' title='bbox 1293 1121 1398 1177; x_wconf 87' lang='lat' dir='ltr'><strong>Sed</strong></span> <span class='ocrx_word' id='word_1_75' title='bbox 1420 1132 1475 1175; x_wconf 93' lang='lat' dir='ltr'><strong>et</strong></span> <span class='ocrx_word' id='word_1_76' title='bbox 1497 1136 1588 1175; x_wconf 88' lang='lat' dir='ltr'><strong>rex</strong></span> <span class='ocrx_word' id='word_1_77' title='bbox 1615 1119 1681 1174; x_wconf 91' lang='lat' dir='ltr'><strong>ad</strong></span> <span class='ocrx_word' id='word_1_78' title='bbox 1713 1120 1976 1173; x_wconf 88' lang='lat' dir='ltr'><strong>ulciscen-</strong></span> 
     </span>
    </p>
   </div>
   <div class='ocr_carea' id='block_1_12' title="bbox 389 1211 1979 1283">
    <p class='ocr_par' dir='ltr' id='par_1_12' title="bbox 389 1211 1979 1283">
     <span class='ocr_line' id='line_1_12' title="bbox 389 1211 1979 1283; baseline 0.002 -19"><span class='ocrx_word' id='word_1_79' title='bbox 389 1212 511 1265; x_wconf 87' lang='lat' dir='ltr'><strong>dam</strong></span> <span class='ocrx_word' id='word_1_80' title='bbox 543 1211 792 1281; x_wconf 86' lang='lat' dir='ltr'><strong>injuriam</strong></span> <span class='ocrx_word' id='word_1_81' title='bbox 819 1213 1096 1282; x_wconf 79' lang='lat' dir='ltr'><strong>genitricis</strong></span> <span class='ocrx_word' id='word_1_82' title='bbox 1129 1255 1142 1275; x_wconf 89' lang='lat'><strong>,</strong></span> <span class='ocrx_word' id='word_1_83' title='bbox 1169 1212 1327 1283; x_wconf 78' lang='lat' dir='ltr'><strong>jussit</strong></span> <span class='ocrx_word' id='word_1_84' title='bbox 1370 1228 1490 1267; x_wconf 92' lang='lat' dir='ltr'><strong>eum</strong></span> <span class='ocrx_word' id='word_1_85' title='bbox 1522 1212 1786 1282; x_wconf 86' lang='lat' dir='ltr'><strong>persequi.</strong></span> <span class='ocrx_word' id='word_1_86' title='bbox 1817 1221 1979 1280; x_wconf 89' lang='lat' dir='ltr'><strong>atque</strong></span> 
     </span>
    </p>
   </div>
   <div class='ocr_carea' id='block_1_13' title="bbox 390 1301 1979 1371">
    <p class='ocr_par' dir='ltr' id='par_1_13' title="bbox 390 1301 1979 1371">
     <span class='ocr_line' id='line_1_13' title="bbox 390 1301 1979 1371; baseline -0.001 -16"><span class='ocrx_word' id='word_1_87' title='bbox 390 1301 616 1357; x_wconf 84' lang='lat' dir='ltr'><strong>interfici</strong></span> <span class='ocrx_word' id='word_1_88' title='bbox 649 1318 665 1357; x_wconf 89' lang='lat'><strong>:</strong></span> <span class='ocrx_word' id='word_1_89' title='bbox 700 1302 787 1358; x_wconf 89' lang='lat' dir='ltr'><strong>ille</strong></span> <span class='ocrx_word' id='word_1_90' title='bbox 815 1318 942 1357; x_wconf 91' lang='lat' dir='ltr'><strong>vero</strong></span> <span class='ocrx_word' id='word_1_91' title='bbox 980 1317 1100 1357; x_wconf 90' lang='lat' dir='ltr'><strong>cum</strong></span> <span class='ocrx_word' id='word_1_92' title='bbox 1126 1318 1185 1358; x_wconf 88' lang='lat' dir='ltr'><strong>se</strong></span> <span class='ocrx_word' id='word_1_93' title='bbox 1224 1312 1475 1357; x_wconf 87' lang='lat' dir='ltr'><strong>cerneret</strong></span> <span class='ocrx_word' id='word_1_94' title='bbox 1524 1302 1754 1371; x_wconf 90' lang='lat' dir='ltr'><strong>positum</strong></span> <span class='ocrx_word' id='word_1_95' title='bbox 1785 1301 1837 1357; x_wconf 91' lang='lat' dir='ltr'><strong>in</strong></span> <span class='ocrx_word' id='word_1_96' title='bbox 1868 1302 1979 1354; x_wconf 92' lang='lat' dir='ltr'><strong>dis-</strong></span> 
     </span>
    </p>
   </div>
   <div class='ocr_carea' id='block_1_14' title="bbox 387 1393 1977 1463">
    <p class='ocr_par' dir='ltr' id='par_1_14' title="bbox 387 1393 1977 1463">
     <span class='ocr_line' id='line_1_14' title="bbox 387 1393 1977 1463; baseline -0.001 -15"><span class='ocrx_word' id='word_1_97' title='bbox 387 1394 644 1460; x_wconf 88' lang='lat' dir='ltr'><strong>crimine,</strong></span> <span class='ocrx_word' id='word_1_98' title='bbox 689 1393 1103 1449; x_wconf 79' lang='lat' dir='ltr'><strong>Viridunensem</strong></span> <span class='ocrx_word' id='word_1_99' title='bbox 1139 1394 1418 1448; x_wconf 85' lang='lat' dir='ltr'><strong>ecclesiam</strong></span> <span class='ocrx_word' id='word_1_100' title='bbox 1474 1393 1658 1463; x_wconf 88' lang='lat' dir='ltr'><strong>petiit,</strong></span> <span class='ocrx_word' id='word_1_101' title='bbox 1692 1408 1786 1463; x_wconf 86' lang='lat' dir='ltr'><strong>per</strong></span> <span class='ocrx_word' id='word_1_102' title='bbox 1836 1394 1977 1461; x_wconf 81' lang='lat' dir='ltr'><strong>Age-</strong></span> 
     </span>
    </p>
   </div>
   <div class='ocr_carea' id='block_1_15' title="bbox 390 1483 1975 1554">
    <p class='ocr_par' dir='ltr' id='par_1_15' title="bbox 390 1483 1975 1554">
     <span class='ocr_line' id='line_1_15' title="bbox 390 1483 1975 1554; baseline -0.001 -16"><span class='ocrx_word' id='word_1_103' title='bbox 390 1485 560 1539; x_wconf 90' lang='lat' dir='ltr'><strong>ricum</strong></span> <span class='ocrx_word' id='word_1_104' title='bbox 606 1500 825 1554; x_wconf 88' lang='lat' dir='ltr'><strong>prorsus</strong></span> <span class='ocrx_word' id='word_1_105' title='bbox 863 1486 1204 1554; x_wconf 82' lang='lat' dir='ltr'><strong>episcopum,</strong></span> <span class='ocrx_word' id='word_1_106' title='bbox 1236 1485 1325 1553; x_wconf 89' lang='lat' dir='ltr'><strong>qui</strong></span> <span class='ocrx_word' id='word_1_107' title='bbox 1366 1493 1482 1538; x_wconf 89' lang='lat' dir='ltr'><strong>erat</strong></span> <span class='ocrx_word' id='word_1_108' title='bbox 1526 1483 1667 1552; x_wconf 86' lang='lat' dir='ltr'><strong>regis</strong></span> <span class='ocrx_word' id='word_1_109' title='bbox 1711 1491 1865 1550; x_wconf 91' lang='lat' dir='ltr'><strong>pater</strong></span> <span class='ocrx_word' id='word_1_110' title='bbox 1908 1498 1975 1537; x_wconf 89' lang='lat' dir='ltr'><strong>ex</strong></span> 
     </span>
    </p>
   </div>
   <div class='ocr_carea' id='block_1_16' title="bbox 395 1573 1973 1646">
    <p class='ocr_par' dir='ltr' id='par_1_16' title="bbox 395 1573 1973 1646">
     <span class='ocr_line' id='line_1_16' title="bbox 395 1573 1973 1646; baseline -0.002 -15"><span class='ocrx_word' id='word_1_111' title='bbox 395 1576 630 1643; x_wconf 88' lang='lat' dir='ltr'><strong>lavacro,</strong></span> <span class='ocrx_word' id='word_1_112' title='bbox 663 1576 872 1630; x_wconf 82' lang='lat' dir='ltr'><strong>veniam</strong></span> <span class='ocrx_word' id='word_1_113' title='bbox 899 1579 1187 1646; x_wconf 84' lang='lat' dir='ltr'><strong>impetrare</strong></span> <span class='ocrx_word' id='word_1_114' title='bbox 1216 1575 1513 1631; x_wconf 80' lang='lat' dir='ltr'><strong>conﬁdens.</strong></span> <span class='ocrx_word' id='word_1_115' title='bbox 1537 1576 1688 1631; x_wconf 85' lang='lat' dir='ltr'><strong>‘l‘unc</strong></span> <span class='ocrx_word' id='word_1_116' title='bbox 1734 1573 1973 1641; x_wconf 81' lang='lat' dir='ltr'><strong>pontifex</strong></span> 
     </span>
    </p>
   </div>
   <div class='ocr_carea' id='block_1_17' title="bbox 395 1665 1972 1738">
    <p class='ocr_par' dir='ltr' id='par_1_17' title="bbox 395 1665 1972 1738">
     <span class='ocr_line' id='line_1_17' title="bbox 395 1665 1972 1738; baseline -0.001 -16"><span class='ocrx_word' id='word_1_117' title='bbox 395 1666 462 1722; x_wconf 89' lang='lat' dir='ltr'><strong>ad</strong></span> <span class='ocrx_word' id='word_1_118' title='bbox 486 1682 665 1736; x_wconf 91' lang='lat' dir='ltr'><strong>regem</strong></span> <span class='ocrx_word' id='word_1_119' title='bbox 692 1676 966 1736; x_wconf 89' lang='lat' dir='ltr'><strong>pr0perat,</strong></span> <span class='ocrx_word' id='word_1_120' title='bbox 998 1668 1424 1738; x_wconf 85' lang='lat' dir='ltr'><strong>deprecaturque</strong></span> <span class='ocrx_word' id='word_1_121' title='bbox 1467 1681 1563 1736; x_wconf 91' lang='lat' dir='ltr'><strong>pro</strong></span> <span class='ocrx_word' id='word_1_122' title='bbox 1606 1682 1674 1722; x_wconf 90' lang='lat' dir='ltr'><strong>eo</strong></span> <span class='ocrx_word' id='word_1_123' title='bbox 1698 1685 1711 1720; x_wconf 89' lang='lat'>:</span> <span class='ocrx_word' id='word_1_124' title='bbox 1735 1667 1820 1722; x_wconf 93' lang='lat' dir='ltr'><strong>cui</strong></span> <span class='ocrx_word' id='word_1_125' title='bbox 1861 1665 1972 1720; x_wconf 82' lang='lat' dir='ltr'><strong>Rex</strong></span> 
     </span>
    </p>
   </div>
   <div class='ocr_carea' id='block_1_18' title="bbox 2077 473 3607 545">
    <p class='ocr_par' dir='ltr' id='par_1_18' title="bbox 2077 473 3607 545">
     <span class='ocr_line' id='line_1_18' title="bbox 2077 473 3607 545; baseline 0.004 -15"><span class='ocrx_word' id='word_1_126' title='bbox 2077 489 2202 530; x_wconf 85' lang='lat' dir='ltr'><strong>eum</strong></span> <span class='ocrx_word' id='word_1_127' title='bbox 2238 489 2334 529; x_wconf 89' lang='lat' dir='ltr'><strong>rex</strong></span> <span class='ocrx_word' id='word_1_128' title='bbox 2364 488 2463 529; x_wconf 85' lang='lat' dir='ltr'><strong>suo</strong></span> <span class='ocrx_word' id='word_1_129' title='bbox 2484 473 2740 545; x_wconf 86' lang='lat' dir='ltr'><strong>jussisset</strong></span> <span class='ocrx_word' id='word_1_130' title='bbox 2773 482 2953 527; x_wconf 88' lang='lat' dir='ltr'><strong>astare</strong></span> <span class='ocrx_word' id='word_1_131' title='bbox 2978 474 3311 541; x_wconf 88' lang='lat' dir='ltr'><strong>conspectui,</strong></span> <span class='ocrx_word' id='word_1_132' title='bbox 3338 475 3462 531; x_wconf 88' lang='lat' dir='ltr'><strong>datis</strong></span> <span class='ocrx_word' id='word_1_133' title='bbox 3487 479 3607 536; x_wconf 83' lang='lat' dir='ltr'><strong>litte-</strong></span> 
     </span>
    </p>
   </div>
   <div class='ocr_carea' id='block_1_19' title="bbox 2078 564 3609 642">
    <p class='ocr_par' dir='ltr' id='par_1_19' title="bbox 2078 564 3609 642">
     <span class='ocr_line' id='line_1_19' title="bbox 2078 564 3609 642; baseline 0.004 -21"><span class='ocrx_word' id='word_1_134' title='bbox 2078 565 2173 631; x_wconf 87' lang='lat' dir='ltr'><strong>ris,</strong></span> <span class='ocrx_word' id='word_1_135' title='bbox 2206 574 2261 620; x_wconf 90' lang='lat' dir='ltr'><strong>et</strong></span> <span class='ocrx_word' id='word_1_136' title='bbox 2287 565 2469 635; x_wconf 85' lang='lat' dir='ltr'><strong>pueris</strong></span> <span class='ocrx_word' id='word_1_137' title='bbox 2496 564 2780 620; x_wconf 86' lang='lat' dir='ltr'><strong>destinatis</strong></span> <span class='ocrx_word' id='word_1_138' title='bbox 2807 579 2929 619; x_wconf 89' lang='lat' dir='ltr'><strong>cum</strong></span> <span class='ocrx_word' id='word_1_139' title='bbox 2958 574 3230 620; x_wconf 79' lang='lat' dir='ltr'><strong>evectione</strong></span> <span class='ocrx_word' id='word_1_140' title='bbox 3250 568 3442 635; x_wconf 90' lang='lat' dir='ltr'><strong>publica</strong></span> <span class='ocrx_word' id='word_1_141' title='bbox 3462 570 3509 640; x_wconf 68' lang='grc' dir='ltr'><strong>ἀ,</strong></span> <span class='ocrx_word' id='word_1_142' title='bbox 3531 574 3609 642; x_wconf 92' lang='lat' dir='ltr'><strong>qui</strong></span> 
     </span>
    </p>
   </div>
   <div class='ocr_carea' id='block_1_20' title="bbox 2077 655 3609 728">
    <p class='ocr_par' dir='ltr' id='par_1_20' title="bbox 2077 655 3609 728">
     <span class='ocr_line' id='line_1_20' title="bbox 2077 655 3609 728; baseline 0.003 -17"><span class='ocrx_word' id='word_1_143' title='bbox 2077 669 2165 711; x_wconf 85' lang='lat' dir='ltr'><strong>res</strong></span> <span class='ocrx_word' id='word_1_144' title='bbox 2188 656 2306 724; x_wconf 88' lang='lat' dir='ltr'><strong>ejus</strong></span> <span class='ocrx_word' id='word_1_145' title='bbox 2335 671 2430 725; x_wconf 90' lang='lat' dir='ltr'><strong>per</strong></span> <span class='ocrx_word' id='word_1_146' title='bbox 2452 657 2566 710; x_wconf 90' lang='lat' dir='ltr'><strong>loca</strong></span> <span class='ocrx_word' id='word_1_147' title='bbox 2590 657 2799 726; x_wconf 81' lang='lat' dir='ltr'><strong>singula</strong></span> <span class='ocrx_word' id='word_1_148' title='bbox 2840 655 3100 711; x_wconf 79' lang='lat' dir='ltr'><strong>deberent</strong></span> <span class='ocrx_word' id='word_1_149' title='bbox 3117 671 3319 725; x_wconf 87' lang='lat' dir='ltr'><strong>capere,</strong></span> <span class='ocrx_word' id='word_1_150' title='bbox 3341 658 3484 728; x_wconf 89' lang='lat' dir='ltr'><strong>jussit</strong></span> <span class='ocrx_word' id='word_1_151' title='bbox 3504 678 3609 717; x_wconf 88' lang='lat' dir='ltr'><strong>eum</strong></span> 
     </span>
    </p>
   </div>
   <div class='ocr_carea' id='block_1_21' title="bbox 2078 748 3700 816">
    <p class='ocr_par' dir='ltr' id='par_1_21' title="bbox 2078 748 3700 816">
     <span class='ocr_line' id='line_1_21' title="bbox 2078 748 3700 816; baseline 0.004 -12"><span class='ocrx_word' id='word_1_152' title='bbox 2078 749 2132 804; x_wconf 91' lang='lat' dir='ltr'><strong>in</strong></span> <span class='ocrx_word' id='word_1_153' title='bbox 2161 749 2465 804; x_wconf 90' lang='lat' dir='ltr'><strong>cubiculum</strong></span> <span class='ocrx_word' id='word_1_154' title='bbox 2514 748 2833 814; x_wconf 88' lang='lat' dir='ltr'><strong>intromitti;</strong></span> <span class='ocrx_word' id='word_1_155' title='bbox 2877 748 3190 816; x_wconf 88' lang='lat' dir='ltr'><strong>locutusquc</strong></span> <span class='ocrx_word' id='word_1_156' title='bbox 3214 763 3329 805; x_wconf 91' lang='lat' dir='ltr'><strong>cum</strong></span> <span class='ocrx_word' id='word_1_157' title='bbox 3352 766 3414 807; x_wconf 93' lang='lat' dir='ltr'><strong>eo</strong></span> <span class='ocrx_word' id='word_1_158' title='bbox 3448 753 3535 808; x_wconf 74' lang='lat' dir='ltr'><strong>alia</strong></span> <span class='ocrx_word' id='word_1_159' title='bbox 3558 772 3615 810; x_wconf 86' lang='lat' dir='ltr'><strong>ex</strong></span> <span class='ocrx_word' id='word_1_160' title='bbox 3672 760 3700 811; x_wconf 65' lang='grc' dir='ltr'><strong>ἢ</strong></span> 
     </span>
    </p>
   </div>
   <div class='ocr_carea' id='block_1_22' title="bbox 2077 841 3615 916">
    <p class='ocr_par' dir='ltr' id='par_1_22' title="bbox 2077 841 3615 916">
     <span class='ocr_line' id='line_1_22' title="bbox 2077 841 3615 916; baseline 0.006 -23"><span class='ocrx_word' id='word_1_161' title='bbox 2077 841 2220 906; x_wconf 86' lang='lat' dir='ltr'><strong>aliis,</strong></span> <span class='ocrx_word' id='word_1_162' title='bbox 2247 844 2428 910; x_wconf 81' lang='lat' dir='ltr'><strong>egredi</strong></span> <span class='ocrx_word' id='word_1_163' title='bbox 2453 854 2645 896; x_wconf 82' lang='lat' dir='ltr'><strong>iterum</strong></span> <span class='ocrx_word' id='word_1_164' title='bbox 2672 843 2738 895; x_wconf 91' lang='lat' dir='ltr'><strong>de</strong></span> <span class='ocrx_word' id='word_1_165' title='bbox 2766 842 3017 896; x_wconf 89' lang='lat' dir='ltr'><strong>cubiculo</strong></span> <span class='ocrx_word' id='word_1_166' title='bbox 3038 843 3205 909; x_wconf 88' lang='lat' dir='ltr'><strong>jubet.</strong></span> <span class='ocrx_word' id='word_1_167' title='bbox 3229 842 3452 915; x_wconf 83' lang='lat' dir='ltr'><strong>Cumque</strong></span> <span class='ocrx_word' id='word_1_168' title='bbox 3477 862 3615 916; x_wconf 83' lang='lat' dir='ltr'><strong>egre-</strong></span> 
     </span>
    </p>
   </div>
   <div class='ocr_carea' id='block_1_23' title="bbox 2078 932 3619 1003">
    <p class='ocr_par' dir='ltr' id='par_1_23' title="bbox 2078 932 3619 1003">
     <span class='ocr_line' id='line_1_23' title="bbox 2078 932 3619 1003; baseline 0.005 -16"><span class='ocrx_word' id='word_1_169' title='bbox 2078 932 2315 995; x_wconf 88' lang='lat' dir='ltr'><strong>deretur,</strong></span> <span class='ocrx_word' id='word_1_170' title='bbox 2356 948 2385 985; x_wconf 93' lang='lat' dir='ltr'><strong>a</strong></span> <span class='ocrx_word' id='word_1_171' title='bbox 2415 934 2625 987; x_wconf 90' lang='lat' dir='ltr'><strong>duohus</strong></span> <span class='ocrx_word' id='word_1_172' title='bbox 2648 932 2884 987; x_wconf 88' lang='lat' dir='ltr'><strong>ostiariis</strong></span> <span class='ocrx_word' id='word_1_173' title='bbox 2917 933 3141 1001; x_wconf 78' lang='lat' dir='ltr'><strong>ped;bus</strong></span> <span class='ocrx_word' id='word_1_174' title='bbox 3166 949 3224 988; x_wconf 64' lang='lat' dir='ltr'><strong>aa</strong></span> <span class='ocrx_word' id='word_1_175' title='bbox 3237 935 3510 1003; x_wconf 88' lang='lat' dir='ltr'><strong>prehensus</strong></span> <span class='ocrx_word' id='word_1_176' title='bbox 3528 940 3619 994; x_wconf 89' lang='lat' dir='ltr'><strong>ruit</strong></span> 
     </span>
    </p>
   </div>
   <div class='ocr_carea' id='block_1_24' title="bbox 2078 1022 3619 1094">
    <p class='ocr_par' dir='ltr' id='par_1_24' title="bbox 2078 1022 3619 1094">
     <span class='ocr_line' id='line_1_24' title="bbox 2078 1022 3619 1094; baseline 0.005 -18"><span class='ocrx_word' id='word_1_177' title='bbox 2078 1022 2131 1076; x_wconf 92' lang='lat' dir='ltr'><strong>in</strong></span> <span class='ocrx_word' id='word_1_178' title='bbox 2161 1022 2413 1091; x_wconf 76' lang='lat' dir='ltr'><strong>gradibus</strong></span> <span class='ocrx_word' id='word_1_179' title='bbox 2433 1022 2555 1077; x_wconf 89' lang='lat' dir='ltr'><strong>ostii</strong></span> <span class='ocrx_word' id='word_1_180' title='bbox 2581 1064 2596 1088; x_wconf 93' lang='lat'><strong>,</strong></span> <span class='ocrx_word' id='word_1_181' title='bbox 2637 1022 2711 1077; x_wconf 88' lang='lat' dir='ltr'><strong>ita</strong></span> <span class='ocrx_word' id='word_1_182' title='bbox 2751 1032 2812 1077; x_wconf 92' lang='lat' dir='ltr'><strong>ut</strong></span> <span class='ocrx_word' id='word_1_183' title='bbox 2842 1039 2963 1092; x_wconf 88' lang='lat' dir='ltr'><strong>pars</strong></span> <span class='ocrx_word' id='word_1_184' title='bbox 2991 1026 3233 1093; x_wconf 87' lang='lat' dir='ltr'><strong>corporis</strong></span> <span class='ocrx_word' id='word_1_185' title='bbox 3261 1025 3371 1094; x_wconf 73' lang='lat' dir='ltr'><strong>ejus</strong></span> <span class='ocrx_word' id='word_1_186' title='bbox 3394 1041 3523 1083; x_wconf 85' lang='lat' dir='ltr'><strong>esset</strong></span> <span class='ocrx_word' id='word_1_187' title='bbox 3549 1032 3619 1083; x_wconf 85' lang='lat' dir='ltr'><strong>iu-</strong></span> 
     </span>
    </p>
   </div>
   <div class='ocr_carea' id='block_1_25' title="bbox 2081 1114 3622 1183">
    <p class='ocr_par' dir='ltr' id='par_1_25' title="bbox 2081 1114 3622 1183">
     <span class='ocr_line' id='line_1_25' title="bbox 2081 1114 3622 1183; baseline 0.005 -16"><span class='ocrx_word' id='word_1_188' title='bbox 2081 1114 2364 1179; x_wconf 81' lang='lat' dir='ltr'><strong>trinsecus,</strong></span> <span class='ocrx_word' id='word_1_189' title='bbox 2404 1128 2525 1180; x_wconf 78' lang='lat' dir='ltr'><strong>pars</strong></span> <span class='ocrx_word' id='word_1_190' title='bbox 2555 1130 2681 1169; x_wconf 88' lang='lat' dir='ltr'><strong>vero</strong></span> <span class='ocrx_word' id='word_1_191' title='bbox 2711 1116 3050 1183; x_wconf 77' lang='lat' dir='ltr'><strong>extrinsecus</strong></span> <span class='ocrx_word' id='word_1_192' title='bbox 3074 1116 3460 1171; x_wconf 88' lang='lat' dir='ltr'><strong>extenderetur.</strong></span> <span class='ocrx_word' id='word_1_193' title='bbox 3492 1119 3622 1174; x_wconf 83' lang='lat' dir='ltr'><strong>Tunc</strong></span> 
     </span>
    </p>
   </div>
   <div class='ocr_carea' id='block_1_26' title="bbox 2080 1208 3622 1283">
    <p class='ocr_par' dir='ltr' id='par_1_26' title="bbox 2080 1208 3622 1283">
     <span class='ocr_line' id='line_1_26' title="bbox 2080 1208 3622 1283; baseline 0.002 -20"><span class='ocrx_word' id='word_1_194' title='bbox 2080 1208 2115 1263; x_wconf 89' lang='lat' dir='ltr'><strong>ii</strong></span> <span class='ocrx_word' id='word_1_195' title='bbox 2143 1209 2233 1277; x_wconf 86' lang='lat' dir='ltr'><strong>qui</strong></span> <span class='ocrx_word' id='word_1_196' title='bbox 2257 1208 2395 1278; x_wconf 66' lang='lat' dir='ltr'><strong>jus.~i</strong></span> <span class='ocrx_word' id='word_1_197' title='bbox 2425 1210 2492 1263; x_wconf 91' lang='lat' dir='ltr'><strong>ad</strong></span> <span class='ocrx_word' id='word_1_198' title='bbox 2526 1209 2639 1263; x_wconf 57' lang='lat' dir='ltr'><strong>haec</strong></span> <span class='ocrx_word' id='word_1_199' title='bbox 2674 1209 2938 1279; x_wconf 85' lang='lat' dir='ltr'><strong>explenda</strong></span> <span class='ocrx_word' id='word_1_200' title='bbox 2982 1210 3150 1278; x_wconf 88' lang='lat' dir='ltr'><strong>parati</strong></span> <span class='ocrx_word' id='word_1_201' title='bbox 3187 1220 3352 1275; x_wconf 89' lang='lat' dir='ltr'><strong>erant,</strong></span> <span class='ocrx_word' id='word_1_202' title='bbox 3384 1226 3495 1265; x_wconf 91' lang='lat' dir='ltr'><strong>cum</strong></span> <span class='ocrx_word' id='word_1_203' title='bbox 3528 1213 3622 1283; x_wconf 85' lang='lat' dir='ltr'><strong>gla-</strong></span> 
     </span>
    </p>
   </div>
   <div class='ocr_carea' id='block_1_27' title="bbox 2077 1301 3623 1372">
    <p class='ocr_par' dir='ltr' id='par_1_27' title="bbox 2077 1301 3623 1372">
     <span class='ocr_line' id='line_1_27' title="bbox 2077 1301 3623 1372; baseline 0.001 -16"><span class='ocrx_word' id='word_1_204' title='bbox 2077 1301 2183 1357; x_wconf 86' lang='lat' dir='ltr'><strong>diis</strong></span> <span class='ocrx_word' id='word_1_205' title='bbox 2224 1317 2387 1372; x_wconf 88' lang='lat' dir='ltr'><strong>super</strong></span> <span class='ocrx_word' id='word_1_206' title='bbox 2430 1319 2553 1357; x_wconf 90' lang='lat' dir='ltr'><strong>eum</strong></span> <span class='ocrx_word' id='word_1_207' title='bbox 2596 1312 2779 1367; x_wconf 90' lang='lat' dir='ltr'><strong>ruunt,</strong></span> <span class='ocrx_word' id='word_1_208' title='bbox 2830 1313 2991 1372; x_wconf 91' lang='lat' dir='ltr'><strong>atque</strong></span> <span class='ocrx_word' id='word_1_209' title='bbox 3040 1311 3110 1356; x_wconf 82' lang='lat' dir='ltr'><strong>tta</strong></span> <span class='ocrx_word' id='word_1_210' title='bbox 3154 1302 3437 1356; x_wconf 84' lang='lat' dir='ltr'><strong>minutatim</strong></span> <span class='ocrx_word' id='word_1_211' title='bbox 3483 1312 3623 1368; x_wconf 76' lang='lat' dir='ltr'><strong>caput</strong></span> 
     </span>
    </p>
   </div>
   <div class='ocr_carea' id='block_1_28' title="bbox 2078 1393 3622 1465">
    <p class='ocr_par' dir='ltr' id='par_1_28' title="bbox 2078 1393 3622 1465">
     <span class='ocr_line' id='line_1_28' title="bbox 2078 1393 3622 1465; baseline 0 -17"><span class='ocrx_word' id='word_1_212' title='bbox 2078 1393 2198 1465; x_wconf 87' lang='lat' dir='ltr'><strong>ejus</strong></span> <span class='ocrx_word' id='word_1_213' title='bbox 2228 1395 2569 1459; x_wconf 90' lang='lat' dir='ltr'><strong>colliserunt,</strong></span> <span class='ocrx_word' id='word_1_214' title='bbox 2600 1402 2660 1448; x_wconf 97' lang='grc' dir='ltr'><strong>ιιι</strong></span> <span class='ocrx_word' id='word_1_215' title='bbox 2683 1395 2862 1449; x_wconf 89' lang='lat' dir='ltr'><strong>simile</strong></span> <span class='ocrx_word' id='word_1_216' title='bbox 2891 1403 3057 1447; x_wconf 89' lang='lat' dir='ltr'><strong>totum</strong></span> <span class='ocrx_word' id='word_1_217' title='bbox 3090 1394 3308 1448; x_wconf 89' lang='lat' dir='ltr'><strong>cerebro</strong></span> <span class='ocrx_word' id='word_1_218' title='bbox 3339 1404 3622 1463; x_wconf 89' lang='lat' dir='ltr'><strong>putaretur:</strong></span> 
     </span>
    </p>
   </div>
   <div class='ocr_carea' id='block_1_29' title="bbox 2079 1485 3626 1556">
    <p class='ocr_par' dir='ltr' id='par_1_29' title="bbox 2079 1485 3626 1556">
     <span class='ocr_line' id='line_1_29' title="bbox 2079 1485 3626 1556; baseline 0 -16"><span class='ocrx_word' id='word_1_219' title='bbox 2079 1485 2366 1556; x_wconf 90' lang='lat' dir='ltr'><strong>statimque</strong></span> <span class='ocrx_word' id='word_1_220' title='bbox 2402 1495 2645 1540; x_wconf 88' lang='lat' dir='ltr'><strong>mortuus</strong></span> <span class='ocrx_word' id='word_1_221' title='bbox 2669 1495 2771 1541; x_wconf 67' lang='lat' dir='ltr'><strong>est.</strong></span> <span class='ocrx_word' id='word_1_222' title='bbox 2820 1485 2970 1540; x_wconf 89' lang='lat' dir='ltr'><strong>Tunc</strong></span> <span class='ocrx_word' id='word_1_223' title='bbox 3005 1485 3335 1552; x_wconf 83' lang='lat' dir='ltr'><strong>denudatus,</strong></span> <span class='ocrx_word' id='word_1_224' title='bbox 3365 1493 3418 1540; x_wconf 93' lang='lat' dir='ltr'><strong>et</strong></span> <span class='ocrx_word' id='word_1_225' title='bbox 3451 1500 3539 1554; x_wconf 87' lang='lat' dir='ltr'><strong>per</strong></span> <span class='ocrx_word' id='word_1_226' title='bbox 3561 1486 3626 1540; x_wconf 86' lang='lat' dir='ltr'><strong>fe-</strong></span> 
     </span>
    </p>
   </div>
   <div class='ocr_carea' id='block_1_30' title="bbox 2081 1577 3630 1651">
    <p class='ocr_par' dir='ltr' id='par_1_30' title="bbox 2081 1577 3630 1651">
     <span class='ocr_line' id='line_1_30' title="bbox 2081 1577 3630 1651; baseline -0.002 -18"><span class='ocrx_word' id='word_1_227' title='bbox 2081 1587 2321 1634; x_wconf 88' lang='lat' dir='ltr'><strong>nestram</strong></span> <span class='ocrx_word' id='word_1_228' title='bbox 2350 1577 2591 1651; x_wconf 86' lang='lat' dir='ltr'><strong>ejectus.</strong></span> <span class='ocrx_word' id='word_1_229' title='bbox 2639 1579 2930 1648; x_wconf 67' lang='lat' dir='ltr'><strong>sepultura:</strong></span> <span class='ocrx_word' id='word_1_230' title='bbox 2970 1578 3249 1632; x_wconf 89' lang='lat' dir='ltr'><strong>mandatus</strong></span> <span class='ocrx_word' id='word_1_231' title='bbox 3273 1588 3372 1633; x_wconf 89' lang='lat' dir='ltr'><strong>est.</strong></span> <span class='ocrx_word' id='word_1_232' title='bbox 3405 1578 3519 1631; x_wconf 84' lang='lat' dir='ltr'><strong>Erat</strong></span> <span class='ocrx_word' id='word_1_233' title='bbox 3548 1592 3630 1630; x_wconf 87' lang='lat' dir='ltr'><strong>au-</strong></span> 
     </span>
    </p>
   </div>
   <div class='ocr_carea' id='block_1_31' title="bbox 2083 1670 3631 1740">
    <p class='ocr_par' dir='ltr' id='par_1_31' title="bbox 2083 1670 3631 1740">
     <span class='ocr_line' id='line_1_31' title="bbox 2083 1670 3631 1740; baseline -0.003 -14"><span class='ocrx_word' id='word_1_234' title='bbox 2083 1680 2193 1727; x_wconf 92' lang='lat' dir='ltr'><strong>tem</strong></span> <span class='ocrx_word' id='word_1_235' title='bbox 2226 1672 2360 1727; x_wconf 88' lang='lat' dir='ltr'><strong>levis</strong></span> <span class='ocrx_word' id='word_1_236' title='bbox 2388 1673 2441 1726; x_wconf 92' lang='lat' dir='ltr'><strong>in</strong></span> <span class='ocrx_word' id='word_1_237' title='bbox 2469 1672 2730 1735; x_wconf 89' lang='lat' dir='ltr'><strong>moribus,</strong></span> <span class='ocrx_word' id='word_1_238' title='bbox 2764 1673 2901 1726; x_wconf 89' lang='lat' dir='ltr'><strong>ultra</strong></span> <span class='ocrx_word' id='word_1_239' title='bbox 2934 1670 3222 1725; x_wconf 86' lang='lat' dir='ltr'><strong>humanum</strong></span> <span class='ocrx_word' id='word_1_240' title='bbox 3265 1684 3423 1740; x_wconf 87' lang='lat' dir='ltr'><strong>genus</strong></span> <span class='ocrx_word' id='word_1_241' title='bbox 3449 1670 3631 1737; x_wconf 78' lang='lat' dir='ltr'><strong>cupidi-</strong></span> 
     </span>
    </p>
   </div>
   <div class='ocr_carea' id='block_1_32' title="bbox 387 1750 3633 1831">
    <p class='ocr_par' dir='ltr' id='par_1_32' title="bbox 387 1750 3633 1831">
     <span class='ocr_line' id='line_1_32' title="bbox 387 1750 3633 1831; baseline -0.001 -18"><span class='ocrx_word' id='word_1_242' title='bbox 387 1771 509 1813; x_wconf 88' lang='lat' dir='ltr'><strong>cum</strong></span> <span class='ocrx_word' id='word_1_243' title='bbox 536 1774 729 1827; x_wconf 89' lang='lat' dir='ltr'><strong>negare</strong></span> <span class='ocrx_word' id='word_1_244' title='bbox 753 1759 998 1827; x_wconf 87' lang='lat' dir='ltr'><strong>nequiret</strong></span> <span class='ocrx_word' id='word_1_245' title='bbox 1020 1773 1141 1828; x_wconf 64' lang='lat' dir='ltr'><strong>quae</strong></span> <span class='ocrx_word' id='word_1_246' title='bbox 1172 1758 1406 1826; x_wconf 89' lang='lat' dir='ltr'><strong>petebat,</strong></span> <span class='ocrx_word' id='word_1_247' title='bbox 1437 1758 1547 1825; x_wconf 87' lang='lat' dir='ltr'><strong>ait:</strong></span> <span class='ocrx_word' id='word_1_248' title='bbox 1579 1757 1769 1812; x_wconf 80' lang='lat' dir='ltr'><strong>Veniat</strong></span> <span class='ocrx_word' id='word_1_249' title='bbox 1796 1771 1977 1810; x_wconf 90' lang='lat' dir='ltr'><strong>coram</strong></span> <span class='ocrx_word' id='word_1_250' title='bbox 2013 1750 2061 1811; x_wconf 86' lang='lat' dir='ltr'><strong>B</strong></span> <span class='ocrx_word' id='word_1_251' title='bbox 2091 1764 2185 1816; x_wconf 90' lang='lat' dir='ltr'><strong>tati</strong></span> <span class='ocrx_word' id='word_1_252' title='bbox 2206 1776 2271 1817; x_wconf 87' lang='lat' dir='ltr'><strong>ac</strong></span> <span class='ocrx_word' id='word_1_253' title='bbox 2303 1761 2645 1817; x_wconf 82' lang='lat' dir='ltr'><strong>facultatibus</strong></span> <span class='ocrx_word' id='word_1_254' title='bbox 2674 1762 2887 1817; x_wconf 82' lang='lat' dir='ltr'><strong>inhians</strong></span> <span class='ocrx_word' id='word_1_255' title='bbox 2916 1762 3125 1826; x_wconf 91' lang='lat' dir='ltr'><strong>alienis,</strong></span> <span class='ocrx_word' id='word_1_256' title='bbox 3149 1769 3203 1816; x_wconf 92' lang='lat' dir='ltr'><strong>et</strong></span> <span class='ocrx_word' id='word_1_257' title='bbox 3223 1776 3285 1817; x_wconf 85' lang='lat' dir='ltr'><strong>ex</strong></span> <span class='ocrx_word' id='word_1_258' title='bbox 3308 1760 3431 1831; x_wconf 86' lang='lat' dir='ltr'><strong>ipsis</strong></span> <span class='ocrx_word' id='word_1_259' title='bbox 3454 1760 3633 1814; x_wconf 77' lang='lat' dir='ltr'><strong>divitiTs</strong></span> 
     </span>
    </p>
   </div>
   <div class='ocr_carea' id='block_1_33' title="bbox 390 1846 1974 1918">
    <p class='ocr_par' dir='ltr' id='par_1_33' title="bbox 390 1846 1974 1918">
     <span class='ocr_line' id='line_1_33' title="bbox 390 1846 1974 1918; baseline -0.002 -15"><span class='ocrx_word' id='word_1_260' title='bbox 390 1850 566 1915; x_wconf 87' lang='lat' dir='ltr'><strong>nobis,</strong></span> <span class='ocrx_word' id='word_1_261' title='bbox 594 1860 647 1905; x_wconf 88' lang='lat' dir='ltr'><strong>et</strong></span> <span class='ocrx_word' id='word_1_262' title='bbox 674 1849 814 1903; x_wconf 84' lang='lat' dir='ltr'><strong>datis</strong></span> <span class='ocrx_word' id='word_1_263' title='bbox 861 1847 1265 1917; x_wconf 81' lang='lat' dir='ltr'><strong>ﬁdejussoribus</strong></span> <span class='ocrx_word' id='word_1_264' title='bbox 1313 1848 1365 1903; x_wconf 94' lang='lat' dir='ltr'><strong>in</strong></span> <span class='ocrx_word' id='word_1_265' title='bbox 1418 1848 1702 1918; x_wconf 61' lang='lat' dir='ltr'><strong>praesentia</strong></span> <span class='ocrx_word' id='word_1_266' title='bbox 1746 1848 1917 1917; x_wconf 84' lang='lat' dir='ltr'><strong>patrui</strong></span> <span class='ocrx_word' id='word_1_267' title='bbox 1946 1846 1974 1887; x_wconf 79' lang='grc' dir='ltr'>δ</span> 
     </span>
    </p>
   </div>
   <div class='ocr_carea' id='block_1_34' title="bbox 392 1936 1979 2009">
    <p class='ocr_par' dir='ltr' id='par_1_34' title="bbox 392 1936 1979 2009">
     <span class='ocr_line' id='line_1_34' title="bbox 392 1936 1979 2009; baseline -0.002 -14"><span class='ocrx_word' id='word_1_268' title='bbox 392 1942 519 2005; x_wconf 85' lang='lat' dir='ltr'><strong>mei,</strong></span> <span class='ocrx_word' id='word_1_269' title='bbox 562 1939 819 2009; x_wconf 90' lang='lat' dir='ltr'><strong>uuidqnid</strong></span> <span class='ocrx_word' id='word_1_270' title='bbox 864 1936 1005 1994; x_wconf 91' lang='lat' dir='ltr'><strong>illius</strong></span> <span class='ocrx_word' id='word_1_271' title='bbox 1049 1940 1306 2008; x_wconf 73' lang='lat' dir='ltr'><strong>judicium</strong></span> <span class='ocrx_word' id='word_1_272' title='bbox 1349 1940 1674 2005; x_wconf 82' lang='lat' dir='ltr'><strong>decreverit,</strong></span> <span class='ocrx_word' id='word_1_273' title='bbox 1706 1954 1979 2007; x_wconf 81' lang='lat' dir='ltr'><strong>exsequa-</strong></span> 
     </span>
    </p>
   </div>
   <div class='ocr_carea' id='block_1_35' title="bbox 394 2032 1978 2095">
    <p class='ocr_par' dir='ltr' id='par_1_35' title="bbox 394 2032 1978 2095">
     <span class='ocr_line' id='line_1_35' title="bbox 394 2032 1978 2095; baseline -0.003 -6"><span class='ocrx_word' id='word_1_274' title='bbox 394 2033 709 2089; x_wconf 77' lang='lat' dir='ltr'><strong>mur.&#39;l‘une</strong></span> <span class='ocrx_word' id='word_1_275' title='bbox 729 2034 991 2089; x_wconf 88' lang='lat' dir='ltr'><strong>adductus</strong></span> <span class='ocrx_word' id='word_1_276' title='bbox 1012 2034 1077 2088; x_wconf 89' lang='lat' dir='ltr'><strong>ad</strong></span> <span class='ocrx_word' id='word_1_277' title='bbox 1126 2033 1301 2088; x_wconf 88' lang='lat' dir='ltr'><strong>locum</strong></span> <span class='ocrx_word' id='word_1_278' title='bbox 1346 2032 1433 2087; x_wconf 94' lang='lat' dir='ltr'><strong>ubi</strong></span> <span class='ocrx_word' id='word_1_279' title='bbox 1487 2048 1582 2088; x_wconf 86' lang='lat' dir='ltr'><strong>rex</strong></span> <span class='ocrx_word' id='word_1_280' title='bbox 1641 2033 1978 2095; x_wconf 89' lang='lat' dir='ltr'><strong>morabatur,</strong></span> 
     </span>
    </p>
   </div>
   <div class='ocr_carea' id='block_1_36' title="bbox 394 2124 1980 2195">
    <p class='ocr_par' dir='ltr' id='par_1_36' title="bbox 394 2124 1980 2195">
     <span class='ocr_line' id='line_1_36' title="bbox 394 2124 1980 2195; baseline -0.004 -12"><span class='ocrx_word' id='word_1_281' title='bbox 394 2127 623 2183; x_wconf 85' lang='lat' dir='ltr'><strong>nudatus</strong></span> <span class='ocrx_word' id='word_1_282' title='bbox 647 2126 844 2187; x_wconf 89' lang='lat' dir='ltr'><strong>armis,</strong></span> <span class='ocrx_word' id='word_1_283' title='bbox 870 2139 934 2180; x_wconf 88' lang='lat' dir='ltr'><strong>ac</strong></span> <span class='ocrx_word' id='word_1_284' title='bbox 968 2140 1064 2195; x_wconf 88' lang='lat' dir='ltr'><strong>per</strong></span> <span class='ocrx_word' id='word_1_285' title='bbox 1104 2126 1345 2181; x_wconf 87' lang='lat' dir='ltr'><strong>manicas</strong></span> <span class='ocrx_word' id='word_1_286' title='bbox 1388 2136 1584 2191; x_wconf 87' lang='lat' dir='ltr'><strong>tentus,</strong></span> <span class='ocrx_word' id='word_1_287' title='bbox 1623 2126 1691 2178; x_wconf 89' lang='lat' dir='ltr'><strong>ab</strong></span> <span class='ocrx_word' id='word_1_288' title='bbox 1724 2124 1980 2194; x_wconf 90' lang='lat' dir='ltr'><strong>episcopo</strong></span> 
     </span>
    </p>
   </div>
   <div class='ocr_carea' id='block_1_37' title="bbox 391 2216 1973 2287">
    <p class='ocr_par' dir='ltr' id='par_1_37' title="bbox 391 2216 1973 2287">
     <span class='ocr_line' id='line_1_37' title="bbox 391 2216 1973 2287; baseline -0.001 -15"><span class='ocrx_word' id='word_1_289' title='bbox 391 2226 809 2287; x_wconf 66' lang='lat' dir='ltr'><strong>repraesentetur</strong></span> <span class='ocrx_word' id='word_1_290' title='bbox 838 2218 970 2285; x_wconf 89' lang='lat' dir='ltr'><strong>regi.</strong></span> <span class='ocrx_word' id='word_1_291' title='bbox 1006 2216 1085 2271; x_wconf 82' lang='lat' dir='ltr'><strong>Ad</strong></span> <span class='ocrx_word' id='word_1_292' title='bbox 1127 2216 1278 2286; x_wconf 85' lang='lat' dir='ltr'><strong>cujus</strong></span> <span class='ocrx_word' id='word_1_293' title='bbox 1307 2217 1619 2285; x_wconf 87' lang='lat' dir='ltr'><strong>provolutus</strong></span> <span class='ocrx_word' id='word_1_294' title='bbox 1646 2216 1830 2285; x_wconf 85' lang='lat' dir='ltr'><strong>pedes,</strong></span> <span class='ocrx_word' id='word_1_295' title='bbox 1855 2216 1929 2269; x_wconf 91' lang='lat' dir='ltr'><strong>ait</strong></span> <span class='ocrx_word' id='word_1_296' title='bbox 1958 2233 1973 2270; x_wconf 90' lang='lat'><strong>:</strong></span> 
     </span>
    </p>
   </div>
   <div class='ocr_carea' id='block_1_38' title="bbox 393 2306 1977 2377">
    <p class='ocr_par' dir='ltr' id='par_1_38' title="bbox 393 2306 1977 2377">
     <span class='ocr_line' id='line_1_38' title="bbox 393 2306 1977 2377; baseline -0.003 -14"><span class='ocrx_word' id='word_1_297' title='bbox 393 2309 619 2364; x_wconf 69' lang='lat' dir='ltr'><strong>Peccavi</strong></span> <span class='ocrx_word' id='word_1_298' title='bbox 649 2308 741 2362; x_wconf 79' lang='grc' dir='ltr'>ιιιιί</span> <span class='ocrx_word' id='word_1_299' title='bbox 769 2321 833 2362; x_wconf 90' lang='lat' dir='ltr'><strong>ac</strong></span> <span class='ocrx_word' id='word_1_300' title='bbox 860 2306 1102 2377; x_wconf 87' lang='lat' dir='ltr'><strong>genitrici</strong></span> <span class='ocrx_word' id='word_1_301' title='bbox 1138 2316 1261 2373; x_wconf 78' lang='lat' dir='ltr'><strong>tuze,</strong></span> <span class='ocrx_word' id='word_1_302' title='bbox 1290 2321 1395 2360; x_wconf 92' lang='lat' dir='ltr'><strong>non</strong></span> <span class='ocrx_word' id='word_1_303' title='bbox 1423 2306 1725 2361; x_wconf 90' lang='lat' dir='ltr'><strong>obediendo</strong></span> <span class='ocrx_word' id='word_1_304' title='bbox 1747 2321 1977 2375; x_wconf 65' lang='lat' dir='ltr'><strong>praecep-</strong></span> 
     </span>
    </p>
   </div>
   <div class='ocr_carea' id='block_1_39' title="bbox 390 2398 1979 2467">
    <p class='ocr_par' dir='ltr' id='par_1_39' title="bbox 390 2398 1979 2467">
     <span class='ocr_line' id='line_1_39' title="bbox 390 2398 1979 2467; baseline -0.002 -14"><span class='ocrx_word' id='word_1_305' title='bbox 390 2399 624 2454; x_wconf 85' lang='lat' dir='ltr'><strong>tionibus</strong></span> <span class='ocrx_word' id='word_1_306' title='bbox 651 2398 872 2457; x_wconf 79' lang='lat' dir='ltr'><strong>vestris.</strong></span> <span class='ocrx_word' id='word_1_307' title='bbox 908 2399 1002 2453; x_wconf 86' lang='lat' dir='ltr'><strong>sed</strong></span> <span class='ocrx_word' id='word_1_308' title='bbox 1029 2407 1238 2467; x_wconf 82' lang='lat' dir='ltr'><strong>agendo</strong></span> <span class='ocrx_word' id='word_1_309' title='bbox 1264 2408 1450 2452; x_wconf 89' lang='lat' dir='ltr'><strong>contra</strong></span> <span class='ocrx_word' id='word_1_310' title='bbox 1494 2398 1820 2452; x_wconf 87' lang='lat' dir='ltr'><strong>voluntatem</strong></span> <span class='ocrx_word' id='word_1_311' title='bbox 1853 2412 1979 2451; x_wconf 87' lang='lat' dir='ltr'><strong>ves-</strong></span> 
     </span>
    </p>
   </div>
   <div class='ocr_carea' id='block_1_40' title="bbox 395 2482 1975 2558">
    <p class='ocr_par' dir='ltr' id='par_1_40' title="bbox 395 2482 1975 2558">
     <span class='ocr_line' id='line_1_40' title="bbox 395 2482 1975 2558; baseline -0.004 -13"><span class='ocrx_word' id='word_1_312' title='bbox 395 2502 530 2545; x_wconf 83' lang='lat' dir='ltr'><strong>tram</strong></span> <span class='ocrx_word' id='word_1_313' title='bbox 562 2498 723 2555; x_wconf 83' lang='lat' dir='ltr'><strong>atque</strong></span> <span class='ocrx_word' id='word_1_314' title='bbox 753 2482 1034 2543; x_wconf 83' lang='lat' dir='ltr'><strong>utilitatem</strong></span> <span class='ocrx_word' id='word_1_315' title='bbox 1085 2490 1553 2558; x_wconf 84' lang='lat' dir='ltr'><strong>publicam;nunc</strong></span> <span class='ocrx_word' id='word_1_316' title='bbox 1597 2499 1776 2547; x_wconf 86' lang='lat' dir='ltr'><strong>autem</strong></span> <span class='ocrx_word' id='word_1_317' title='bbox 1822 2502 1975 2556; x_wconf 85' lang='lat' dir='ltr'><strong>rogo,</strong></span> 
     </span>
    </p>
   </div>
   <div class='ocr_carea' id='block_1_41' title="bbox 396 2577 1975 2649">
    <p class='ocr_par' dir='ltr' id='par_1_41' title="bbox 396 2577 1975 2649">
     <span class='ocr_line' id='line_1_41' title="bbox 396 2577 1975 2649; baseline 0.001 -17"><span class='ocrx_word' id='word_1_318' title='bbox 396 2587 455 2632; x_wconf 94' lang='lat' dir='ltr'><strong>ut</strong></span> <span class='ocrx_word' id='word_1_319' title='bbox 499 2579 817 2647; x_wconf 79' lang='lat' dir='ltr'><strong>indulgeatis</strong></span> <span class='ocrx_word' id='word_1_320' title='bbox 857 2577 1013 2632; x_wconf 80' lang='lat' dir='ltr'><strong>malis</strong></span> <span class='ocrx_word' id='word_1_321' title='bbox 1060 2578 1229 2646; x_wconf 89' lang='lat' dir='ltr'><strong>meis,</strong></span> <span class='ocrx_word' id='word_1_322' title='bbox 1270 2595 1388 2647; x_wconf 85' lang='lat' dir='ltr'><strong>qu:e</strong></span> <span class='ocrx_word' id='word_1_323' title='bbox 1434 2588 1621 2634; x_wconf 89' lang='lat' dir='ltr'><strong>contra</strong></span> <span class='ocrx_word' id='word_1_324' title='bbox 1677 2593 1772 2633; x_wconf 86' lang='lat' dir='ltr'><strong>vos</strong></span> <span class='ocrx_word' id='word_1_325' title='bbox 1808 2578 1975 2649; x_wconf 80' lang='lat' dir='ltr'><strong>geSsi.</strong></span> 
     </span>
    </p>
   </div>
   <div class='ocr_carea' id='block_1_42' title="bbox 391 2667 1978 2739">
    <p class='ocr_par' dir='ltr' id='par_1_42' title="bbox 391 2667 1978 2739">
     <span class='ocr_line' id='line_1_42' title="bbox 391 2667 1978 2739; baseline 0.001 -14"><span class='ocrx_word' id='word_1_326' title='bbox 391 2667 509 2725; x_wconf 82' lang='lat' dir='ltr'><strong>Rex</strong></span> <span class='ocrx_word' id='word_1_327' title='bbox 532 2677 710 2723; x_wconf 91' lang='lat' dir='ltr'><strong>autem</strong></span> <span class='ocrx_word' id='word_1_328' title='bbox 736 2669 893 2737; x_wconf 86' lang='lat' dir='ltr'><strong>jussit</strong></span> <span class='ocrx_word' id='word_1_329' title='bbox 933 2684 1057 2723; x_wconf 91' lang='lat' dir='ltr'><strong>eum</strong></span> <span class='ocrx_word' id='word_1_330' title='bbox 1095 2669 1291 2723; x_wconf 85' lang='lat' dir='ltr'><strong>elevari</strong></span> <span class='ocrx_word' id='word_1_331' title='bbox 1330 2685 1358 2722; x_wconf 89' lang='lat' dir='ltr'><strong>a</strong></span> <span class='ocrx_word' id='word_1_332' title='bbox 1398 2678 1571 2737; x_wconf 89' lang='lat' dir='ltr'><strong>terra,</strong></span> <span class='ocrx_word' id='word_1_333' title='bbox 1614 2679 1670 2725; x_wconf 83' lang='lat' dir='ltr'><strong>et</strong></span> <span class='ocrx_word' id='word_1_334' title='bbox 1711 2670 1885 2739; x_wconf 84' lang='lat' dir='ltr'><strong>posuit</strong></span> <span class='ocrx_word' id='word_1_335' title='bbox 1925 2671 1978 2726; x_wconf 90' lang='lat' dir='ltr'><strong>in</strong></span> 
     </span>
    </p>
   </div>
   <div class='ocr_carea' id='block_1_43' title="bbox 394 2757 1978 2829">
    <p class='ocr_par' dir='ltr' id='par_1_43' title="bbox 394 2757 1978 2829">
     <span class='ocr_line' id='line_1_43' title="bbox 394 2757 1978 2829; baseline 0.001 -16"><span class='ocrx_word' id='word_1_336' title='bbox 394 2774 552 2813; x_wconf 88' lang='lat' dir='ltr'><strong>manu</strong></span> <span class='ocrx_word' id='word_1_337' title='bbox 570 2759 826 2829; x_wconf 90' lang='lat' dir='ltr'><strong>episc0pi,</strong></span> <span class='ocrx_word' id='word_1_338' title='bbox 848 2757 1031 2813; x_wconf 83' lang='lat' dir='ltr'><strong>dicens</strong></span> <span class='ocrx_word' id='word_1_339' title='bbox 1062 2776 1075 2811; x_wconf 91' lang='lat'><strong>:</strong></span> <span class='ocrx_word' id='word_1_340' title='bbox 1100 2758 1179 2813; x_wconf 91' lang='lat' dir='ltr'><strong>Sit</strong></span> <span class='ocrx_word' id='word_1_341' title='bbox 1205 2772 1366 2828; x_wconf 88' lang='lat' dir='ltr'><strong>penes</strong></span> <span class='ocrx_word' id='word_1_342' title='bbox 1388 2769 1460 2827; x_wconf 91' lang='lat' dir='ltr'><strong>te,</strong></span> <span class='ocrx_word' id='word_1_343' title='bbox 1490 2768 1676 2813; x_wconf 91' lang='lat' dir='ltr'><strong>sancte</strong></span> <span class='ocrx_word' id='word_1_344' title='bbox 1701 2759 1978 2827; x_wconf 87' lang='lat' dir='ltr'><strong>sacerdos,</strong></span> 
     </span>
    </p>
   </div>
   <div class='ocr_carea' id='block_1_44' title="bbox 400 2849 1974 2919">
    <p class='ocr_par' dir='ltr' id='par_1_44' title="bbox 400 2849 1974 2919">
     <span class='ocr_line' id='line_1_44' title="bbox 400 2849 1974 2919; baseline -0.001 -15"><span class='ocrx_word' id='word_1_345' title='bbox 400 2850 573 2904; x_wconf 87' lang='lat' dir='ltr'><strong>donec</strong></span> <span class='ocrx_word' id='word_1_346' title='bbox 603 2850 656 2903; x_wconf 92' lang='lat' dir='ltr'><strong>in</strong></span> <span class='ocrx_word' id='word_1_347' title='bbox 704 2850 1046 2919; x_wconf 69' lang='lat' dir='ltr'><strong>pransuntiam</strong></span> <span class='ocrx_word' id='word_1_348' title='bbox 1090 2849 1479 2905; x_wconf 84' lang='lat' dir='ltr'><strong>Guntchramni</strong></span> <span class='ocrx_word' id='word_1_349' title='bbox 1528 2849 1670 2919; x_wconf 85' lang='lat' dir='ltr'><strong>regis</strong></span> <span class='ocrx_word' id='word_1_350' title='bbox 1710 2849 1974 2905; x_wconf 84' lang='lat' dir='ltr'><strong>adveniat.</strong></span> 
     </span>
    </p>
   </div>
   <div class='ocr_carea' id='block_1_45' title="bbox 396 2939 1124 3009">
    <p class='ocr_par' dir='ltr' id='par_1_45' title="bbox 396 2939 1124 3009">
     <span class='ocr_line' id='line_1_45' title="bbox 396 2939 1124 3009; baseline -0.003 -13"><span class='ocrx_word' id='word_1_351' title='bbox 396 2942 461 2996; x_wconf 85' lang='lat' dir='ltr'><strong>Et</strong></span> <span class='ocrx_word' id='word_1_352' title='bbox 481 2940 642 3009; x_wconf 88' lang='lat' dir='ltr'><strong>jussit</strong></span> <span class='ocrx_word' id='word_1_353' title='bbox 670 2955 789 2995; x_wconf 89' lang='lat' dir='ltr'><strong>eum</strong></span> <span class='ocrx_word' id='word_1_354' title='bbox 829 2939 1124 2995; x_wconf 89' lang='lat' dir='ltr'><strong>discedere.</strong></span> 
     </span>
    </p>
   </div>
   <div class='ocr_carea' id='block_1_46' title="bbox 456 3030 1981 3101">
    <p class='ocr_par' dir='ltr' id='par_1_46' title="bbox 456 3030 1981 3101">
     <span class='ocr_line' id='line_1_46' title="bbox 456 3030 1981 3101; baseline -0.001 -15"><span class='ocrx_word' id='word_1_355' title='bbox 456 3031 547 3086; x_wconf 77' lang='lat' dir='ltr'><strong>IX.</strong></span> <span class='ocrx_word' id='word_1_356' title='bbox 602 3031 845 3086; x_wconf 79' lang='lat' dir='ltr'><strong>Pastltacc</strong></span> <span class='ocrx_word' id='word_1_357' title='bbox 875 3030 1219 3100; x_wconf 82' lang='lat' dir='ltr'><strong>Raucltiugus</strong></span> <span class='ocrx_word' id='word_1_358' title='bbox 1248 3030 1565 3099; x_wconf 75' lang='lat' dir='ltr'><strong>coniunctus</strong></span> <span class='ocrx_word' id='word_1_359' title='bbox 1603 3046 1725 3086; x_wconf 66' lang='lat' dir='ltr'><strong>cuin</strong></span> <span class='ocrx_word' id='word_1_360' title='bbox 1786 3033 1981 3101; x_wconf 81' lang='lat' dir='ltr'><strong>priori-</strong></span> 
     </span>
    </p>
   </div>
   <div class='ocr_carea' id='block_1_47' title="bbox 2080 1849 3633 1925">
    <p class='ocr_par' dir='ltr' id='par_1_47' title="bbox 2080 1849 3633 1925">
     <span class='ocr_line' id='line_1_47' title="bbox 2080 1849 3633 1925; baseline -0.003 -16"><span class='ocrx_word' id='word_1_361' title='bbox 2080 1855 2240 1909; x_wconf 86' lang='lat' dir='ltr'><strong>valde</strong></span> <span class='ocrx_word' id='word_1_362' title='bbox 2286 1855 2582 1925; x_wconf 78' lang='lat' dir='ltr'><strong>superbu~;</strong></span> <span class='ocrx_word' id='word_1_363' title='bbox 2637 1855 2900 1909; x_wconf 89' lang='lat' dir='ltr'><strong>intantum</strong></span> <span class='ocrx_word' id='word_1_364' title='bbox 2932 1862 2987 1908; x_wconf 94' lang='lat' dir='ltr'><strong>ut</strong></span> <span class='ocrx_word' id='word_1_365' title='bbox 3028 1853 3139 1922; x_wconf 74' lang='lat' dir='ltr'><strong>jam</strong></span> <span class='ocrx_word' id='word_1_366' title='bbox 3172 1853 3222 1907; x_wconf 91' lang='lat' dir='ltr'><strong>in</strong></span> <span class='ocrx_word' id='word_1_367' title='bbox 3272 1853 3384 1921; x_wconf 90' lang='lat' dir='ltr'><strong>ipso</strong></span> <span class='ocrx_word' id='word_1_368' title='bbox 3412 1849 3633 1905; x_wconf 85' lang='lat' dir='ltr'><strong>interitus</strong></span> 
     </span>
    </p>
   </div>
   <div class='ocr_carea' id='block_1_48' title="bbox 2080 1941 3630 2014">
    <p class='ocr_par' dir='ltr' id='par_1_48' title="bbox 2080 1941 3630 2014">
     <span class='ocr_line' id='line_1_48' title="bbox 2080 1941 3630 2014; baseline -0.003 -15"><span class='ocrx_word' id='word_1_369' title='bbox 2080 1945 2162 1999; x_wconf 90' lang='lat' dir='ltr'><strong>sui</strong></span> <span class='ocrx_word' id='word_1_370' title='bbox 2193 1955 2433 2014; x_wconf 87' lang='lat' dir='ltr'><strong>tempore</strong></span> <span class='ocrx_word' id='word_1_371' title='bbox 2475 1944 2875 1998; x_wconf 77' lang='lat' dir='ltr'><strong>Cltlotltacltarii</strong></span> <span class='ocrx_word' id='word_1_372' title='bbox 2906 1942 3048 2013; x_wconf 86' lang='lat' dir='ltr'><strong>regis</strong></span> <span class='ocrx_word' id='word_1_373' title='bbox 3084 1943 3250 1998; x_wconf 86' lang='lat' dir='ltr'><strong>filium</strong></span> <span class='ocrx_word' id='word_1_374' title='bbox 3291 1956 3349 1996; x_wconf 87' lang='lat' dir='ltr'><strong>se</strong></span> <span class='ocrx_word' id='word_1_375' title='bbox 3379 1941 3630 1995; x_wconf 81' lang='lat' dir='ltr'><strong>fateretur.</strong></span> 
     </span>
    </p>
   </div>
   <div class='ocr_carea' id='block_1_49' title="bbox 2084 2031 3637 2104">
    <p class='ocr_par' dir='ltr' id='par_1_49' title="bbox 2084 2031 3637 2104">
     <span class='ocr_line' id='line_1_49' title="bbox 2084 2031 3637 2104; baseline -0.005 -14"><span class='ocrx_word' id='word_1_376' title='bbox 2084 2035 2309 2090; x_wconf 85' lang='lat' dir='ltr'><strong>Multum</strong></span> <span class='ocrx_word' id='word_1_377' title='bbox 2340 2046 2518 2090; x_wconf 90' lang='lat' dir='ltr'><strong>tamen</strong></span> <span class='ocrx_word' id='word_1_378' title='bbox 2541 2050 2663 2090; x_wconf 90' lang='lat' dir='ltr'><strong>cum</strong></span> <span class='ocrx_word' id='word_1_379' title='bbox 2690 2051 2755 2089; x_wconf 90' lang='lat' dir='ltr'><strong>eo</strong></span> <span class='ocrx_word' id='word_1_380' title='bbox 2783 2035 2903 2090; x_wconf 87' lang='lat' dir='ltr'><strong>auri</strong></span> <span class='ocrx_word' id='word_1_381' title='bbox 2940 2044 3210 2104; x_wconf 89' lang='lat' dir='ltr'><strong>repertum</strong></span> <span class='ocrx_word' id='word_1_382' title='bbox 3238 2041 3338 2088; x_wconf 90' lang='lat' dir='ltr'><strong>est.</strong></span> <span class='ocrx_word' id='word_1_383' title='bbox 3368 2033 3479 2099; x_wconf 84' lang='lat' dir='ltr'><strong>Quo</strong></span> <span class='ocrx_word' id='word_1_384' title='bbox 3499 2031 3637 2085; x_wconf 60' lang='lat' dir='ltr'><strong>inter.</strong></span> 
     </span>
    </p>
   </div>
   <div class='ocr_carea' id='block_1_50' title="bbox 2084 2123 3635 2197">
    <p class='ocr_par' dir='ltr' id='par_1_50' title="bbox 2084 2123 3635 2197">
     <span class='ocr_line' id='line_1_50' title="bbox 2084 2123 3635 2197; baseline -0.004 -18"><span class='ocrx_word' id='word_1_385' title='bbox 2084 2126 2247 2193; x_wconf 87' lang='lat' dir='ltr'><strong>fecto,</strong></span> <span class='ocrx_word' id='word_1_386' title='bbox 2274 2129 2515 2196; x_wconf 86' lang='lat' dir='ltr'><strong>pretinus</strong></span> <span class='ocrx_word' id='word_1_387' title='bbox 2544 2143 2680 2181; x_wconf 89' lang='lat' dir='ltr'><strong>unus</strong></span> <span class='ocrx_word' id='word_1_388' title='bbox 2710 2141 2991 2196; x_wconf 91' lang='lat' dir='ltr'><strong>puerorum</strong></span> <span class='ocrx_word' id='word_1_389' title='bbox 3015 2125 3132 2197; x_wconf 90' lang='lat' dir='ltr'><strong>ejus</strong></span> <span class='ocrx_word' id='word_1_390' title='bbox 3163 2140 3319 2180; x_wconf 86' lang='lat' dir='ltr'><strong>cursu</strong></span> <span class='ocrx_word' id='word_1_391' title='bbox 3344 2123 3503 2179; x_wconf 87' lang='lat' dir='ltr'><strong>veloci</strong></span> <span class='ocrx_word' id='word_1_392' title='bbox 3522 2137 3635 2176; x_wconf 82' lang='lat' dir='ltr'><strong>evo-</strong></span> 
     </span>
    </p>
   </div>
   <div class='ocr_carea' id='block_1_51' title="bbox 2083 2212 3639 2286">
    <p class='ocr_par' dir='ltr' id='par_1_51' title="bbox 2083 2212 3639 2286">
     <span class='ocr_line' id='line_1_51' title="bbox 2083 2212 3639 2286; baseline -0.004 -15"><span class='ocrx_word' id='word_1_393' title='bbox 2083 2216 2224 2282; x_wconf 89' lang='lat' dir='ltr'><strong>lans,</strong></span> <span class='ocrx_word' id='word_1_394' title='bbox 2279 2217 2540 2270; x_wconf 86' lang='lat' dir='ltr'><strong>nuntiavit</strong></span> <span class='ocrx_word' id='word_1_395' title='bbox 2592 2216 2802 2286; x_wconf 90' lang='lat' dir='ltr'><strong>conjugi</strong></span> <span class='ocrx_word' id='word_1_396' title='bbox 2843 2217 2961 2283; x_wconf 58' lang='lat' dir='ltr'><strong>ejus</strong></span> <span class='ocrx_word' id='word_1_397' title='bbox 3004 2231 3123 2285; x_wconf 70' lang='lat' dir='ltr'><strong>quae</strong></span> <span class='ocrx_word' id='word_1_398' title='bbox 3164 2225 3280 2269; x_wconf 91' lang='lat' dir='ltr'><strong>acta</strong></span> <span class='ocrx_word' id='word_1_399' title='bbox 3323 2223 3487 2269; x_wconf 89' lang='lat' dir='ltr'><strong>erant.</strong></span> <span class='ocrx_word' id='word_1_400' title='bbox 3531 2212 3639 2266; x_wconf 81' lang='lat' dir='ltr'><strong>Ha-c</strong></span> 
     </span>
    </p>
   </div>
   <div class='ocr_carea' id='block_1_52' title="bbox 2085 2305 3665 2377">
    <p class='ocr_par' dir='ltr' id='par_1_52' title="bbox 2085 2305 3665 2377">
     <span class='ocr_line' id='line_1_52' title="bbox 2085 2305 3665 2377; baseline -0.003 -17"><span class='ocrx_word' id='word_1_401' title='bbox 2085 2322 2217 2362; x_wconf 84' lang='lat' dir='ltr'><strong>vero</strong></span> <span class='ocrx_word' id='word_1_402' title='bbox 2273 2323 2370 2377; x_wconf 89' lang='lat' dir='ltr'><strong>per</strong></span> <span class='ocrx_word' id='word_1_403' title='bbox 2425 2308 2653 2376; x_wconf 89' lang='lat' dir='ltr'><strong>plateam</strong></span> <span class='ocrx_word' id='word_1_404' title='bbox 2714 2305 3072 2363; x_wconf 76' lang='lat' dir='ltr'><strong>Suessionica:</strong></span> <span class='ocrx_word' id='word_1_405' title='bbox 3122 2306 3351 2359; x_wconf 87' lang='lat' dir='ltr'><strong>civitatis</strong></span> <span class='ocrx_word' id='word_1_406' title='bbox 3410 2310 3665 2370; x_wconf 42' lang='lat' dir='ltr'><strong>compta,</strong></span> 
     </span>
    </p>
   </div>
   <div class='ocr_carea' id='block_1_53' title="bbox 2083 2393 3636 2467">
    <p class='ocr_par' dir='ltr' id='par_1_53' title="bbox 2083 2393 3636 2467">
     <span class='ocr_line' id='line_1_53' title="bbox 2083 2393 3636 2467; baseline -0.001 -17"><span class='ocrx_word' id='word_1_407' title='bbox 2083 2396 2372 2467; x_wconf 71' lang='lat' dir='ltr'><strong>grandibus</strong></span> <span class='ocrx_word' id='word_1_408' title='bbox 2410 2398 2739 2452; x_wconf 89' lang='lat' dir='ltr'><strong>ornamentis</strong></span> <span class='ocrx_word' id='word_1_409' title='bbox 2782 2411 2843 2450; x_wconf 88' lang='lat' dir='ltr'><strong>ac</strong></span> <span class='ocrx_word' id='word_1_410' title='bbox 2869 2410 3203 2466; x_wconf 67' lang='lat' dir='ltr'><strong>gemmarum</strong></span> <span class='ocrx_word' id='word_1_411' title='bbox 3242 2393 3636 2453; x_wconf 76' lang='lat' dir='ltr'><strong>pretiositatibus</strong></span> 
     </span>
    </p>
   </div>
   <div class='ocr_carea' id='block_1_54' title="bbox 2084 2488 3633 2558">
    <p class='ocr_par' dir='ltr' id='par_1_54' title="bbox 2084 2488 3633 2558">
     <span class='ocr_line' id='line_1_54' title="bbox 2084 2488 3633 2558; baseline -0.003 -15"><span class='ocrx_word' id='word_1_412' title='bbox 2084 2497 2139 2544; x_wconf 91' lang='lat' dir='ltr'><strong>et</strong></span> <span class='ocrx_word' id='word_1_413' title='bbox 2176 2490 2292 2543; x_wconf 91' lang='lat' dir='ltr'><strong>auri</strong></span> <span class='ocrx_word' id='word_1_414' title='bbox 2323 2488 2526 2558; x_wconf 81' lang='lat' dir='ltr'><strong>fulgore</strong></span> <span class='ocrx_word' id='word_1_415' title='bbox 2565 2489 2799 2553; x_wconf 82' lang='lat' dir='ltr'><strong>obtecta,</strong></span> <span class='ocrx_word' id='word_1_416' title='bbox 2828 2501 3050 2543; x_wconf 86' lang='lat' dir='ltr'><strong>ascenso</strong></span> <span class='ocrx_word' id='word_1_417' title='bbox 3074 2489 3241 2558; x_wconf 66' lang='lat'><strong>5.28</strong></span> <span class='ocrx_word' id='word_1_418' title='bbox 3261 2500 3419 2556; x_wconf 88' lang='lat' dir='ltr'><strong>equo,</strong></span> <span class='ocrx_word' id='word_1_419' title='bbox 3458 2497 3633 2554; x_wconf 71' lang='lat' dir='ltr'><strong>prace-</strong></span> 
     </span>
    </p>
   </div>
   <div class='ocr_carea' id='block_1_55' title="bbox 2085 2579 3636 2650">
    <p class='ocr_par' dir='ltr' id='par_1_55' title="bbox 2085 2579 3636 2650">
     <span class='ocr_line' id='line_1_55' title="bbox 2085 2579 3636 2650; baseline -0.005 -14"><span class='ocrx_word' id='word_1_420' title='bbox 2085 2579 2335 2636; x_wconf 87' lang='lat' dir='ltr'><strong>denubus</strong></span> <span class='ocrx_word' id='word_1_421' title='bbox 2374 2584 2551 2650; x_wconf 89' lang='lat' dir='ltr'><strong>pueris</strong></span> <span class='ocrx_word' id='word_1_422' title='bbox 2594 2581 2819 2649; x_wconf 84' lang='lat' dir='ltr'><strong>aliisque</strong></span> <span class='ocrx_word' id='word_1_423' title='bbox 2860 2590 3211 2645; x_wconf 69' lang='lat' dir='ltr'><strong>sequentibus</strong></span> <span class='ocrx_word' id='word_1_424' title='bbox 3243 2579 3535 2642; x_wconf 86' lang='lat' dir='ltr'><strong>ferebatur;</strong></span> <span class='ocrx_word' id='word_1_425' title='bbox 3573 2585 3636 2629; x_wconf 86' lang='lat' dir='ltr'><strong>at-</strong></span> 
     </span>
    </p>
   </div>
   <div class='ocr_carea' id='block_1_56' title="bbox 2084 2669 3640 2742">
    <p class='ocr_par' dir='ltr' id='par_1_56' title="bbox 2084 2669 3640 2742">
     <span class='ocr_line' id='line_1_56' title="bbox 2084 2669 3640 2742; baseline -0.004 -14"><span class='ocrx_word' id='word_1_426' title='bbox 2084 2687 2190 2742; x_wconf 91' lang='lat' dir='ltr'><strong>que</strong></span> <span class='ocrx_word' id='word_1_427' title='bbox 2219 2673 2283 2726; x_wconf 90' lang='lat' dir='ltr'><strong>ad</strong></span> <span class='ocrx_word' id='word_1_428' title='bbox 2316 2672 2592 2727; x_wconf 88' lang='lat' dir='ltr'><strong>basilicam</strong></span> <span class='ocrx_word' id='word_1_429' title='bbox 2622 2672 2792 2726; x_wconf 79' lang='lat' dir='ltr'><strong>sancti</strong></span> <span class='ocrx_word' id='word_1_430' title='bbox 2816 2669 3046 2738; x_wconf 74' lang='lat' dir='ltr'><strong>Crispini</strong></span> <span class='ocrx_word' id='word_1_431' title='bbox 3075 2669 3500 2739; x_wconf 79' lang='lat' dir='ltr'><strong>CriSpiuianique</strong></span> <span class='ocrx_word' id='word_1_432' title='bbox 3528 2680 3640 2735; x_wconf 84' lang='lat' dir='ltr'><strong>pro-</strong></span> 
     </span>
    </p>
   </div>
   <div class='ocr_carea' id='block_1_57' title="bbox 2086 2760 3642 2834">
    <p class='ocr_par' dir='ltr' id='par_1_57' title="bbox 2086 2760 3642 2834">
     <span class='ocr_line' id='line_1_57' title="bbox 2086 2760 3642 2834; baseline -0.002 -17"><span class='ocrx_word' id='word_1_433' title='bbox 2086 2764 2330 2834; x_wconf 89' lang='lat' dir='ltr'><strong>perabat,</strong></span> <span class='ocrx_word' id='word_1_434' title='bbox 2376 2763 2528 2832; x_wconf 90' lang='lat' dir='ltr'><strong>quasi</strong></span> <span class='ocrx_word' id='word_1_435' title='bbox 2576 2770 2877 2832; x_wconf 86' lang='lat' dir='ltr'><strong>spectatura</strong></span> <span class='ocrx_word' id='word_1_436' title='bbox 2911 2763 3095 2817; x_wconf 80' lang='lat' dir='ltr'><strong>Missas</strong></span> <span class='ocrx_word' id='word_1_437' title='bbox 3130 2779 3144 2815; x_wconf 89' lang='lat'><strong>:</strong></span> <span class='ocrx_word' id='word_1_438' title='bbox 3176 2773 3292 2816; x_wconf 84' lang='lat' dir='ltr'><strong>erat</strong></span> <span class='ocrx_word' id='word_1_439' title='bbox 3318 2762 3455 2816; x_wconf 75' lang='lat' dir='ltr'><strong>enini</strong></span> <span class='ocrx_word' id='word_1_440' title='bbox 3482 2774 3543 2814; x_wconf 91' lang='lat' dir='ltr'><strong>eo</strong></span> <span class='ocrx_word' id='word_1_441' title='bbox 3568 2760 3642 2814; x_wconf 83' lang='lat' dir='ltr'><strong>die</strong></span> 
     </span>
    </p>
   </div>
   <div class='ocr_carea' id='block_1_58' title="bbox 2085 2850 3639 2926">
    <p class='ocr_par' dir='ltr' id='par_1_58' title="bbox 2085 2850 3639 2926">
     <span class='ocr_line' id='line_1_58' title="bbox 2085 2850 3639 2926; baseline -0.004 -16"><span class='ocrx_word' id='word_1_442' title='bbox 2085 2857 2263 2926; x_wconf 82' lang='lat' dir='ltr'><strong>passio</strong></span> <span class='ocrx_word' id='word_1_443' title='bbox 2303 2862 2596 2924; x_wconf 85' lang='lat' dir='ltr'><strong>martyrum</strong></span> <span class='ocrx_word' id='word_1_444' title='bbox 2638 2854 2913 2908; x_wconf 87' lang='lat' dir='ltr'><strong>beatorum</strong></span> <span class='ocrx_word' id='word_1_445' title='bbox 2930 2861 2976 2906; x_wconf 80' lang='grc' dir='ltr'><strong>ο.</strong></span> <span class='ocrx_word' id='word_1_446' title='bbox 3025 2853 3131 2908; x_wconf 87' lang='lat' dir='ltr'><strong>Sed</strong></span> <span class='ocrx_word' id='word_1_447' title='bbox 3176 2854 3359 2909; x_wconf 82' lang='lat' dir='ltr'><strong>videns</strong></span> <span class='ocrx_word' id='word_1_448' title='bbox 3398 2850 3639 2918; x_wconf 82' lang='lat' dir='ltr'><strong>nuntium,</strong></span> 
     </span>
    </p>
   </div>
   <div class='ocr_carea' id='block_1_59' title="bbox 2088 2944 3642 3017">
    <p class='ocr_par' dir='ltr' id='par_1_59' title="bbox 2088 2944 3642 3017">
     <span class='ocr_line' id='line_1_59' title="bbox 2088 2944 3642 3017; baseline -0.003 -16"><span class='ocrx_word' id='word_1_449' title='bbox 2088 2963 2180 3017; x_wconf 90' lang='lat' dir='ltr'><strong>per</strong></span> <span class='ocrx_word' id='word_1_450' title='bbox 2199 2948 2359 3001; x_wconf 89' lang='lat' dir='ltr'><strong>aliam</strong></span> <span class='ocrx_word' id='word_1_451' title='bbox 2406 2947 2633 3014; x_wconf 66' lang='lat' dir='ltr'><strong>plateam</strong></span> <span class='ocrx_word' id='word_1_452' title='bbox 2672 2960 2914 3015; x_wconf 78' lang='lat' dir='ltr'><strong>gressum</strong></span> <span class='ocrx_word' id='word_1_453' title='bbox 2956 2961 3301 3017; x_wconf 87' lang='lat' dir='ltr'><strong>retorquens,</strong></span> <span class='ocrx_word' id='word_1_454' title='bbox 3333 2946 3571 3015; x_wconf 84' lang='lat' dir='ltr'><strong>proiectis</strong></span> <span class='ocrx_word' id='word_1_455' title='bbox 3597 2944 3642 2998; x_wconf 89' lang='lat' dir='ltr'><strong>in</strong></span> 
     </span>
    </p>
   </div>
   <div class='ocr_carea' id='block_1_60' title="bbox 2089 3036 3643 3100">
    <p class='ocr_par' dir='ltr' id='par_1_60' title="bbox 2089 3036 3643 3100">
     <span class='ocr_line' id='line_1_60' title="bbox 2089 3036 3643 3100; baseline -0.002 -10"><span class='ocrx_word' id='word_1_456' title='bbox 2089 3049 2286 3092; x_wconf 88' lang='lat' dir='ltr'><strong>terram</strong></span> <span class='ocrx_word' id='word_1_457' title='bbox 2319 3037 2667 3100; x_wconf 85' lang='lat' dir='ltr'><strong>ornamentis,</strong></span> <span class='ocrx_word' id='word_1_458' title='bbox 2703 3036 2754 3091; x_wconf 91' lang='lat' dir='ltr'><strong>in</strong></span> <span class='ocrx_word' id='word_1_459' title='bbox 2780 3038 3055 3092; x_wconf 78' lang='lat' dir='ltr'><strong>basilicam</strong></span> <span class='ocrx_word' id='word_1_460' title='bbox 3095 3054 3171 3091; x_wconf 87' lang='lat' dir='ltr'><strong>sa</strong></span> <span class='ocrx_word' id='word_1_461' title='bbox 3198 3047 3271 3093; x_wconf 83' lang='lat' dir='ltr'><strong>ett</strong></span> <span class='ocrx_word' id='word_1_462' title='bbox 3303 3036 3528 3092; x_wconf 82' lang='lat' dir='ltr'><strong>Medardi</strong></span> <span class='ocrx_word' id='word_1_463' title='bbox 3557 3051 3643 3088; x_wconf 86' lang='lat' dir='ltr'><strong>au—</strong></span> 
     </span>
    </p>
   </div>
   <div class='ocr_carea' id='block_1_61' title="bbox 397 3109 3647 3198">
    <p class='ocr_par' dir='ltr' id='par_1_61' title="bbox 397 3109 3647 3198">
     <span class='ocr_line' id='line_1_61' title="bbox 397 3109 3647 3198; baseline 0.001 -21"><span class='ocrx_word' id='word_1_464' title='bbox 397 3124 494 3177; x_wconf 92' lang='lat' dir='ltr'><strong>bus</strong></span> <span class='ocrx_word' id='word_1_465' title='bbox 543 3122 689 3193; x_wconf 83' lang='lat' dir='ltr'><strong>regni</strong></span> <span class='ocrx_word' id='word_1_466' title='bbox 729 3120 1024 3176; x_wconf 81' lang='lat' dir='ltr'><strong>Cltlotltarn</strong></span> <span class='ocrx_word' id='word_1_467' title='bbox 1064 3121 1159 3176; x_wconf 82' lang='lat' dir='ltr'><strong>filii</strong></span> <span class='ocrx_word' id='word_1_468' title='bbox 1204 3122 1519 3192; x_wconf 70' lang='lat' dir='ltr'><strong>Chilperiri,</strong></span> <span class='ocrx_word' id='word_1_469' title='bbox 1562 3124 1875 3193; x_wconf 85' lang='lat' dir='ltr'><strong>confingens</strong></span> <span class='ocrx_word' id='word_1_470' title='bbox 1917 3139 1976 3178; x_wconf 85' lang='lat' dir='ltr'><strong>se</strong></span> <span class='ocrx_word' id='word_1_471' title='bbox 2006 3109 2053 3172; x_wconf 68' lang='grc' dir='ltr'><strong>(Ξ</strong></span> <span class='ocrx_word' id='word_1_472' title='bbox 2089 3128 2266 3183; x_wconf 90' lang='lat' dir='ltr'><strong>tistitis</strong></span> <span class='ocrx_word' id='word_1_473' title='bbox 2311 3128 2565 3198; x_wconf 80' lang='lat' dir='ltr'><strong>confugit,</strong></span> <span class='ocrx_word' id='word_1_474' title='bbox 2611 3129 2682 3182; x_wconf 83' lang='lat' dir='ltr'><strong>ibi</strong></span> <span class='ocrx_word' id='word_1_475' title='bbox 2730 3144 2788 3183; x_wconf 79' lang='lat' dir='ltr'><strong>se</strong></span> <span class='ocrx_word' id='word_1_476' title='bbox 2839 3130 2997 3183; x_wconf 80' lang='lat' dir='ltr'><strong>lttlari</strong></span> <span class='ocrx_word' id='word_1_477' title='bbox 3048 3130 3376 3185; x_wconf 62' lang='lat' dir='ltr'><strong>confessoris</strong></span> <span class='ocrx_word' id='word_1_478' title='bbox 3423 3126 3647 3195; x_wconf 56' lang='lat' dir='ltr'><strong>praesidio</strong></span> 
     </span>
    </p>
   </div>
   <div class='ocr_carea' id='block_1_62' title="bbox 397 3213 1981 3283">
    <p class='ocr_par' dir='ltr' id='par_1_62' title="bbox 397 3213 1981 3283">
     <span class='ocr_line' id='line_1_62' title="bbox 397 3213 1981 3283; baseline -0.001 -15"><span class='ocrx_word' id='word_1_479' title='bbox 397 3214 550 3283; x_wconf 90' lang='lat' dir='ltr'><strong>quasi</strong></span> <span class='ocrx_word' id='word_1_480' title='bbox 583 3221 928 3266; x_wconf 83' lang='lat' dir='ltr'><strong>tractaturum</strong></span> <span class='ocrx_word' id='word_1_481' title='bbox 960 3213 1028 3268; x_wconf 92' lang='lat' dir='ltr'><strong>de</strong></span> <span class='ocrx_word' id='word_1_482' title='bbox 1051 3227 1197 3281; x_wconf 89' lang='lat' dir='ltr'><strong>pace,</strong></span> <span class='ocrx_word' id='word_1_483' title='bbox 1217 3225 1273 3266; x_wconf 88' lang='lat' dir='ltr'><strong>ut</strong></span> <span class='ocrx_word' id='word_1_484' title='bbox 1302 3213 1439 3268; x_wconf 87' lang='lat' dir='ltr'><strong>inter</strong></span> <span class='ocrx_word' id='word_1_485' title='bbox 1468 3217 1754 3269; x_wconf 83' lang='lat' dir='ltr'><strong>terminum</strong></span> <span class='ocrx_word' id='word_1_486' title='bbox 1792 3214 1981 3268; x_wconf 88' lang='lat' dir='ltr'><strong>utrius-</strong></span> 
     </span>
    </p>
   </div>
   <div class='ocr_carea' id='block_1_63' title="bbox 402 3304 1981 3376">
    <p class='ocr_par' dir='ltr' id='par_1_63' title="bbox 402 3304 1981 3376">
     <span class='ocr_line' id='line_1_63' title="bbox 402 3304 1981 3376; baseline 0.001 -18"><span class='ocrx_word' id='word_1_487' title='bbox 402 3319 507 3374; x_wconf 85' lang='lat' dir='ltr'><strong>que</strong></span> <span class='ocrx_word' id='word_1_488' title='bbox 532 3304 679 3372; x_wconf 86' lang='lat' dir='ltr'><strong>rcgni</strong></span> <span class='ocrx_word' id='word_1_489' title='bbox 706 3304 849 3358; x_wconf 81' lang='lat' dir='ltr'><strong>nulla</strong></span> <span class='ocrx_word' id='word_1_490' title='bbox 881 3306 1105 3359; x_wconf 89' lang='lat' dir='ltr'><strong>intentio</strong></span> <span class='ocrx_word' id='word_1_491' title='bbox 1135 3314 1223 3359; x_wconf 79' lang='lat' dir='ltr'><strong>aut</strong></span> <span class='ocrx_word' id='word_1_492' title='bbox 1247 3306 1475 3372; x_wconf 72' lang='lat' dir='ltr'><strong>direptio</strong></span> <span class='ocrx_word' id='word_1_493' title='bbox 1511 3318 1819 3376; x_wconf 80' lang='lat' dir='ltr'><strong>gereretur,</strong></span> <span class='ocrx_word' id='word_1_494' title='bbox 1850 3322 1981 3361; x_wconf 89' lang='lat' dir='ltr'><strong>cou-</strong></span> 
     </span>
    </p>
   </div>
   <div class='ocr_carea' id='block_1_64' title="bbox 398 3395 1981 3462">
    <p class='ocr_par' dir='ltr' id='par_1_64' title="bbox 398 3395 1981 3462">
     <span class='ocr_line' id='line_1_64' title="bbox 398 3395 1981 3462; baseline 0.002 -12"><span class='ocrx_word' id='word_1_495' title='bbox 398 3397 575 3450; x_wconf 87' lang='lat' dir='ltr'><strong>silium</strong></span> <span class='ocrx_word' id='word_1_496' title='bbox 610 3395 935 3462; x_wconf 85' lang='lat' dir='ltr'><strong>habuerunt,</strong></span> <span class='ocrx_word' id='word_1_497' title='bbox 982 3407 1036 3451; x_wconf 95' lang='lat' dir='ltr'><strong>ut</strong></span> <span class='ocrx_word' id='word_1_498' title='bbox 1081 3397 1283 3453; x_wconf 85' lang='lat' dir='ltr'><strong>scilicet</strong></span> <span class='ocrx_word' id='word_1_499' title='bbox 1325 3399 1601 3452; x_wconf 83' lang='lat' dir='ltr'><strong>interfecto</strong></span> <span class='ocrx_word' id='word_1_500' title='bbox 1636 3399 1981 3453; x_wconf 84' lang='lat' dir='ltr'><strong>Childeberto</strong></span> 
     </span>
    </p>
   </div>
   <div class='ocr_carea' id='block_1_65' title="bbox 398 3485 1979 3556">
    <p class='ocr_par' dir='ltr' id='par_1_65' title="bbox 398 3485 1979 3556">
     <span class='ocr_line' id='line_1_65' title="bbox 398 3485 1979 3556; baseline 0 -15"><span class='ocrx_word' id='word_1_501' title='bbox 398 3499 547 3556; x_wconf 86' lang='lat' dir='ltr'><strong>rege,</strong></span> <span class='ocrx_word' id='word_1_502' title='bbox 584 3485 926 3555; x_wconf 79' lang='lat' dir='ltr'><strong>Rauchiugus</strong></span> <span class='ocrx_word' id='word_1_503' title='bbox 953 3500 1074 3540; x_wconf 92' lang='lat' dir='ltr'><strong>cum</strong></span> <span class='ocrx_word' id='word_1_504' title='bbox 1101 3486 1480 3541; x_wconf 86' lang='lat' dir='ltr'><strong>&#39;fheodoberto</strong></span> <span class='ocrx_word' id='word_1_505' title='bbox 1521 3488 1737 3542; x_wconf 90' lang='lat' dir='ltr'><strong>seniore</strong></span> <span class='ocrx_word' id='word_1_506' title='bbox 1766 3490 1883 3555; x_wconf 85' lang='lat' dir='ltr'><strong>ejus</strong></span> <span class='ocrx_word' id='word_1_507' title='bbox 1915 3489 1979 3541; x_wconf 86' lang='lat' dir='ltr'><strong>fi-</strong></span> 
     </span>
    </p>
   </div>
   <div class='ocr_carea' id='block_1_66' title="bbox 399 3572 1982 3644">
    <p class='ocr_par' dir='ltr' id='par_1_66' title="bbox 399 3572 1982 3644">
     <span class='ocr_line' id='line_1_66' title="bbox 399 3572 1982 3644; baseline 0.001 -15"><span class='ocrx_word' id='word_1_508' title='bbox 399 3572 469 3629; x_wconf 91' lang='lat' dir='ltr'><strong>lio</strong></span> <span class='ocrx_word' id='word_1_509' title='bbox 510 3590 731 3643; x_wconf 83' lang='lat' dir='ltr'><strong>regnum</strong></span> <span class='ocrx_word' id='word_1_510' title='bbox 760 3574 1067 3644; x_wconf 72' lang='lat' dir='ltr'><strong>Campania:</strong></span> <span class='ocrx_word' id='word_1_511' title='bbox 1106 3583 1353 3640; x_wconf 89' lang='lat' dir='ltr'><strong>teneret;</strong></span> <span class='ocrx_word' id='word_1_512' title='bbox 1400 3575 1555 3630; x_wconf 90' lang='lat' dir='ltr'><strong>Ursio</strong></span> <span class='ocrx_word' id='word_1_513' title='bbox 1585 3591 1713 3631; x_wconf 91' lang='lat' dir='ltr'><strong>vero</strong></span> <span class='ocrx_word' id='word_1_514' title='bbox 1752 3592 1813 3631; x_wconf 90' lang='lat' dir='ltr'><strong>ac</strong></span> <span class='ocrx_word' id='word_1_515' title='bbox 1852 3578 1982 3632; x_wconf 82' lang='lat' dir='ltr'><strong>Ber-</strong></span> 
     </span>
    </p>
   </div>
   <div class='ocr_carea' id='block_1_67' title="bbox 402 3665 1979 3739">
    <p class='ocr_par' dir='ltr' id='par_1_67' title="bbox 402 3665 1979 3739">
     <span class='ocr_line' id='line_1_67' title="bbox 402 3665 1979 3739; baseline 0.002 -19"><span class='ocrx_word' id='word_1_516' title='bbox 402 3667 679 3720; x_wconf 79' lang='lat' dir='ltr'><strong>tltefredus</strong></span> <span class='ocrx_word' id='word_1_517' title='bbox 714 3676 763 3731; x_wconf 70' lang='grc' dir='ltr'><strong>α,</strong></span> <span class='ocrx_word' id='word_1_518' title='bbox 786 3665 999 3736; x_wconf 89' lang='lat' dir='ltr'><strong>juniore</strong></span> <span class='ocrx_word' id='word_1_519' title='bbox 1030 3666 1141 3721; x_wconf 87' lang='lat' dir='ltr'><strong>filio</strong></span> <span class='ocrx_word' id='word_1_520' title='bbox 1168 3680 1339 3734; x_wconf 89' lang='lat' dir='ltr'><strong>nuper</strong></span> <span class='ocrx_word' id='word_1_521' title='bbox 1366 3667 1577 3739; x_wconf 90' lang='lat' dir='ltr'><strong>genito,</strong></span> <span class='ocrx_word' id='word_1_522' title='bbox 1607 3671 1695 3738; x_wconf 93' lang='lat' dir='ltr'><strong>qui</strong></span> <span class='ocrx_word' id='word_1_523' title='bbox 1729 3668 1979 3723; x_wconf 82' lang='lat' dir='ltr'><strong>Theodo-</strong></span> 
     </span>
    </p>
   </div>
   <div class='ocr_carea' id='block_1_68' title="bbox 401 3758 1980 3828">
    <p class='ocr_par' dir='ltr' id='par_1_68' title="bbox 401 3758 1980 3828">
     <span class='ocr_line' id='line_1_68' title="bbox 401 3758 1980 3828; baseline 0.003 -16"><span class='ocrx_word' id='word_1_524' title='bbox 401 3761 546 3813; x_wconf 79' lang='lat' dir='ltr'><strong>rieus</strong></span> <span class='ocrx_word' id='word_1_525' title='bbox 600 3758 1099 3828; x_wconf 87' lang='lat' dir='ltr'><strong>cognominabatur,</strong></span> <span class='ocrx_word' id='word_1_526' title='bbox 1148 3759 1214 3814; x_wconf 90' lang='lat' dir='ltr'><strong>ad</strong></span> <span class='ocrx_word' id='word_1_527' title='bbox 1261 3773 1320 3814; x_wconf 88' lang='lat' dir='ltr'><strong>se</strong></span> <span class='ocrx_word' id='word_1_528' title='bbox 1350 3770 1632 3828; x_wconf 85' lang='lat' dir='ltr'><strong>suscepto,</strong></span> <span class='ocrx_word' id='word_1_529' title='bbox 1666 3769 1721 3816; x_wconf 88' lang='lat' dir='ltr'><strong>et</strong></span> <span class='ocrx_word' id='word_1_530' title='bbox 1760 3761 1980 3817; x_wconf 90' lang='lat' dir='ltr'><strong>excluso</strong></span> 
     </span>
    </p>
   </div>
   <div class='ocr_carea' id='block_1_69' title="bbox 397 3850 1979 3922">
    <p class='ocr_par' dir='ltr' id='par_1_69' title="bbox 397 3850 1979 3922">
     <span class='ocr_line' id='line_1_69' title="bbox 397 3850 1979 3922; baseline 0.003 -17"><span class='ocrx_word' id='word_1_531' title='bbox 397 3850 808 3905; x_wconf 84' lang='lat' dir='ltr'><strong>Guutchramno</strong></span> <span class='ocrx_word' id='word_1_532' title='bbox 853 3866 1001 3922; x_wconf 86' lang='lat' dir='ltr'><strong>rege,</strong></span> <span class='ocrx_word' id='word_1_533' title='bbox 1027 3850 1295 3921; x_wconf 88' lang='lat' dir='ltr'><strong>reliquum</strong></span> <span class='ocrx_word' id='word_1_534' title='bbox 1324 3853 1475 3922; x_wconf 80' lang='lat' dir='ltr'><strong>regni</strong></span> <span class='ocrx_word' id='word_1_535' title='bbox 1506 3861 1773 3909; x_wconf 86' lang='lat' dir='ltr'><strong>tenerent.</strong></span> <span class='ocrx_word' id='word_1_536' title='bbox 1818 3855 1979 3910; x_wconf 77' lang='lat' dir='ltr'><strong>Multa</strong></span> 
     </span>
    </p>
   </div>
   <div class='ocr_carea' id='block_1_70' title="bbox 398 3938 1978 4017">
    <p class='ocr_par' dir='ltr' id='par_1_70' title="bbox 398 3938 1978 4017">
     <span class='ocr_line' id='line_1_70' title="bbox 398 3938 1978 4017; baseline 0.005 -21"><span class='ocrx_word' id='word_1_537' title='bbox 398 3943 561 3996; x_wconf 81' lang='lat' dir='ltr'><strong>etiam</strong></span> <span class='ocrx_word' id='word_1_538' title='bbox 582 3951 763 3997; x_wconf 88' lang='lat' dir='ltr'><strong>contra</strong></span> <span class='ocrx_word' id='word_1_539' title='bbox 788 3938 1182 3998; x_wconf 86' lang='lat' dir='ltr'><strong>Brunichildem</strong></span> <span class='ocrx_word' id='word_1_540' title='bbox 1213 3944 1450 4015; x_wconf 78' lang='lat' dir='ltr'><strong>reginam</strong></span> <span class='ocrx_word' id='word_1_541' title='bbox 1473 3945 1633 4017; x_wconf 67' lang='grc'><strong>427</strong></span> <span class='ocrx_word' id='word_1_542' title='bbox 1665 3946 1978 4013; x_wconf 88' lang='lat' dir='ltr'><strong>frementes,</strong></span> 
     </span>
    </p>
   </div>
   <div class='ocr_carea' id='block_1_71' title="bbox 400 4019 1981 4108">
    <p class='ocr_par' dir='ltr' id='par_1_71' title="bbox 400 4019 1981 4108">
     <span class='ocr_line' id='line_1_71' title="bbox 400 4019 1981 4108; baseline 0.004 -21"><span class='ocrx_word' id='word_1_543' title='bbox 400 4043 458 4087; x_wconf 93' lang='lat' dir='ltr'><strong>ut</strong></span> <span class='ocrx_word' id='word_1_544' title='bbox 483 4046 602 4087; x_wconf 83' lang='lat' dir='ltr'><strong>eam</strong></span> <span class='ocrx_word' id='word_1_545' title='bbox 638 4034 689 4087; x_wconf 93' lang='lat' dir='ltr'><strong>in</strong></span> <span class='ocrx_word' id='word_1_546' title='bbox 712 4034 1089 4088; x_wconf 87' lang='lat' dir='ltr'><strong>contumeliam</strong></span> <span class='ocrx_word' id='word_1_547' title='bbox 1120 4019 1445 4104; x_wconf 80' lang='lat' dir='ltr'><strong>redigereut,</strong></span> <span class='ocrx_word' id='word_1_548' title='bbox 1477 4037 1616 4092; x_wconf 90' lang='lat' dir='ltr'><strong>sicut</strong></span> <span class='ocrx_word' id='word_1_549' title='bbox 1655 4039 1804 4108; x_wconf 89' lang='lat' dir='ltr'><strong>prius</strong></span> <span class='ocrx_word' id='word_1_550' title='bbox 1834 4038 1981 4093; x_wconf 86' lang='lat' dir='ltr'><strong>fece-</strong></span> 
     </span>
    </p>
   </div>
   <div class='ocr_carea' id='block_1_72' title="bbox 401 4123 1980 4198">
    <p class='ocr_par' dir='ltr' id='par_1_72' title="bbox 401 4123 1980 4198">
     <span class='ocr_line' id='line_1_72' title="bbox 401 4123 1980 4198; baseline 0.005 -20"><span class='ocrx_word' id='word_1_551' title='bbox 401 4134 523 4178; x_wconf 87' lang='lat' dir='ltr'><strong>rant</strong></span> <span class='ocrx_word' id='word_1_552' title='bbox 547 4123 599 4179; x_wconf 90' lang='lat' dir='ltr'><strong>in</strong></span> <span class='ocrx_word' id='word_1_553' title='bbox 632 4124 890 4180; x_wconf 89' lang='lat' dir='ltr'><strong>viduitate</strong></span> <span class='ocrx_word' id='word_1_554' title='bbox 916 4139 1032 4180; x_wconf 90' lang='lat' dir='ltr'><strong>sua.</strong></span> <span class='ocrx_word' id='word_1_555' title='bbox 1070 4125 1413 4197; x_wconf 79' lang='lat' dir='ltr'><strong>Rauchingus</strong></span> <span class='ocrx_word' id='word_1_556' title='bbox 1443 4144 1572 4198; x_wconf 91' lang='lat' dir='ltr'><strong>ergo</strong></span> <span class='ocrx_word' id='word_1_557' title='bbox 1614 4146 1821 4186; x_wconf 79' lang='lat' dir='ltr'><strong>summa</strong></span> <span class='ocrx_word' id='word_1_558' title='bbox 1864 4131 1980 4185; x_wconf 88' lang='lat' dir='ltr'><strong>ela-</strong></span> 
     </span>
    </p>
   </div>
   <div class='ocr_carea' id='block_1_73' title="bbox 400 4218 1979 4293">
    <p class='ocr_par' dir='ltr' id='par_1_73' title="bbox 400 4218 1979 4293">
     <span class='ocr_line' id='line_1_73' title="bbox 400 4218 1979 4293; baseline 0.006 -23"><span class='ocrx_word' id='word_1_559' title='bbox 400 4227 487 4271; x_wconf 87' lang='lat' dir='ltr'><strong>tus</strong></span> <span class='ocrx_word' id='word_1_560' title='bbox 516 4218 773 4287; x_wconf 88' lang='lat' dir='ltr'><strong>potentia.</strong></span> <span class='ocrx_word' id='word_1_561' title='bbox 801 4226 858 4272; x_wconf 88' lang='lat' dir='ltr'><strong>et</strong></span> <span class='ocrx_word' id='word_1_562' title='bbox 888 4224 944 4271; x_wconf 89' lang='lat' dir='ltr'><strong>ut</strong></span> <span class='ocrx_word' id='word_1_563' title='bbox 974 4218 1043 4273; x_wconf 86' lang='lat' dir='ltr'><strong>ita</strong></span> <span class='ocrx_word' id='word_1_564' title='bbox 1073 4219 1246 4273; x_wconf 90' lang='lat' dir='ltr'><strong>dicam</strong></span> <span class='ocrx_word' id='word_1_565' title='bbox 1272 4259 1285 4283; x_wconf 91' lang='lat'><strong>,</strong></span> <span class='ocrx_word' id='word_1_566' title='bbox 1316 4219 1380 4274; x_wconf 91' lang='lat' dir='ltr'><strong>ad</strong></span> <span class='ocrx_word' id='word_1_567' title='bbox 1413 4220 1578 4290; x_wconf 76' lang='lat' dir='ltr'><strong>ipsius</strong></span> <span class='ocrx_word' id='word_1_568' title='bbox 1609 4223 1800 4293; x_wconf 87' lang='lat' dir='ltr'><strong>regalis</strong></span> <span class='ocrx_word' id='word_1_569' title='bbox 1828 4239 1979 4292; x_wconf 80' lang='lat' dir='ltr'><strong>scep-</strong></span> 
     </span>
    </p>
   </div>
   <div class='ocr_carea' id='block_1_74' title="bbox 400 4310 1981 4383">
    <p class='ocr_par' dir='ltr' id='par_1_74' title="bbox 400 4310 1981 4383">
     <span class='ocr_line' id='line_1_74' title="bbox 400 4310 1981 4383; baseline 0.004 -19"><span class='ocrx_word' id='word_1_570' title='bbox 400 4319 469 4365; x_wconf 89' lang='lat' dir='ltr'><strong>trt</strong></span> <span class='ocrx_word' id='word_1_571' title='bbox 507 4325 566 4365; x_wconf 89' lang='lat' dir='ltr'><strong>se</strong></span> <span class='ocrx_word' id='word_1_572' title='bbox 600 4310 809 4379; x_wconf 85' lang='lat' dir='ltr'><strong>jactans</strong></span> <span class='ocrx_word' id='word_1_573' title='bbox 833 4311 1060 4381; x_wconf 83' lang='lat' dir='ltr'><strong>gloriam</strong></span> <span class='ocrx_word' id='word_1_574' title='bbox 1095 4311 1374 4380; x_wconf 86' lang='lat' dir='ltr'><strong>pervenire</strong></span> <span class='ocrx_word' id='word_1_575' title='bbox 1397 4352 1413 4377; x_wconf 91' lang='lat'><strong>,</strong></span> <span class='ocrx_word' id='word_1_576' title='bbox 1467 4314 1567 4367; x_wconf 85' lang='lat' dir='ltr'><strong>iter</strong></span> <span class='ocrx_word' id='word_1_577' title='bbox 1609 4324 1870 4383; x_wconf 70' lang='lat' dir='ltr'><strong>prmparat</strong></span> <span class='ocrx_word' id='word_1_578' title='bbox 1914 4316 1981 4370; x_wconf 86' lang='lat' dir='ltr'><strong>ad</strong></span> 
     </span>
    </p>
   </div>
   <div class='ocr_carea' id='block_1_75' title="bbox 395 4406 1975 4479">
    <p class='ocr_par' dir='ltr' id='par_1_75' title="bbox 395 4406 1975 4479">
     <span class='ocr_line' id='line_1_75' title="bbox 395 4406 1975 4479; baseline 0 -16"><span class='ocrx_word' id='word_1_579' title='bbox 395 4407 798 4463; x_wconf 74' lang='lat' dir='ltr'><strong>Cltildeliertum</strong></span> <span class='ocrx_word' id='word_1_580' title='bbox 846 4422 1024 4477; x_wconf 87' lang='lat' dir='ltr'><strong>regem</strong></span> <span class='ocrx_word' id='word_1_581' title='bbox 1063 4406 1371 4471; x_wconf 76' lang='lat' dir='ltr'><strong>accedendi,</strong></span> <span class='ocrx_word' id='word_1_582' title='bbox 1417 4417 1473 4461; x_wconf 95' lang='lat' dir='ltr'><strong>ut</strong></span> <span class='ocrx_word' id='word_1_583' title='bbox 1513 4408 1792 4462; x_wconf 90' lang='lat' dir='ltr'><strong>consilium</strong></span> <span class='ocrx_word' id='word_1_584' title='bbox 1834 4410 1975 4479; x_wconf 92' lang='lat' dir='ltr'><strong>quod</strong></span> 
     </span>
    </p>
   </div>
   <div class='ocr_carea' id='block_1_76' title="bbox 2086 3218 3648 3290">
    <p class='ocr_par' dir='ltr' id='par_1_76' title="bbox 2086 3218 3648 3290">
     <span class='ocr_line' id='line_1_76' title="bbox 2086 3218 3648 3290; baseline -0.002 -17"><span class='ocrx_word' id='word_1_585' title='bbox 2086 3231 2297 3289; x_wconf 71' lang='lat' dir='ltr'><strong>putans.</strong></span> <span class='ocrx_word' id='word_1_586' title='bbox 2331 3221 2484 3275; x_wconf 81' lang='lat' dir='ltr'><strong>i’neri</strong></span> <span class='ocrx_word' id='word_1_587' title='bbox 2513 3235 2641 3275; x_wconf 88' lang='lat' dir='ltr'><strong>vero</strong></span> <span class='ocrx_word' id='word_1_588' title='bbox 2666 3221 2754 3290; x_wconf 90' lang='lat' dir='ltr'><strong>qui</strong></span> <span class='ocrx_word' id='word_1_589' title='bbox 2783 3221 2932 3275; x_wconf 90' lang='lat' dir='ltr'><strong>missi</strong></span> <span class='ocrx_word' id='word_1_590' title='bbox 2960 3236 2987 3273; x_wconf 92' lang='lat' dir='ltr'><strong>a</strong></span> <span class='ocrx_word' id='word_1_591' title='bbox 3012 3236 3136 3290; x_wconf 84' lang='lat' dir='ltr'><strong>rege</strong></span> <span class='ocrx_word' id='word_1_592' title='bbox 3170 3221 3381 3276; x_wconf 91' lang='lat' dir='ltr'><strong>fuerant</strong></span> <span class='ocrx_word' id='word_1_593' title='bbox 3408 3221 3471 3273; x_wconf 88' lang='lat' dir='ltr'><strong>ad</strong></span> <span class='ocrx_word' id='word_1_594' title='bbox 3492 3218 3648 3287; x_wconf 90' lang='lat' dir='ltr'><strong>requi-</strong></span> 
     </span>
    </p>
   </div>
   <div class='ocr_carea' id='block_1_77' title="bbox 2085 3310 3648 3381">
    <p class='ocr_par' dir='ltr' id='par_1_77' title="bbox 2085 3310 3648 3381">
     <span class='ocr_line' id='line_1_77' title="bbox 2085 3310 3648 3381; baseline -0.003 -17"><span class='ocrx_word' id='word_1_595' title='bbox 2085 3313 2280 3367; x_wconf 90' lang='lat' dir='ltr'><strong>rendas</strong></span> <span class='ocrx_word' id='word_1_596' title='bbox 2312 3326 2397 3367; x_wconf 90' lang='lat' dir='ltr'><strong>res</strong></span> <span class='ocrx_word' id='word_1_597' title='bbox 2426 3310 2573 3381; x_wconf 86' lang='lat' dir='ltr'><strong>ejus,</strong></span> <span class='ocrx_word' id='word_1_598' title='bbox 2606 3321 2747 3365; x_wconf 86' lang='lat' dir='ltr'><strong>tanta</strong></span> <span class='ocrx_word' id='word_1_599' title='bbox 2795 3311 2847 3364; x_wconf 91' lang='lat' dir='ltr'><strong>in</strong></span> <span class='ocrx_word' id='word_1_600' title='bbox 2881 3311 3147 3366; x_wconf 83' lang='lat' dir='ltr'><strong>thesauris</strong></span> <span class='ocrx_word' id='word_1_601' title='bbox 3194 3312 3343 3367; x_wconf 89' lang='lat' dir='ltr'><strong>illius</strong></span> <span class='ocrx_word' id='word_1_602' title='bbox 3374 3311 3648 3381; x_wconf 76' lang='lat' dir='ltr'><strong>reperiunt.</strong></span> 
     </span>
    </p>
   </div>
   <div class='ocr_carea' id='block_1_78' title="bbox 2084 3393 3648 3474">
    <p class='ocr_par' dir='ltr' id='par_1_78' title="bbox 2084 3393 3648 3474">
     <span class='ocr_line' id='line_1_78' title="bbox 2084 3393 3648 3474; baseline -0.006 -16"><span class='ocrx_word' id='word_1_603' title='bbox 2084 3414 2279 3474; x_wconf 85' lang='lat' dir='ltr'><strong>quanta</strong></span> <span class='ocrx_word' id='word_1_604' title='bbox 2313 3418 2411 3458; x_wconf 90' lang='lat' dir='ltr'><strong>nec</strong></span> <span class='ocrx_word' id='word_1_605' title='bbox 2433 3403 2485 3457; x_wconf 93' lang='lat' dir='ltr'><strong>iu</strong></span> <span class='ocrx_word' id='word_1_606' title='bbox 2526 3404 2643 3471; x_wconf 91' lang='lat' dir='ltr'><strong>ipso</strong></span> <span class='ocrx_word' id='word_1_607' title='bbox 2675 3398 2848 3457; x_wconf 74' lang='lat' dir='ltr'><strong>azrarii</strong></span> <span class='ocrx_word' id='word_1_608' title='bbox 2901 3403 3097 3471; x_wconf 89' lang='lat' dir='ltr'><strong>publici</strong></span> <span class='ocrx_word' id='word_1_609' title='bbox 3132 3415 3348 3473; x_wconf 88' lang='lat' dir='ltr'><strong>regesto</strong></span> <span class='ocrx_word' id='word_1_610' title='bbox 3381 3393 3648 3472; x_wconf 64' lang='lat' dir='ltr'><strong>poterantf</strong></span> 
     </span>
    </p>
   </div>
   <div class='ocr_carea' id='block_1_79' title="bbox 2084 3493 3652 3564">
    <p class='ocr_par' dir='ltr' id='par_1_79' title="bbox 2084 3493 3652 3564">
     <span class='ocr_line' id='line_1_79' title="bbox 2084 3493 3652 3564; baseline -0.005 -15"><span class='ocrx_word' id='word_1_611' title='bbox 2084 3494 2333 3559; x_wconf 87' lang='lat' dir='ltr'><strong>inveniri,</strong></span> <span class='ocrx_word' id='word_1_612' title='bbox 2375 3494 2515 3562; x_wconf 92' lang='lat' dir='ltr'><strong>quod</strong></span> <span class='ocrx_word' id='word_1_613' title='bbox 2561 3504 2728 3548; x_wconf 85' lang='lat' dir='ltr'><strong>totum</strong></span> <span class='ocrx_word' id='word_1_614' title='bbox 2778 3493 2917 3562; x_wconf 86' lang='lat' dir='ltr'><strong>regis</strong></span> <span class='ocrx_word' id='word_1_615' title='bbox 2953 3495 3340 3563; x_wconf 82' lang='lat' dir='ltr'><strong>conspectibus</strong></span> <span class='ocrx_word' id='word_1_616' title='bbox 3385 3501 3652 3564; x_wconf 68' lang='lat' dir='ltr'><strong>praesenta-</strong></span> 
     </span>
    </p>
   </div>
   <div class='ocr_carea' id='block_1_80' title="bbox 2084 3586 3650 3655">
    <p class='ocr_par' dir='ltr' id='par_1_80' title="bbox 2084 3586 3650 3655">
     <span class='ocr_line' id='line_1_80' title="bbox 2084 3586 3650 3655; baseline -0.006 -13"><span class='ocrx_word' id='word_1_617' title='bbox 2084 3595 2229 3642; x_wconf 91' lang='lat' dir='ltr'><strong>runt.</strong></span> <span class='ocrx_word' id='word_1_618' title='bbox 2262 3586 2394 3640; x_wconf 84' lang='lat' dir='ltr'><strong>Nam</strong></span> <span class='ocrx_word' id='word_1_619' title='bbox 2423 3600 2490 3641; x_wconf 92' lang='lat' dir='ltr'><strong>eo</strong></span> <span class='ocrx_word' id='word_1_620' title='bbox 2514 3586 2623 3648; x_wconf 86' lang='lat' dir='ltr'><strong>die,</strong></span> <span class='ocrx_word' id='word_1_621' title='bbox 2656 3600 2762 3655; x_wconf 93' lang='lat' dir='ltr'><strong>quo</strong></span> <span class='ocrx_word' id='word_1_622' title='bbox 2786 3586 2869 3640; x_wconf 87' lang='lat' dir='ltr'><strong>hic</strong></span> <span class='ocrx_word' id='word_1_623' title='bbox 2894 3587 3206 3641; x_wconf 85' lang='lat' dir='ltr'><strong>interfectus</strong></span> <span class='ocrx_word' id='word_1_624' title='bbox 3233 3598 3339 3653; x_wconf 89' lang='lat' dir='ltr'><strong>est,</strong></span> <span class='ocrx_word' id='word_1_625' title='bbox 3368 3592 3516 3641; x_wconf 89' lang='lat' dir='ltr'><strong>erant</strong></span> <span class='ocrx_word' id='word_1_626' title='bbox 3540 3595 3650 3636; x_wconf 85' lang='lat' dir='ltr'><strong>cum</strong></span> 
     </span>
    </p>
   </div>
   <div class='ocr_carea' id='block_1_81' title="bbox 2084 3672 3654 3747">
    <p class='ocr_par' dir='ltr' id='par_1_81' title="bbox 2084 3672 3654 3747">
     <span class='ocr_line' id='line_1_81' title="bbox 2084 3672 3654 3747; baseline -0.005 -16"><span class='ocrx_word' id='word_1_627' title='bbox 2084 3692 2209 3746; x_wconf 80' lang='lat' dir='ltr'><strong>rege</strong></span> <span class='ocrx_word' id='word_1_628' title='bbox 2234 3677 2382 3731; x_wconf 91' lang='lat' dir='ltr'><strong>multi</strong></span> <span class='ocrx_word' id='word_1_629' title='bbox 2415 3676 2748 3731; x_wconf 87' lang='lat' dir='ltr'><strong>Turonorum</strong></span> <span class='ocrx_word' id='word_1_630' title='bbox 2777 3685 2937 3747; x_wconf 88' lang='lat' dir='ltr'><strong>atque</strong></span> <span class='ocrx_word' id='word_1_631' title='bbox 2968 3676 3337 3741; x_wconf 84' lang='lat' dir='ltr'><strong>Pictavorutn,</strong></span> <span class='ocrx_word' id='word_1_632' title='bbox 3385 3675 3452 3730; x_wconf 91' lang='lat' dir='ltr'><strong>de</strong></span> <span class='ocrx_word' id='word_1_633' title='bbox 3476 3672 3654 3744; x_wconf 87' lang='lat' dir='ltr'><strong>quibus</strong></span> 
     </span>
    </p>
   </div>
   <div class='ocr_carea' id='block_1_82' title="bbox 2085 3765 3654 3836">
    <p class='ocr_par' dir='ltr' id='par_1_82' title="bbox 2085 3765 3654 3836">
     <span class='ocr_line' id='line_1_82' title="bbox 2085 3765 3654 3836; baseline -0.004 -13"><span class='ocrx_word' id='word_1_634' title='bbox 2085 3768 2193 3823; x_wconf 90' lang='lat' dir='ltr'><strong>tale</strong></span> <span class='ocrx_word' id='word_1_635' title='bbox 2224 3768 2324 3822; x_wconf 81' lang='lat' dir='ltr'><strong>fuit</strong></span> <span class='ocrx_word' id='word_1_636' title='bbox 2352 3768 2637 3823; x_wconf 82' lang='lat' dir='ltr'><strong>consilium</strong></span> <span class='ocrx_word' id='word_1_637' title='bbox 2664 3808 2680 3833; x_wconf 94' lang='lat'><strong>,</strong></span> <span class='ocrx_word' id='word_1_638' title='bbox 2727 3768 2857 3820; x_wconf 89' lang='lat' dir='ltr'><strong>utsi</strong></span> <span class='ocrx_word' id='word_1_639' title='bbox 2899 3765 3095 3820; x_wconf 88' lang='lat' dir='ltr'><strong>malum</strong></span> <span class='ocrx_word' id='word_1_640' title='bbox 3138 3766 3247 3822; x_wconf 89' lang='lat' dir='ltr'><strong>hoc</strong></span> <span class='ocrx_word' id='word_1_641' title='bbox 3276 3766 3531 3836; x_wconf 85' lang='lat' dir='ltr'><strong>perficere</strong></span> <span class='ocrx_word' id='word_1_642' title='bbox 3572 3776 3654 3829; x_wconf 84' lang='lat' dir='ltr'><strong>po-</strong></span> 
     </span>
    </p>
   </div>
   <div class='ocr_carea' id='block_1_83' title="bbox 2087 3857 3656 3927">
    <p class='ocr_par' dir='ltr' id='par_1_83' title="bbox 2087 3857 3656 3927">
     <span class='ocr_line' id='line_1_83' title="bbox 2087 3857 3656 3927; baseline -0.005 -14"><span class='ocrx_word' id='word_1_643' title='bbox 2087 3860 2337 3923; x_wconf 88' lang='lat' dir='ltr'><strong>tuissent,</strong></span> <span class='ocrx_word' id='word_1_644' title='bbox 2372 3858 2455 3913; x_wconf 89' lang='lat' dir='ltr'><strong>bis</strong></span> <span class='ocrx_word' id='word_1_645' title='bbox 2486 3858 2711 3913; x_wconf 81' lang='lat' dir='ltr'><strong>subditis</strong></span> <span class='ocrx_word' id='word_1_646' title='bbox 2737 3858 3021 3926; x_wconf 87' lang='lat' dir='ltr'><strong>supplicio,</strong></span> <span class='ocrx_word' id='word_1_647' title='bbox 3060 3857 3311 3914; x_wconf 88' lang='lat' dir='ltr'><strong>dicerent</strong></span> <span class='ocrx_word' id='word_1_648' title='bbox 3335 3858 3455 3927; x_wconf 87' lang='lat' dir='ltr'><strong>quia</strong></span> <span class='ocrx_word' id='word_1_649' title='bbox 3481 3870 3543 3911; x_wconf 90' lang='lat' dir='ltr'><strong>ex</strong></span> <span class='ocrx_word' id='word_1_650' title='bbox 3570 3868 3656 3907; x_wconf 88' lang='lat' dir='ltr'><strong>vo-</strong></span> 
     </span>
    </p>
   </div>
   <div class='ocr_carea' id='block_1_84' title="bbox 2084 3947 3655 4019">
    <p class='ocr_par' dir='ltr' id='par_1_84' title="bbox 2084 3947 3655 4019">
     <span class='ocr_line' id='line_1_84' title="bbox 2084 3947 3655 4019; baseline -0.004 -16"><span class='ocrx_word' id='word_1_651' title='bbox 2084 3948 2165 4003; x_wconf 85' lang='lat' dir='ltr'><strong>bis</strong></span> <span class='ocrx_word' id='word_1_652' title='bbox 2208 3948 2307 4003; x_wconf 88' lang='lat' dir='ltr'><strong>fuit</strong></span> <span class='ocrx_word' id='word_1_653' title='bbox 2333 3950 2421 4018; x_wconf 90' lang='lat' dir='ltr'><strong>qui</strong></span> <span class='ocrx_word' id='word_1_654' title='bbox 2455 3964 2632 4018; x_wconf 87' lang='lat' dir='ltr'><strong>regem</strong></span> <span class='ocrx_word' id='word_1_655' title='bbox 2679 3958 2921 4002; x_wconf 88' lang='lat' dir='ltr'><strong>nostrum</strong></span> <span class='ocrx_word' id='word_1_656' title='bbox 2954 3947 3251 4014; x_wconf 88' lang='lat' dir='ltr'><strong>interemit,</strong></span> <span class='ocrx_word' id='word_1_657' title='bbox 3286 3949 3471 4019; x_wconf 90' lang='lat' dir='ltr'><strong>eisque</strong></span> <span class='ocrx_word' id='word_1_658' title='bbox 3498 3947 3655 4000; x_wconf 87' lang='lat' dir='ltr'><strong>diver-</strong></span> 
     </span>
    </p>
   </div>
   <div class='ocr_carea' id='block_1_85' title="bbox 2084 4032 3658 4108">
    <p class='ocr_par' dir='ltr' id='par_1_85' title="bbox 2084 4032 3658 4108">
     <span class='ocr_line' id='line_1_85' title="bbox 2084 4032 3658 4108; baseline -0.003 -15"><span class='ocrx_word' id='word_1_659' title='bbox 2084 4040 2161 4095; x_wconf 78' lang='lat' dir='ltr'><strong>sis</strong></span> <span class='ocrx_word' id='word_1_660' title='bbox 2186 4040 2463 4108; x_wconf 80' lang='lat' dir='ltr'><strong>suppliciis</strong></span> <span class='ocrx_word' id='word_1_661' title='bbox 2495 4032 2802 4103; x_wconf 84' lang='lat' dir='ltr'><strong>trucidatis,</strong></span> <span class='ocrx_word' id='word_1_662' title='bbox 2835 4040 3036 4093; x_wconf 77' lang='lat' dir='ltr'><strong>ultores</strong></span> <span class='ocrx_word' id='word_1_663' title='bbox 3060 4054 3119 4093; x_wconf 82' lang='lat' dir='ltr'><strong>sc</strong></span> <span class='ocrx_word' id='word_1_664' title='bbox 3144 4055 3255 4093; x_wconf 85' lang='lat' dir='ltr'><strong>met</strong></span> <span class='ocrx_word' id='word_1_665' title='bbox 3272 4041 3343 4093; x_wconf 91' lang='lat' dir='ltr'><strong>tis</strong></span> <span class='ocrx_word' id='word_1_666' title='bbox 3372 4038 3529 4108; x_wconf 64' lang='lat' dir='ltr'><strong>regia:</strong></span> <span class='ocrx_word' id='word_1_667' title='bbox 3552 4048 3658 4089; x_wconf 82' lang='lat' dir='ltr'><strong>esse</strong></span> 
     </span>
    </p>
   </div>
   <div class='ocr_carea' id='block_1_86' title="bbox 2079 4129 3653 4200">
    <p class='ocr_par' dir='ltr' id='par_1_86' title="bbox 2079 4129 3653 4200">
     <span class='ocr_line' id='line_1_86' title="bbox 2079 4129 3653 4200; baseline -0.003 -16"><span class='ocrx_word' id='word_1_668' title='bbox 2079 4132 2368 4200; x_wconf 86' lang='lat' dir='ltr'><strong>jactarent.</strong></span> <span class='ocrx_word' id='word_1_669' title='bbox 2425 4129 2534 4186; x_wconf 90' lang='lat' dir='ltr'><strong>Sed</strong></span> <span class='ocrx_word' id='word_1_670' title='bbox 2595 4130 2738 4184; x_wconf 89' lang='lat' dir='ltr'><strong>Deus</strong></span> <span class='ocrx_word' id='word_1_671' title='bbox 2782 4132 3121 4199; x_wconf 89' lang='lat' dir='ltr'><strong>omnipotens</strong></span> <span class='ocrx_word' id='word_1_672' title='bbox 3166 4131 3398 4187; x_wconf 85' lang='lat' dir='ltr'><strong>consilia</strong></span> <span class='ocrx_word' id='word_1_673' title='bbox 3447 4142 3653 4187; x_wconf 87' lang='lat' dir='ltr'><strong>eorum,</strong></span> 
     </span>
    </p>
   </div>
   <div class='ocr_carea' id='block_1_87' title="bbox 2085 4216 3657 4294">
    <p class='ocr_par' dir='ltr' id='par_1_87' title="bbox 2085 4216 3657 4294">
     <span class='ocr_line' id='line_1_87' title="bbox 2085 4216 3657 4294; baseline -0.003 -19"><span class='ocrx_word' id='word_1_674' title='bbox 2085 4225 2210 4293; x_wconf 86' lang='lat' dir='ltr'><strong>quia</strong></span> <span class='ocrx_word' id='word_1_675' title='bbox 2240 4224 2419 4294; x_wconf 86' lang='lat' dir='ltr'><strong>iniqua</strong></span> <span class='ocrx_word' id='word_1_676' title='bbox 2440 4233 2616 4290; x_wconf 87' lang='lat' dir='ltr'><strong>erant,</strong></span> <span class='ocrx_word' id='word_1_677' title='bbox 2656 4223 2961 4291; x_wconf 84' lang='lat' dir='ltr'><strong>dissipavit,</strong></span> <span class='ocrx_word' id='word_1_678' title='bbox 2991 4223 3348 4293; x_wconf 79' lang='lat' dir='ltr'><strong>implevitque</strong></span> <span class='ocrx_word' id='word_1_679' title='bbox 3379 4220 3506 4277; x_wconf 89' lang='lat' dir='ltr'><strong>illud</strong></span> <span class='ocrx_word' id='word_1_680' title='bbox 3532 4216 3657 4289; x_wconf 89' lang='lat' dir='ltr'><strong>quod</strong></span> 
     </span>
    </p>
   </div>
   <div class='ocr_carea' id='block_1_88' title="bbox 2084 4310 3662 4384">
    <p class='ocr_par' dir='ltr' id='par_1_88' title="bbox 2084 4310 3662 4384">
     <span class='ocr_line' id='line_1_88' title="bbox 2084 4310 3662 4384; baseline -0.008 -13"><span class='ocrx_word' id='word_1_681' title='bbox 2084 4319 2341 4384; x_wconf 78' lang='lat' dir='ltr'><strong>scriptum</strong></span> <span class='ocrx_word' id='word_1_682' title='bbox 2370 4325 2455 4369; x_wconf 89' lang='lat' dir='ltr'><strong>est</strong></span> <span class='ocrx_word' id='word_1_683' title='bbox 2480 4332 2492 4366; x_wconf 91' lang='lat'><strong>:</strong></span> <span class='ocrx_word' id='word_1_684' title='bbox 2519 4314 2650 4378; x_wconf 81' lang='lat' dir='ltr'><strong>Quia</strong></span> <span class='ocrx_word' id='word_1_685' title='bbox 2680 4314 2879 4383; x_wconf 75' lang='lat' dir='ltr'><strong>foveam</strong></span> <span class='ocrx_word' id='word_1_686' title='bbox 2905 4330 3059 4384; x_wconf 78' lang='lat' dir='ltr'><strong>quant</strong></span> <span class='ocrx_word' id='word_1_687' title='bbox 3102 4314 3262 4381; x_wconf 75' lang='lat' dir='ltr'><strong>fratri</strong></span> <span class='ocrx_word' id='word_1_688' title='bbox 3312 4313 3547 4382; x_wconf 76' lang='lat' dir='ltr'><strong>parabis.</strong></span> <span class='ocrx_word' id='word_1_689' title='bbox 3590 4310 3662 4361; x_wconf 83' lang='lat' dir='ltr'><strong>iu-</strong></span> 
     </span>
    </p>
   </div>
   <div class='ocr_carea' id='block_1_89' title="bbox 2084 4400 3659 4482">
    <p class='ocr_par' dir='ltr' id='par_1_89' title="bbox 2084 4400 3659 4482">
     <span class='ocr_line' id='line_1_89' title="bbox 2084 4400 3659 4482; baseline -0.004 -25"><span class='ocrx_word' id='word_1_690' title='bbox 2084 4404 2221 4458; x_wconf 78' lang='lat' dir='ltr'><strong>cides</strong></span> <span class='ocrx_word' id='word_1_691' title='bbox 2244 4405 2296 4457; x_wconf 87' lang='lat' dir='ltr'><strong>in</strong></span> <span class='ocrx_word' id='word_1_692' title='bbox 2325 4420 2438 4457; x_wconf 80' lang='lat' dir='ltr'><strong>eam</strong></span> <span class='ocrx_word' id='word_1_693' title='bbox 2475 4401 2664 4475; x_wconf 81' lang='lat' dir='ltr'><strong>(Eccli.</strong></span> <span class='ocrx_word' id='word_1_694' title='bbox 2696 4419 2859 4482; x_wconf 50' lang='lat' dir='ltr'><strong>xxv&quot;,</strong></span> <span class='ocrx_word' id='word_1_695' title='bbox 2891 4403 3004 4471; x_wconf 73' lang='lat'><strong>29).</strong></span> <span class='ocrx_word' id='word_1_696' title='bbox 3036 4403 3091 4457; x_wconf 90' lang='lat' dir='ltr'><strong>ln</strong></span> <span class='ocrx_word' id='word_1_697' title='bbox 3122 4404 3303 4458; x_wconf 88' lang='lat' dir='ltr'><strong>locum</strong></span> <span class='ocrx_word' id='word_1_698' title='bbox 3327 4413 3504 4457; x_wconf 81' lang='lat' dir='ltr'><strong>tamen</strong></span> <span class='ocrx_word' id='word_1_699' title='bbox 3530 4400 3659 4453; x_wconf 77' lang='lat' dir='ltr'><strong>Rau-</strong></span> 
     </span>
    </p>
   </div>
   <div class='ocr_carea' id='block_1_90' title="bbox 404 4483 3658 4568">
    <p class='ocr_par' dir='ltr' id='par_1_90' title="bbox 404 4483 3658 4568">
     <span class='ocr_line' id='line_1_90' title="bbox 404 4483 3658 4568; baseline -0.004 -14"><span class='ocrx_word' id='word_1_700' title='bbox 404 4499 596 4554; x_wconf 84' lang='lat' dir='ltr'><strong>iuierat</strong></span> <span class='ocrx_word' id='word_1_701' title='bbox 625 4507 807 4566; x_wconf 86' lang='lat' dir='ltr'><strong>posset</strong></span> <span class='ocrx_word' id='word_1_702' title='bbox 832 4498 1075 4568; x_wconf 83' lang='lat' dir='ltr'><strong>explere.</strong></span> <span class='ocrx_word' id='word_1_703' title='bbox 1109 4496 1214 4553; x_wconf 88' lang='lat' dir='ltr'><strong>Sed</strong></span> <span class='ocrx_word' id='word_1_704' title='bbox 1245 4497 1418 4565; x_wconf 76' lang='lat' dir='ltr'><strong>pietas</strong></span> <span class='ocrx_word' id='word_1_705' title='bbox 1447 4497 1658 4552; x_wconf 89' lang='lat' dir='ltr'><strong>Domini</strong></span> <span class='ocrx_word' id='word_1_706' title='bbox 1686 4498 1799 4553; x_wconf 75' lang='lat' dir='ltr'><strong>lucc</strong></span> <span class='ocrx_word' id='word_1_707' title='bbox 1822 4500 1982 4554; x_wconf 86' lang='lat' dir='ltr'><strong>verba</strong></span> <span class='ocrx_word' id='word_1_708' title='bbox 2015 4483 2064 4544; x_wconf 76' lang='grc' dir='ltr'><strong>ί)</strong></span> <span class='ocrx_word' id='word_1_709' title='bbox 2089 4495 2268 4565; x_wconf 85' lang='lat' dir='ltr'><strong>cltingi</strong></span> <span class='ocrx_word' id='word_1_710' title='bbox 2311 4494 2697 4564; x_wconf 86' lang='lat' dir='ltr'><strong>Magnoualdus</strong></span> <span class='ocrx_word' id='word_1_711' title='bbox 2739 4493 2989 4563; x_wconf 84' lang='lat' dir='ltr'><strong>dirigitur</strong></span> <span class='ocrx_word' id='word_1_712' title='bbox 3016 4494 3147 4548; x_wconf 69' lang='lat' dir='ltr'><strong>dux.</strong></span> <span class='ocrx_word' id='word_1_713' title='bbox 3191 4494 3316 4549; x_wconf 86' lang='lat' dir='ltr'><strong>.lam</strong></span> <span class='ocrx_word' id='word_1_714' title='bbox 3347 4495 3488 4547; x_wconf 89' lang='lat' dir='ltr'><strong>enim</strong></span> <span class='ocrx_word' id='word_1_715' title='bbox 3519 4489 3658 4546; x_wconf 84' lang='lat' dir='ltr'><strong>Ursio</strong></span> 
     </span>
    </p>
   </div>
   <div class='ocr_carea' id='block_1_91' title="bbox 401 4590 1988 4661">
    <p class='ocr_par' dir='ltr' id='par_1_91' title="bbox 401 4590 1988 4661">
     <span class='ocr_line' id='line_1_91' title="bbox 401 4590 1988 4661; baseline 0.001 -16"><span class='ocrx_word' id='word_1_716' title='bbox 401 4594 454 4646; x_wconf 92' lang='lat' dir='ltr'><strong>in</strong></span> <span class='ocrx_word' id='word_1_717' title='bbox 477 4608 634 4646; x_wconf 91' lang='lat' dir='ltr'><strong>aures</strong></span> <span class='ocrx_word' id='word_1_718' title='bbox 666 4591 1053 4646; x_wconf 86' lang='lat' dir='ltr'><strong>Guntcbramni</strong></span> <span class='ocrx_word' id='word_1_719' title='bbox 1085 4590 1228 4661; x_wconf 84' lang='lat' dir='ltr'><strong>regis</strong></span> <span class='ocrx_word' id='word_1_720' title='bbox 1252 4590 1398 4659; x_wconf 90' lang='lat' dir='ltr'><strong>prius</strong></span> <span class='ocrx_word' id='word_1_721' title='bbox 1429 4590 1700 4659; x_wconf 90' lang='lat' dir='ltr'><strong>imposuit.</strong></span> <span class='ocrx_word' id='word_1_722' title='bbox 1728 4590 1827 4659; x_wconf 84' lang='lat' dir='ltr'><strong>Qui</strong></span> <span class='ocrx_word' id='word_1_723' title='bbox 1859 4594 1988 4647; x_wconf 89' lang='lat' dir='ltr'><strong>mis-</strong></span> 
     </span>
    </p>
   </div>
   <div class='ocr_carea' id='block_1_92' title="bbox 399 4681 1985 4754">
    <p class='ocr_par' dir='ltr' id='par_1_92' title="bbox 399 4681 1985 4754">
     <span class='ocr_line' id='line_1_92' title="bbox 399 4681 1985 4754; baseline 0.002 -17"><span class='ocrx_word' id='word_1_724' title='bbox 399 4686 474 4737; x_wconf 87' lang='lat' dir='ltr'><strong>sis</strong></span> <span class='ocrx_word' id='word_1_725' title='bbox 497 4684 697 4739; x_wconf 85' lang='lat' dir='ltr'><strong>nuntiis</strong></span> <span class='ocrx_word' id='word_1_726' title='bbox 723 4684 859 4738; x_wconf 88' lang='lat' dir='ltr'><strong>clam</strong></span> <span class='ocrx_word' id='word_1_727' title='bbox 904 4683 969 4737; x_wconf 91' lang='lat' dir='ltr'><strong>ad</strong></span> <span class='ocrx_word' id='word_1_728' title='bbox 1009 4681 1415 4738; x_wconf 85' lang='lat' dir='ltr'><strong>Childebertnm</strong></span> <span class='ocrx_word' id='word_1_729' title='bbox 1459 4698 1671 4754; x_wconf 89' lang='lat' dir='ltr'><strong>regem,</strong></span> <span class='ocrx_word' id='word_1_730' title='bbox 1718 4700 1908 4740; x_wconf 88' lang='lat' dir='ltr'><strong>omnes</strong></span> <span class='ocrx_word' id='word_1_731' title='bbox 1937 4686 1985 4740; x_wconf 91' lang='lat' dir='ltr'><strong>ei</strong></span> 
     </span>
    </p>
   </div>
   <div class='ocr_carea' id='block_1_93' title="bbox 402 4774 1984 4844">
    <p class='ocr_par' dir='ltr' id='par_1_93' title="bbox 402 4774 1984 4844">
     <span class='ocr_line' id='line_1_93' title="bbox 402 4774 1984 4844; baseline -0.001 -16"><span class='ocrx_word' id='word_1_732' title='bbox 402 4774 707 4830; x_wconf 87' lang='lat' dir='ltr'><strong>molitiones</strong></span> <span class='ocrx_word' id='word_1_733' title='bbox 737 4774 835 4829; x_wconf 85' lang='lat' dir='ltr'><strong>has</strong></span> <span class='ocrx_word' id='word_1_734' title='bbox 864 4774 916 4829; x_wconf 89' lang='lat' dir='ltr'><strong>in</strong></span> <span class='ocrx_word' id='word_1_735' title='bbox 960 4775 1199 4829; x_wconf 90' lang='lat' dir='ltr'><strong>notitiam</strong></span> <span class='ocrx_word' id='word_1_736' title='bbox 1229 4775 1425 4844; x_wconf 89' lang='lat' dir='ltr'><strong>posuit,</strong></span> <span class='ocrx_word' id='word_1_737' title='bbox 1471 4775 1656 4829; x_wconf 90' lang='lat' dir='ltr'><strong>dicens</strong></span> <span class='ocrx_word' id='word_1_738' title='bbox 1684 4792 1699 4830; x_wconf 89' lang='lat'><strong>:</strong></span> <span class='ocrx_word' id='word_1_739' title='bbox 1732 4774 1984 4830; x_wconf 83' lang='lat' dir='ltr'><strong>Accelera</strong></span> 
     </span>
    </p>
   </div>
   <div class='ocr_carea' id='block_1_94' title="bbox 398 4865 1979 4932">
    <p class='ocr_par' dir='ltr' id='par_1_94' title="bbox 398 4865 1979 4932">
     <span class='ocr_line' id='line_1_94' title="bbox 398 4865 1979 4932; baseline 0.003 -15"><span class='ocrx_word' id='word_1_740' title='bbox 398 4865 685 4930; x_wconf 83' lang='lat' dir='ltr'><strong>velociter,</strong></span> <span class='ocrx_word' id='word_1_741' title='bbox 737 4875 794 4919; x_wconf 88' lang='grc' dir='ltr'><strong>ιιι</strong></span> <span class='ocrx_word' id='word_1_742' title='bbox 830 4866 1104 4920; x_wconf 87' lang='lat' dir='ltr'><strong>videamur</strong></span> <span class='ocrx_word' id='word_1_743' title='bbox 1139 4881 1168 4919; x_wconf 91' lang='lat' dir='ltr'><strong>a</strong></span> <span class='ocrx_word' id='word_1_744' title='bbox 1214 4865 1397 4932; x_wconf 89' lang='lat' dir='ltr'><strong>nobis;</strong></span> <span class='ocrx_word' id='word_1_745' title='bbox 1456 4876 1582 4921; x_wconf 89' lang='lat' dir='ltr'><strong>sunt</strong></span> <span class='ocrx_word' id='word_1_746' title='bbox 1620 4868 1762 4921; x_wconf 89' lang='lat' dir='ltr'><strong>enim</strong></span> <span class='ocrx_word' id='word_1_747' title='bbox 1803 4882 1979 4921; x_wconf 73' lang='lat' dir='ltr'><strong>causa:</strong></span> 
     </span>
    </p>
   </div>
   <div class='ocr_carea' id='block_1_95' title="bbox 398 4956 1978 5029">
    <p class='ocr_par' dir='ltr' id='par_1_95' title="bbox 398 4956 1978 5029">
     <span class='ocr_line' id='line_1_95' title="bbox 398 4956 1978 5029; baseline -0.001 -18"><span class='ocrx_word' id='word_1_748' title='bbox 398 4974 518 5029; x_wconf 65' lang='lat' dir='ltr'><strong>quae</strong></span> <span class='ocrx_word' id='word_1_749' title='bbox 548 4957 630 5028; x_wconf 83' lang='lat' dir='ltr'><strong>agi</strong></span> <span class='ocrx_word' id='word_1_750' title='bbox 664 4957 916 5011; x_wconf 90' lang='lat' dir='ltr'><strong>dcbeaut.</strong></span> <span class='ocrx_word' id='word_1_751' title='bbox 960 4957 1029 5011; x_wconf 84' lang='lat' dir='ltr'><strong>At</strong></span> <span class='ocrx_word' id='word_1_752' title='bbox 1057 4956 1144 5010; x_wconf 90' lang='lat' dir='ltr'><strong>ille</strong></span> <span class='ocrx_word' id='word_1_753' title='bbox 1167 4956 1453 5025; x_wconf 89' lang='lat' dir='ltr'><strong>diligenter</strong></span> <span class='ocrx_word' id='word_1_754' title='bbox 1480 4956 1752 5023; x_wconf 86' lang='lat' dir='ltr'><strong>inquirens</strong></span> <span class='ocrx_word' id='word_1_755' title='bbox 1778 4972 1896 5026; x_wconf 77' lang='lat' dir='ltr'><strong>qua:</strong></span> <span class='ocrx_word' id='word_1_756' title='bbox 1929 4958 1978 5011; x_wconf 88' lang='lat' dir='ltr'><strong>ei</strong></span> 
     </span>
    </p>
   </div>
   <div class='ocr_carea' id='block_1_96' title="bbox 401 5036 1979 5117">
    <p class='ocr_par' dir='ltr' id='par_1_96' title="bbox 401 5036 1979 5117">
     <span class='ocr_line' id='line_1_96' title="bbox 401 5036 1979 5117; baseline -0.002 -11"><span class='ocrx_word' id='word_1_757' title='bbox 401 5051 639 5106; x_wconf 90' lang='lat' dir='ltr'><strong>nuntiata</strong></span> <span class='ocrx_word' id='word_1_758' title='bbox 674 5050 908 5113; x_wconf 81' lang='lat' dir='ltr'><strong>fuerant,</strong></span> <span class='ocrx_word' id='word_1_759' title='bbox 941 5036 1174 5116; x_wconf 86' lang='lat' dir='ltr'><strong>veraque</strong></span> <span class='ocrx_word' id='word_1_760' title='bbox 1206 5062 1327 5102; x_wconf 88' lang='lat' dir='ltr'><strong>esse</strong></span> <span class='ocrx_word' id='word_1_761' title='bbox 1353 5061 1703 5117; x_wconf 87' lang='lat' dir='ltr'><strong>cognoscens,</strong></span> <span class='ocrx_word' id='word_1_762' title='bbox 1730 5049 1979 5103; x_wconf 88' lang='lat' dir='ltr'><strong>arcessiri</strong></span> 
     </span>
    </p>
   </div>
   <div class='ocr_carea' id='block_1_97' title="bbox 471 5179 1980 5247">
    <p class='ocr_par' dir='ltr' id='par_1_97' title="bbox 471 5179 1980 5247">
     <span class='ocr_line' id='line_1_97' title="bbox 471 5179 1980 5247; baseline -0.001 -9"><span class='ocrx_word' id='word_1_763' title='bbox 471 5193 495 5220; x_wconf 77' lang='grc'>⁸</span> <span class='ocrx_word' id='word_1_764' title='bbox 521 5183 610 5238; x_wconf 78' lang='lat' dir='ltr'><strong>Sic</strong></span> <span class='ocrx_word' id='word_1_765' title='bbox 637 5183 829 5237; x_wconf 85' lang='lat' dir='ltr'><strong>habent</strong></span> <span class='ocrx_word' id='word_1_766' title='bbox 860 5180 1044 5247; x_wconf 90' lang='lat' dir='ltr'><strong>scripti</strong></span> <span class='ocrx_word' id='word_1_767' title='bbox 1071 5189 1123 5234; x_wconf 92' lang='lat' dir='ltr'><strong>et</strong></span> <span class='ocrx_word' id='word_1_768' title='bbox 1146 5179 1293 5233; x_wconf 89' lang='lat' dir='ltr'><strong>editi.</strong></span> <span class='ocrx_word' id='word_1_769' title='bbox 1326 5179 1629 5244; x_wconf 71' lang='lat' dir='ltr'><strong>Legendum</strong></span> <span class='ocrx_word' id='word_1_770' title='bbox 1656 5189 1835 5236; x_wconf 90' lang='lat' dir='ltr'><strong>tamen</strong></span> <span class='ocrx_word' id='word_1_771' title='bbox 1859 5196 1980 5237; x_wconf 85' lang='lat' dir='ltr'><strong>esse</strong></span> 
     </span>
    </p>
   </div>
   <div class='ocr_carea' id='block_1_98' title="bbox 401 5252 1978 5321">
    <p class='ocr_par' dir='ltr' id='par_1_98' title="bbox 401 5252 1978 5321">
     <span class='ocr_line' id='line_1_98' title="bbox 401 5252 1978 5321; baseline 0 -16"><span class='ocrx_word' id='word_1_772' title='bbox 401 5252 636 5319; x_wconf 69' lang='lat' dir='ltr'><strong>videtur,</strong></span> <span class='ocrx_word' id='word_1_773' title='bbox 662 5256 859 5308; x_wconf 82' lang='lat' dir='ltr'><strong>veniam</strong></span> <span class='ocrx_word' id='word_1_774' title='bbox 888 5254 1041 5305; x_wconf 80' lang='lat' dir='ltr'><strong>miser</strong></span> <span class='ocrx_word' id='word_1_775' title='bbox 1065 5252 1126 5303; x_wconf 71' lang='lat' dir='ltr'><strong>ab</strong></span> <span class='ocrx_word' id='word_1_776' title='bbox 1149 5267 1208 5304; x_wconf 81' lang='lat' dir='ltr'><strong>ea</strong></span> <span class='ocrx_word' id='word_1_777' title='bbox 1241 5253 1460 5317; x_wconf 83' lang='lat' dir='ltr'><strong>precari,</strong></span> <span class='ocrx_word' id='word_1_778' title='bbox 1504 5266 1620 5314; x_wconf 90' lang='lat' dir='ltr'><strong>seu,</strong></span> <span class='ocrx_word' id='word_1_779' title='bbox 1652 5254 1849 5305; x_wconf 78' lang='lat' dir='ltr'><strong>veniam</strong></span> <span class='ocrx_word' id='word_1_780' title='bbox 1884 5270 1978 5321; x_wconf 81' lang='lat' dir='ltr'><strong>pro</strong></span> 
     </span>
    </p>
   </div>
   <div class='ocr_carea' id='block_1_99' title="bbox 402 5323 1983 5393">
    <p class='ocr_par' dir='ltr' id='par_1_99' title="bbox 402 5323 1983 5393">
     <span class='ocr_line' id='line_1_99' title="bbox 402 5323 1983 5393; baseline 0.001 -20"><span class='ocrx_word' id='word_1_781' title='bbox 402 5325 584 5375; x_wconf 67' lang='lat' dir='ltr'><strong>misero</strong></span> <span class='ocrx_word' id='word_1_782' title='bbox 612 5326 810 5393; x_wconf 84' lang='lat' dir='ltr'><strong>precari</strong></span> <span class='ocrx_word' id='word_1_783' title='bbox 834 5326 896 5377; x_wconf 88' lang='lat' dir='ltr'><strong>ab</strong></span> <span class='ocrx_word' id='word_1_784' title='bbox 932 5340 992 5377; x_wconf 87' lang='lat' dir='ltr'><strong>ea</strong></span> <span class='ocrx_word' id='word_1_785' title='bbox 1019 5338 1193 5391; x_wconf 71' lang='lat' dir='ltr'><strong>quam,</strong></span> <span class='ocrx_word' id='word_1_786' title='bbox 1217 5330 1309 5375; x_wconf 88' lang='lat' dir='ltr'><strong>aut</strong></span> <span class='ocrx_word' id='word_1_787' title='bbox 1347 5323 1559 5387; x_wconf 88' lang='lat' dir='ltr'><strong>saltem,</strong></span> <span class='ocrx_word' id='word_1_788' title='bbox 1588 5324 1786 5375; x_wconf 82' lang='lat' dir='ltr'><strong>veniam</strong></span> <span class='ocrx_word' id='word_1_789' title='bbox 1830 5325 1983 5376; x_wconf 75' lang='lat' dir='ltr'><strong>miser</strong></span> 
     </span>
    </p>
   </div>
   <div class='ocr_carea' id='block_1_100' title="bbox 436 5410 639 5443">
    <p class='ocr_par' dir='ltr' id='par_1_100' title="bbox 436 5410 639 5443">
     <span class='ocr_line' id='line_1_100' title="bbox 436 5410 639 5443; baseline 0.01 -2"><span class='ocrx_word' id='word_1_790' title='bbox 436 5410 593 5443; x_wconf 78' lang='lat' dir='ltr'><strong>rerart</strong></span> <span class='ocrx_word' id='word_1_791' title='bbox 624 5412 639 5443; x_wconf 75' lang='grc' dir='ltr'><strong>ί</strong></span> 
     </span>
    </p>
   </div>
   <div class='ocr_carea' id='block_1_101' title="bbox 398 5409 1983 5531">
    <p class='ocr_par' dir='ltr' id='par_1_101' title="bbox 398 5409 1983 5531">
     <span class='ocr_line' id='line_1_101' title="bbox 398 5409 1869 5463; baseline 0.012 -23"><span class='ocrx_word' id='word_1_792' title='bbox 398 5409 593 5463; x_wconf 81' lang='lat' dir='ltr'><strong>prerart</strong></span> <span class='ocrx_word' id='word_1_793' title='bbox 624 5412 792 5456; x_wconf 82' lang='lat' dir='ltr'><strong>quant.</strong></span> <span class='ocrx_word' id='word_1_794' title='bbox 1854 5450 1869 5457; x_wconf 92' lang='lat'><strong>-</strong></span> 
     </span>
     <span class='ocr_line' id='line_1_102' title="bbox 474 5462 1983 5531; baseline 0 -15"><span class='ocrx_word' id='word_1_795' title='bbox 474 5462 498 5499; x_wconf 68' lang='grc'><strong>³³</strong></span> <span class='ocrx_word' id='word_1_796' title='bbox 533 5462 690 5516; x_wconf 84' lang='lat' dir='ltr'><strong>Frelt.</strong></span> <span class='ocrx_word' id='word_1_797' title='bbox 723 5465 818 5526; x_wconf 89' lang='lat' dir='ltr'><strong>al.,</strong></span> <span class='ocrx_word' id='word_1_798' title='bbox 846 5463 1069 5528; x_wconf 75' lang='lat' dir='ltr'><strong>pati-ini;</strong></span> <span class='ocrx_word' id='word_1_799' title='bbox 1100 5462 1191 5516; x_wconf 91' lang='lat' dir='ltr'><strong>sed</strong></span> <span class='ocrx_word' id='word_1_800' title='bbox 1224 5477 1484 5531; x_wconf 83' lang='lat' dir='ltr'><strong>nusquam</strong></span> <span class='ocrx_word' id='word_1_801' title='bbox 1516 5463 1613 5517; x_wconf 88' lang='lat' dir='ltr'><strong>hac</strong></span> <span class='ocrx_word' id='word_1_802' title='bbox 1654 5476 1783 5514; x_wconf 89' lang='lat' dir='ltr'><strong>voce</strong></span> <span class='ocrx_word' id='word_1_803' title='bbox 1814 5462 1983 5516; x_wconf 90' lang='lat' dir='ltr'><strong>utitur</strong></span> 
     </span>
    </p>
   </div>
   <div class='ocr_carea' id='block_1_102' title="bbox 399 5532 1974 5602">
    <p class='ocr_par' dir='ltr' id='par_1_102' title="bbox 399 5532 1974 5602">
     <span class='ocr_line' id='line_1_103' title="bbox 399 5532 1974 5602; baseline 0.002 -16"><span class='ocrx_word' id='word_1_804' title='bbox 399 5532 687 5599; x_wconf 81' lang='lat' dir='ltr'><strong>Gregorius</strong></span> <span class='ocrx_word' id='word_1_805' title='bbox 717 5534 781 5586; x_wconf 89' lang='lat' dir='ltr'><strong>ad</strong></span> <span class='ocrx_word' id='word_1_806' title='bbox 812 5532 1196 5602; x_wconf 66' lang='lat' dir='ltr'><strong>designandum</strong></span> <span class='ocrx_word' id='word_1_807' title='bbox 1220 5542 1583 5600; x_wconf 91' lang='lat' dir='ltr'><strong>susceptorem</strong></span> <span class='ocrx_word' id='word_1_808' title='bbox 1598 5548 1661 5587; x_wconf 81' lang='lat' dir='ltr'><strong>ex</strong></span> <span class='ocrx_word' id='word_1_809' title='bbox 1687 5533 1974 5602; x_wconf 87' lang='lat' dir='ltr'><strong>baptismo.</strong></span> 
     </span>
    </p>
   </div>
   <div class='ocr_carea' id='block_1_103' title="bbox 474 5601 1529 5673">
    <p class='ocr_par' dir='ltr' id='par_1_103' title="bbox 474 5601 1529 5673">
     <span class='ocr_line' id='line_1_104' title="bbox 474 5601 1529 5673; baseline 0.001 -19"><span class='ocrx_word' id='word_1_810' title='bbox 474 5615 495 5673; x_wconf 67' lang='grc' dir='ltr'><strong><em>εξ</em></strong></span> <span class='ocrx_word' id='word_1_811' title='bbox 529 5602 683 5654; x_wconf 72' lang='grc' dir='ltr'><strong>(ὶιιιί).</strong></span> <span class='ocrx_word' id='word_1_812' title='bbox 712 5618 788 5662; x_wconf 87' lang='lat' dir='ltr'><strong>a.,</strong></span> <span class='ocrx_word' id='word_1_813' title='bbox 825 5601 1155 5673; x_wconf 32' lang='lat' dir='ltr'><strong>Bert’fredtts;</strong></span> <span class='ocrx_word' id='word_1_814' title='bbox 1184 5615 1240 5657; x_wconf 90' lang='lat' dir='ltr'><strong>et</strong></span> <span class='ocrx_word' id='word_1_815' title='bbox 1268 5604 1346 5656; x_wconf 91' lang='lat' dir='ltr'><strong>sic</strong></span> <span class='ocrx_word' id='word_1_816' title='bbox 1371 5604 1529 5656; x_wconf 83' lang='lat' dir='ltr'><strong>infra.</strong></span> 
     </span>
    </p>
   </div>
   <div class='ocr_carea' id='block_1_104' title="bbox 464 5670 1979 5738">
    <p class='ocr_par' dir='ltr' id='par_1_104' title="bbox 464 5670 1979 5738">
     <span class='ocr_line' id='line_1_105' title="bbox 464 5670 1979 5738; baseline 0 -12"><span class='ocrx_word' id='word_1_817' title='bbox 464 5670 496 5711; x_wconf 68' lang='grc' dir='ltr'><strong><em>ἀ</em></strong></span> <span class='ocrx_word' id='word_1_818' title='bbox 523 5672 596 5726; x_wconf 87' lang='lat' dir='ltr'><strong>De</strong></span> <span class='ocrx_word' id='word_1_819' title='bbox 626 5675 703 5726; x_wconf 81' lang='lat' dir='ltr'><strong>liis</strong></span> <span class='ocrx_word' id='word_1_820' title='bbox 735 5670 959 5738; x_wconf 70' lang='lat' dir='ltr'><strong>Bignon.</strong></span> <span class='ocrx_word' id='word_1_821' title='bbox 988 5674 1052 5723; x_wconf 87' lang='lat' dir='ltr'><strong>ad</strong></span> <span class='ocrx_word' id='word_1_822' title='bbox 1112 5671 1269 5725; x_wconf 87' lang='lat' dir='ltr'><strong>fortn.</strong></span> <span class='ocrx_word' id='word_1_823' title='bbox 1299 5675 1356 5726; x_wconf 76' lang='lat' dir='ltr'><strong>tl</strong></span> <span class='ocrx_word' id='word_1_824' title='bbox 1415 5674 1506 5725; x_wconf 86' lang='lat' dir='ltr'><strong>lib.</strong></span> <span class='ocrx_word' id='word_1_825' title='bbox 1559 5688 1573 5726; x_wconf 91' lang='grc' dir='ltr'><strong>ι</strong></span> <span class='ocrx_word' id='word_1_826' title='bbox 1617 5672 1873 5735; x_wconf 70' lang='lat' dir='ltr'><strong>Blarcuili,</strong></span> <span class='ocrx_word' id='word_1_827' title='bbox 1922 5681 1979 5726; x_wconf 91' lang='lat' dir='ltr'><strong>et</strong></span> 
     </span>
    </p>
   </div>
   <div class='ocr_carea' id='block_1_105' title="bbox 399 5740 1977 5816">
    <p class='ocr_par' dir='ltr' id='par_1_105' title="bbox 399 5740 1977 5816">
     <span class='ocr_line' id='line_1_106' title="bbox 399 5740 1977 5816; baseline 0.001 -19"><span class='ocrx_word' id='word_1_828' title='bbox 399 5744 739 5802; x_wconf 79' lang='lat' dir='ltr'><strong>Altesct&#39;raiu</strong></span> <span class='ocrx_word' id='word_1_829' title='bbox 767 5743 907 5796; x_wconf 83' lang='lat' dir='ltr'><strong>hunc</strong></span> <span class='ocrx_word' id='word_1_830' title='bbox 923 5740 1127 5807; x_wconf 68' lang='lat' dir='ltr'><strong>locum;~</strong></span> <span class='ocrx_word' id='word_1_831' title='bbox 1151 5742 1243 5795; x_wconf 82' lang='lat' dir='ltr'><strong>sed</strong></span> <span class='ocrx_word' id='word_1_832' title='bbox 1274 5741 1440 5798; x_wconf 84' lang='lat' dir='ltr'><strong>fusius</strong></span> <span class='ocrx_word' id='word_1_833' title='bbox 1455 5746 1550 5812; x_wconf 86' lang='lat' dir='ltr'><strong>Cuj</strong></span> <span class='ocrx_word' id='word_1_834' title='bbox 1569 5749 1700 5804; x_wconf 79' lang='lat' dir='ltr'><strong>:cjos</strong></span> <span class='ocrx_word' id='word_1_835' title='bbox 1717 5749 1780 5816; x_wconf 69' lang='lat' dir='ltr'><strong>ad</strong></span> <span class='ocrx_word' id='word_1_836' title='bbox 1814 5747 1916 5811; x_wconf 81' lang='lat' dir='ltr'><strong>leg.</strong></span> <span class='ocrx_word' id='word_1_837' title='bbox 1943 5745 1977 5798; x_wconf 79' lang='lat'><strong>5</strong></span> 
     </span>
    </p>
   </div>
   <div class='ocr_carea' id='block_1_106' title="bbox 2090 4579 3658 4655">
    <p class='ocr_par' dir='ltr' id='par_1_106' title="bbox 2090 4579 3658 4655">
     <span class='ocr_line' id='line_1_107' title="bbox 2090 4579 3658 4655; baseline -0.006 -14"><span class='ocrx_word' id='word_1_838' title='bbox 2090 4597 2253 4655; x_wconf 85' lang='lat' dir='ltr'><strong>atque</strong></span> <span class='ocrx_word' id='word_1_839' title='bbox 2284 4586 2663 4640; x_wconf 79' lang='lat' dir='ltr'><strong>Bertltefredus</strong></span> <span class='ocrx_word' id='word_1_840' title='bbox 2691 4588 2821 4639; x_wconf 87' lang='lat' dir='ltr'><strong>certi</strong></span> <span class='ocrx_word' id='word_1_841' title='bbox 2865 4587 3006 4654; x_wconf 89' lang='lat' dir='ltr'><strong>quod</strong></span> <span class='ocrx_word' id='word_1_842' title='bbox 3047 4584 3400 4655; x_wconf 76' lang='lat' dir='ltr'><strong>Rattchingus</strong></span> <span class='ocrx_word' id='word_1_843' title='bbox 3426 4597 3540 4652; x_wconf 70' lang='lat' dir='ltr'><strong>qua:</strong></span> <span class='ocrx_word' id='word_1_844' title='bbox 3561 4579 3658 4633; x_wconf 80' lang='lat' dir='ltr'><strong>col-</strong></span> 
     </span>
    </p>
   </div>
   <div class='ocr_carea' id='block_1_107' title="bbox 2090 4674 3659 4744">
    <p class='ocr_par' dir='ltr' id='par_1_107' title="bbox 2090 4674 3659 4744">
     <span class='ocr_line' id='line_1_108' title="bbox 2090 4674 3659 4744; baseline -0.006 -12"><span class='ocrx_word' id='word_1_845' title='bbox 2090 4679 2252 4734; x_wconf 89' lang='lat' dir='ltr'><strong>locuti</strong></span> <span class='ocrx_word' id='word_1_846' title='bbox 2286 4676 2526 4739; x_wconf 83' lang='lat' dir='ltr'><strong>fuerant,</strong></span> <span class='ocrx_word' id='word_1_847' title='bbox 2556 4684 2736 4744; x_wconf 90' lang='lat' dir='ltr'><strong>posset</strong></span> <span class='ocrx_word' id='word_1_848' title='bbox 2763 4675 2980 4741; x_wconf 81' lang='lat' dir='ltr'><strong>explere</strong></span> <span class='ocrx_word' id='word_1_849' title='bbox 3001 4715 3016 4740; x_wconf 94' lang='lat'><strong>,</strong></span> <span class='ocrx_word' id='word_1_850' title='bbox 3045 4674 3283 4729; x_wconf 86' lang='lat' dir='ltr'><strong>collecto</strong></span> <span class='ocrx_word' id='word_1_851' title='bbox 3315 4676 3551 4728; x_wconf 89' lang='lat' dir='ltr'><strong>exercitu</strong></span> <span class='ocrx_word' id='word_1_852' title='bbox 3582 4684 3659 4722; x_wconf 82' lang='lat' dir='ltr'><strong>ve-</strong></span> 
     </span>
    </p>
   </div>
   <div class='ocr_carea' id='block_1_108' title="bbox 2093 4760 3659 4833">
    <p class='ocr_par' dir='ltr' id='par_1_108' title="bbox 2093 4760 3659 4833">
     <span class='ocr_line' id='line_1_109' title="bbox 2093 4760 3659 4833; baseline -0.007 -11"><span class='ocrx_word' id='word_1_853' title='bbox 2093 4769 2332 4824; x_wconf 86' lang='lat' dir='ltr'><strong>niebant.</strong></span> <span class='ocrx_word' id='word_1_854' title='bbox 2367 4767 2471 4820; x_wconf 76' lang='lat' dir='ltr'><strong>Sed</strong></span> <span class='ocrx_word' id='word_1_855' title='bbox 2503 4766 2785 4819; x_wconf 62' lang='lat' dir='ltr'><strong>audientes</strong></span> <span class='ocrx_word' id='word_1_856' title='bbox 2815 4764 2957 4833; x_wconf 91' lang='lat' dir='ltr'><strong>quod</strong></span> <span class='ocrx_word' id='word_1_857' title='bbox 2997 4764 3202 4819; x_wconf 91' lang='lat' dir='ltr'><strong>sci.icet</strong></span> <span class='ocrx_word' id='word_1_858' title='bbox 3235 4767 3331 4819; x_wconf 84' lang='lat' dir='ltr'><strong>tali</strong></span> <span class='ocrx_word' id='word_1_859' title='bbox 3370 4764 3557 4818; x_wconf 90' lang='lat' dir='ltr'><strong>fuisset</strong></span> <span class='ocrx_word' id='word_1_860' title='bbox 3591 4760 3659 4812; x_wconf 85' lang='lat' dir='ltr'><strong>af-</strong></span> 
     </span>
    </p>
   </div>
   <div class='ocr_carea' id='block_1_109' title="bbox 2088 4852 3663 4923">
    <p class='ocr_par' dir='ltr' id='par_1_109' title="bbox 2088 4852 3663 4923">
     <span class='ocr_line' id='line_1_110' title="bbox 2088 4852 3663 4923; baseline -0.007 -8"><span class='ocrx_word' id='word_1_861' title='bbox 2088 4860 2255 4915; x_wconf 88' lang='lat' dir='ltr'><strong>fectus</strong></span> <span class='ocrx_word' id='word_1_862' title='bbox 2303 4860 2552 4923; x_wconf 89' lang='lat' dir='ltr'><strong>interitu,</strong></span> <span class='ocrx_word' id='word_1_863' title='bbox 2612 4852 2833 4910; x_wconf 86' lang='lat' dir='ltr'><strong>adducta</strong></span> <span class='ocrx_word' id='word_1_864' title='bbox 2880 4855 3054 4909; x_wconf 86' lang='lat' dir='ltr'><strong>adhuc</strong></span> <span class='ocrx_word' id='word_1_865' title='bbox 3091 4870 3278 4910; x_wconf 89' lang='lat' dir='ltr'><strong>secum</strong></span> <span class='ocrx_word' id='word_1_866' title='bbox 3333 4854 3663 4909; x_wconf 88' lang='lat' dir='ltr'><strong>multitudine</strong></span> 
     </span>
    </p>
   </div>
   <div class='ocr_carea' id='block_1_110' title="bbox 2088 4943 3661 5017">
    <p class='ocr_par' dir='ltr' id='par_1_110' title="bbox 2088 4943 3661 5017">
     <span class='ocr_line' id='line_1_111' title="bbox 2088 4943 3661 5017; baseline -0.007 -12"><span class='ocrx_word' id='word_1_867' title='bbox 2088 4951 2384 5015; x_wconf 78' lang='lat' dir='ltr'><strong>hominum,</strong></span> <span class='ocrx_word' id='word_1_868' title='bbox 2442 4963 2561 5017; x_wconf 68' lang='lat' dir='ltr'><strong>quae</strong></span> <span class='ocrx_word' id='word_1_869' title='bbox 2611 4947 2679 5001; x_wconf 90' lang='lat' dir='ltr'><strong>ad</strong></span> <span class='ocrx_word' id='word_1_870' title='bbox 2712 4960 2809 5001; x_wconf 86' lang='lat' dir='ltr'><strong>eos</strong></span> <span class='ocrx_word' id='word_1_871' title='bbox 2865 4947 3137 5016; x_wconf 89' lang='lat' dir='ltr'><strong>pertinere</strong></span> <span class='ocrx_word' id='word_1_872' title='bbox 3178 4948 3503 5008; x_wconf 78' lang='lat' dir='ltr'><strong>videbatur,</strong></span> <span class='ocrx_word' id='word_1_873' title='bbox 3538 4943 3661 4997; x_wconf 88' lang='lat' dir='ltr'><strong>infra</strong></span> 
     </span>
    </p>
   </div>
   <div class='ocr_carea' id='block_1_111' title="bbox 2086 5035 3664 5105">
    <p class='ocr_par' dir='ltr' id='par_1_111' title="bbox 2086 5035 3664 5105">
     <span class='ocr_line' id='line_1_112' title="bbox 2086 5035 3664 5105; baseline -0.006 -10"><span class='ocrx_word' id='word_1_874' title='bbox 2086 5053 2319 5096; x_wconf 73' lang='lat' dir='ltr'><strong>castrum</strong></span> <span class='ocrx_word' id='word_1_875' title='bbox 2365 5039 2676 5095; x_wconf 64' lang='lat' dir='ltr'><strong>Vubrenses</strong></span> <span class='ocrx_word' id='word_1_876' title='bbox 2703 5080 2718 5105; x_wconf 92' lang='lat'><strong>,</strong></span> <span class='ocrx_word' id='word_1_877' title='bbox 2757 5036 2899 5105; x_wconf 92' lang='lat' dir='ltr'><strong>quod</strong></span> <span class='ocrx_word' id='word_1_878' title='bbox 2958 5035 3099 5091; x_wconf 74' lang='lat' dir='ltr'><strong>villae</strong></span> <span class='ocrx_word' id='word_1_879' title='bbox 3160 5036 3411 5092; x_wconf 86' lang='lat' dir='ltr'><strong>Ursionis</strong></span> <span class='ocrx_word' id='word_1_880' title='bbox 3463 5035 3664 5105; x_wconf 84' lang='lat' dir='ltr'><strong>propin-</strong></span> 
     </span>
    </p>
   </div>
   <div class='ocr_carea' id='block_1_112' title="bbox 2087 5167 2987 5240">
    <p class='ocr_par' dir='ltr' id='par_1_112' title="bbox 2087 5167 2987 5240">
     <span class='ocr_line' id='line_1_113' title="bbox 2087 5167 2987 5240; baseline -0.013 -9"><span class='ocrx_word' id='word_1_881' title='bbox 2087 5176 2155 5230; x_wconf 89' lang='lat' dir='ltr'><strong>de</strong></span> <span class='ocrx_word' id='word_1_882' title='bbox 2183 5188 2340 5230; x_wconf 90' lang='lat' dir='ltr'><strong>cursu</strong></span> <span class='ocrx_word' id='word_1_883' title='bbox 2372 5170 2606 5240; x_wconf 89' lang='lat' dir='ltr'><strong>publico,</strong></span> <span class='ocrx_word' id='word_1_884' title='bbox 2637 5168 2729 5240; x_wconf 88' lang='lat' dir='ltr'><strong>lib.</strong></span> <span class='ocrx_word' id='word_1_885' title='bbox 2758 5185 2829 5222; x_wconf 81' lang='lat' dir='ltr'><strong>xu</strong></span> <span class='ocrx_word' id='word_1_886' title='bbox 2852 5167 2987 5240; x_wconf 79' lang='lat' dir='ltr'><strong>Cod.</strong></span> 
     </span>
    </p>
   </div>
   <div class='ocr_carea' id='block_1_113' title="bbox 2161 5238 3662 5311">
    <p class='ocr_par' dir='ltr' id='par_1_113' title="bbox 2161 5238 3662 5311">
     <span class='ocr_line' id='line_1_114' title="bbox 2161 5238 3662 5311; baseline -0.007 -11"><span class='ocrx_word' id='word_1_887' title='bbox 2161 5255 2185 5284; x_wconf 72' lang='grc' dir='ltr'>θ</span> <span class='ocrx_word' id='word_1_888' title='bbox 2215 5238 2528 5300; x_wconf 78' lang='lat' dir='ltr'><strong>Celebratur</strong></span> <span class='ocrx_word' id='word_1_889' title='bbox 2555 5255 2642 5293; x_wconf 79' lang='lat' dir='ltr'><strong>\‘Ill</strong></span> <span class='ocrx_word' id='word_1_890' title='bbox 2691 5239 2810 5293; x_wconf 77' lang='lat' dir='ltr'><strong>Kal.</strong></span> <span class='ocrx_word' id='word_1_891' title='bbox 2836 5238 3092 5292; x_wconf 77' lang='lat' dir='ltr'><strong>Novemb.</strong></span> <span class='ocrx_word' id='word_1_892' title='bbox 3128 5240 3333 5311; x_wconf 84' lang='lat' dir='ltr'><strong>florum</strong></span> <span class='ocrx_word' id='word_1_893' title='bbox 3380 5246 3662 5311; x_wconf 79' lang='lat' dir='ltr'><strong>martyrum</strong></span> 
     </span>
    </p>
   </div>
   <div class='ocr_carea' id='block_1_114' title="bbox 2088 5308 3663 5382">
    <p class='ocr_par' dir='ltr' id='par_1_114' title="bbox 2088 5308 3663 5382">
     <span class='ocr_line' id='line_1_115' title="bbox 2088 5308 3663 5382; baseline -0.01 -11"><span class='ocrx_word' id='word_1_894' title='bbox 2088 5317 2331 5371; x_wconf 85' lang='lat' dir='ltr'><strong>memoria</strong></span> <span class='ocrx_word' id='word_1_895' title='bbox 2356 5312 2542 5382; x_wconf 76' lang='lat' dir='ltr'><strong>insigni</strong></span> <span class='ocrx_word' id='word_1_896' title='bbox 2570 5321 2867 5382; x_wconf 77' lang='lat' dir='ltr'><strong>ornamento</strong></span> <span class='ocrx_word' id='word_1_897' title='bbox 2895 5310 3287 5382; x_wconf 39' lang='lat' dir='ltr'><strong>decoratahfuit</strong></span> <span class='ocrx_word' id='word_1_898' title='bbox 3312 5327 3343 5364; x_wconf 88' lang='lat' dir='ltr'><strong>a</strong></span> <span class='ocrx_word' id='word_1_899' title='bbox 3376 5312 3533 5364; x_wconf 87' lang='lat' dir='ltr'><strong>beato</strong></span> <span class='ocrx_word' id='word_1_900' title='bbox 3566 5308 3663 5382; x_wconf 60' lang='lat' dir='ltr'><strong>tili-</strong></span> 
     </span>
    </p>
   </div>
   <div class='ocr_carea' id='block_1_115' title="bbox 2087 5377 3663 5451">
    <p class='ocr_par' dir='ltr' id='par_1_115' title="bbox 2087 5377 3663 5451">
     <span class='ocr_line' id='line_1_116' title="bbox 2087 5377 3663 5451; baseline -0.007 -13"><span class='ocrx_word' id='word_1_901' title='bbox 2087 5392 2192 5451; x_wconf 75' lang='lat' dir='ltr'><strong>gio,</strong></span> <span class='ocrx_word' id='word_1_902' title='bbox 2221 5396 2280 5438; x_wconf 93' lang='lat' dir='ltr'><strong>ut</strong></span> <span class='ocrx_word' id='word_1_903' title='bbox 2309 5377 2474 5436; x_wconf 71' lang='lat' dir='ltr'><strong>tradit</strong></span> <span class='ocrx_word' id='word_1_904' title='bbox 2514 5381 2569 5434; x_wconf 89' lang='lat' dir='ltr'><strong>S.</strong></span> <span class='ocrx_word' id='word_1_905' title='bbox 2615 5380 2901 5451; x_wconf 77' lang='lat' dir='ltr'><strong>Audo_euus</strong></span> <span class='ocrx_word' id='word_1_906' title='bbox 2929 5380 3018 5433; x_wconf 91' lang='lat' dir='ltr'><strong>lib.</strong></span> <span class='ocrx_word' id='word_1_907' title='bbox 3050 5394 3088 5432; x_wconf 89' lang='grc' dir='ltr'><strong>ιι</strong></span> <span class='ocrx_word' id='word_1_908' title='bbox 3135 5378 3271 5451; x_wconf 75' lang='lat' dir='ltr'><strong>Vita:</strong></span> <span class='ocrx_word' id='word_1_909' title='bbox 3308 5384 3431 5449; x_wconf 81' lang='lat' dir='ltr'><strong>ejus</strong></span> <span class='ocrx_word' id='word_1_910' title='bbox 3476 5393 3591 5451; x_wconf 77' lang='lat' dir='ltr'><strong>cap.</strong></span> <span class='ocrx_word' id='word_1_911' title='bbox 3615 5377 3663 5428; x_wconf 77' lang='grc' dir='ltr'><strong>Ἰ.</strong></span> 
     </span>
    </p>
   </div>
   <div class='ocr_carea' id='block_1_116' title="bbox 2088 5448 3663 5523">
    <p class='ocr_par' dir='ltr' id='par_1_116' title="bbox 2088 5448 3663 5523">
     <span class='ocr_line' id='line_1_117' title="bbox 2088 5448 3663 5523; baseline -0.01 -10"><span class='ocrx_word' id='word_1_912' title='bbox 2088 5448 2378 5523; x_wconf 79' lang='lat' dir='ltr'><strong>Ranchingi</strong></span> <span class='ocrx_word' id='word_1_913' title='bbox 2411 5468 2542 5505; x_wconf 87' lang='lat' dir='ltr'><strong>uxor</strong></span> <span class='ocrx_word' id='word_1_914' title='bbox 2572 5452 2714 5520; x_wconf 89' lang='lat' dir='ltr'><strong>prius</strong></span> <span class='ocrx_word' id='word_1_915' title='bbox 2738 5448 2947 5504; x_wconf 87' lang='lat' dir='ltr'><strong>Godino</strong></span> <span class='ocrx_word' id='word_1_916' title='bbox 2981 5458 3139 5518; x_wconf 84' lang='lat' dir='ltr'><strong>nupta</strong></span> <span class='ocrx_word' id='word_1_917' title='bbox 3163 5448 3368 5516; x_wconf 85' lang='lat' dir='ltr'><strong>fuerat,</strong></span> <span class='ocrx_word' id='word_1_918' title='bbox 3402 5466 3467 5504; x_wconf 77' lang='lat' dir='ltr'><strong>ex</strong></span> <span class='ocrx_word' id='word_1_919' title='bbox 3497 5449 3586 5501; x_wconf 90' lang='lat' dir='ltr'><strong>lib.</strong></span> <span class='ocrx_word' id='word_1_920' title='bbox 3619 5462 3663 5513; x_wconf 74' lang='grc' dir='ltr'><strong>ν,</strong></span> 
     </span>
    </p>
   </div>
   <div class='ocr_carea' id='block_1_117' title="bbox 2087 5524 3651 5585">
    <p class='ocr_par' dir='ltr' id='par_1_117' title="bbox 2087 5524 3651 5585">
     <span class='ocr_line' id='line_1_118' title="bbox 2087 5524 3651 5585; baseline -0.006 -2"><span class='ocrx_word' id='word_1_921' title='bbox 2087 5544 2205 5585; x_wconf 81' lang='lat' dir='ltr'><strong>can.</strong></span> <span class='ocrx_word' id='word_1_922' title='bbox 2246 5524 2299 5578; x_wconf 76' lang='grc'><strong>5.</strong></span> <span class='ocrx_word' id='word_1_923' title='bbox 3388 5548 3391 5549; x_wconf 53' lang='grc' dir='ltr'><em>ν</em></span> <span class='ocrx_word' id='word_1_924' title='bbox 3648 5580 3651 5585; x_wconf 55' lang='grc'><strong>,</strong></span> 
     </span>
    </p>
   </div>
   <div class='ocr_carea' id='block_1_118' title="bbox 2156 5544 3665 5661">
    <p class='ocr_par' dir='ltr' id='par_1_118' title="bbox 2156 5544 3665 5661">
     <span class='ocr_line' id='line_1_119' title="bbox 2156 5544 3665 5661; baseline -0.01 -11"><span class='ocrx_word' id='word_1_925' title='bbox 2156 5544 2332 5658; x_wconf 50' lang='grc' dir='ltr'><strong>ΨἘῨιξ,</strong></span> <span class='ocrx_word' id='word_1_926' title='bbox 2355 5599 2653 5661; x_wconf 76' lang='lat' dir='ltr'><strong>potuerant;</strong></span> <span class='ocrx_word' id='word_1_927' title='bbox 2683 5590 2892 5660; x_wconf 79' lang='lat' dir='ltr'><strong>Casin.,</strong></span> <span class='ocrx_word' id='word_1_928' title='bbox 2915 5591 3025 5661; x_wconf 75' lang='lat' dir='ltr'><strong>ipso</strong></span> <span class='ocrx_word' id='word_1_929' title='bbox 3063 5590 3250 5645; x_wconf 74' lang='lat' dir='ltr'><strong>azrario</strong></span> <span class='ocrx_word' id='word_1_930' title='bbox 3294 5590 3504 5660; x_wconf 80' lang='lat' dir='ltr'><strong>publica</strong></span> <span class='ocrx_word' id='word_1_931' title='bbox 3543 5580 3665 5657; x_wconf 62' lang='lat' dir='ltr'><strong>regis</strong></span> 
     </span>
    </p>
   </div>
   <div class='ocr_carea' id='block_1_119' title="bbox 2082 5661 2756 5736">
    <p class='ocr_par' dir='ltr' id='par_1_119' title="bbox 2082 5661 2756 5736">
     <span class='ocr_line' id='line_1_120' title="bbox 2082 5661 2756 5736; baseline -0.013 -11"><span class='ocrx_word' id='word_1_932' title='bbox 2082 5678 2223 5726; x_wconf 78' lang='grc' dir='ltr'><strong>ωηω</strong></span> <span class='ocrx_word' id='word_1_933' title='bbox 2237 5661 2496 5736; x_wconf 67' lang='lat' dir='ltr'><strong>potuerint</strong></span> <span class='ocrx_word' id='word_1_934' title='bbox 2516 5663 2566 5714; x_wconf 85' lang='lat' dir='ltr'><strong>in</strong></span> <span class='ocrx_word' id='word_1_935' title='bbox 2576 5662 2756 5736; x_wconf 70' lang='lat' dir='ltr'><strong>reniri.</strong></span> 
     </span>
    </p>
   </div>
   <div class='ocr_carea' id='block_1_120' title="bbox 2155 5728 3660 5799">
    <p class='ocr_par' dir='ltr' id='par_1_120' title="bbox 2155 5728 3660 5799">
     <span class='ocr_line' id='line_1_121' title="bbox 2155 5728 3660 5799; baseline -0.005 -11"><span class='ocrx_word' id='word_1_936' title='bbox 2155 5748 2181 5788; x_wconf 76' lang='lat' dir='ltr'><strong>s</strong></span> <span class='ocrx_word' id='word_1_937' title='bbox 2204 5728 2447 5792; x_wconf 74' lang='lat' dir='ltr'><strong>Castrum</strong></span> <span class='ocrx_word' id='word_1_938' title='bbox 2478 5731 2615 5787; x_wconf 77' lang='lat' dir='ltr'><strong>iStud</strong></span> <span class='ocrx_word' id='word_1_939' title='bbox 2639 5746 2776 5799; x_wconf 81' lang='lat' dir='ltr'><strong>pago</strong></span> <span class='ocrx_word' id='word_1_940' title='bbox 2799 5747 2990 5789; x_wconf 89' lang='lat' dir='ltr'><strong>nomen</strong></span> <span class='ocrx_word' id='word_1_941' title='bbox 3026 5731 3246 5787; x_wconf 85' lang='lat' dir='ltr'><strong>dederat</strong></span> <span class='ocrx_word' id='word_1_942' title='bbox 3281 5729 3489 5785; x_wconf 77' lang='lat' dir='ltr'><strong>Mosam</strong></span> <span class='ocrx_word' id='word_1_943' title='bbox 3536 5728 3660 5781; x_wconf 73' lang='lat' dir='ltr'><strong>iam</strong></span> 
     </span>
    </p>
   </div>
  </div>
