3920 6188
450 336 549 397 «191

1441 337 1501 393 S.
1537 333 1867 393 CRECOIIII
1910 332 2208 391 EPISCOPI
2260 288 2683 390 IIIBONENSiS
3567 350 3655 405 ζῇ

446 446 542 507 sed
576 458 712 498 nunc
736 442 917 516 [Forte
944 441 1089 515 tunc]
1113 456 1217 499 non
1247 458 1373 501 cura
1406 455 1455 517 ﬂ,
1481 448 1577 503 sed
1605 456 1792 504 natura
1820 457 2021 502 tantum
2051 450 2097 511 Α
2126 452 2302 500 autem
2329 446 2410 500 his
2431 446 2620 501 diebus
2651 447 3094 517 pertimescente;
3124 464 3299 519 regem
3326 492 3340 516 ,
3368 451 3414 509 in
3439 454 3559 513 alias
3584 477 3654 517 re-

431 537 705 591 *munitum
736 544 869 589 erat.
897 535 951 588 In
982 534 1081 590 hac
1105 550 1234 605 ergo
1264 537 1479 593 basilica
1506 553 1629 593 cum
1666 540 1829 593 rebus
1859 548 2023 609 atque

440 625 708 680 uxoribus
728 636 781 679 et
810 624 1007 679 familia
1055 640 1115 681 se
1143 626 1393 683 antedicti
1435 629 1829 684 concluserant.
1860 628 2021 684 Com-

447 725 593 769 inoto
619 730 747 784 ergo
772 717 1035 782 exercitu,
1062 717 1200 772 sicut
1235 719 1501 784 diximus,
1522 715 1897 776 Childcbcrtus
1927 735 2021 775 rex

448 806 573 859 illuc
617 805 771 875 dirigi
806 807 980 875 jubet.
1021 807 1399 865 Verumtamen
1445 812 1698 867 commeti
1741 812 2017 875 homines,

445 909 726 970 antequam
758 901 823 954 ad
851 916 945 956 eos
987 902 1335 969 accederent,
1369 904 1673 976 ubicunque
1713 912 1806 958 aut
1836 904 2019 971 villas,

443 999 537 1044 aut
561 1005 647 1045 res
668 1006 850 1044 eorum
880 992 1115 1060 reperire
1143 1002 1445 1059 potuerunt,
1479 994 1659 1048 omnia
1680 994 1933 1049 incendio
1954 1009 2019 1050 ac

446 1079 639 1148 prtedze
666 1081 1021 1134 tradiderunt.
1067 1082 1400 1138 Accedentes
1428 1091 1609 1139 autem
1647 1084 1715 1138 ad
1757 1084 1899 1141 hunc
1931 1086 2018 1138 lo-

442 1185 602 1235 cum,
644 1171 710 1224 ad
762 1181 996 1227 montem
1038 1186 1098 1226 se
1140 1174 1469 1243 proripiunt,
1499 1186 1553 1230 et
1595 1175 1865 1235 basilicam
1897 1192 2017 1231 cum

441 1264 606 1316 armis
633 1263 853 1318 vallant.
896 1265 1168 1321 llabebant
1208 1275 1387 1322 autem
1425 1268 1575 1337 quasi
1602 1266 1630 1306 ι)
1669 1268 1859 1328 ducem
1893 1279 2019 1326 tunc

444 1353 804 1423 Godegisilum
830 1398 845 1420 ,
878 1355 1007 1423 Lupi
1039 1356 1190 1411 ducis
1219 1373 1494 1429 generum.
1525 1358 1764 1430 Cumque
1803 1375 1897 1416 eos
1924 1377 2018 1416 ex-

453 1443 669 1497 trahere
711 1444 779 1499 de
824 1445 1038 1499 basilica
1072 1461 1174 1499 non
1206 1447 1478 1513 valerent,
1522 1449 1698 1519 ignem
1745 1451 2017 1520 applicare

442 1536 700 1590 nituntur.
722 1538 872 1603 Quod
893 1551 1120 1593 cernens
1140 1536 1316 1602 Ursio,
1345 1540 1618 1595 accinctus
1648 1541 1844 1611 gladio.
1874 1543 2015 1599 foras

441 1640 689 1695 egressus
715 1634 814 1679 est.
845 1625 1118 1697 Tantaque
1146 1626 1292 1682 ctedo
1323 1626 1421 1682 hos
1447 1630 1537 1699 qui
1567 1630 1881 1687 obsidebant
1902 1647 2013 1687 ma-

440 1715 623 1779 ctavit,
666 1723 724 1769 ut
763 1724 1103 1785 quotcunque
1134 1716 1185 1771 in
1215 1717 1334 1787 ejus
1364 1722 1874 1791 contemplationem
1910 1724 2009 1779 ad-

2124 532 2312 600 gioucs
2342 534 2740 590 abscesserunt.
2764 535 3012 593 Nonnulli
3039 540 3198 592 etiam
3230 554 3257 592 a
3280 542 3502 608 primatu
3526 547 3659 604 duca

2116 628 2207 699 tus
2236 625 2428 678 remoti
2476 636 2633 695 sunt,
2657 626 2710 682 in
2740 641 2971 698 quorum
3018 630 3259 684 ordinem
3297 632 3382 703 alii
3415 649 3660 695 successe-

2130 722 2276 767 runt.

2195 799 2328 859 Xlll.
2377 805 2813 861 Guntchramnns
2853 822 2983 863 vero
3024 807 3359 875 Baddonem,
3396 827 3541 880 quem
3579 829 3664 884 pm

2120 898 2344 950 crimine
2363 897 2659 966 maiestatis
2685 899 2931 968 superius
2946 900 3176 955 vinctum
3189 900 3410 955 diximus
3426 901 3549 971 (Lib.
3563 920 3664 981 vui,

2119 1002 2233 1058 cap.
2262 986 2375 1059 4i),
2407 989 2456 1041 in
2482 988 2817 1056 prtrsenﬁam
2848 1005 2999 1045 suam
3023 989 3202 1045 venire
3224 989 3418 1060 jussit;
3442 1008 3491 1048 et
3514 1004 3669 1050 trans-

2122 1077 2339 1134 miitens
2363 1096 2532 1147 usque
2578 1080 2850 1146 Parisios,
2897 1080 2971 1136 ait
3002 1100 3017 1136 :
3052 1082 3111 1139 Si
3158 1098 3280 1138 eum
3325 1100 3442 1139 cum
3486 1088 3668 1144 idoneis

2122 1169 2421 1225 hominibus
2445 1170 2807 1243 Fredegundis
2825 1173 2892 1230 ab
2916 1174 3012 1229 hac
3033 1174 3246 1230 actione
3276 1191 3379 1246 qua
3401 1176 3669 1246 impetitur,

2120 1259 2409 1315 immunem
2455 1259 2662 1329 fecerit,
2711 1263 2967 1319 abscedat
3018 1264 3174 1331 liber,
3209 1275 3263 1319 et
3313 1282 3416 1336 quo
3462 1268 3668 1324 voluerit

2118 1359 2226 1403 eat.
2257 1351 2362 1406 Sed
2384 1353 2603 1407 veniens
2630 1353 2885 1420 Parisios,
2911 1355 3093 1408 nullus
3118 1354 3185 1409 de
3217 1364 3365 1424 parte
3394 1367 3673 1413 memorata:

2117 1439 2356 1496 mulieris
2393 1441 2593 1509 adfuit,
2639 1444 2730 1514 qui
2774 1459 2898 1499 eum
2952 1446 3205 1500 idoneum
3238 1446 3462 1501 reddere
3492 1446 3674 1517 posset.

2116 1530 2266 1587 Tunc
2293 1534 2497 1588 vinctus
2519 1545 2572 1589 et
2593 1539 2795 1591 catenis
2817 1546 3090 1602 oneratus,
3113 1538 3216 1593 sub
3247 1541 3414 1592 ardua
3450 1539 3675 1594 custodis

2114 1625 2179 1677 ad
2207 1625 2391 1679 urbem
2410 1626 2835 1683 Cabillonensem
2860 1627 3111 1684 reductus
3131 1637 3240 1683 est.
3257 1628 3365 1683 Sed
3418 1639 3588 1698 postea
3607 1628 3680 1684 iu-

2116 1715 2536 1769 tercurrentibus
2559 1717 2777 1784 nuntiis,
2798 1725 2853 1772 et
2873 1719 3166 1787 prtesertim
3194 1718 3526 1773 Lrudovaldo
3549 1717 3682 1787 Baio-

435 1805 741 1870 venissent,
792 1806 967 1859 nullus
1014 1806 1198 1862 virens
1242 1822 1522 1865 remanere
1569 1812 1761 1880 possit.
1823 1813 1898 1872 lbi
1957 1806 2325 1875 etBeassino
2352 1808 2910 1877 pomitice,diniissus
2932 1809 2996 1862 ad
3020 1809 3239 1879 prepria
3263 1808 3683 1864 rediiLGraviter

435 1894 723 1950 Trudulfus
752 1906 775 1934 ο
813 1897 992 1964 palatii
1017 1898 1207 1968 regalis
1233 1911 1416 1954 comes
1439 1901 1654 1967 cecidit,
1688 1912 1741 1958 et
1769 1904 1921 1959 multi
1942 1904 2012 1961 de

434 1984 539 2059 hoc
559 1984 796 2041 exercitu
833 1989 1085 2055 prostrati
1133 2000 1281 2044 sunt.
1314 1991 1555 2061 Cumque
1584 1992 1696 2063 jam
1736 1995 1912 2050 nullus
1943 1997 2011 2055 de

431 2075 849 2132 cmde‘Ursionis
875 2088 1153 2133 erueretur
1182 2077 1234 2149 ἀ,
1258 2080 1436 2136 subito
1476 2097 1767 2151 percussus
1805 2104 1833 2140 a
1872 2103 2012 2158 que-

431 2170 553 2225 dam
582 2171 633 2224 in
665 2172 884 2236 feruore,
912 2172 1326 2244 debilitatusque
1354 2175 1419 2229 ad
1463 2185 1665 2231 terram
1693 2180 1819 2244 ruit,
1845 2190 1901 2235 et
1920 2183 2012 2239 sic

428 2277 596 2330 super
619 2276 740 2316 eum
768 2261 1046 2319 ruentibus
1071 2263 1191 2318 aliis
1214 2267 1372 2320 vitam
1393 2266 1584 2321 finivit.
1608 2269 1758 2336 Quod
1785 2286 2011 2329 cernens

432 2350 784 2419 Codegisilus,
806 2350 1038 2406 clamare
1054 2353 1219 2423 cmpit
1242 2369 1306 2409 ac
1337 2356 1518 2411 dicere
1543 2375 1555 2410 :
1582 2357 1703 2414 Fiat
1726 2376 1864 2416 nunc
1886 2378 2010 2433 pax,

431 2459 558 2498 ecce
588 2446 848 2499 maximus
875 2447 1125 2501 inimicus
1152 2449 1489 2503 dominorum
1527 2462 1834 2507 nostrorum
1866 2460 2008 2514 ruit:

432 2536 519 2591 hic
548 2552 676 2591 vero
706 2538 1085 2612 Berthel‘redus
1117 2538 1279 2594 vitam
1313 2540 1530 2597 habeat.
1562 2542 1691 2598 “me
1731 2560 1798 2599 eo
1826 2546 2009 2604 dicen-

438 2614 523 2690 te,
552 2642 671 2682 cum
700 2629 1125 2700 omnispopulus
1165 2631 1232 2685 ad
1262 2630 1617 2701 direptionem
1662 2651 1865 2699 rerum,
1892 2654 2012 2703 quae

438 2720 491 2774 in
516 2721 731 2775 basilica
767 2722 1015 2781 adunaue
1056 2723 1302 2789 fuerant,
1345 2724 1597 2795 inbiaret,
1632 2727 2012 2790 Berthefrcdus

433 2800 657 2865 inscenso
679 2813 858 2881 equite
880 2812 954 2868 ad
983 2813 1386 2870 Viridunensem
1430 2817 1619 2872 urbem
1650 2818 1871 2891 dirigit,
1909 2827 1983 2878 “ll

428 2921 532 2974 que
564 2906 613 2958 in
642 2908 875 2960 oratorio
909 2907 1048 2975 quod
1081 2909 1133 2961 in
1161 2910 1321 2963 domo
1342 2910 1713 2967 ecclesiastica
1751 2922 1868 2968 erat
1893 2953 1909 2976 ,
1939 2928 2004 2969 se

430 2997 590 3050 tutari
622 3005 834 3065 putans,
862 2998 1156 3063 prsesertim
1183 3013 1303 3057 cum
1334 3008 1386 3054 ct
1411 3000 1525 3067 ipse
1554 3002 1794 3071 pontifex
1822 3006 2010 3074 Ageri-

428 3088 604 3142 cus'in
637 3087 734 3142 hoc
774 3088 933 3159 domo
963 3089 1243 3153 resideret.
1270 3088 1440 3163 432
1478 3092 1581 3148 Sed
1628 3108 1749 3148 cum
1791 3093 2007 3152 Childc-

2117 1907 2241 1951 tunc
2273 1898 2491 1953 morbus
2512 1898 2881 1970 dysentericus
2919 1901 3056 1968 apud
3084 1900 3405 1955 Mettensem
3445 1899 3684 1954 saeviebat

2114 1989 2322 2042 urbem.
2346 1988 2388 2042 ll
2413 2003 2440 2043 s
2458 1989 2642 2044 diebus
2658 1990 2761 2044 “nos
2784 1990 2907 2043 dum
2935 1992 2999 2043 ad
3017 2005 3311 2045 occursum
3330 1990 3475 2058 regis
3509 2001 3687 2059 prope-

2113 2090 2355 2131 raremu's
2374 2117 2389 2143 ,
2422 2076 2715 2133 Wiliulfum
2740 2080 2910 2133 civem
2948 2079 3224 2134 Pictavum
3246 2119 3261 2144 ,
3290 2079 3503 2149 plenum
3530 2077 3684 2145 febre,

2114 2168 2147 2222 b
2173 2186 2215 2225 ιο
2255 2171 2440 2224 morbo
2486 2171 2813 2225 laborantem
2856 2171 3014 2225 invia
3059 2170 3413 2238 oﬂ‘endiinus,
3438 2170 3487 2223 id
3510 2178 3587 2222 est
3628 2170 3688 2220 ad

2115 2260 2473 2315 lthemensen-
2496 2261 2683 2314 urbem
2715 2278 2729 2314 :
2758 2261 2823 2314 de
2846 2276 2947 2331 qua
2976 2261 3257 2329 profectus
3285 2259 3440 2313 valde
3465 2256 3689 2313 exinani-

2115 2360 2222 2416 tus,
2240 2367 2359 2405 cum
2386 2352 2451 2405 ad
2480 2351 2639 2424 433
2657 2354 2840 2406 urbem
2876 2351 3205 2406 Parisiacam
3238 2366 3362 2406 cum
3396 2351 3501 2405 filio
3526 2350 3691 2403 uxoris

2112 2453 2222 2495 suae
2251 2442 2501 2507 venisset,
2527 2442 2665 2511 apud
2693 2444 2868 2496 villam
2926 2442 3327 2512 Rigoialensem
3360 2438 3381 2480 ί
3434 2441 3570 2494 facto
3615 2446 3690 2493 te-

2112 2542 2377 2587 stamento
2402 2534 2681 2588 defunctus
2700 2541 2815 2599 est;
2848 2548 2976 2603 puer
2990 2547 3133 2599 vero,
3167 2533 3260 2603 qui
3289 2540 3346 2587 et
3374 2532 3491 2599 ipse
3515 2529 3579 2583 ab
3603 2528 3693 2581 hoc

2113 2624 2365 2694 languore
2381 2626 2681 2693 tenebatur,
2693 2626 2820 2681 obiit
2833 2643 2846 2689 ;
2861 2636 2913 2681 et
2926 2626 3001 2681 sic
3014 2625 3223 2695 pariter
3247 2626 3300 2679 in
3317 2622 3464 2678 urbis
3478 2622 3689 2676 Pictara:

2112 2721 2273 2776 delati
2296 2723 2604 2790 terminum,
2643 2721 2884 2777 tumulati
2923 2728 3067 2776 sunt.
3099 2720 3262 2777 Uxor
3284 2733 3501 2791 quoque
3544 2714 3696 2786 ipsius

2109 2810 2333 2868 Wiliulfi
2379 2815 2533 2868 tertio
2559 2814 2836 2883 copulatur
2864 2812 3000 2877 viro,
3022 2812 3142 2867 tilio
3180 2812 3391 2866 sctlicet
3424 2808 3696 2880 Bep,ole:ri

2110 2904 2262 2959 ducis
2293 2904 2403 2975 ,qzzi
2431 2914 2485 2960 et
2514 2906 2628 2977 ipse
2653 2902 2786 2960 duas
2804 2905 2937 2974 jam,
2964 2914 3021 2959 ut
3046 2903 3272 2959 celebre
3302 2903 3494 2969 fertur,
3518 2916 3699 2957 uxores

2112 2996 2191 3049 vir
2203 3008 2262 3049 as
2290 2996 2597 3066 reliquerat.
2618 2995 2746 3051 Erat
2771 2997 2913 3052 enim
2946 2995 3076 3051 levis
3102 3006 3278 3066 atque
3306 2993 3626 3060 luxuriosus,
3650 3003 3699 3045 et

2111 3086 2237 3141 dum
2271 3087 2434 3141 nimio
2458 3086 2653 3142 ardore
2678 3085 3049 3141 fornicationis
3078 3093 3415 3147 arctaretur,
3441 3098 3504 3138 ac
3533 3082 3699 3136 relicta

438 3177 595 3235 beru)
623 3177 733 3247 regi
762 3178 1063 3234 nuntiatum
1090 3177 1313 3245 fuisset,
1340 3182 1591 3254 effugisse
1627 3184 1839 3241 scilicet
1883 3186 2008 3242 Ber-
2036 3179 2084 3244 α
2113 3177 2345 3247 conjuge
2379 3192 2501 3232 cuin
2533 3177 2835 3231 fanutlabus
2864 3176 3191 3242 secubaret,
3223 3175 3524 3231 exhorrcns
3552 3171 3702 3241 legiti-

432 3269 757 3339 thefredum,
789 3273 1067 3341 perculsus
1092 3272 1269 3327 cordis
1288 3272 1503 3340 dolore,
1526 3277 1612 3328 .ait
1635 3293 1648 3329 :
1672 3274 1730 3331 Si
1753 3277 1837 3332 hic
1865 3293 2008 3332 mor-

438 3368 543 3416 tem
568 3364 828 3428 evaserit,
857 3378 960 3427 non
984 3362 1173 3418 evadet
1196 3363 1580 3437 Godegisilus-'
1610 3382 1797 3422 manus
1836 3384 2004 3427 meas.

428 3451 710 3507 Nesciebat
740 3465 917 3509 tamen
942 3469 1033 3509 rex
1065 3468 1190 3510 eum
1219 3455 1271 3509 in
1296 3457 1514 3511 domum
1544 3459 1786 3513 ecclesiae
1812 3460 2008 3530 ingres-

428 3558 546 3595 sum
578 3542 761 3611 fuisse,
788 3544 881 3597 sed
913 3544 1068 3610 quasi
1102 3545 1153 3598 in
1179 3545 1453 3615 regionem
1476 3547 1639 3603 aliam
1675 3548 2004 3619 confugisse.

428 3634 577 3688 'i‘unc
604 3636 797 3690 timens
820 3635 1181 3703 Godegisilus,
1209 3646 1481 3693 commoto
1507 3639 1700 3697 iterum
1736 3643 1969 3697 exercitu
1987 3683 2007 3711 ,

429 3725 649 3779 domum
675 3724 919 3780 ecclesia:
945 3728 1168 3797 armatis
1198 3727 1375 3789 vallat.
1407 3729 1513 3787 Sed
1542 3744 1664 3794 cum
1687 3745 1807 3786 eum
1833 3732 2009 3801 ponti-

432 3816 515 3870 fex
542 3816 766 3872 reddere
789 3820 1050 3886 nequiret.
1066 3818 1159 3872 sed
1189 3818 1471 3877 defensare
1494 3810 1799 3886 conaretur,
1823 3836 2007 3878 ascen-

428 3907 617 3961 dentes
638 3922 800 3978 .supra
827 3919 1047 3979 tectum,
1068 3908 1282 3971 eumab
1306 3910 1433 3979 ipsis
1463 3912 1651 3983 tegulis
1672 3928 1733 3967 ac
1762 3914 2007 3970 maceriis

428 3995 536 4070 [ΑΙ.
564 3997 1068 4070 materiis],quibus
1102 4002 1394 4067 oratorium
1434 4013 1680 4072 opertum
1726 4015 1874 4071 erat,
1904 4006 2008 4061 illi-

433 4088 647 4155 dentes,
668 4089 1051 4145 interfecernnt
1075 4109 1087 4144 :
1112 4092 1290 4160 ibique
1312 4109 1427 4148 cum
1450 4095 1621 4151 tribus
1643 4098 1854 4153 famulis
1876 4114 2009 4154 mor-

429 4188 548 4235 tuus
576 4191 681 4243 est.
712 4182 931 4237 Multum
949 4200 1014 4238 ex
1046 4184 1148 4240 hoc
1172 4186 1455 4257 episeopus
1475 4188 1688 4257 dolens,
1716 4194 1857 4261 quod
1882 4208 2004 4248 eum

428 4288 532 4328 non
558 4274 729 4329 solum
758 4275 1041 4331 defensare
1071 4293 1177 4330 non
1210 4279 1402 4348 potuit,
1427 4295 1611 4335 verum
1637 4282 2004 4353 etiamqlocum

419 4366 479 4421 in
506 4380 612 4435 quo
642 4382 798 4422 orare
836 4376 1224 4435 consueverat,
1267 4379 1322 4424 et
1356 4371 1407 4425 in
1439 4387 1546 4441 quo
1585 4385 1891 4429 sanctorum
1923 4375 2004 4443 pi-

428 4473 592 4527 gnora
638 4471 920 4529 aggregata
963 4460 1210 4528 fuerant,
1256 4462 1517 4532 sanguine
1570 4465 1803 4520 humano
1845 4467 2003 4535 pollui

2112 3286 2256 3326 mum
2303 3271 2650 3335 connubinm,
2690 3270 2829 3324 aliud
2869 3269 3160 3338 expetebat
3196 3288 3208 3323 :
3247 3269 3329 3324 sic
3371 3274 3430 3324 et
3470 3263 3703 3323 secunda:

2114 3363 2241 3419 fecit
2270 3372 2323 3420 et
2348 3362 2492 3426 huic,
2520 3364 2604 3417 cui
2636 3362 2795 3417 tertio
2822 3361 3097 3432 copulatus
3126 3371 3241 3426 est,
3290 3361 3547 3433 ignorans
3574 3356 3701 3426 quod

2109 3456 2369 3522 corruptio
2441 3453 2870 3524 interruptionem
2935 3468 3037 3506 non
3101 3452 3394 3521 possidebit
3470 3449 3539 3521 (1
3590 3446 3701 3503 Cor.

2112 3558 2199 3607 xv,
2230 3542 2345 3613 50).
3646 3612 3649 3615 η

2180 3642 2315 3697 XIV.
2357 3641 2596 3697 Posthac
2625 3656 2744 3695 cum
2790 3639 3008 3711 Egidius
3037 3639 3385 3695 Rhemensis
3434 3637 3577 3693 urbis
3602 3634 3705 3703 cpi.

2107 3748 2321 3804 scopas,
2347 3732 2414 3788 de
2440 3734 2538 3787 illo
2565 3734 2788 3787 crimine
2819 3730 3115 3802 majesmtis
3146 3749 3263 3803 quo
3294 3732 3545 3802 superius
3560 3728 3706 3801 (Cap.

2112 3828 2201 3897 η)
2235 3829 2512 3884 memorati
2544 3827 2803 3897 perempti
2852 3836 2995 3892 sunt,
3046 3838 3351 3897 suspectus
3394 3825 3709 3888 haberetur,

2107 3937 2227 3977 cum
2260 3921 2469 3991 magnis
2517 3918 2827 3974 muneribus
2869 3918 2934 3973 ad
2980 3918 3412 3974 Childcbcrtum
3440 3918 3710 3977 accedens,

2110 4011 2319 4067 veniam
2358 4016 2715 4079 deprecatur:
2758 4012 2904 4081 prius
2932 4021 3109 4064 tamen
3146 4019 3509 4068 sacramenta
3552 4007 3711 4098 susci-

2108 4104 2260 4173 piens
2291 4106 2340 4157 in
2372 4101 2587 4158 basilica
2619 4105 2787 4158 sancti
2820 4103 3127 4173 Remigiis,
3163 4120 3238 4159 ne
3276 4103 3488 4174 aliquid
3515 4103 3634 4156 mali
3669 4100 3714 4153 iu

2107 4195 2297 4250 itinere
2328 4203 2625 4265 pateretur;
2659 4207 3044 4264 susceptusque
3073 4209 3102 4246 a
3138 4210 3280 4265 rege
3309 4210 3441 4250 cum
3472 4208 3600 4264 pace
3619 4190 3713 4242 dis-

2107 4289 2286 4342 cessit.
2358 4285 2550 4341 Pacem
2608 4286 2768 4341 etiam
2831 4300 2953 4341 cum
3022 4285 3183 4355 Lupo
3244 4289 3394 4342 duce
3461 4282 3715 4344 obtinuit,

2107 4393 2263 4453 quem
2293 4378 2550 4433 instinctu
2578 4379 2693 4445 eius
2727 4379 2796 4434 de
2834 4378 3147 4447 Campaniae
3186 4378 3402 4435 ducatu
3431 4391 3590 4446 supra
3620 4387 3719 4426 me-

2112 4468 2436 4522 moravimus
2464 4466 2605 4535 (Lib.
2638 4483 2708 4533 vt,
2740 4483 2857 4535 cap.
2885 4466 2944 4535 4)
2989 4468 3165 4524 fuisse
3212 4469 3539 4537 depulsum.
3585 4464 3722 4521 Unde

428 4550 577 4605 \idit.
613 4553 757 4607 Misit
785 4561 963 4608 autem
992 4552 1367 4608 Childcbcrtus
1392 4570 1485 4609 rex
1514 4571 1637 4610 cum
1671 4558 2003 4626 muneribus,
2038 4544 2087 4605 θ
2115 4574 2207 4613 rex
2252 4556 2687 4611 Guntchramnns
2732 4557 2886 4612 valde
2914 4560 2966 4613 in
2995 4560 3444 4619 amaritudinem
3477 4557 3720 4613 excitatus

429 4648 490 4692 ut
517 4644 546 4692 a
575 4655 805 4711 maerore
831 4638 1177 4698 revocaretur
1201 4660 1214 4697 :
1240 4644 1335 4699 sed
1362 4645 1833 4700 noluitconsolari.
1860 4648 2008 4703 Multi

503 4760 531 4823 fl
571 4750 713 4823 idem
746 4752 866 4809 cod.
901 4752 1113 4823 Begu,
1136 4755 1223 4809 sed
1249 4771 1348 4809 non
1371 4764 1661 4823 structura,
1684 4759 1774 4813 sed
1791 4770 2003 4815 natura.

500 4820 527 4857 δ
550 4820 762 4897 _Chesn.
789 4820 1079 4897 non_h_abet
1101 4827 1265 4893 quasi.
1291 4820 1657 4897 Codegisilurn
1678 4829 1865 4885 duceni
1893 4832 2005 4885 lau-

425 4890 519 4968 dat
550 4889 993 4968 Fortunatusiib.
1025 4908 1064 4968 t,
1086 4889 1253 4968 curm.
1274 4894 1337 4968 _6,
1360 4889 1470 4951 sed.
1495 4899 1539 4953 is
1580 4896 1907 4968 tiallimagni
1959 4903 2009 4955 ti-

2112 4659 2215 4717 est,
2247 4665 2311 4703 eo
2332 4649 2471 4719 quod
2502 4649 2549 4704 ei
2576 4649 2896 4719 promiserat
2927 4648 3133 4720 Lupus,
3172 4666 3471 4722 nunquam
3512 4665 3573 4706 se
3614 4661 3722 4703 eunt

2113 4780 2233 4843 qua:
2254 4773 2408 4843 antea
2429 4765 2598 4817 sancti
2625 4761 2995 4843 Christophori
3011 4762 3345 4843 dicebatur,
3361 4779 3454 4843 _ex_
3473 4762 3723 4843 Frodqarj

2114 4837 2205 4909 do,
2241 4835 2445 4887 tumqu
2469 4844 2523 4887 et
2552 4834 2765 4909 crebris
2804 4834 3089 4887 miraculis
3128 4835 3458 4909 beatissimi
3505 4834 3725 4909 Remigii

2115 4904 2439 4959 Francorum
2465 4904 2689 4972 apostoli
2714 4904 2972 4957 illustrata
2999 4913 3052 4958 et
3073 4905 3337 4961 celebris
3360 4905 3507 4959 facta
3530 4911 3631 4958 est.
3659 4904 3725 4952 tbi

428 4963 553 5016 liam
577 4960 1002 5034 Aduxerat._|)uas
1027 4965 1183 5028 forte,
1203 4966 1246 5019 si
1272 4966 1411 5021 idem
1448 4968 1541 5034 sit,
1573 4983 1767 5026 uxores
1798 4960 2002 5026 bvabuit.

503 5041 527 5107 ἢ
572 5032 792 5107 [ὶρκφοε
831 5030 1163 5107 Tridutphus.
1198 5030 1673 5107 Bec.,Tridul[us.

501 5098 843 5182 d‘Sic'Ba‘d"
883 5098 1537 5177 alii,cerneretur-{Regnn
1568 5098 1768 5176 autem,
1791 5127 2007 5182 cumque

442 5171 594 5226 Ursio
619 5188 651 5224 α
682 5173 823 5225 nullo
852 5187 1013 5226 emus
1033 5184 1339 5230 cerneretur.

502 5250 529 5317 ξ
571 5239 809 5317 Inmiti.
839 5257 913 5317 m_.
939 5252 993 5317 et
1015 5241 1202 5312 Regni.
1225 5245 1383 5317 deest
1402 5244 1749 5316 Godegisitus.

508 5309 716 5403 ‘3AIias
744 5309 1193 5403 Rottoialitum'aut
1223 5309 1491 5382 Rutilium,
1519 5309 1858 5403 vulgonﬂiiet,
1884 5321 2005 5403 villa

432 5381 602 5446 regia,
625 5396 779 5447 quam
810 5381 1033 5438 Carolus
1060 5384 1257 5438 Calvus
1302 5381 1639 5442 [Λουπίαι-εδ
1673 5391 1730 5445 S.
1762 5381 2003 5463 Dionysii

431 5450 673 5531 crintulit.
701 5450 801 5531 ibi.
822 5452 1084 5531 hodieque
1112 5453 1241 5531 villa
1280 5454 1590 5531 Richeliana
1625 5460 1831 5526 visitur,
1863 5476 2004 5531 prte-

431 5517 745 5595 clarissitnis
778 5517 1013 5595 fontibus
1046 5524 1291 5595 insignis,
1315 5526 1687 5595 distinguenda
1709 5545 1737 5581 a
1767 5517 1892 5585 villa
1921 5547 2008 5589 co-

432 5590 685 5710 gtlotlt'ige
714 5592 767 5642 in
792 5589 1134 5661 Normannia,
1154 5589 1339 5661 'Rueil,
1370 5596 1437 5651 de
1466 5589 1566 5665 q'ua
1588 5612 1749 5667 supra
1783 5601 1876 5656 lib.
1906 5616 2006 5667 ut,

432 5673 551 5710 ean.
614 5695 665 5710 ..

432 5673 551 5723 cap.
579 5673 665 5711 tu.

503 5733 528 5771 ε
555 5727 742 5795 Regni.
764 5737 819 5780 et
842 5726 998 5783 Colb.
1024 5745 1122 5796 m.,
1144 5735 1308 5787 sancti
1334 5733 1583 5792 Remedii.
1614 5738 1739 5795 "me
1765 5739 2005 5808 basilica,

448 5816 458 5821 ’
494 5837 517 5860 ’
541 5836 668 5888 Vide
690 5849 837 5898 supra
861 5851 1019 5891 notaui
1044 5853 1184 5905 quam
1211 5854 1400 5908 pagtum
1419 5848 1510 5901 22.5
1542 5851 1850 5911 subiecimus.
1869 5850 2003 5901 Eutr.

2111 4988 2320 5028 sacrum
2343 4974 2583 5029 Christna
2606 4983 2909 5028 asservatur
2929 4974 2996 5027 ad
3020 4987 3222 5042 regum
3256 4988 3585 5031 nostrorum
3610 4985 3728 5025 cou-

2112 5043 2536 5125 secrationem“;
2575 5051 2643 5125 et
2666 5043 2895 5125 cuidem
2938 5058 3003 5098 ex
3034 5044 3109 5125 iis
3144 5046 3452 5125 nonnulli,
3498 5045 3649 5125 _sicut

2111 5114 2312 5183 aliquot
2329 5114 2548 5183 reginae,
2564 5111 2770 5183 ibidem
2784 5111 3090 5183 inaugurati
3115 5116 3473 5170 solemnitrr
3496 5116 3726 5167 fuerunt.

2111 5184 2167 5239 In
2193 5181 2254 5256 ea
2286 5181 2416 5238 vero
2461 5181 2678 5256 basilica
2717 5197 2841 5256 non
2866 5181 3349 5256 so'tum‘plerique
3399 5185 3725 5256 Rhemoruut

2110 5252 2530 5334 archiepiscOPi,
2558 5260 2652 5307 aut
2676 5252 3161 5334 aliinviriunohiles
3193 5250 3266 5311 et'
3310 5250 3726 5334 principes,.sed

2112 5327 2274 5379 etiam
2305 5324 2726 5378 Carolomannus
2761 5323 2940 5378 Caroli
2979 5324 3045 5377 M.
3096 5323 3327 5390 frater,
3386 5323 3731 5391 nonnulliquo

2112 5397 2200 5448 alii
2234 5394 2556 5448 Francorum
2587 5407 2741 5463 reges
2768 5407 2820 5448 et
2846 5395 3039 5463 reginae
3081 5396 3311 5462 sepulti
3336 5408 3495 5451 sunt.
3528 5394 3611 5450 ου
3647 5406 3731 5463 cu:

2111 5465 2199 5533 jus
2228 5465 2592 5533 celebritatem
2622 5460 2677 5516 et
2699 5460 3099 5533 prterogativns,
3160 5460 3253 5519 'ab
3278 5468 3447 5520 annis
3467 5468 3600 5520 circ.
3635 5460 3733 5515 600

2112 5531 2769 5612 archim’otiasteriiltitulo
2795 5531 3044 5612 gaudi-ti
3096 5534 3393 5607 hodieque
3430 5539 3733 5612 perseverat

2114 5605 2216 5677 sub
2235 5604 2424 5677 ordine
2450 5603 2912 5677 sancti__Be_neu_icti
2936 5616 2987 5677 et
3006 5602 3523 5677 (iongregisancti
3553 5602 3731 5677 Mauri:

2116 5675 2273 5728 Plura
2296 5674 2341 5726 si
2371 5673 2542 5739 cupis,
2572 5671 2661 5727 adi
2694 5672 3081 5736 Frodoardum,
3120 5668 3229 5729 aut
3248 5668 3510 5732 VMarlm.
3534 5684 3678 5731 tutuo
3713 5668 3732 5724 Ι

2117 5743 2424 5813 Metropolis
2451 5742 2791 5810 Rhemensis,
2815 5743 2904 5798 lib.
2929 5758 3007 5809 Ill,
3038 5755 3175 5813 cap.
3208 5744 3335 5803 ﬁet
3358 5761 3521 5820 seqq.
