3974 6174
306 390 405 448 ιπ

1264 386 1587 449 HISTORIA
1625 377 2078 443 FRANCORUM.
2121 378 2326 436 LIBER
2361 377 2609 435 NONUS.

3466 374 3572 432 494

304 505 488 561 eodem
536 518 721 578 pacem
753 505 1033 573 facturum,
1070 506 1193 590 qui?
1238 504 1429 560 luisset
1465 502 1613 575 regis
1640 499 1887 571 cognitus
1921 500 1966 552 A
1993 506 2264 590 secessum
2292 500 2416 548 exta
2463 488 2925 560 bistoriograplius‘
2951 490 3187 548 narravit
3236 491 3498 551 Eusebius
3517 492 3573 551 ⁸.

308 613 433 651 ιλιιθ
443 610 578 651 16118.

380 686 494 743 XV.
550 687 711 757 Igitur
762 701 830 741 eo
873 696 1112 754 tempore
1140 687 1194 741 in
1253 685 1503 755 Hispania
1556 681 1892 751 Richaredus

311 793 424 842 rex.
453 785 809 844 compunctus
838 776 1185 832 miseratione
1211 775 1417 839 divina.
1448 775 1756 829 convocatis
1775 772 1894 843 epi-

312 868 487 939 scopis
516 867 791 938 religionis
815 882 948 936 sum,
980 867 1092 923 ait:
1124 866 1233 922 Cur
1262 867 1398 922 inter
1428 880 1521 920 vos
1550 874 1607 921 et
1646 863 1896 920 sacerdo—

315 968 391 1014 tes
416 957 557 1022 illos,
586 957 677 1027 qui
707 971 766 1013 se
800 956 1093 1013 catholicos
1115 957 1328 1024 dicunt,
1360 956 1562 1025 jugiter
1586 955 1894 1009 scandalum

314 1057 671 1117 propagatur:
705 1056 759 1102 et
787 1062 910 1102 cum
944 1047 1016 1102 i'li
1049 1062 1145 1118 per
1185 1046 1340 1102 ﬁdem
1372 1061 1521 1099 suam
1559 1046 1706 1108 signa
1734 1043 1897 1100 multa

316 1136 618 1203 ostendant,
646 1152 743 1191 vos
771 1136 903 1191 nihil
936 1137 1039 1192 tale
1069 1151 1230 1207 agere
1252 1138 1474 1204 potestis
1499 1137 1560 1189 ατ
1590 1137 1701 1200 Qua
1746 1134 1813 1188 de
1840 1148 1900 1189 re

319 1227 613 1291 convenite,
636 1240 841 1295 quasso,
871 1225 1033 1297 434
1054 1225 1235 1288 simul,
1264 1234 1319 1279 et
1346 1224 1597 1280 discussis
1625 1226 1900 1294 utriusque

322 1318 480 1388 partis
498 1316 928 1381 credulitatibus,
956 1330 1077 1387 qua:
1103 1332 1225 1370 vera
1250 1327 1371 1369 sunt
1392 1330 1816 1384 cognoscamus;
1844 1322 1903 1370 et

323 1422 445 1471 tunc
473 1417 565 1463 aut
600 1417 817 1476 accepta
846 1407 922 1462 illi
951 1422 980 1461 a
1008 1407 1156 1463 vobis
1188 1408 1393 1463 ratione
1419 1422 1483 1463 ea
1522 1406 1745 1463 credant
1781 1420 1902 1477 quae

324 1501 519 1566 dicitis,
547 1507 641 1554 aut
667 1509 815 1554 certe
844 1513 939 1553 vos
964 1499 1033 1553 ab
1062 1499 1167 1554 illis
1195 1499 1472 1555 veritatem
1504 1511 1856 1569 agnoscentes
1879 1540 1896 1564 ,

323 1609 435 1664 quas
464 1591 873 1663 prmdicaverint
913 1605 1009 1645 vos
1036 1591 1289 1646 credatis.
1336 1591 1488 1659 Quod
1534 1606 1654 1646 cum
1704 1590 1903 1647 factum

1994 580 2100 639 Sed
2130 597 2249 637 cum
2272 583 2386 637 hare
2415 582 2608 651 populo
2628 590 2788 638 sectze
2806 596 2919 637 sua:
2936 582 3158 639 credere
3179 600 3284 640 non
3307 588 3578 659 sineret‘,

1939 671 1943 677 '
1996 680 2053 725 ct
2094 671 2163 726 ad
2210 672 2648 727 consentiendum
2675 673 2727 727 ei
2759 687 3049 742 paucorum
3078 672 3279 731 {averet
3312 677 3578 752 adulatio,

1995 770 2292 817 commotus
2320 760 2461 827 felle,
2480 763 2753 832 ingressus
2772 762 2827 818 in
2849 764 3101 821 cellulam
3126 781 3299 827 suam.
3322 769 3578 826 inclinato

1996 868 2160 923 super
2187 855 2439 909 lectulum
2468 857 2666 923 capite,
2715 868 2941 927 nequam
2986 860 3233 929 spiritum
3281 861 3575 921 exhalavit.

1998 945 2195 1012 Sicque
2228 946 2602 1002 hereticorum
2626 948 2875 1017 populus,
2911 949 2963 1004 in
2993 950 3105 1018 ipsa
3130 953 3435 1008 consistens
3455 969 3580 1023 pro-

1999 1033 2194 1098 vincia,
2237 1035 2644 1104 inseparabilem
2691 1036 3005 1093 Trinitatem
3052 1039 3352 1110 confessus,
3392 1042 3461 1099 ab
3490 1060 3581 1099 er-

2001 1140 2122 1182 rore
2150 1125 2415 1182 discessit.

2075 1215 2216 1271 XVI.
2270 1216 2512 1275 Posthmc
2554 1218 2890 1278 Ricliaredus
2942 1223 3264 1295 legationem
3307 1229 3374 1284 ad
3409 1229 3584 1286 Gunt-

2001 1308 2316 1363 cliramnum
2350 1318 2512 1381 atque
2536 1311 2603 1366 ad
2633 1310 3028 1371 Childebertum
3056 1317 3249 1373 direxit
3280 1321 3425 1389 pacis
3465 1336 3585 1394 gra-

2004 1398 2099 1462 tia,
2131 1406 2192 1452 ut
2218 1399 2443 1465 scilicet,
2477 1401 2616 1456 sicut
2641 1402 2694 1456 in
2739 1403 2844 1459 title
2885 1420 2945 1459 se
2972 1409 3248 1462 asserebat
3278 1427 3464 1476 unum,
3513 1415 3588 1470 ita

2003 1496 2060 1544 et
2086 1487 2346 1543 cbaritate
2367 1506 2426 1545 se
2442 1502 2715 1560 praestaret
2747 1496 2973 1552 unitum.
3000 1496 3107 1553 Sed
3134 1518 3161 1553 a
3184 1499 3589 1559 Guntcbramno

2004 1594 2131 1651 rege
2188 1583 2387 1651 repulsi
2439 1594 2586 1650 sunt,
2639 1586 2851 1643 dicente
2898 1607 2913 1644 :
2964 1591 3187 1657 Qualem
3246 1595 3376 1650 mihi
3427 1598 3587 1653 ﬁdem

324 1684 528 1748 tum“,
558 1684 897 1752 congregans
924 1683 1198 1750 “musque
1255 1683 1421 1751 panis
1465 1682 1753 1753 episcopis,
1782 1697 1906 1753 ριιο.
2007 1674 2319 1741 promittere
2353 1686 2599 1744 possunt.
2640 1688 2733 1733 aut
2779 1684 3224 1750 quemadmodum
3251 1702 3281 1741 a
3313 1705 3403 1744 me
3439 1693 3586 1747 credi

324 1786 613 1847 ροευεηιηι
642 1774 878 1830 [uel-emi
906 1775 996 1830 in,
1020 1789 1142 1842 qua;
1169 1775 1365 1844 sapius
1386 1775 1453 1829 ab
1481 1775 1610 1843 ipsis
1632 1774 1771 1829 diem
1790 1773 1902 1844 jam
2007 1764 2227 1831 debent,
2257 1768 2347 1835 qui
2380 1777 2593 1836 neptem
2626 1785 2800 1825 meam
2831 1772 3117 1842 lngundem
3149 1780 3199 1830 in
3225 1779 3589 1840 captivitatem

323 1866 655 1936 scripsimus”
703 1864 961 1920 Simili,"
992 1863 1386 1934 responderunt
1422 1863 1657 1933 episcopi
1706 1873 1905 1918 nostra
1939 1874 1985 1933 Β
2015 1856 2366 1922 tradiderunt,
2403 1868 2449 1913 et
2479 1875 2572 1927 per
2602 1876 2789 1917 corum
2822 1865 3058 1932 insidiae,
3086 1881 3143 1922 et
3171 1869 3249 1923 vir
3276 1871 3393 1940 ejus
3420 1872 3590 1926 inter-

327 1959 598 2029 religionis
622 1972 683 2014 ea
712 1959 781 2013 de
810 1960 1004 2029 quibus
1045 1959 1419 2015 haereticorum
1450 1969 1652 2029 partem
1676 1959 1911 2029 plerum-

2025 1947 2184 2003 iectus
2229 1959 2332 2015 cst,
2380 1963 2433 2005 et
2465 1951 2576 2020 ipsa
2606 1953 2659 2005 in
2686 1956 3114 2022 peregrinatione
3161 1958 3446 2017 defuncta?
3474 1963 3591 2019 Non

324 2066 426 2120 que
456 2051 650 2104 victam
683 2048 837 2104 libris
884 2049 1254 2119 superioribus
1297 2049 1827 2118 demonstravimus;
1853 2058 1912 2105 et

2025 2041 2213 2109 recipio
2258 2055 2386 2111 ergo
2418 2043 2734 2112 legationem
2768 2044 3078 2115 Ricbaredi,
3113 2048 3286 2106 donec
3334 2068 3423 2108 me
3454 2054 3592 2109 Deus

327 2144 617 2215 ρηεεωίηι
644 2159 765 2198 cum
796 2158 892 2199 rex
920 2143 1125 2200 dicem
1157 2143 1537 2215 (ιυοά-ηυιιωη
1571 2143 1782 2214 signum
1824 2157 1914 2197 sa-
2015 2130 2197 2185 ulcisci
2243 2132 2426 2201 jubeat
2450 2134 2516 2187 dc
2548 2134 2628 2188 his
2659 2134 2907 2191 inimicis.
2940 2138 3068 2193 Haec
3096 2142 3254 2209 legati
3281 2144 3590 2212 audientes,

328 2233 509 2289 niuatis
535 2248 697 2302 super
725 2232 974 2290 inﬁrmos
1017 2233 1087 2290 ab
1132 2234 1509 2289 haereticorum
1538 2236 1913 2289 ostenderetur

2025 2223 2078 2276 ad
2130 2223 2532 2279 Cliildebertum
2586 2227 3014 2297 proﬁciscuntur,
3059 2247 3220 2302 aquo
3257 2243 3316 2290 et
3369 2237 3422 2290 in
3465 2254 3595 2307 pace

328 2326 620 2395 episcopis,
652 2341 715 2383 ac
756 2327 810 2383 in
851 2328 1111 2384 ωεηιοι-ει
1156 2328 1445 2399 [epirum
1470 2328 1738 2398 ηηηιίιετ,
1776 2337 1915 2382 iam.
2017 2314 2226 2381 excepti
2257 2323 2402 2377 sunt,
2434 2314 2710 2372 dicentes:
2746 2317 2870 2373 Vult
2895 2335 2955 2375 se
2982 2320 3234 2379 dotitinus
3265 2339 3468 2392 noster,
3495 2327 3597 2381 fra-

330 2431 458 2487 pore
483 2416 743 2486 genitoris
763 2417 864 2482 sui,
888 2406 1179 2489 episcopus
1192 2420 1283 2488 qui
1311 2434 1370 2474 se
1386 2418 1627 2489 jactabat
1638 2433 1735 2490 per
1755 2417 1914 2473 ﬁdem

331 2524 437 2565 non
483 2518 684 2567 rectam
711 2511 874 2567 caecis
916 2511 1203 2567 restituere
1242 2512 1457 2579 lumen,
1490 2518 1634 2565 tacto
1680 2524 1825 2568 caeco
1863 2517 1919 2565 et

330 2603 556 2659 θεάωιί
609 2612 880 2672 perpetuae
927 2601 1185 2659 damnato
1212 2601 1579 2658 'discessisset
1628 2599 1917 2664 confusus.

330 2692 472 2761 quod
488 2707 589 2749 nos
603 2693 656 2749 in
684 2693 823 2749 libro
838 2691 1217 2749 Iliraculnrum
1239 2692 1448 2764 plenius
1462 2690 1852 2746 declaravimus
1866 2688 1919 2754 δ.

330 2781 541 2837 vocavit
565 2781 633 2837 ad
674 2796 736 2838 se
776 2795 1019 2837 seorsum
1062 2781 1372 2837 sacerdotes
1403 2780 1517 2835 Dei.
1550 2779 1759 2846 Quibus
1799 2794 1923 2849 per-

330 2875 607 2937 scrutatis,
636 2871 889 2943 cognovit
912 2886 1073 2927 unutn
1104 2871 1275 2927 Deum
1314 2870 1415 2925 sub
1443 2870 1791 2925 distinctione
1814 2868 1921 2924 coli

332 2978 687 3035 personarum
719 2964 899 3031 trium,
944 2962 1000 3018 id
1036 2971 1124 3019 est
1158 2962 1335 3018 Patris
1363 2970 1420 3017 ct
1466 2960 1584 3017 Filii
1614 2970 1669 3018 et
1693 2960 1924 3030 Spiritus

330 3054 541 3120 sancti;
575 3069 681 3109 nec
723 3055 985 3109 minorem
1030 3050 1224 3109 Filium
1255 3052 1413 3107 Patre
1441 3050 1750 3122 Spirituque
1793 3066 1923 3105 san-

2019 2411 2099 2458 tcr
2127 2412 2247 2458 tuus
2276 2404 2628 2474 Ilicliaredus,
2657 2407 2727 2464 de
2757 2408 2860 2466 boc
2886 2412 3112 2471 crimine
3150 2431 3350 2471 exuere
3374 2419 3519 2489 quod
3547 2420 3599 2475 ei

2020 2494 2331 2561 imponitur,
2366 2497 2516 2566 quasi
2562 2498 2614 2553 in
2662 2514 2886 2557 mortem
2935 2505 3139 2561 sororis
3176 2517 3370 2565 vestrae
3410 2509 3602 2569 fuisset

2019 2589 2302 2656 conscius;
2333 2590 2401 2646 de
2426 2606 2551 2662 quo,
2585 2605 2944 2664 sacramento,
2969 2597 3016 2652 si
3041 2600 3228 2666 vultis,
3255 2611 3350 2655 aut
3367 2603 3604 2672 qualibet

2021 2678 2122 2734 alia
2171 2682 2484 2738 cond.tiono
2530 2683 2755 2739 idoneus
2794 2686 2944 2742 reddi
2978 2698 3173 2758 potest.
3226 2691 3428 2748 Deinde
3462 2694 3604 2748 datis

2021 2771 2205 2839 gratiae
2236 2782 2428 2826 vestra:
2454 2772 2642 2827 decem
2676 2775 2911 2831 millibus
2935 2778 3253 2847 solidorum,
3282 2781 3602 2838 charitatem

2022 2875 2253 2918 vestram
2286 2863 2482 2919 habere
2518 2865 2827 2933 desiderat;
2858 2880 2912 2925 et
2941 2878 3000 2924 ut
3051 2872 3143 2926 ille
3195 2884 3373 2928 vestro
3425 2885 3605 2932 utatur

2023 2952 2232 3018 solatio,
2263 2962 2314 3007 ct
2342 2968 2437 3008 vos
2474 2956 2612 3022 ejus,
2643 2957 2729 3010 ubi
2755 2972 2977 3015 necesse
3003 2958 3182 3027 fuerit,
3215 2963 3491 3020 beneﬁciis
3510 2980 3605 3034 po-

2026 3044 2250 3099 tiamini.
2294 3045 2418 3101 llaec
2463 3047 2565 3102 illis
2611 3048 2942 3117 dicentibus,
2981 3053 3338 3120 promiserunt
3381 3056 3603 3113 Cliildc-

332 3156 443 3213 t-to,
473 3161 649 3217 neque
678 3146 934 3232 Spiritum
963 3156 1207 3201 sanctum
1239 3145 1499 3199 minorem
1536 3144 1693 3199 Patre
1718 3144 1803 3199 vel
1837 3141 1925 3197 Fi-
2026 3134 2209 3190 berlus
2239 3151 2328 3191 rex
2358 3146 2413 3191 et
2459 3147 2628 3193 mater
2656 3138 2776 3209 ejus
2815 3156 2999 3209 pacem
3037 3154 3093 3199 et
3120 3144 3439 3201 cliaritatem
3479 3163 3603 3204 cum

337 3239 428 3307 lio,
458 3240 555 3296 sed
605 3240 657 3295 in
691 3255 792 3293 una
839 3226 1149 3310 aequalitate
1173 3249 1334 3310 atque
1362 3237 1744 3308 omnipotentia
1783 3238 1920 3293 banc
1948 3243 1995 3307 ο
2029 3226 2144 3297 ipso
2188 3242 2248 3282 se
2279 3229 2484 3298 integre
2533 3229 2911 3286 custodituros.
2959 3233 3314 3306 Acceptisque
3355 3251 3419 3291 ac
3465 3238 3606 3295 datis

336 3332 650 3388 Trinitatem
680 3347 866 3388 verum
898 3331 1064 3386 Deum
1097 3331 1272 3386 fateri,
1305 3330 1457 3389 Tunc
1500 3331 1800 3400 intelligens
1832 3345 1926 3386 γε.
2030 3321 2361 3384 muneribus.
2385 3320 2550 3393 436
2564 3322 2886 3378 addiderunt
2912 3323 3109 3394 legati:
3141 3325 3306 3384 iussit
3327 3328 3486 3384 etiam
3508 3330 3606 3385 do-

340 3421 550 3477 ritatem
599 3419 952 3483 Richaredus,
1005 3418 1299 3489 postposita
1326 3420 1697 3485 altercatione,
1744 3434 1802 3475 se
1828 3435 1923 3475 ca-

340 3512 553 3569 tholicae
581 3512 683 3581 legi
702 3511 959 3574 subdidit,
972 3519 1029 3565 et
1055 3522 1280 3581 accepto
1305 3510 1582 3580 signaculo
1613 3510 1783 3565 beatae
1802 3525 1924 3566 cru-

341 3603 417 3658 cis
444 3617 568 3657 cum
592 3599 899 3656 chrismatis
929 3599 1210 3680 unctione,
1238 3599 1467 3654 credidit
1510 3599 1792 3656 Dominum
1832 3599 1925 3655 Je-

342 3708 457 3748 sum
486 3692 758 3747 Christum
780 3690 971 3745 Filium
995 3688 1091 3745 Dei
1113 3689 1377 3759 aequalem
1408 3688 1553 3744 Patri
1575 3703 1696 3745 cum
1721 3689 1926 3759 Spiritu

343 3796 547 3849 sancto.
604 3794 914 3855 regnantem
981 3783 1035 3837 in
1098 3782 1293 3837 sarcula
1339 3783 1678 3838 seculorum.
1730 3782 1923 3839 Amen.

346 3880 546 3935 Deinde
579 3876 794 3932 nuntios
822 3875 984 3930 mittit
1026 3873 1091 3927 ad
1128 3872 1457 3944 provinciam
1505 3872 1922 3939 Narbonensem,

346 3970 536 4040 quibus
565 3967 903 4023 narrantibus
932 3980 991 4019 ea
1021 3980 1143 4035 quas
1188 3963 1279 4019 ille
1308 3974 1567 4034 gesserat,
1614 3964 1773 4019 simili
1809 3978 1929 4019 cre-

350 4061 573 4114 dulitate
599 4059 825 4128 populus
854 4057 943 4111 ille
963 4061 1373 4109 connecteretur
1404 4064 1451 4108 ε.
1487 4054 1612 4109 Erat
1636 4056 1777 4109 enim
1804 4064 1930 4109 tunc

352 4152 609 4222 temporis
637 4152 849 4206 Ariame
879 4159 1040 4205 sectae
1069 4148 1350 4219 cpiscOpus
1382 4147 1691 4210 Atlialocus,
1731 4149 1820 4217 qui
1857 4148 1927 4203 ita

353 4260 443 4313 per
483 4245 646 4315 535
693 4244 1090 4313 propositiones
1136 4257 1300 4297 vanas
1350 4256 1415 4297 ac
1463 4242 1929 4311 interpretationes

352 4336 514 4390 falsas
559 4335 981 4401 Scripturarum,
1016 4333 1286 4389 Ecclesias
1328 4332 1421 4387 Dei
1450 4333 1823 4398 conturbabat,
1874 4344 1932 4388 ut

355 4435 631 4495 putaretur
661 4422 803 4493 quod
830 4423 946 4493 ipse
971 4432 1112 4478 esset
1138 4424 1319 4489 Arius,
1351 4437 1508 4493 quem
1540 4421 1835 4493 proiecisse
1874 4424 1929 4477 in

2027 3413 2203 3467 minus
2252 3420 2435 3468 noster
2482 3429 2681 3484 ponere
2721 3415 2941 3470 verbum
2986 3417 3037 3472 in
3076 3418 3294 3474 auribus
3318 3420 3513 3476 vestris
3535 3422 3606 3477 de

2028 3504 2134 3558 ﬁlia
2165 3506 2277 3558 sive
2303 3520 2490 3560 sorore
2517 3516 2691 3560 vestra
2718 3506 3079 3564 Cblodosinda
3128 3508 3173 3579 ί,
3204 3520 3261 3566 ut
3287 3515 3335 3567 ei
3362 3511 3608 3569 tradatur

2026 3598 2080 3653 in
2133 3600 2556 3667 matrimonium,
2607 3617 2714 3671 quo
2758 3599 2973 3657 facilius
3004 3618 3103 3673 pax
3156 3619 3274 3675 qua:
3328 3606 3471 3663 inter
3510 3623 3606 3663 vos

2026 3689 2374 3759 promittitur,
2423 3690 2793 3749 conﬁrmetur.
2827 3693 2925 3757 Qui
2967 3692 3268 3749 dixerunt:
3317 3696 3608 3754 l‘rnmissio

2028 3795 2211 3838 nostra
2238 3798 2303 3838 ex
2337 3782 2437 3838 hoc
2477 3783 2670 3839 habilis
2690 3784 2923 3851 dabitur,
2954 3785 3047 3840 sed
3090 3787 3208 3843 sine
3232 3791 3403 3857 patrui
3436 3791 3606 3845 nostri

2029 3872 2409 3930 Guntchramni
2456 3876 2596 3945 regis
2637 3877 2867 3932 consilio
2915 3877 3028 3933 haec
3059 3880 3233 3935 facere
3280 3896 3388 3937 non
3437 3883 3605 3937 aude-

2028 3980 2148 4019 mus
2173 3982 2188 4020 :
2222 3966 2538 4035 promissum
2561 3970 2702 4022 enim
2743 3968 2999 4029 habemus
3028 3969 3096 4025 de
3124 3971 3411 4042 majoribus
3435 3971 3611 4031 causis

2031 4056 2161 4111 nihil
2211 4059 2329 4113 sine
2372 4059 2489 4124 eius
2512 4058 2743 4113 consilio
2789 4073 2968 4128 agere.
3010 4059 3246 4129 Accepto
3286 4062 3462 4130 itaque
3518 4078 3607 4118 re-

2029 4166 2227 4220 SpOI'ISO
2257 4153 2546 4213 redierunt.

2105 4243 2269 4299 XVII.
2320 4242 2399 4297 Eo
2430 4252 2624 4299 sanno
2671 4258 2837 4298 verno
2894 4252 3131 4314 tempore
3180 4244 3378 4314 pluvia:
3418 4246 3611 4303 valida

2033 4330 2265 4398 fuerunt,
2294 4344 2348 4388 et
2370 4348 2493 4386 rum
2521 4331 2631 4402 jam
2661 4334 2742 4387 vel
2770 4334 2991 4389 arbores
3016 4335 3098 4389 vel
3128 4336 3297 4391 vinea
3342 4336 3608 4393 Ironduis.

2033 4437 2174 4493 scut,
2202 4425 2289 4481 nix
2317 4426 2539 4489 decidua
2561 4434 2749 4482 cuncta
2775 4427 3376 4499 operuit.Subsequenti
3399 4445 3614 4502 quoque

425 4609 450 4635 ⁸
479 4605 607 4661 Ιιίιιε
633 4603 733 4659 fuit
756 4604 899 4659 omni
933 4612 1171 4673 tempore
1192 4602 1485 4673 catholicos
1516 4603 1653 4657 inter
1679 4612 1728 4656 et
1759 4603 1929 4658 h;crc-
1954 4583 2007 4663 I)
2035 4611 2132 4671 let,
2162 4615 2272 4661 etc.
2322 4602 2511 4658 Tradit
2540 4602 2741 4673 Paulus
2785 4602 2930 4658 Diac.
2983 4602 3330 4660 Emeritensis
3375 4604 3429 4660 in
3479 4605 3615 4662 Vitis

362 4677 491 4731 ticos
510 4675 806 4738 distinctio,
838 4672 1061 4743 utprimi
1083 4675 1352 4728 miraculis
1375 4672 1530 4727 ﬁdem
1559 4687 1706 4726 suam
1733 4680 1917 4743 appro-

361 4746 569 4805 barent,
593 4744 733 4815 quod
774 4746 863 4799 alii
898 4754 1151 4815 praestare
1194 4759 1302 4815 non
1334 4752 1598 4815 poterant.
1632 4752 1783 4815 uter
1815 4744 1918 4797 Ire.

361 4832 499 4879 mnu,
531 4812 878 4877 Tertulliano,
907 4813 1154 4878 Eusebio,
1179 4814 1465 4884 Cyprianu,
1493 4812 1715 4884 aliisque
1737 4813 1922 4867 obser-

362 4888 607 4940 varimus
633 4886 685 4938 in
715 4884 855 4940 notis
898 4884 964 4937 ad
998 4886 1159 4955 Acta
1180 4881 1470 4955 martyrum
1499 4881 1777 4955 pag._151,
1817 4900 1921 4955 quo

356 4964 678 5024 argumento
707 4956 949 5009 utebatur
995 4953 1230 5007 Nicetius
1254 4952 1589 5024 Trevirensis
1615 4952 1666 5006 in
1695 4952 1922 5022 epistula

359 5022 931 5082 ad‘Chlodoswindam
962 5034 1144 5078 contra
1174 5022 1423 5077 Arianos.

434 5094 461 5133 δ
505 5092 763 5149 Videlicet
802 5098 853 5147 in
899 5094 1035 5149 libro
1067 5093 1135 5147 de
1177 5092 1356 5148 Gloria
1396 5092 1637 5147 Conless.
1685 5107 1804 5159 cap.
1838 5092 1925 5148 15.

362 5163 501 5219 Vide
524 5175 582 5221 et
607 5178 764 5233 supra
793 5164 883 5218 lib.
914 5179 975 5232 tt,
1003 5177 1124 5232 cap.
1154 5162 1207 5219 5.
1240 5162 1316 5218 De
1354 5162 1457 5220 hoc
1483 5162 1748 5233 colloquio
1771 5163 1928 5219 Joan.

363 5235 563 5291 Biclar.
586 5234 651 5288 ad
678 5251 766 5288 an.
812 5233 938 5288 588.
1328 5274 1357 5300 ,

442 5315 464 5343 ε
505 5303 659 5359 Colb.
688 5320 763 5367 a.,
795 5303 895 5367 Qui
923 5313 1187 5365 narrantes
1209 5319 1359 5358 ea....
1387 5303 1725 5356 connectitur.

437 5372 467 5412 ⁸
507 5374 729 5429 Ruﬁnus
775 5374 984 5428 Eusebii
1025 5374 1172 5428 libris
1219 5373 1460 5426 Historiae
1482 5373 1778 5427 ccclesiast.
1802 5372 1937 5427 duos

361 5445 586 5509 adjecit,
630 5444 723 5498 sed
748 5458 869 5497 cum
917 5442 1201 5507 Gregorius
1242 5444 1434 5512 aliique
1465 5443 1667 5497 similes
1690 5451 1938 5497 auctores

362 5514 592 5571 Eusebii
636 5514 919 5569 Historiam
968 5513 1184 5568 aliunde
1216 5529 1317 5566 non
1365 5520 1622 5566 noverant
1665 5528 1821 5581 quam
1866 5526 1937 5565 ex

363 5584 550 5641 Ruﬁni
575 5586 841 5649 versione,
871 5592 1039 5638 totum
1066 5583 1181 5651 ejus
1203 5599 1338 5650 opus
1358 5584 1459 5637 sub
1482 5583 1691 5637 Eusebii
1720 5584 1938 5637 nomine

360 5655 681 5714 laudabant.
711 5654 822 5708 Arii
860 5662 1035 5708 autem
1084 5656 1329 5709 interitus
1369 5653 1693 5709 describitur
1740 5652 1838 5708 lib.
1885 5668 1937 5717 κ,

360 5741 475 5832 ea")
491 5724 703 5864 lictor”
729 5792 836 5849 Sed
856 5810 968 5848 cum
994 5794 1075 5849 Iu'c
1090 5792 1308 5864 papulas
1321 5752 1504 5848 sectam
1522 5794 1662 5847 illius
1677 5792 1818 5860 sequi
1833 5794 1949 5848 nol-

2024 4679 2124 4735 PP.
2159 4676 2403 4736 Emerit.,
2425 4687 2540 4741 cap.
2572 4672 2657 4737 l9,
2683 4672 2992 4727 Athalocum
3016 4676 3182 4741 episc.
3208 4677 3464 4730 Arianum
3489 4691 3611 4732 cum

2026 4749 2092 4804 l2
2118 4746 2405 4802 comitibus
2443 4744 2582 4813 apud
2635 4742 2937 4798 Narbonam
2990 4744 3309 4801 seditionem
3348 4746 3614 4802 adversus

2026 4817 2384 4873 lleccaredum
2430 4813 2805 4879 commovisse,
2839 4828 3131 4884 eorumque
3175 4827 3401 4870 conatus
3447 4818 3612 4873 luisse
3685 4825 3693 4840 '

2026 4890 2231 4949 irritos.
2257 4884 2656 4954 quanquamin
2696 4884 2778 4937 sui
2823 4883 3117 4954 subsidium
3169 4885 3404 4951 Francos
3445 4888 3613 4941 advo-

2027 4953 2449 5014 cassentJJoan.
2483 4953 2675 5007 Biclar.
2701 4968 2842 5008 anno
2874 4954 2897 5005 l
2936 4953 3226 5011 Reccaredi
3257 4957 3500 5011 meminit
3531 4957 3614 5011 vi-

2030 5027 2214 5087 ctoriae
2243 5026 2503 5081 adversus
2532 5022 2767 5078 Francus
2794 5025 2862 5077 ah
2890 5025 3054 5089 ipsius
3081 5025 3306 5081 ducibus
3332 5026 3535 5092 relatae,
3563 5028 3615 5079 in

2031 5114 2133 5170 qun
2158 5096 2487 5170 Desidet-ium
2516 5093 2714 5170 duce_m_
2737 5108 2857 5170 cum
2872 5096 3052 5170 multis
3082 5094 3303 5170 Francis
3340 5096 3613 5170 interiisse

2035 5163 2316 5224 memorat.
2345 5165 2459 5220 Alia
2481 5174 2584 5228 est,
2618 5165 2671 5234 ni
2694 5163 2872 5228 lallor,
2894 5164 3190 5231 conjuratio
3219 5165 3419 5221 Sunnaa‘
3441 5167 3612 5234 episc.

2038 5238 2220 5296 Ariani
2243 5249 2293 5293 et
2316 5237 2544 5290 aliorum
2566 5233 2824 5290 adversus
2855 5234 3235 5295 lteccaredum.
3267 5250 3425 5303 quam
3470 5233 3615 5292 idem

2041 5308 2230 5363 Biclar.
2264 5308 2328 5361 ad
2352 5322 2442 5360 an.
2468 5316 2780 5372 sequentem
2814 5304 2995 5358 rel‘ert.
3031 5304 3157 5357 Item
3179 5319 3321 5357 anno
3349 5304 3617 5361 Recrare-

2039 5378 2095 5433 tli
2118 5378 2274 5432 tertio
2303 5376 2621 5439 deprehensi
2655 5384 2780 5429 sunt
2835 5375 3004 5428 Ultlila
3032 5374 3313 5441 cpiscopus
3340 5390 3461 5430 cum
3514 5375 3623 5431 ϐο.

2041 5447 2239 5509 suinta.
2270 5448 2357 5515 qui
2379 5446 2553 5501 eidem
2587 5447 2693 5514 regi
2753 5445 2972 5499 insidias
3003 5443 3314 5511 tendebant,
3375 5456 3435 5500 nt
3481 5447 3620 5501 disi-

2045 5534 2164 5573 tnus
2191 5518 2254 5571 ad
2276 5533 2396 5582 cap.
2433 5522 2453 5570 l
2489 5517 2641 5584 hujus
2668 5516 2807 5569 libri.

2123 5589 2140 5626 ί
2176 5587 2309 5641 Infra
2338 5602 2457 5655 cap.
2474 5588 2543 5640 20
2564 5586 2758 5639 dicitur
2779 5583 3185 5649 .Clt'lodosuinda.
3215 5586 3344 5641 Vide
3379 5594 3531 5640 mit-is
3559 5586 3617 5642 in

2044 5675 2162 5715 cap.
2187 5658 2279 5711 233.

2112 5675 2162 5780 ’ξ’
2186 5675 2354 5799 tzliiput
2382 5725 2521 5783 istud
2550 5739 2670 5780 cum
2697 5740 2810 5796 seq.
2840 5725 2991 5781 deest
3020 5728 3069 5782 in
3091 5727 3241 5782 Colb.
