3974 6174
315 390 430 445 ωδ

1349 388 1408 443 S.
1451 383 1778 442 GREGOBII
1823 383 2135 443 EPISCOPI
2171 385 2605 444 TUIONBNSiS

3498 391 3600 444 $96

316 511 464 580 gelu,
515 519 622 566 tam
671 510 919 577 palmites
959 512 1234 569 vinearum
1285 529 1444 584 quam
1487 513 1676 582 reliqui
1704 511 1904 567 ostensi
1936 514 1982 570 Α
2009 526 2100 565 cos
2127 512 2376 576 superius
2401 511 2632 565 diximus
2660 508 2794 574 (Lib.
2827 525 2928 576 vii,
2956 526 3070 576 cap.
3097 508 3188 577 47)
3222 512 3597 580 terminatum,

326 603 525 657 fructus
557 601 756 656 incensi
774 612 918 657 sunt.
939 601 1250 675 Tantusque
1272 606 1415 676 rigor
1439 605 1604 659 fuisse
1632 605 1776 658 visus
1795 611 1903 668 est,

321 702 380 747 ut
407 693 567 746 etiam
601 692 922 748 hirundines
947 703 1002 749 et
1028 696 1203 761 alites,
1236 711 1358 765 qua
1376 697 1444 750 de
1472 691 1709 749 externis
1735 695 1908 764 regio-

323 783 486 837 nibus
527 791 808 847 venerant,
866 782 915 838 vi
971 783 1168 853 algoris
1225 784 1719 854 exstinguerentur.
1769 782 1906 836 illud

320 875 482 928 etiam
505 873 819 928 admirabile
849 875 970 943 fuit,
987 876 1126 945 quod
1145 877 1231 930 ubi
1262 889 1531 943 nunquam
1555 874 1674 944 gelu
1703 873 1904 939 nocuit,

323 973 448 1019 tunc
488 963 674 1019 omnia
715 965 951 1032 abstulit,
985 976 1038 1020 et
1080 965 1264 1020 eouhi
1309 972 1661 1021 consueverat
1711 960 1908 1017 laedere

321 1071 433 1110 non
459 1056 706 1113 accessit.

391 1143 572 1200 XVIII.
608 1145 845 1200 Britanni
877 1154 903 1183 ι
959 1160 1170 1216 quoque
1222 1145 1490 1202 irruentes
1529 1146 1584 1201 in
1619 1145 1910 1200 terminum

321 1235 713 1301 Namneticutn,
742 1237 954 1306 νεὼς
980 1249 1237 1308 egerunt,
1264 1239 1619 1308 pervadentes
1647 1237 1832 1304 villas,
1856 1247 1912 1292 et

320 1329 560 1398 captins
592 1329 936 1385 abducentes.
968 1331 1120 1398 Quod
1164 1346 1288 1386 cum
1339 1330 1750 1386 Gunteliramno
1799 1328 1916 1398 regi

323 1421 588 1490 perlatum
618 1419 822 1487 fuisset,
853 1421 1019 1491 jussit
1043 1425 1372 1478 commovi-ri
1413 1423 1731 1485 exercitum,
1783 1421 1912 1474 diri-

322 1525 453 1581 gens
482 1511 606 1566 illuc
632 1512 874 1567 nuntium
903 1514 990 1583 qui
1027 1513 1108 1568 eis
1148 1515 1482 1584 loqueretur,
1516 1523 1574 1569 ut
1617 1526 1913 1581 compone-

322 1612 446 1659 rent
472 1610 663 1659 cuncta
693 1620 812 1674 qua:
844 1605 983 1660 male
1013 1615 1312 1676 gesserant,
1341 1614 1435 1661 aut
1477 1615 1624 1662 certe
1665 1607 1916 1662 noverint

321 1710 381 1751 se
409 1695 587 1766 gladio
609 1712 828 1754 casuros
855 1699 923 1754 ab
950 1700 1188 1755 exercitu
1230 1699 1366 1770 ejus.
1401 1701 1471 1755 At
1521 1700 1596 1754 illi
1627 1699 1911 1765 timentes,

324 1786 640 1853 promittunt
663 1801 723 1843 se
745 1777 929 1843 omnia
952 1802 1072 1858 quin
1095 1790 1235 1844 male
1261 1797 1562 1859 gesserant,
1593 1789 1906 1845 emendare.

2011 618 2062 655 tn
2093 603 2384 658 redivivam
2408 617 2561 656 rursu
2588 621 2614 651 ιι
2644 600 2904 655 insaniam
2936 603 3123 669 surgit.
3142 601 3274 657 Nam
3303 604 3598 669 Sic‘:atius,

2009 705 2131 746 cum
2181 702 2302 761 post
2346 690 2778 746 interfectionem-
2822 701 3107 760 parentum
3148 691 3598 749 Clirtitvsnisindit

2011 797 2254 850 magnam
2283 797 2406 836 cum
2442 796 2508 836 eo
2546 781 2841 836 amit-itiatn
2884 785 3202 849 patravisset
3237 793 3293 838 ct
3322 787 3374 838 in
3400 797 3608 841 tantum

2010 888 2072 928 se
2099 873 2371 928 charitate
2411 881 2600 927 mutua
2636 872 2953 942 diligerent,
2984 882 3040 927 ut
3089 874 3407 949 plerumque
3445 879 3612 933 simul

2009 965 2190 1020 cibum
2218 975 2471 1034 caperent
2512 979 2574 1019 ac
2621 966 2674 1019 in
2704 979 2811 1019 uno
2859 966 3059 1034 writer
3103 978 3276 1023 strato
3321 973 3605 1025 recumbe-

2014 1063 2163 1116 rernt,
2212 1054 2441 1124 quadam
2497 1053 2587 1108 die
2633 1068 2842 1108 ctenam
2896 1055 2996 1109 sub
3047 1070 3314 1112 nocturno
3362 1065 3610 1128 tempore

2015 1154 2283 1214 prmparat
2307 1143 2774 1210 Cliramtiisindus,
2802 1146 3034 1201 invitans
3058 1146 3355 1202 Sicliariuni
3386 1150 3456 1204 ad
3476 1168 3606 1221 cpu-

2013 1237 2123 1291 luni
2150 1249 2305 1291 sum
2333 1253 2350 1289 :
2380 1249 2490 1304 quo
2517 1238 2790 1300 veniente,
2821 1238 3058 1293 resident
3097 1240 3294 1308 pariter
3321 1240 3388 1295 ad
3418 1244 3606 1299 com-i-

2017 1326 2451 1394 vium._Cuinque
2497 1325 2796 1391 Sicliarius,
2845 1328 3150 1396 crapulatns
3181 1344 3214 1382 a
3256 1330 3397 1398 vino,
3432 1331 3604 1387 multa

2009 1417 2238 1487 jactaret
2290 1417 2344 1470 in
2394 1416 2904 1485 Chramuisindtnn,
2953 1418 3019 1471 ad
3073 1428 3376 1476 extre-num
3436 1422 3606 1495 438

2013 1505 2210 1562 dixisse
2256 1507 2460 1560 fertur:
2495 1505 2705 1574 Magnas
2739 1508 2868 1561 mihi
2900 1506 3066 1562 debes
3102 1509 3308 1565 ieferre
3331 1523 3536 1580 grates,
3570 1529 3608 1569 o

2013 1598 2324 1653 dulcissime
2349 1599 2533 1664 frater,
2557 1614 2620 1653 eo
2643 1599 2782 1668 quod
2805 1597 3164 1656 interfecerim
3189 1615 3440 1670 parentes
3459 1615 3600 1670 tuos,

2014 1693 2084 1748 de
2107 1693 2301 1762 quibus
2325 1704 2550 1760 accepta
2576 1691 2966 1760 compositione
2999 1707 3185 1747 aurem
3215 1707 3606 1764 argentumque

2015 1782 2462 1852 superabundant~
2481 1783 2531 1836 in
2560 1782 2726 1836 domo
2750 1792 2837 1836 tua
2859 1821 2873 1846 ,
2904 1789 2960 1836 et
2991 1782 3164 1837 nudus
3195 1799 3337 1839 nunc
3367 1799 3515 1842 esses
3547 1797 3607 1840 et

326 1876 424 1930 ille
447 1877 666 1944 auditis,
709 1893 801 1933 rex
829 1879 1014 1948 dirigit
1041 1879 1170 1935 illuc
1215 1880 1554 1948 legationem,
1601 1880 1656 1934 id
1682 1890 1763 1935 est
1806 1879 1910 1934 Na-
1940 1876 1989 1937 B
2015 1891 2198 1945 egens,
2230 1876 2337 1930 nisi
2367 1877 2481 1929 hac
2524 1884 2578 1929 te
2603 1887 2763 1928 causa
2797 1873 3069 1942 paululum
3111 1876 3438 1930 roborasset.
3477 1877 3606 1933 Ilaec

322 1968 545 2022 matiuna
591 1969 1081 2024 Aurelianenseml’
1134 1979 1189 2026 et
1227 1969 1671 2026 Bertchramnum
1727 1969 1906 2025 Ceno-

320 2072 671 2115 inanuensem
711 2060 1042 2129 episcOpum,
1075 2075 1196 2116 cum
1220 2062 1503 2117 comitibus
1544 2070 1602 2116 et
1628 2061 1746 2116 aliis
1780 2063 1910 2115 viris

321 2149 638 2217 magniﬁcis.
673 2150 974 2206 Adiucrunt
1000 2152 1160 2206 etiam
1200 2161 1253 2205 et
1279 2153 1345 2205 de
1395 2167 1558 2222 regno
1599 2149 1897 2205 Cltlotharii

318 2239 606 2310 Cliilperici
630 2243 772 2311 regis
793 2242 910 2308 lilii,
931 2241 1028 2297 viii
1059 2240 1325 2313 magniﬁci
1364 2260 1376 2292 :
1401 2243 1488 2311 qui
1514 2251 1701 2297 euntes
1721 2243 1772 2296 in
1801 2251 1907 2296 ter-

317 2336 518 2390 minum
568 2334 936 2391 Namneticunt
962 2336 1120 2390 locuti
1149 2346 1274 2391 sunt
1299 2350 1420 2390 cum
1446 2334 1716 2390 Waroclto
1739 2349 1793 2389 et
1817 2334 1907 2387 Vi-

315 2425 596 2480 dimaeloc
630 2426 809 2482 onia
851 2442 970 2496 qaut
1012 2442 1105 2481 rex
1132 2436 1482 2497 praeceperat.
1535 2427 1603 2480 At
1629 2426 1786 2498 437
1831 2426 1906 2482 illi

315 2515 606 2570 dixerunt:
635 2515 846 2575 Scimus
877 2522 934 2571 et
977 2531 1076 2570 nos
1104 2515 1351 2571 civitates
1382 2516 1513 2571 istas
1542 2515 1906 2571 Clilothacha-

314 2607 381 2660 rii
428 2607 572 2678 regis
615 2606 742 2662 ﬁliis
788 2606 1082 2673 redhiberi,
1131 2617 1186 2662 et
1221 2621 1319 2661 nos
1370 2607 1502 2676 ipsis
1537 2607 1736 2663 debere
1785 2622 1908 2662 esse

314 2701 624 2770 subjectos:
671 2709 850 2760 tamen
891 2717 1016 2772 quae
1061 2714 1248 2758 contra
1292 2706 1555 2760 rationem
1611 2707 1900 2775 gessimus,

315 2801 506 2848 cuncta
533 2806 857 2863 componere
885 2809 992 2851 non
1020 2809 1317 2850 moramur.
1365 2797 1430 2850 Et
1456 2796 1597 2851 datis
1624 2797 1907 2866 ﬁdejleO'

314 2883 462 2938 ribus
516 2891 677 2952 auius
735 2883 1057 2951 subscriptis
1108 2885 1489 2951 cautionibus,
1544 2886 1904 2954 promiserunt

314 2989 375 3030 se
416 2975 627 3046 singula
659 2975 820 3029 millia
875 2975 1174 3032 solidorum
1231 2975 1639 3033 Guntchramno
1690 2984 1797 3049 regi
1850 2989 1904 3033 et

313 3066 631 3122 Clilotliario
653 3066 704 3121 in
754 3068 1202 3136 compositionem
1251 3067 1495 3131 daturos,
1521 3068 1896 3139 promittentes

314 3174 580 3231 nunquam
605 3159 892 3214 tcrinum
914 3160 1187 3214 civitatum
1215 3159 1422 3215 illarum
1447 3162 1580 3215 ultra
1604 3174 1663 3216 se
1687 3175 1902 3232 aggres-

2013 1968 2102 2021 ille
2146 1966 2393 2030 audiens,
2423 1979 2607 2019 amaro
2653 1966 2889 2034 suscepit
2930 1965 3118 2021 animo
3153 1967 3295 2020 dicta
3337 1966 3595 2036 Sicharii,

2009 2059 2246 2127 dixitque
2270 2058 2320 2111 in
2351 2057 2518 2112 corde
2535 2071 2634 2110 suo
2660 2076 2671 2109 :
2701 2056 2812 2112 Nisi
2839 2057 3069 2112 Idciscar
3096 2058 3365 2113 interitum
3397 2074 3604 2129 paren-

2012 2158 2122 2201 tum
2167 2163 2440 2212 meorum,
2472 2146 2718 2202 amittere
2747 2162 2948 2203 amen
2977 2148 3074 2203 viri
3107 2148 3296 2214 debeo,
3330 2158 3384 2204 et
3413 2133 3606 2207 mulier

2009 2241 2221 2294 inﬁrma
2253 2240 2452 2294 vocari.
2485 2238 2553 2293 Et
2582 2239 2764 2294 statim
2793 2239 3073 2295 exstinctis
3103 2239 3476 2311 lnsninaribus,
3507 2256 3602 2298 ca-

2009 2340 2098 2397 put
2130 2328 2360 2384 Sicharii
2391 2330 2502 2384 sica
2526 2328 2760 2394 dividit,
2789 2330 2882 2398 qui
2909 2330 3182 2397 parvulam
3215 2331 3272 2385 in
3319 2332 3436 2402 ipse
3473 2333 3602 2390 vita

2009 2421 2240 2476 termino
2287 2433 2478 2476 vocem
2521 2421 2809 2485 emitteus,
2859 2419 3054 2475 cecidit
3099 2430 3156 2475 et
3201 2431 3446 2478 mortuus
3490 2435 3600 2479 est.

2009 2510 2168 2566 Pueri
2199 2525 2332 2568 vera
2355 2511 2446 2582 qui
2478 2525 2602 2568 cm
2631 2525 2698 2566 eo
2728 2519 2987 2566 venerant
3015 2511 3347 2569 dilabuntur.
3375 2515 3601 2569 Chrem-

2008 2604 2254 2657 uisindus
2297 2603 2606 2658 exanimum
2653 2616 2881 2672 corpus,
2933 2602 3191 2657 nudatam
3240 2604 3600 2671 vestimentis,

2006 2691 2260 2761 appendit
2289 2693 2342 2746 in
2371 2692 2517 2762 scpis
2559 2691 2762 2759 stipite,
2790 2691 3139 2761 aseuuisqac-
3173 2694 3442 2763 equitibus
3477 2675 3601 2763 ej’as

2005 2782 2070 2834 ad
2123 2796 2301 2851 regem
2350 2782 2556 2851 pergit,
2589 2782 2969 2852 ingressusque
3009 2784 3288 2838 ecclesiam
3322 2785 3386 2840 ad
3433 2784 3596 2854 pedes

2007 2873 2360 2944 prosternitur
2402 2873 2563 2943 regis,
2610 2874 2800 2929 dicens
2831 2890 2845 2927 :
2880 2873 3054 2928 Vitam
3101 2884 3241 2944 peto,
3287 2891 3320 2930 ο
3362 2878 3601 2945 gloriose

2005 2982 2126 3032 rex,
2165 2983 2231 3023 eo
2277 2967 2422 3038 quod
2461 2966 2748 3021 occiderint
2801 2965 3050 3022 homines
3096 2967 3222 3037 qui,
3279 2970 3597 3037 parentum

2004 3059 2140 3115 meis
2169 3059 2309 3114 clam
2349 3056 2659 3123 intellectis,
2695 3071 2782 3112 res
2823 3069 3012 3112 omnes
3041 3056 3398 3126 diripuerunt.
3427 3058 3595 3111 Cuiu-

2004 3166 2107 3221 que
2149 3150 2405 3220 expositis
2445 3164 2541 3217 per
2567 3148 2813 3202 ordinent
2853 3147 3048 3210 causis,
3083 3156 3139 3202 et
3169 3148 3352 3215 regina
3401 3148 3597 3202 Bronz—

314 3269 488 3310 stnos.
552 3255 647 3310 His
686 3257 755 3311 ita
785 3258 1121 3328 compositis,
1156 3257 1388 3328 regressi
1422 3265 1546 3311 sunt
1592 3259 1806 3328 reliqui,
1851 3267 1905 3312 et
1931 3249 1983 3311 c
2009 3242 2204 3296 childis
2245 3240 2479 3310 smiter
2521 3239 2853 3307 accepisset.
2883 3252 2952 3292 eo
2993 3238 3132 3306 quod
3179 3240 3229 3292 in
3271 3238 3392 3307 eius
3429 3240 3598 3294 νειδο

311 3356 667 3402 narraverunt
696 3350 802 3418 regi
831 3364 950 3417 quin
979 3357 1276 3418 gesserant.
1324 3348 1599 3402 Namatius
1626 3363 1754 3403 vero
1785 3350 1901 3418 epi-

316 3451 538 3505 scopus,
564 3436 690 3492 dum
733 3439 965 3507 receptis
1009 3437 1148 3491 villis
1179 3437 1313 3492 infra
1348 3438 1638 3492 terminum
1668 3439 1900 3492 Nannie-

308 3529 434 3581 ticae
458 3528 625 3592 urbis,
653 3544 785 3597 quas
813 3529 938 3583 olim
971 3539 1220 3598 parentes
1250 3529 1367 3600 ejus
1399 3529 1768 3598 perdiderant,
1800 3530 1901 3585 ibi-

313 3619 434 3672 dein
467 3633 788 3680 moraretur.
823 3621 1027 3689 pusulas
1058 3620 1211 3675 malai
1238 3621 1284 3674 ei
1311 3628 1418 3675 tres
1447 3623 1694 3676 oriuntur
1724 3622 1776 3677 in
1808 3638 1900 3677 ca-

312 3708 442 3777 pite.
477 3708 552 3762 Es
585 3708 686 3763 hoc
711 3707 865 3768 valde
885 3708 1167 3767 confectus
1191 3711 1514 3774 tmdio,dum
1541 3713 1608 3767 ad
1633 3713 1904 3768 civitatem

311 3814 466 3854 suam
496 3799 694 3854 reverti
720 3809 962 3869 cuperet,
1015 3801 1148 3856 infra
1191 3802 1597 3873 Andegavensis
1641 3805 1902 3860 territorii

316 3888 626 3956 terminum,
655 3891 899 3959 spiritum
931 3893 1221 3948 exhalavit.
1252 3893 1644 3963 Corpusculum
1673 3894 1792 3965 ejus
1831 3896 1900 3950 ad

313 3982 504 4038 urbem
556 3996 714 4038 suam
767 3982 1028 4050 delatum,
1079 3985 1132 4040 in
1184 3983 1448 4046 basilicad
1481 3988 1654 4043 sancti
1704 3989 1902 4044 Aniani

314 4071 639 4129 confessoris
659 4073 928 4144 sepultum
958 4075 1118 4131 estin
1144 4076 1300 4145 cujus
1332 4075 1647 4132 cathedram
1690 4078 1906 4133 Austri-

318 4179 441 4229 nus,
475 4163 715 4220 Pastoris
751 4173 776 4203 ο
805 4165 1078 4236 quondam
1127 4166 1287 4234 ﬁlius,
1336 4169 1677 4239 subrogatur.
1709 4169 1904 4225 Waro—

313 4254 450 4311 chus
477 4269 628 4320 vero,
657 4255 858 4311 oblitus
885 4259 1209 4314 sacramenti
1238 4268 1292 4314 et
1323 4261 1593 4316 cautionis
1633 4276 1768 4328 suae,
1790 4277 1906 4317 om-

314 4348 401 4403 nia
443 4350 745 4420 postposuit
781 4366 902 4420 quae
931 4353 1200 4421 promisit.
1229 4353 1426 4410 Vincas
1470 4353 1906 4412 Namneticorum

313 4441 556 4509 abstulit,
587 4451 643 4496 et
683 4441 1010 4498 vindemiam
1040 4443 1336 4522 colligens,
1375 4445 1556 4499 vinum
1604 4447 1655 4499 in
1689 4445 1906 4501 Veneti-

312 4548 435 4588 cum
457 4534 757 4590 transtulit.
786 4534 853 4589 Et
881 4549 946 4591 ex
983 4538 1085 4592 hac
1111 4537 1308 4592 iterum
1337 4551 1434 4592 rex
1467 4535 1906 4594 Guntchramnus

315 4626 470 4681 valde
496 4627 702 4694 furens,
741 4629 1039 4685 exercitum
1073 4629 1402 4686 commoveri
1426 4629 1606 4700 jussit,
1639 4631 1732 4686 sed
1754 4632 1907 4702 quie-

315 4717 408 4769 vit.

389 4805 533 4861 XIX.
577 4805 779 4864 Bellum
809 4823 938 4865 vero
978 4808 1106 4866 illud
1151 4810 1295 4880 quod
1327 4811 1466 4867 inter
1495 4811 1643 4868 cives
1671 4811 1901 4867 Turoni-

389 4975 413 5001 ι·
458 4964 567 5018 lloc
595 4973 762 5035 caput
780 4972 836 5017 et
861 4965 967 5018 dun
995 4980 1148 5035 seqq.
1179 4966 1372 5022 desunt
1396 4969 1448 5022 in
1481 4969 1596 5021 Vat.

388 5035 415 5073 δ
456 5035 696 5090 Interfuit
723 5031 886 5088 Cone.
923 5031 1126 5090 Matisc.
1149 5053 1190 5100 ι,
1223 5053 1309 5091 an.
1337 5039 1463 5102 581,
1495 5050 1547 5092 et
1579 5055 1635 5099 tt,
1658 5054 1747 5093 an.
1773 5039 1898 5095 585.

389 5117 411 5146 ε
455 5105 668 5175 Regm.,
724 5103 1032 5160 Indimacle.
1062 5107 1214 5161 Golb.
1249 5123 1348 5175 m.,
1421 5109 1717 5163 l’idimacle.
1766 5111 1899 5166 Cod.

318 5177 442 5230 Bce.
477 5177 764 5232 Vidinacle.

387 5243 413 5282 ἀ
445 5247 628 5302 Exstat
651 5249 912 5314 hodieque
934 5246 1312 5302 canonicorunt
1341 5249 1568 5315 collegia
1596 5249 1898 5317 nobilitata,

319 5316 388 5388 de
413 5317 565 5388 cujus
591 5320 906 5388 antiquitate
935 5326 988 5372 et
1028 5318 1393 5386 prierogativis
1423 5319 1485 5373 V.
1507 5319 1591 5373 Cl.
1637 5316 1904 5376 liubertus

316 5385 558 5455 ejusdem
580 5385 772 5443 eccles.
797 5398 984 5443 cantor
1011 5385 1295 5442 tractatum
1321 5390 1641 5455 singularem
1673 5390 1863 5444 edidit.

391 5463 423 5528 οξ
450 5455 633 5510 Pastor
660 5462 816 5513 etiam
844 5458 1166 5514 Aunacliarii
1194 5458 1362 5526 episc.
1387 5461 1900 5528 Autissiodurensis,

318 5533 370 5580 et
399 5526 753 5598 Austregildis
783 5532 970 5583 matris
999 5534 1164 5584 sancti
1214 5529 1346 5598 Lupi
1396 5531 1561 5598 cpisc.
1594 5526 1904 5598 Sertoriana,

327 5605 481 5666 pater
507 5596 632 5657 fuit,
664 5607 721 5650 ut
750 5612 814 5651 ex
841 5598 1243 5665 ejusdem‘Lupi
1273 5596 1388 5655 Vita
1414 5596 1692 5657 discimus.

394 5665 413 5704 ‘
451 5665 551 5721 Alii
572 5705 586 5724 .
617 5666 958 5720 Chromisindi
977 5709 993 5724 .
1017 5680 1068 5722 ct
1097 5670 1175 5723 sic
1205 5668 1362 5724 infra.

572 5705 586 5728 ν
617 5687 955 5720 ωιηιηιιειησι
977 5709 993 5733 ,
1017 5687 1068 5722 CI
1097 5687 1175 5723 8Ιο
1205 5687 1362 5724 intra.

389 5737 670 5813 s_ltegm.,
720 5736 1310 5813 Vosagcnsisuterrt'lorii
1361 5757 1575 5813 pagum.
1611 5740 1770 5813 Coll).
1802 5755 1906 5808 m.,

319 5806 558 5862 territorii
589 5808 753 5862 Bituri
780 5806 988 5877 pagum.
1017 5809 1276 5880 Vosagum
1301 5806 1586 5870 ὴιιιιιῖεδδε
1609 5811 1782 5868 locum
1812 5806 1907 5881 qui

2007 3333 2082 3405 [id
2104 3342 2177 3387 est
2217 3333 2321 3386 title
2345 3329 2493 3401 data]
2522 3330 2795 3385 Sicharius
2815 3329 3014 3398 positus
3046 3330 3218 3384 taliter
3247 3328 3406 3383 fuerit
3429 3333 3596 3385 later-

2009 3427 2074 3481 fe.
2095 3435 2201 3488 tus,
2257 3425 2505 3479 frendere
2559 3424 2611 3477 in
2655 3439 2776 3476 eam
2803 3423 2986 3491 ctepit.
3021 3423 3087 3477 At
3116 3423 3202 3477 ille
3224 3438 3343 3477 cum
3374 3425 3598 3480 vidisset

2005 3533 2122 3572 eam
2150 3517 2426 3571 adversam
2471 3517 2602 3583 sibi,
2653 3515 3015 3586 Vosagensctu
3062 3517 3318 3571 territorii
3373 3517 3597 3572 Dituriei

2008 3623 2195 3678 pagum
2222 3617 2250 3656 ις
2277 3607 2517 3676 expetiit,
2560 3609 2609 3662 in
2650 3623 2754 3676 quo
2792 3608 2912 3675 ejus
2955 3617 3200 3675 parentes
3221 3610 3506 3679 degebant,
3534 3623 3595 3666 eo

2005 3699 2147 3766 quod
2178 3702 2228 3754 in
2259 3716 2427 3770 regno
2455 3698 2842 3755 Gameliramni
2871 3702 3012 3770 regis
3042 3702 3243 3756 invisus
3289 3703 3595 3761 haberetur.

2006 3790 2314 3860 Tranquilla
2344 3805 2556 3860 quoque
2600 3791 2795 3860 conqu
2838 3791 3106 3860 Sicliarii,
3151 3793 3349 3848 relictis
3395 3794 3514 3850 flliis
3541 3803 3600 3850 et

2005 3881 2165 3937 rebus
2195 3883 2292 3936 viri
2337 3881 2418 3936 sui
2461 3881 2515 3936 in
2561 3881 2854 3948 Turonico,
2890 3883 3006 3938 sive
3046 3883 3099 3936 in
3130 3883 3364 3951 Pictam,
3396 3885 3460 3939 ad
3493 3899 3591 3954 pa-

2007 3980 2184 4027 rentes
2233 3959 2359 4026 suos
2406 3970 2757 4042 MauriopesII
2791 3973 2965 4028 vicum
3015 3975 3273 4044 expetiit,
3319 3976 3496 4046 ibique
3542 3987 3598 4033 et

2008 4062 2353 4116 matrimonio
2400 4062 2652 4132 copulata
2706 4071 2809 4119 est.
2861 4063 3006 4119 Obiit
3076 4074 3257 4120 autem
3317 4066 3596 4121 Sicliarins

2006 4153 2153 4223 quasi
2186 4166 2448 4208 annorum
2473 4153 2832 4226 quadraginta
2858 4163 2905 4209 ι.
2935 4153 3056 4210 Fuit
3078 4163 3258 4212 autem
3287 4155 3344 4211 in
3365 4160 3472 4211 vlta
3499 4171 3597 4212 sua

2008 4243 2164 4308 levis,
2191 4243 2456 4308 ebriosus,
2488 4242 2776 4310 homicida,
2804 4246 2895 4315 qui
2940 4247 3208 4303 nonnullis
3240 4263 3339 4318 per
3367 4249 3598 4305 ebrieta-

2008 4344 2114 4391 tem
2142 4331 2390 4406 iniuriam
2435 4335 3102 4393 intalit.‘Chramnisindus
3131 4353 3268 4394 vero
3303 4340 3498 4396 iterum
3528 4341 3600 4396 ad

2007 4441 2190 4496 regem
2208 4427 2367 4494 abiit,
2391 4426 2796 4497 indicatumque
2814 4437 2900 4483 est
2918 4428 2964 4482 ei
2988 4437 3046 4482 ut
3067 4429 3414 4486 convinceret
3433 4445 3595 4500 super

2009 4534 2068 4574 se
2092 4534 2214 4575 eum
2243 4517 2574 4575 interfecisse
2599 4537 2612 4574 :
2644 4521 2784 4590 quod
2819 4523 2888 4575 ita
2921 4520 3067 4578 fecit.
3097 4522 3202 4579 Sed
3227 4524 3507 4593 quoniam,
3537 4535 3600 4579 ut

2013 4611 2268 4676 diximus,
2297 4612 2478 4681 regina
2527 4612 2883 4668 Bruniebildis
2929 4616 2982 4667 in
3011 4615 3176 4670 verbo
3205 4629 3307 4670 suo
3347 4627 3602 4685 posuerat

2014 4715 2316 4772 Sicbarium
2336 4757 2352 4782 ,
2382 4716 2500 4770 ideo
2526 4731 2610 4770 tes
2638 4715 2793 4784 hujus
2818 4715 3095 4772 conﬁscari
3124 4718 3406 4787 pmcepit;
3435 4716 3606 4790 5.39

2011 4808 2106 4863 sed
2135 4809 2187 4862 in
2217 4820 2489 4878 posterum
2519 4824 2551 4862 a
2583 4808 2836 4862 Flaviano
2865 4809 3162 4863 douseSIico
3205 4810 3426 4865 reddita:
3453 4823 3599 4865 sunt.

2010 4966 2211 5022 Gallice
2238 4964 2428 5036 Besagc
2448 4965 2640 5020 dicitur
2665 4973 2816 5034 putat
2838 4964 3107 5019 ilarollius
3133 4965 3271 5033 apud
3301 4964 3604 5034 Valesium;

2007 5048 2180 5090 exstat
2233 5037 2282 5089 in
2333 5037 2523 5089 linibus
2566 5035 2881 5092 Biturigum.
2932 5036 2985 5090 Si
3033 5037 3240 5090 sincera
3287 5037 3356 5090 sit
3401 5036 3607 5092 codicis

2011 5108 2473 5176 itegiomoutensis
2503 5106 2691 5170 lectio,
2720 5106 2908 5171 Vosagi
2941 5110 3154 5160 nomine
3185 5106 3376 5172 poterit
3409 5107 3493 5161 hic
3515 5108 3604 5162 in-

2013 5179 2175 5245 telligi
2199 5176 2329 5230 silva
2361 5177 2551 5243 Vosagi
2577 5178 2856 5229 notissima
2884 5177 3022 5230 Inter
3043 5177 3301 5230 Alsatiaai
3327 5186 3381 5229 et
3407 5177 3604 5232 Lotha-

2013 5249 2237 5316 ringiam
2258 5288 2271 5309 ,
2313 5249 2471 5316 vulgo
2500 5249 2552 5301 la
2588 5246 2771 5316 Vosge,
2803 5247 2953 5316 cujus
2992 5247 3179 5300 saltem
3214 5247 3444 5300 maxima
3477 5263 3609 5314 pars

2012 5319 2083 5371 ad
2103 5315 2426 5372 Childelierti
2462 5333 2682 5387 regnum
2700 5315 3032 5387 pertinebat.
3056 5317 3159 5387 Sed
3182 5331 3245 5369 ex
3268 5329 3606 5386 consequen-

2015 5390 2157 5443 tibus
2196 5388 2373 5458 colligi
2407 5386 2565 5458 posse
2594 5386 2807 5442 videtur
2842 5386 2928 5441 hic
2966 5387 3033 5441 de
3074 5386 3392 5441 Bituriccusi
3423 5390 3607 5458 aliquo

2015 5474 2151 5565 pago
2177 5474 2282 5528 agi.

2018 5599 2022 5600 ί
2147 5530 2240 5600 Est
2282 5542 2448 5596 pagus
2495 5526 2870 5600 Mauripensis,
2897 5526 3063 5600 vulgo
3092 5525 3140 5580 la
3174 5526 3478 5600 Herepoix,
3514 5529 3606 5600 qui

2014 5599 2153 5653 inter
2181 5598 2506 5666 Sequanam,
2539 5598 2780 5670 lcannam
2811 5606 2866 5670 et
2896 5597 3118 5670 anatn,
3139 5600 3192 5670 ile
3213 5597 3402 5670 being,
3423 5597 3604 5670 jacet,

2012 5670 2150 5723 haud
2195 5670 2376 5738 procul
2426 5682 2455 5720 a
2490 5669 2704 5721 Parisiis
2750 5668 3026 5735 incipiens,
3062 5669 3156 5722 sed
3197 5671 3262 5723 ad
3292 5668 3489 5740 quem,
3525 5673 3602 5726 uti

2011 5742 2237 5800 videtur,
2265 5740 2413 5794 vicus
2445 5740 2528 5810 hic
2560 5749 3016 5810 ttietnoratusuou
3047 5748 3221 5810 potest
3243 5744 3512 5798 revocari.

2089 5810 2106 5847 ί
2139 5810 2291 5866 Colb.
2318 5825 2390 5864 tn.
2415 5820 2469 5866 et
2499 5808 2712 5879 Regim,
2735 5809 2938 5878 viginti.
