3920 6188
401 251 504 309 499
1367 217 1446 312 ’8.
1488 253 1813 314 casconn
1855 254 2156 312 EPiSCUI’l
2195 256 2631 317 TUltUNENSlS
3526 278 3614 333 5m

401 386 526 434 rex,
558 376 615 425 ut
649 370 717 437 si,
745 380 800 424 ut
836 369 994 424 habet
1039 368 1275 424 humana
1318 371 1596 441 fragilitas,
1627 371 1768 442 quod
1796 371 1972 427 divina
2005 373 2054 431 Λ
2078 371 2482 428 Guntchramno
2515 383 2632 443 post
2676 375 2957 432 transitum
3004 376 3190 434 domnl
3219 379 3369 454 443
3393 385 3610 444 Chlotlm-

401 462 570 529 pietas
595 477 700 514 non
734 463 1023 529 permittat,
1052 476 1153 517 nec
1183 461 1271 517 ille
1300 463 1482 518 videre
1523 463 1813 527 desiderat,
1844 478 1971 519 con-
2080 462 2248 516 charii
2278 473 2615 517 sacramenta
2645 464 2890 533 primitus
2923 466 3296 538 praebuerunt;
3319 485 3363 526 et
3390 477 3428 530 si
3455 488 3607 544 postea

401 551 579 622 tigerit
616 551 867 605 domuum
909 551 1331 619 Childebertum,
1360 570 1424 610 eo
1452 556 1740 623 superstite
1767 555 1834 611 de
1874 556 1974 611 hac
2076 553 2465 608 convincuntur
2512 554 2567 609 in
2605 565 2759 624 parte
2799 555 2902 609 alia
2949 557 3258 628 tradidisse,
3290 561 3349 616 de
3386 564 3502 621 locis
3535 572 3614 626 ubi

399 641 515 694 luce
557 640 802 708 migrare,
839 639 973 696 filios
1003 657 1127 696 suos
1152 643 1588 710 Theodobertum
1630 656 1685 701 et
1723 646 1972 701 Theodo-
2077 655 2420 699 commanere
2450 644 2716 711 videntur,
2746 646 2997 701 convenit
3028 658 3083 701 ut
3111 648 3334 705 debeant
3363 661 3608 713 removeri.

399 732 565 785 ricnm
598 747 774 799 reges,
801 731 884 785 vel
907 732 950 786 si
973 732 1146 788 adhuc
1173 735 1306 788 alios
1337 735 1437 802 ipsi
1471 736 1607 790 Deus
1632 736 1762 792 dare
1787 738 1970 793 volue-
2074 733 2331 788 Similiter
2359 746 2411 789 et
2440 735 2530 804 qui
2577 743 2699 803 post
2736 737 3016 792 transitum
3044 737 3228 793 domui
3257 741 3614 801 Chlothacharii

399 821 493 885 rit,
529 831 584 874 ut
625 824 743 889 pius
783 831 934 892 pater
959 825 1057 878 sub
1087 838 1180 878 sua
1213 825 1433 880 tuitione
1461 837 1514 881 et
1543 827 1854 882 defensione
1882 842 1968 884 re-
2071 825 2456 880 convincuntur
2481 826 2679 881 domno
2715 827 2983 897 Sigiberto
3026 841 3349 886 sacramenta
3401 837 3615 903 primitus

396 912 585 981 cipiat,
617 911 685 966 ita
720 923 772 967 nt
805 929 1026 987 regnum
1058 917 1222 984 patris
1251 931 1435 971 eorum
1479 918 1579 972 sub
1616 919 1756 971 omni
1785 919 1968 973 solidi-
2072 914 2388 982 prmbuisse,
2436 925 2490 971 et
2542 931 2601 970 se
2650 915 2703 969 in
2751 917 2915 969 aliam
2970 927 3171 986 partem
3229 926 3610 994 transtulerunt,

395 1010 502 1056 tate
548 1003 881 1071 possideant;
912 1016 966 1060 et
1012 1007 1323 1075 genitricem
1373 1009 1552 1062 domui
1601 1008 1961 1078 Childeberti,
2070 1005 2227 1059 modo
2257 1005 2417 1059 simili
2468 1017 2861 1061 removeantur.
2897 1007 3155 1064 Similiter
3198 1011 3443 1080 quidquid
3486 1027 3618 1071 ante-

390 1095 640 1149 dutnnam
666 1097 1058 1154 Brunichildem
1083 1099 1320 1170 reginam
1341 1143 1356 1165 ,
1381 1101 1462 1154 vel
1495 1103 1654 1154 filiam
1678 1102 1791 1168 ejus
1815 1099 1968 1157 Chlo-
2067 1095 2158 1148 ἵειιὶ
2190 1109 2340 1164 reges
2373 1095 2614 1151 CCCICSiiS
2653 1106 2744 1151 aut
2787 1097 3029 1152 ﬁdelibus
3075 1098 3184 1152 suis
3235 1105 3549 1160 contulerunt
3577 1116 3617 1173 ο,

389 1185 740 1254 dosuindam,
799 1205 1102 1260 germanam
1160 1193 1340 1246 domui
1406 1191 1732 1248 Childeberti
1792 1195 1960 1263 regis,
2066 1201 2156 1243 aut
2197 1191 2370 1245 adhuc
2415 1194 2660 1248 conL-rrc
2700 1210 2820 1250 cum
2864 1195 3102 1263 justitia,
3147 1197 3255 1250 Deo
3304 1197 3621 1265 protritiante,

388 1281 617 1348 quandiu
649 1281 782 1334 infra
817 1283 1085 1352 regionem
1140 1283 1462 1338 Francorum
1512 1285 1703 1350 fuerit,
1733 1286 1818 1341 vel
1847 1286 1962 1356 ejus
2068 1281 2358 1347 voluerint,
2410 1285 2676 1354 stabiliter
2722 1295 3103 1352 conservetur;
3147 1294 3203 1340 et
3244 1287 3491 1354 quidquid
3519 1289 3622 1340 uni-

389 1372 622 1438 reginam
656 1370 956 1426 Faileubam
989 1382 1036 1438 ⁸,
1070 1380 1319 1442 tanquam
1363 1389 1604 1431 sororem
1649 1376 1873 1444 bonam,
1908 1386 1963 1432 et
2063 1374 2253 1443 cuique
2304 1374 2535 1429 fidelium
2592 1375 2642 1429 in
2672 1376 2944 1445 utriusque
2975 1391 3137 1446 regno
3170 1390 3263 1445 per
3288 1376 3450 1444 legem
3479 1388 3528 1431 et
3550 1378 3627 1445 ju-

388 1459 522 1513 filias
574 1462 624 1514 in
666 1477 760 1515 sua
809 1463 1033 1519 tuitione
1062 1474 1114 1518 et
1159 1465 1492 1532 defensione,
1525 1467 1746 1534 spiritali
1792 1468 1961 1522 dilec-
2061 1464 2258 1518 stitiaut
2303 1462 2638 1531 redhibetur,
2671 1465 2870 1519 nullum
2894 1465 2944 1520 ei
2988 1465 3349 1534 prtejudicium
3389 1477 3624 1534 partitur.

386 1547 551 1611 tione,
584 1549 831 1618 recipiat,
859 1561 912 1604 et
941 1553 1039 1606 sub
1065 1554 1209 1607 omni
1241 1555 1443 1609 honore
1466 1566 1518 1609 et
1549 1556 1808 1625 dignitate
1837 1573 1957 1614 cum
2060 1553 2156 1608 sed
2186 1554 2343 1608 liceat
2373 1568 2460 1610 res
2492 1555 2701 1610 debitas
2729 1557 3005 1625 possidere
3029 1565 3188 1625 atque
3218 1556 3472 1623 recipere.
3501 1555 3564 1609 Et
3587 1557 3630 1610 si

355 1645 358 1648 ‘
385 1640 630 1693 omnibus
676 1641 837 1695 rebus
865 1657 1047 1696 earum
1069 1685 1083 1707 ,
1115 1658 1234 1698 cum
1264 1645 1589 1713 civitatibus,
1620 1649 1782 1717 agris,
1815 1649 1957 1703 redi-
2059 1645 2257 1714 aliquid
2290 1646 2708 1716 cuicunqueper
2733 1648 3037 1717 interregna
3060 1649 3177 1702 sine
3201 1648 3361 1716 culpa
3379 1647 3624 1701 sublatura

386 1737 404 1780 ι
430 1729 526 1782 bus
556 1733 631 1784 vel
661 1731 868 1786 cunctis
913 1734 1097 1799 titulis,
1127 1745 1179 1790 et
1208 1736 1355 1791 omni
1397 1751 1623 1807 corpore
1670 1738 1953 1807 facultatis,
1989 1752 2032 1810 Β
2061 1746 2169 1803 est,
2196 1737 2458 1791 audientia
2493 1737 2678 1791 habita
2722 1747 3070 1792 ΐθειθιπείυτσ
3102 1739 3160 1792 El
3194 1737 3261 1791 de
3286 1754 3351 1791 εθ
3381 1738 3515 1806 ψωύ
3544 1752 3629 1806 ιιθτ

383 1826 486 1873 tam
509 1819 670 1892 5/42
693 1823 833 1891 quod
858 1825 1102 1892 praesenti
1128 1825 1371 1881 videntur
1394 1837 1634 1898 tempore
1662 1832 1956 1898 possidere,
2066 1827 2452 1882 tnunilicentias
2484 1828 2894 1896 praecedentium
2927 1844 3115 1897 regum
3163 1828 3524 1897 unusquisque
3551 1843 3634 1880 us-

383 1926 538 1977 quam
573 1915 712 1980 quod
760 1914 955 1984 adhuc,
990 1916 1200 1971 Christo
1231 1919 1477 1985 prtesule,
1509 1919 1648 1986 juste
1692 1923 1963 1990 potuerint
2062 1932 2165 1986 que
2191 1917 2254 1970 ad
2288 1919 2568 1972 transitum
2606 1918 2850 1988 gloriosa:
2881 1918 3150 1973 memoria:
3177 1918 3359 1971 domui
3389 1916 3630 1971 Chlotha—

381 2016 744 2073 augmentare,
765 2007 863 2060 sub
880 2007 1025 2061 omni
1049 2012 1334 2064 securitate
1351 2011 1596 2078 etquiete
1616 2011 1956 2078 possideant:
2061 2010 2230 2066 charii
2261 2011 2404 2080 regis
2450 2010 2720 2078 possedit,
2764 2026 2884 2065 cum
2925 2009 3213 2064 securitate
3255 2008 3552 2079 possideat,
3583 2015 3632 2061 et

382 2103 439 2148 ut
467 2093 512 2148 si
560 2096 684 2162 quid
716 2095 783 2151 de
823 2097 964 2166 agris
1009 2096 1299 2164 fiscaltbus,
1344 2098 1425 2154 vel
1471 2101 1769 2170 speciebus,
1802 2112 1962 2172 atque
2060 2102 2198 2172 quod
2225 2101 2418 2157 exinde
2449 2101 2691 2156 ﬁdelibus
2722 2101 2962 2172 personis
2993 2101 3230 2155 ablatum
3262 2109 3375 2165 est,
3408 2099 3475 2153 de
3504 2113 3633 2167 pm:-

381 2175 646 2254 prmsidio,
680 2201 776 2254 pro
819 2189 1021 2242 arbitrii
1061 2191 1142 2243 sui
1178 2191 1450 2246 voluntate
1489 2192 1686 2258 facere,
1718 2201 1810 2246 aut
1849 2193 1960 2248 cui.
2059 2195 2196 2248 senti
2239 2193 2478 2262 recipiat.
2512 2194 2576 2247 Et
2615 2193 2738 2263 quia
2769 2192 2907 2246 inter
2947 2190 3198 2261 praefatos
3244 2204 3398 2260 reges
3430 2204 3553 2259 pura
3579 2196 3630 2242 et

381 2293 535 2345 quam
563 2279 808 2334 conferre
835 2281 1129 2349 voluerint,
1165 2281 1267 2335 ﬁxa
1296 2283 1584 2337 stabilitate
1614 2283 1668 2336 in
1701 2293 1957 2352 perpetuo
2058 2287 2282 2356 simplex
2312 2296 2394 2341 est
2433 2285 2485 2340 in
2532 2285 2626 2340 Dei
2673 2287 2892 2341 nomine
2932 2285 3218 2340 concordia
3253 2285 3485 2352 illigata,
3515 2299 3635 2338 cun-

379 2383 745 2438 conservetur,
791 2388 890 2428 nec
931 2388 961 2427 a
1006 2373 1407 2445 quibuscuuqne
1454 2375 1696 2430 voluntas
1745 2377 1955 2432 illarum
2059 2377 2200 2430 venit
2240 2377 2382 2430 utin
2427 2385 2648 2446 utroque
2689 2391 2856 2447 regno
2901 2376 3177 2446 utriusque
3225 2375 3499 2440 ﬁdelibus,
3531 2384 3628 2428 tam

382 2465 493 2520 ullo
539 2475 776 2534 tempore
819 2467 1168 2522 convellatur.
1213 2467 1288 2522 De
1333 2467 1632 2523 civitatibus
1665 2484 1812 2536 vero,
1855 2469 1957 2524 hoc
2057 2483 2153 2538 pro
2178 2469 2353 2523 causis
2382 2467 2602 2536 publicis
2627 2482 2783 2537 quam
2815 2469 3052 2537 privatis,
3077 2469 3388 2537 quicunque
3415 2467 3634 2521 voluerit

380 2565 462 2610 est
491 2555 806 2626 Burdegala,
852 2555 1156 2623 Lemovica,
1187 2558 1452 2622 Cadurco,
1502 2559 1746 2614 Denarno
1774 2571 1827 2615 et
1856 2561 1955 2616 Be-
2057 2560 2353 2624 ambulare,
2387 2560 2632 2630 pervium
2665 2560 2824 2615 nullis
2854 2560 3180 2630 temporibus
3210 2559 3528 2630 denegetur.
3562 2558 3641 2612 Si-

377 2661 565 2716 gorra,
597 2663 730 2717 quas
761 2647 1159 2704 Gailesuindam
1187 2648 1214 2688 ι)
1246 2666 1553 2720 germanam
1582 2653 1790 2707 domum
1822 2653 1954 2709 Bru-
2056 2651 2252 2706 militer
2277 2652 2559 2716 convenit,
2589 2659 2646 2704 ut
2673 2652 2850 2706 nullus
2876 2653 3096 2707 alterius
3125 2651 3315 2706 leudes
3348 2665 3449 2705 nec
3491 2649 3635 2703 solli-

380 2737 648 2802 nicliildis,
687 2740 871 2793 tamin
921 2739 1046 2795 dote
1089 2755 1246 2811 quam
1274 2740 1328 2794 in
1371 2744 1742 2812 morganegiba
1775 2753 1820 2810 ε,
1853 2744 1954 2800 hoc
2057 2741 2214 2806 citet,
2245 2756 2343 2796 nec
2382 2741 2654 2796 venientes
2697 2740 2944 2810 excipiat.
2977 2740 3127 2807 Quod
3172 2741 3220 2795 si
3272 2741 3496 2794 forsitan
3549 2754 3644 2808 pro

380 2840 497 2895 est,
524 2831 816 2887 matutinali
845 2831 1009 2898 dono,
1035 2833 1086 2886 in
1118 2833 1394 2888 Franciam
1421 2835 1719 2889 venientem
1747 2848 1950 2892 certum
2055 2833 2229 2904 aliutta
2274 2832 2566 2889 amissione
2611 2841 2813 2902 partem
2864 2836 3084 2888 alteram
3136 2833 3442 2888 crediderit
3476 2847 3643 2902 expe-

375 2929 457 2976 est
483 2922 796 2989 acquisisse.
825 2923 966 2989 Quas
993 2923 1150 2977 etiam
1180 2939 1272 2989 per
1294 2925 1552 2992 judicium
1581 2925 1950 2994 gloriosissiini
2055 2924 2296 2991 tendam,
2325 2923 2471 2994 juxta
2502 2924 2803 2994 qualitatem
2834 2923 3006 2993 culpae
3050 2925 3296 2979 excusati
3338 2923 3644 2979 reddantur.

374 3012 552 3068 domui
587 3013 972 3069 Guntchramni
1009 3016 1149 3084 regis
1180 3017 1260 3071 vel
1301 3015 1622 3070 Francorum
1645 3056 1661 3081 ,
1692 3019 1952 3086 supersti-
2055 3014 2164 3068 Hoc
2190 3014 2349 3069 etiam
2383 3013 2502 3067 huic
2523 3013 2649 3067 'addi
2682 3015 2876 3083 placuit
2914 3013 3180 3084 pactioni,
3220 3022 3281 3068 ut
3312 3015 3358 3068 si
3389 3028 3494 3082 qua
3525 3026 3643 3080 pars

373 3103 514 3158 tibus
541 3104 844 3172 Chilperico
872 3117 926 3160 et
953 3106 1215 3176 Sigiberto
1252 3108 1484 3176 regibus,
1514 3111 1708 3161 domna
1751 3109 1946 3163 Βιυιιὶο
1975 3129 2019 3191 C
2054 3106 2335 3177 praesentia
2360 3113 2555 3158 statuta
2586 3106 2684 3159 sub
2708 3120 3023 3173 quacunque
3053 3105 3384 3171 calliditate,
3407 3089 3644 3172 tempore

369 3194 560 3250 cbildis
598 3197 834 3250 noscitur
881 3199 1195 3268 acquisisse,
1233 3201 1302 3253 ita
1340 3199 1619 3266 convenit,
1654 3198 1862 3254 scilicet
1892 3208 1949 3255 ut
2052 3212 2364 3265 quocunque
2397 3196 2812 3263 transcenderit,
2843 3196 3019 3250 omnia
3066 3196 3372 3260 beneficia,
3406 3205 3513 3250 tam
3561 3209 3643 3249 re-

369 3286 667 3343 Cadurcum
694 3292 963 3345 civitatem
987 3332 1000 3354 ,
1032 3305 1153 3345 cum
1185 3291 1428 3346 terminis
1451 3301 1504 3344 et
1527 3301 1722 3345 cuncto
1756 3291 1949 3361 populo
2052 3290 2311 3360 promissa
2353 3305 2510 3358 quam
2541 3290 2593 3343 in
2627 3290 2875 3358 prresenti
2904 3291 3129 3357 collata,
3180 3292 3438 3359 amittat,
3469 3299 3527 3345 et
3572 3288 3648 3344 illi

367 3396 466 3438 suo
493 3385 688 3438 domua
720 3384 1072 3440 Drunichildis
1100 3384 1166 3439 de
1209 3384 1456 3454 praesenti
1491 3385 1540 3438 in
1583 3399 1677 3438 sua
1710 3387 1948 3456 preprie-
2050 3381 2286 3450 proﬁciat
2314 3380 2402 3448 qui
2434 3381 2808 3436 inviolabiliter
2839 3381 3014 3435 omnia
3045 3381 3440 3450 suprascripta
3469 3395 3650 3435 serva-

371 3485 478 3529 tate
526 3477 801 3545 percipiat.
834 3475 1083 3545 Reliquas
1111 3492 1236 3532 vero
1265 3477 1528 3543 civitates,
1564 3492 1628 3531 ex
1669 3478 1766 3531 hac
1813 3493 1944 3533 con-
2047 3473 2212 3536 verit.
2241 3470 2405 3542 444
2431 3480 2484 3526 et
2513 3474 2580 3526 8i!
2609 3472 2676 3526 de
2707 3482 3164 3527 sacratnenlomttl
3209 3472 3550 3542 obligatione
3589 3472 3641 3527 ilt

367 3565 568 3620 ditione
612 3567 856 3634 superius
896 3569 1214 3632 nominatas,
1248 3568 1475 3622 domnus
1516 3568 1946 3624 Guntchrantnus
2047 3565 2294 3618 omnibus
2335 3564 2600 3619 absoluta.
2636 3564 2728 3618 His
2758 3565 2935 3634 itaque
2977 3565 3236 3620 omnibus
3267 3566 3536 3633 definitis,
3561 3564 3648 3634 ju-

371 3657 494 3709 dum
538 3657 732 3711 advivit
780 3658 1077 3726 possideat,
1120 3658 1187 3711 ita
1232 3669 1287 3712 ut
1326 3660 1645 3728 quandoque
1678 3669 1794 3727 poit
1825 3660 1944 3730 ejus
2046 3665 2168 3709 runt
2211 3667 2386 3726 partes
2435 3671 2527 3724 per
2560 3656 2653 3710 Dei
2681 3657 3061 3726 omnipotentis
3091 3674 3299 3714 nomen
3332 3669 3393 3715 et
3438 3661 3644 3726 insepa-

365 3749 640 3801 transitum
674 3749 725 3802 in
756 3749 1171 3803 dominationem
1200 3751 1414 3803 domum
1466 3751 1942 3806 Brunicltildisdie-
2046 3747 2267 3802 rabilem
2299 3746 2637 3812 Trinitatem,
2669 3748 2751 3802 vel
2784 3747 2959 3802 divina
2988 3750 3167 3804 omnia
3201 3765 3274 3806 ac
3306 3752 3647 3806 tremendum

367 3839 661 3907 redumque
682 3855 894 3893 suorum
919 3857 1038 3894 eum
1070 3844 1211 3894 omni
1245 3842 1530 3909 soliditate,
1559 3842 1663 3895 Deo
1693 3842 1940 3911 propitio,
2045 3836 2187 3891 diem
2216 3837 2398 3904 judicii
2420 3878 2434 3901 ,
2467 3849 2524 3892 se
2564 3839 2762 3906 omnia,
2793 3853 2912 3907 quae
2948 3840 3198 3908 superius
3251 3841 3465 3911 scripta
3494 3848 3649 3904 sunt,

366 3940 736 3996 revertantur;
785 3945 884 3985 nec
929 3932 1212 4000 superstite
1259 3931 1454 3985 domno
1505 3930 1939 3996 Guntchrantno,
2043 3930 2242 3999 absque
2270 3931 2375 3983 ullo
2401 3930 2522 3983 dolo
2566 3931 2705 3982 malo
2737 3922 3047 3985 vel'fraudis
3074 3932 3309 4001 ingenio
3361 3932 3648 3986 iuviolahiv

364 4034 537 4090 neque
564 4037 594 4074 a
620 4022 811 4075 domua
846 4022 1203 4086 Drunichilde,
1237 4038 1407 4092 neque
1450 4037 1479 4076 a
1525 4023 1631 4076 lilio
1671 4039 1768 4077 suo
1799 4024 1944 4078 Chil-
2044 4020 2165 4074 liter
2191 4031 2514 4078 servaturos.
2546 4019 2703 4074 Facta
2735 4021 2906 4087 pactio
2929 4022 3026 4074 sub
3049 4021 3138 4074 die
3166 4033 3385 4089 quarto
3413 4020 3433 4059 ί
3470 4020 3648 4074 kalen-

365 4113 590 4167 deberto
638 4127 785 4182 rege,
838 4112 1066 4182 ﬁliisque
1117 4116 1246 4178 suis,
1278 4113 1515 4182 quolibet
1567 4114 1809 4181 ingenio,
1857 4114 1940 4169 vel
2042 4114 2124 4167 dis
2170 4112 2495 4177 Decembris,
2526 4127 2666 4165 anno
2712 4113 2965 4167 vicesimo
3009 4121 3163 4167 sexto
3215 4113 3295 4185 [1.
3329 4131 3483 4168 anno
3530 4112 3656 4184 587]

362 4215 603 4273 tempore
629 4213 957 4276 repetantur.
984 4205 1154 4259 Simili
1189 4206 1345 4259 modo
1372 4205 1652 4268 convenit,
1689 4217 1742 4257 ut
1772 4204 1941 4259 Silva-
2043 4205 2191 4274 regni
2215 4204 2395 4263 domui
2423 4195 2811 4260 Gutttchrautn't
2839 4207 2976 4274 regis
2999 4213 3054 4274 ε,
3083 4205 3285 4260 domui
3315 4205 3652 4261 Childeberti

361 4299 532 4351 nectis
560 4297 789 4351 domnus
818 4295 1191 4351 Childebertns
1227 4297 1280 4349 in
1312 4297 1612 4364 integritate
1644 4304 1853 4360 teneat;
1884 4303 1940 4349 et
2042 4313 2168 4351 vero
2191 4297 2504 4351 duodecimo
2527 4311 2688 4351 anno.

358 4399 612 4460 quantum
665 4390 817 4443 tertia
862 4388 1044 4443 domui
1088 4388 1474 4443 Gumchramni
1523 4386 1717 4441 exinde
1761 4386 1937 4439 debita
2112 4389 2287 4444 Lectis
2330 4388 2490 4458 igitur
2519 4389 2871 4458 pactionibus,
2903 4388 2978 4441 ait
3007 4403 3099 4444 rex
3130 4409 3144 4444 :
3180 4388 3419 4444 Juiicio
3449 4388 3547 4443 Dei
3580 4387 3648 4440 ie-

357 4482 644 4550 competit,
675 4480 741 4535 de
787 4481 941 4536 tertia
990 4478 1170 4533 domui
1212 4477 1536 4533 Childeberti
1558 4517 1575 4543 ,
1603 4493 1719 4546 qua:
1759 4486 1841 4532 est
1882 4478 1932 4530 in
1962 4502 2013 4562 Β
2042 4481 2170 4545 riar,
2194 4479 2238 4535 si
2267 4480 2332 4534 de
2363 4480 2446 4534 his
2484 4479 2770 4550 quidquam
2802 4478 3188 4533 transcendero
3237 4497 3372 4550 qua:
3406 4481 3496 4535 hic
3528 4495 3657 4534 con-

357 4572 701 4626 ltossoutensi
733 4569 795 4639 δ,
834 4571 1015 4626 domui
1069 4569 1451 4625 Guntchramui
1507 4570 1744 4637 partibus
1784 4584 1931 4622 com-
2041 4567 2291 4622 tinentur.
2340 4567 2404 4622 Et
2437 4582 2727 4622 conversus
2753 4567 2816 4621 ad
2863 4567 3126 4632 Felicem,
3159 4569 3262 4635 qui
3301 4576 3446 4624 tunc
3472 4566 3656 4620 nobis-

360 4672 629 4729 pensetnr.
663 4661 917 4716 Similiter
942 4663 1223 4730 convenit,
1255 4672 1310 4715 ut
1335 4661 1626 4716 secundum
1660 4659 1930 4730 pactiones
2036 4674 2155 4711 cum
2186 4659 2384 4726 legatus
2413 4660 2732 4722 advenerat,
2763 4658 2876 4711 ait:
2912 4657 3023 4723 Dic,
3055 4674 3088 4708 o
3118 4657 3284 4711 Felix
3314 4700 3331 4722 ,
3363 4658 3484 4728 jam
3516 4659 3660 4713 enim

357 4754 498 4807 inter
545 4753 797 4806 domuum
846 4753 1306 4808 Guntchrauinnm
1355 4762 1408 4807 et
1460 4752 1612 4806 bona:
1661 4753 1930 4806 memorias
2039 4750 2341 4817 plenissime
2368 4746 2698 4801 connexuisti
2727 4746 3157 4800 amicitiasinter
3183 4762 3458 4801 sororem
3488 4760 3657 4799 nteant

353 4845 608 4898 domuum
648 4843 974 4914 Sigibertum
1020 4844 1197 4907 initas,
1240 4843 1423 4898 leudes
1452 4843 1558 4908 illi,
1599 4843 1688 4911 qui
1733 4841 1930 4898 domno
2039 4841 2459 4907 Brunichildem,
2490 4850 2544 4894 et
2581 4839 2852 4893 inimicam
2885 4837 2974 4892 Dei
3015 4845 3070 4892 et
3112 4837 3425 4893 hominum
3464 4836 3662 4892 Frede-

434 5013 460 5074 ξ
486 5003 664 5070 Colh.,
694 5000 1036 5074 Fagileibum.
1366 5071 1378 5074 _
1507 5069 1521 5074 _
1559 5071 1568 5074 _
2040 4997 2286 5074 sontisse.‘
2305 4995 2464 5074 Forte
2493 4990 2938 5074 hiqdesignaturn
2966 4990 3322 5074 Ressontumg
3368 4991 3660 5074 ἔτριιεξιηιιι

433 5071 462 5115 δ
495 5062 983 5140 υιοι·’(ὶιιὶ1’ρει·ἰεὶ,
1009 5087 1125 5141 qum
1147 5071 1468 5139 strangulata
1502 5069 1626 5134 fuit,
1653 5083 1813 5138 supra
1838 5068 1931 5123 lib.
2045 5062 2520 5141 [fossori-labens},
2554 5062 2702 5141 vicus
2742 5062 3239 5141 tuter-Suessionas
3271 5072 3330 5116 et
3372 5063 3569 5141 vicum
3600 5062 3663 5112 ad

357 5161 433 5209 Iv,
458 5131 575 5211 cap.
601 5145 694 5210 ‘23,
727 5131 817 5197 ubi
846 5131 1038 5196 dicitur
1066 5131 1391 5194 Galsuintita.
1505 5208 1514 5211 Δ
1723 5131 1736 5138 ’
2042 5139 2288 5211 Axonam
2295 5178 2314 5211 _,
2359 5131 2758 5211 νίεὶεατ-ᾼίειιε.
2790 5133 2890 5211 Alii
2921 5143 3098 5211 tamen
3133 5143 3393 5211 censent
3429 5133 3520 5186 hic
3550 5145 3662 5211 tne-

432 5225 454 5252 ¢
487 5201 615 5268 tium
658 5201 830 5284 ignota
877 5222 1019 5267 esset
1065 5213 1176 5265 haec
1206 5227 1302 5284 vos
1345 5208 1784 5284 exscriptorihus,
1807 5222 1932 5284 eam
2041 5207 2234 5284 morari
2265 5205 2573 5284 "assumunt
2599 5202 2650 5255 in
2685 5218 2814 5270 pago
2845 5201 3471 5284 Bellovacettsi_sit_t_tttt,
3507 5203 3667 5281 vulgo

355 5285 484 5336 varii
512 5287 651 5338 varie
674 5272 1930 5353 scripsere.Regm.ettlolb.ui.,Morganeliba;
2041 5276 2267 5353 "essen,
2297 5273 2436 5353 quod
2488 5274 2573 5325 uni
2617 5286 2649 5327 e
2696 5287 2886 5353 novem
2931 5272 3179 5326 ecclesia:
3237 5272 3669 5329 Bellovacensis

355 5355 505 5407 Coll).
531 5371 600 5426 ειη
637 5343 1016 5426 iforg'uugeba;
1050 5343 1208 5426 F‘relt.
1238 5352 1309 5426 _al.
1334 5361 1388 5404 et
1426 5350 1622 5426 Cliesn.
1657 5343 1749 5411 aL,
1783 5347 1930 5400 Mor-
2037 5344 2422 5426 archidiaconus
2453 5358 2644 5396 nomen
2677 5343 2875 5426 tribuit.
2948 5425 2955 5426 ί
3124 5419 3136 5426 _
3193 5412 3206 5426 .
3282 5414 3295 5424 .

357 5412 603 5490 gangeba.
646 5412 1010 5479 Donvutn'erat'
1049 5424 1186 5493 quod
1219 5423 1305 5476 die
1353 5421 1654 5489 nuptiarum
1700 5433 1926 5493 sponsus
2109 5427 2134 5493 ξ
2167 5416 2412 5493 Sic__mss.
2440 5426 2660 5493 omnes;
2689 5413 2812 5464 editi
2842 5425 3000 5493 vero,
3021 5412 3390 5493 contulerint.

358 5479 514 5546 inane
550 5507 760 5558 sponsae
787 5479 1118 5549 conferebat.
1156 5494 1281 5559 Ejus
1309 5479 1524 5562 etyu'ion
1554 5499 1606 5543 et
1636 5479 1810 5562 varias
1856 5489 1927 5540 si-
2109 5484 2127 5524 ί
2169 5486 2319 5562 galli.
2352 5500 2426 5540 tn.
2454 5495 2505 5536 et
2530 5483 2719 5562 ltegt'n.
2747 5496 2866 5534 cum
2885 5482 3049 5562 ‘liadq
3079 5479 3172 5533 die
3207 5485 3403 5562 tertio.

354 5551 719 5632 gttliczttioiies
764 5579 828 5616 ex
874 5551 1236 5632 corruptoribus
1282 5551 1587 5615 auctoribus
1634 5558 1801 5611 iusius
1829 5573 1924 5612 ex-
2035 5627 2045 5632 _
2105 5565 2130 5602 ε
2161 5557 2287 5632 Qua:
2316 5561 2610 5632 sequuntur
2638 5566 2806 5632 usque
2833 5551 2898 5604 ad
2933 5554 3084 5604 liuent
3129 5553 3354 5619 capitis
3411 5567 3531 5606 non
3565 5552 3665 5605 ha-

359 5621 507 5701 ponit
532 5631 762 5697 Cangius
791 5633 842 5685 in
872 5621 1163 5701 Glossario.
1613 5697 1642 5701 _
1806 5695 1834 5701 _
2033 5621 2221 5680 bentur
2245 5626 2296 5679 in
2326 5623 2480 5678 Colb.
2508 5637 2558 5675 a.
2584 5631 2638 5676 et
2667 5621 2775 5674 Vat.

425 5700 451 5741 ά
483 5695 751 5758 Colbfm.
780 5712 834 5758 et
874 5700 1068 5760 Chesn.
1098 5702 1194 5766 aL,
1237 5701 1562 5765 Rosontisse;
1612 5697 1758 5764 Bec.,
1796 5695 1923 5751 Ros-
2327 5745 2367 5761 ,μ
