3974 6174
288 288 401 347 5οῒ

1261 287 1576 347 HISTORIA
1619 285 2055 344 FRANCORUM.
2102 282 2304 340 LIBER
2346 280 2589 341 NONUS.

3447 273 3569 330 fit)?

285 402 545 472 gendum.
585 401 703 470 Quo
748 411 998 473 negante,
1027 416 1127 474 ego
1169 403 1278 458 dixi
1312 423 1326 459 :
1367 390 1731 458 Nomilubitet
1777 416 1871 455 rex
1900 404 1951 463 Α
1980 400 2235 455 Ecclesia:
2279 400 2408 455 ildes
2456 384 2688 467 perieulo
2719 376 2829 451 ulto
2872 411 2978 449 non
3023 393 3281 465 quatitur,
3332 392 3560 447 haeresis

288 509 414 564 quia
459 494 565 548 illa:
610 495 859 550 amicitia:
906 494 1044 549 inter
1085 495 1299 550 easdem
1333 496 1722 560 cuStodiuntur,
1754 510 1872 564 qua:

291 597 416 664 ante
462 588 563 644 ltos
603 604 776 644 annos
822 590 1082 661 plurimos
1127 600 1252 646 sunt
1302 592 1493 662 ligone.
1549 590 1677 645 Nam
1728 602 1874 647 certe

282 680 430 735 ‘lcias
458 682 581 751 quia
609 680 790 736 odium
811 726 823 743 .
853 681 993 751 quod
1020 680 1160 736 inter
1184 682 1301 736 illas
1328 682 1455 736 olim
1479 690 1733 736 statutum
1760 690 1867 747 est,

290 770 474 827 adhuc
502 771 760 841 pullulat,
798 787 903 827 non
951 773 1167 828 arescit.
1199 772 1411 828 Utinam
1444 783 1497 828 ιιι
1517 813 1533 837 ,
1563 787 1594 828 o
1623 788 1717 828 rex
1758 775 1873 841 glo-

290 863 609 921 riosissime.
642 864 819 918 minus
843 879 963 918 cum
996 880 1059 918 ea
1086 864 1400 919 charitatem
1433 864 1679 920 haberes.
1712 863 1871 928 Nam,

291 962 359 1008 ut
394 968 538 1020 saepe
565 956 931 1025 cognovimus,
965 955 1179 1028 dignius
1209 955 1323 1026 ejus
1353 956 1672 1027 legationem
1714 971 1873 1025 quam

294 1051 534 1094 nostram
556 1040 787 1110 excipis:
808 1041 870 1095 Et
900 1041 988 1096 ille
1014 1058 1028 1095 :
1051 1042 1222 1107 Scias,
1253 1036 1450 1111 inquii,
1475 1040 1726 1097 sacerdos
1748 1040 1872 1107 Dei,

292 1131 417 1199 quia
444 1131 528 1185 sic
550 1130 667 1199 ejus
698 1132 1014 1196 legationem
1045 1133 1297 1200 suscipio,
1331 1141 1383 1186 ut
1424 1130 1741 1187 citaritatem
1774 1147 1875 1188 ne-

295 1220 437 1289 potis
480 1222 583 1274 mei
625 1220 954 1275 Cb:ldeberti
1007 1222 1143 1291 regis
1191 1235 1297 1275 non
1328 1222 1596 1276 omittam.
1626 1221 1756 1275 Nam
1808 1221 1876 1275 ibi

295 1308 406 1384 [ΑΙ.
432 1308 813 1380 iiiilamicitias
842 1310 1008 1379 ligare
1031 1326 1135 1364 non
1163 1324 1381 1381 possum
1402 1352 1418 1376 ,
1447 1310 1515 1367 de
1543 1326 1646 1380 qua
1678 1310 1877 1380 saepius

296 1408 700 1469 processerunt,
732 1401 818 1470 qui
864 1401 991 1455 mihi
1024 1402 1184 1456 vitam
1218 1411 1535 1472 prtesentem
1577 1403 1877 1457 auferrent.

296 1491 425 1546 Hac
450 1506 519 1545 eo
564 1491 799 1555 dicente,
833 1490 980 1546 Felix
1030 1491 1147 1545 ait:
1183 1491 1502 1547 Pervenisse
1546 1492 1612 1547 ad
1656 1492 1881 1561 gloriam

293 1593 528 1637 vestram
549 1581 731 1644 credo.
756 1581 895 1651 quod
925 1581 1252 1638 Richsredus
1279 1583 1597 1652 legationem
1622 1582 1686 1637 ad
1718 1597 1882 1653 nepo-

296 1682 405 1727 tem
435 1680 671 1726 vestrum
701 1672 897 1727 dilexit
940 1672 1039 1744 (V.
1072 1690 1186 1744 sup.
1211 1689 1327 1743 cap.
1357 1673 1466 1740 16),
1498 1688 1618 1743 quae
1663 1682 1887 1743 neptem-

1978 507 2114 546 nnva
2162 507 2268 547 non
2307 492 2499 561 surgit.
2532 492 2661 559 Quae
2697 482 2799 545 erit
2838 489 2936 542 ista
2981 488 3293 548 necessitas,
3323 495 3379 538 ut
3422 481 3556 536 tanti

1975 580 2205 635 debeant
2247 579 2301 635 in
2349 596 2508 634 unum
2556 578 2805 651 conjungi
2858 577 3065 631 Domini
3114 569 3458 629 sacerdotes?
3489 570 3558 626 Et

1977 676 2067 731 ille
2094 693 2108 731 :
2138 677 2274 732 Sunt
2298 674 2490 743 multa,
2521 673 2722 745 inquit,
2754 688 2872 742 quae
2895 670 3122 725 debeant
3150 666 3412 729 discerni,
3442 678 3564 732 quas

1978 765 2172 833 injuste
2207 773 2355 834 gesta
2399 772 2551 829 sunt,
2594 772 2700 817 tarn
2747 763 2815 817 de
2856 760 3092 825 incestis,
3125 773 3282 828 quani
3324 755 3390 809 de
3429 752 3562 823 ipsis

1977 871 2094 925 que
2120 854 2258 909 inter
2289 870 2385 909 nos
2418 863 2645 925 aguntur
2673 852 2874 908 causis.
2905 850 3009 906 Sed
3042 849 3310 919 praecipue
3340 845 3428 899 illa
3460 838 3573 917 Dei

1978 963 2137 1003 causa
2168 957 2344 1003 exstat
2371 946 2615 1000 omnibus
2658 945 2849 1014 major,
2893 951 2951 996 ιιι
2997 942 3264 1009 inquirere
3294 936 3565 1003 debeatis,

1981 1058 2074 1095 cur
2106 1041 2459 1095 Praetextatus
2495 1038 2776 1107 episcopus
2821 1035 2997 1106 gladio
3038 1034 3091 1088 in
3136 1032 3357 1089 ecclesia
3404 1028 3560 1084 fuerit

1980 1134 2353 1200 interemptus.
2381 1132 2484 1185 Sed
2512 1142 2563 1184 et
2592 1130 2659 1183 de
2689 1128 2754 1182 iis
2774 1128 2865 1197 qui
2893 1141 2988 1196 pro
3013 1124 3217 1179 luxuria
3247 1129 3563 1177 accusantur

1981 1224 2136 1277 debet
2170 1238 2292 1277 esse
2322 1221 2603 1286 discnssio,
2635 1228 2692 1273 ut
2720 1227 2810 1272 aut
2837 1216 2963 1271 victi
3002 1213 3277 1275 sanctione
3316 1210 3566 1266 sacerdo-

1984 1315 2073 1368 tali
2102 1313 2333 1367 debeant
2376 1309 2685 1373 emendari,
2718 1318 2807 1361 aut
2850 1313 3019 1370 certe,
3050 1304 3093 1357 si
3141 1302 3454 1357 innocentes
3484 1300 3566 1353 in-

1986 1409 2291 1475 veniuntur,
2341 1405 2554 1476 publice
2601 1419 2754 1460 error
2798 1402 3041 1458 criminis
3088 1398 3385 1453 auferatur.
3419 1394 3571 1448 Tunc

1980 1496 2139 1567 jussit
2165 1503 2223 1549 ut
2251 1496 2301 1549 in
2346 1494 2588 1550 kalendis
2617 1495 2818 1549 mensis
2842 1490 3016 1547 uuarti
3045 1490 3158 1545 haec
3183 1488 3418 1559 synodus
3452 1500 3576 1554 pro-

1986 1587 2291 1657 longaretur
2315 1586 2365 1641 δ.
2398 1588 2463 1641 Et
2499 1586 2563 1640 iis
2594 1585 2775 1652 dictis,
2806 1584 2873 1638 ad
2917 1580 3198 1637 ecclesiam
3244 1578 3408 1649 M6
3452 1592 3574 1646 pro-

1986 1682 2288 1734 cessimus:
2330 1688 2446 1734 erat
2488 1678 2632 1733 enim
2678 1677 2793 1731 dies
2832 1676 2919 1731 illa
2965 1673 3253 1729 Douiinicae
3314 1666 3574 1725 Resnrre-

296 1776 529 1820 vestram
577 1765 1061 1831 Cblodosnindam,
1095 1766 1252 1820 filiam
1286 1765 1462 1820 fratris
1493 1766 1686 1830 vestri,
1733 1767 1781 1821 ei
1825 1765 1877 1820 in
1910 1774 1958 1835 Β
1985 1770 2179 1826 ctionis
2208 1770 2519 1825 solemnitas
2546 1778 2593 1823 ε.
2623 1771 2791 1824 Dictis
2818 1770 2977 1839 igitur
3005 1765 3463 1845 Missis,convivio
3478 1782 3579 1846 nos.

297 1856 695 1911 matrimonium
724 1858 1035 1926 postularet.
1064 1857 1169 1913 Sed
1202 1856 1290 1911 ille
1314 1859 1517 1928 absque
1545 1871 1725 1913 chIro
1754 1872 1883 1913 con-

294 1949 424 2003 silio
464 1948 592 2002 nihil
630 1949 823 2003 exinde
864 1950 1175 2018 promittere
1209 1951 1395 2006 voluit.
1428 1951 1543 2006 Rex
1569 1950 1642 2006 ait
1668 1961 1690 1989 ⁸
1721 1967 1738 2006 :
1769 1951 1883 2006 Non

299 2048 388 2092 est
419 2041 680 2108 optimum
711 2041 852 2095 enim
872 2082 887 2106 ,
918 2050 975 2095 ut
1004 2041 1127 2095 illuc
1158 2043 1333 2110 neptis
1361 2040 1523 2112 445
1555 2056 1668 2096 mea
1700 2043 1887 2097 ambu-

299 2131 376 2186 let
396 2174 409 2192 .
442 2133 528 2186 ubi
552 2147 709 2188 'oror
732 2149 827 2189 sua
856 2143 941 2189 est
962 2134 1239 2189 interfecta
1268 2152 1281 2200 ;
1319 2136 1412 2191 sed
1446 2150 1544 2190 nec
1571 2137 1698 2190 illud
1725 2139 1889 2191 ratio-

299 2221 552 2277 nabiliter
577 2225 910 2293 coinplacet,
941 2232 1001 2279 ut
1046 2242 1151 2279 non
1185 2226 1476 2283 ulciscatur
1523 2242 1667 2281 mors
1715 2230 1888 2297 neptis

301 2313 437 2367 mele
480 2313 746 2384 lngttndis.
788 2314 932 2371 Felix
985 2319 1271 2386 respondet
1303 2336 1315 2371 :
1353 2319 1569 2373 Multum
1608 2336 1666 2375 se
1695 2323 1890 2376 exinde

298 2418 562 2460 excusare
608 2404 826 2471 volunt,
870 2416 961 2461 aut
1008 2410 1380 2475 sacramentis,
1430 2420 1521 2462 aut
1565 2411 1893 2479 quibuslibet

302 2495 423 2551 aLis
451 2495 845 2552 conditionibus
866 2499 1165 2567 jnsseritis;
1200 2509 1408 2555 tantum
1438 2516 1539 2557 vos
1565 2517 1890 2559 consensum

305 2590 563 2660 prtebete,
596 2599 657 2644 ut
682 2593 731 2645 ei
759 2592 1176 2661 Chlodosuinda,
1206 2595 1342 2651 sicut
1372 2598 1634 2665 postulat,
1663 2596 1894 2666 despon-

303 2693 476 2739 κων.
509 2684 618 2737 llex
649 2685 725 2738 ait
754 2701 768 2738 :
798 2684 857 2740 Si
900 2685 1042 2739 enim
1073 2682 1240 2756 nepos
1270 2702 1417 2742 meus
1464 2687 1649 2757 implet
1692 2705 1808 2756 qua:
1839 2688 1890 2741 in

264 2828 273 2833 .
307 2776 648 2845 [Iac-tionibus
689 2777 953 2832 conscribi
983 2777 1178 2843 voluit,
1206 2787 1260 2832 et
1301 2792 1401 2848 ego
1426 2779 1492 2833 de
1523 2780 1605 2833 bis
1638 2778 1775 2832 facio
1804 2794 1898 2832 vo-

309 2868 573 2922 luntatem
599 2868 747 2935 ejus.
768 2866 1208 2925 Protnittentibus
1237 2870 1392 2924 nobis
1432 2886 1554 2925 eum
1586 2872 1766 2926 omnia
1796 2872 1895 2925 im-

308 2957 611 3027 pleturum,
642 2958 838 3028 adjecit
868 2958 1013 3013 Feiix
1040 2977 1054 3011 :
1087 2959 1420 3029 Deprecatur
1447 2962 1610 3017 etiam
1643 2962 1893 3029 pietatem

307 3058 545 3104 vestram
563 3095 587 3116 ,
611 3060 669 3105 ut
697 3052 746 3107 ei
775 3052 1025 3107 sotatium
1054 3062 1239 3108 contra
1280 3053 1655 3122 Langobardos
1694 3055 1895 3111 tribua-

1987 1862 2205 1926 ascivit,
2240 1860 2378 1928 quod
2423 1861 2519 1914 luit
2547 1876 2652 1914 non
2697 1863 2871 1915 minus
2914 1868 3193 1913 oneratum
3239 1858 3293 1911 in
3336 1857 3579 1931 ferculis,

1987 1968 2145 2021 quam
2193 1952 2372 2006 latitia
2412 1952 2746 2020 opulentum.
2783 1952 3006 2019 Semper
3034 1954 3178 2005 enim
3210 1967 3303 2005 rex
3334 1952 3401 2006 de
3445 1951 3584 2018 Deo,

1989 2046 2056 2100 de
2089 2046 2446 2099 aedificatione
2483 2045 2828 2099 ecclesiarum
2852 2083 2868 2108 ,
2915 2042 2983 2097 de
3026 2042 3339 2098 defensione
3380 2028 3578 2111 panpeJ

1990 2153 2107 2191 rum
2149 2153 2450 2191 sermonem
2504 2137 2738 2195 habens,
2784 2135 2993 2189 ridebat
3038 2135 3303 2189 interdmn
3350 2133 3587 2202 spiritali.

1984 2228 2111 2299 joco
2141 2228 2435 2292 delectans,
2465 2227 2667 2281 addens
2694 2226 2854 2281 etiam
2884 2227 3022 2280 unde
3050 2236 3104 2281 et
3134 2242 3229 2280 nos
3256 2227 3453 2295 aliquid
3486 2228 3579 2282 lte-

1994 2322 2119 2376 titire
2152 2322 2469 2375 frueremur.
2502 2320 2720 2374 Dicebat
2745 2320 2887 2375 enim
2916 2328 2970 2373 et
2996 2320 3109 2374 hmo
3136 2320 3293 2374 verba
3319 2335 3335 2375 :
3365 2320 3578 2399 Utinam

1995 2411 2125 2464 mihi
2174 2425 2341 2478 nepos
2371 2426 2522 2465 meus
2573 2410 2832 2479 promissa
2875 2412 3165 2466 custodiat.
3197 2408 3386 2466 Omnia
3432 2411 3580 2467 enim

1994 2520 2113 2573 quae
2181 2505 2352 2559 liabco
2388 2505 2502 2572 ejus
2558 2512 2702 2559 sunt.
2759 2505 2959 2560 Tamen
3000 2506 3046 2560 si
3082 2520 3203 2560 eum
3257 2503 3581 2561 scandalizat

1996 2598 2151 2666 iilud,
2186 2599 2326 2665 quod
2370 2599 2572 2668 legatos
2602 2596 2895 2653 Clilotliarii
2926 2598 3131 2666 nepotis
3177 2597 3280 2652 mei
3327 2598 3583 2667 suscip‘o,

1996 2691 2232 2761 nunquid
2264 2690 2487 2744 demens
2517 2703 2668 2756 sum,
2711 2698 2769 2743 ut
2809 2704 2914 2743 non
2946 2689 3144 2758 possim
3172 2696 3472 2762 temperare
3502 2687 3585 2741 in-

1997 2792 2081 2838 ter
2122 2798 2233 2859 eos,
2262 2799 2351 2859 ne
2400 2782 2709 2837 scandalum
2761 2782 3117 2853 pmpagetur?
3159 2782 3292 2835 Navi
3341 2783 3481 2836 enim
3529 2783 3580 2836 id

2000 2876 2171 2945 magis
2202 2873 2454 2938 incidere,
2487 2889 2642 2943 quam
2690 2874 2753 2928 in.
2794 2872 2999 2942 longius
3046 2870 3403 2942 pmmulgare.
3436 2870 3597 2926 Dabo

1997 2966 2140 3021 enim
2170 2962 2501 3029 Cblotliario,
2531 2964 2587 3018 si
2609 2978 2730 3017 eum
2763 2974 3010 3034 nepetem
3039 2976 3215 3016 meum
3243 2977 3363 3016 esse
3384 2977 3587 3031 cogno-

1999 3069 2149 3118 vero,
2179 3064 2270 3109 aut
2300 3057 2448 3117 duas,
2474 3062 2566 3108 aut
2611 3063 2718 3107 tres
2748 3052 2801 3107 in
2835 3063 2981 3119 parte
3009 3051 3184 3122 aliqua
3231 3052 3494 3117 civitates,
3526 3060 3585 3106 ut

310 3144 409 3211 tis,
432 3144 661 3213 qualiter
686 3145 925 3214 expulsis
938 3142 1164 3199 deltalia
1184 3189 1200 3213 ,
1229 3162 1354 3215 pars
1382 3146 1465 3200 illa
1497 3162 1655 3217 quam
1686 3148 1895 3217 genitor
1926 3150 1970 3212 C.
2001 3160 2100 3201 nec
2127 3147 2214 3201 hic
2246 3146 2482 3199 videatur
2512 3144 2843 3200 exheredari
2873 3144 2941 3199 de
2969 3159 3130 3215 regno
3163 3159 3303 3206 meo,
3332 3159 3430 3198 nec
3466 3144 3586 3198 huic

306 3252 443 3293 suus
480 3237 771 3292 vindicavit
812 3241 1019 3305 vivens,
1050 3237 1116 3302 ad
1158 3254 1279 3293 eum
1332 3248 1657 3306 revertatur;
1693 3239 1895 3307 reliqua

310 3341 446 3387 vero
470 3342 595 3395 pars
617 3343 710 3396 per
738 3338 972 3383 vestrum
999 3344 1266 3393 somnone
1287 3329 1533 3403 solatium
1563 3330 1900 3400 imperatoris

310 3418 611 3474 ditionibus
640 3422 968 3474 restituatur.
1012 3419 1306 3488 Respondit
1334 3436 1426 3475 rex
1461 3438 1474 3474 :
1506 3419 1619 3474 Non
1639 3462 1655 3487 ,
1697 3422 1898 3489 inquit,

312 3525 533 3579 possunt
563 3513 615 3564 in
645 3510 849 3564 Italiam
874 3512 1169 3566 exercitum
1199 3527 1375 3565 meum
1399 3512 1648 3582 dirigere,
1680 3522 1735 3566 ut
1762 3514 1900 3567 ult'o

312 3615 411 3657 eos
462 3602 622 3655 morti
678 3603 927 3656 tradam:
969 3590 1279 3673 gravissima
1334 3606 1475 3659 enim
1530 3607 1641 3661 lues
1694 3606 1898 3660 italiam

310 3707 458 3749 nunc
479 3695 740 3749 devastat.
770 3693 835 3748 Et
858 3709 993 3763 ego:
1024 3694 1298 3751 lndicastis
1322 3696 1464 3750 enim
1489 3697 1666 3766 nepoti
1695 3704 1897 3761 vestro,

314 3794 379 3840 ut
405 3801 592 3866 omnes
631 3786 780 3856 regni
818 3787 901 3840 sui
941 3786 1179 3856 episcOpi
1222 3788 1275 3841 in
1318 3803 1480 3840 unum
1522 3787 1899 3852 convenirent,

315 3875 441 3941 quia
490 3876 651 3929 multa
698 3886 820 3930 sunt
864 3891 983 3946 quas
1026 3876 1253 3933 debeant
1298 3876 1583 3944 indagari:
1623 3878 1715 3931 sed
1750 3877 1901 3947 juxta

316 3971 760 4026 consuetudinem
792 3986 1056 4027 canonum
1076 4014 1090 4036 ,
1123 3972 1364 4042 placebat
1393 3973 1779 4043 gloriosissimo
1810 3988 1905 4025 ne-

319 4061 432 4128 poti
465 4073 663 4128 vestro,
694 4072 751 4117 ut
784 4065 1150 4135 unusquisque
1194 4064 1506 4133 metropolis
1534 4080 1653 4119 cum
1686 4065 1901 4133 provin-

318 4154 547 4210 cialibus
577 4154 695 4228 [Clu
722 4155 1285 4228 comprovincialibus}
1309 4158 1419 4211 suis
1446 4156 1860 4227 eotijungeretnr
1885 4173 1899 4208 ε

317 4251 379 4294 et
410 4250 535 4295 tunc
576 4257 695 4310 qua:
738 4243 1256 4299 irrationabiliter-in
1301 4243 1519 4312 regione
1549 4242 1761 4313 propria
1807 4243 1903 4297 ile-

318 4329 482 4400 bant,
511 4335 785 4389 sanctione
806 4333 1127 4390 sacerdOtali
1151 4334 1582 4391 emendarentur.
1608 4334 1736 4401 Qua:
1758 4332 1901 4388 enim

316 4438 482 4478 causa
504 4434 712 4491 exstat,
738 4436 797 4481 ut
827 4427 880 4480 in
907 4442 1071 4483 unum
1102 4438 1244 4482 tanta
1274 4427 1560 4485 multitudo
1586 4425 1904 4482 conveniat?

2004 3238 2427 3308 inquietudinem
2465 3243 2829 3305 pra'pararent
2856 3251 2975 3306 qua:
3006 3237 3088 3290 isti
3125 3237 3411 3309 reliquero,
3459 3235 3586 3290 llaec

2002 3336 2058 3385 et
2081 3329 2182 3383 alia
2206 3329 2441 3392 locutus,
2471 3326 2610 3381 dulci
2639 3342 2735 3381 nos
2758 3324 2925 3382 aﬂatu
2974 3325 3161 3383 fovens
3184 3343 3245 3381 ac
3274 3327 3584 3381 muneribus

2004 3436 2262 3483 ouerans,
2319 3419 2596 3474 discedere
2645 3418 2825 3488 jubet,
2873 3419 3132 3474 mandans
3171 3429 3226 3472 ut
3268 3433 3328 3474 ea
3373 3432 3594 3487 semper

2002 3512 2349 3567 Cluildeberto
2396 3510 2507 3580 regi
2556 3509 2917 3577 ins‘nuentur,
2948 3524 3065 3580 quae
3112 3509 3235 3563 vita:
3275 3508 3392 3578 ejus
3438 3524 3587 3564 conp

2006 3608 2161 3661 moda
2190 3605 2337 3658 lient.

2078 3695 2219 3751 XXI.
2259 3695 2377 3765 Ipse
2403 3702 2578 3749 autem
2602 3709 2716 3755 rex,
2751 3701 2969 3762 utsaepe
2990 3692 3240 3753 diximus.
3271 3694 3323 3748 in
3352 3696 3586 3748 eleemo.

2004 3788 2155 3857 synis
2205 3802 2448 3856 magnus,
2499 3786 2550 3840 in
2597 3785 2795 3855 vigiliis
2845 3792 3005 3854 atque
3051 3783 3269 3855 jejuniis
3317 3795 3597 3854 promptus

2005 3889 2139 3935 erat.
2174 3878 2301 3933 Nam
2343 3888 2465 3932 tunc
2496 3876 2760 3932 ferebatur
2795 3878 3081 3932 Massiliam
3111 3895 3137 3930 a
3169 3877 3253 3931 lue
3295 3878 3588 3947 inguinaria

2006 3968 2159 4022 valde
2188 3966 2416 4033 vastari,
2446 3974 2499 4022 et
2529 3967 2667 4021 hunc
2711 3967 2950 4020 morbum
2982 3982 3148 4036 usque
3174 3966 3239 4022 ad
3273 3966 3589 4037 Lugdunen-

2006 4073 2116 4114 sem
2142 4057 2334 4121 vicnm,
2358 4060 2616 4111 Octavum
2648 4058 2883 4123 nomine,
2914 4058 3076 4111 fuisse
3116 4056 3363 4112 celeriter
3391 4073 3586 4126 propa-

2007 4150 2192 4204 latum.
2225 4149 2329 4203 Sed
2362 4164 2474 4212 rex,
2504 4162 2568 4203 ac
2594 4149 2639 4201 si
2677 4148 2844 4201 bonus
2873 4147 3148 4211 sacerdos,
3191 4146 3476 4216 providens
3505 4161 3589 4201 re:

2009 4241 2202 4306 media,
2235 4237 2423 4309 quibus
2444 4236 2719 4292 cicatrices
2746 4237 3192 4315 peccatorisvulgi
3216 4239 3586 4298 mederentur,

2003 4328 2164 4399 jussit
2191 4344 2403 4384 omnem
2421 4328 2668 4398 p0pulum
2685 4326 2751 4382 ad
2766 4327 3045 4382 ecclesiam
3064 4329 3390 4394 convenire,.
3405 4337 3461 4383 et
3481 4328 3585 4381 tto-

2010 4425 2251 4496 galiottes
2277 4438 2485 4479 summa
2513 4438 2633 4479 cum
2682 4421 2969 4479 devotione
3016 4421 3296 4492 celebrari,
3349 4431 3405 4476 et
3454 4421 3585 4475 nihil

244 4574 251 4584 '
320 4612 323 4615 η
396 4565 424 4594 ⁸
452 4559 632 4614 Editio
662 4561 808 4615 ltadii
854 4561 931 4615 sic
959 4561 1116 4616 habet
1145 4579 1160 4616 :
1188 4562 1267 4615 Ad
1305 4560 1443 4630 quod
1480 4575 1573 4615 rex
1599 4575 1903 4628 cognoscens
1933 4567 1980 4627 ι)
2005 4562 2225 4615 ritalem.
2260 4556 2823 4630 QuapropterAP‘Ziieat
2866 4556 3218 4630 purgationem
3265 4559 3376 4630 ejus
3425 4556 3591 4627 legiti-

278 4694 287 4701 _
320 4637 371 4682 et
397 4632 565 4683 animo
604 4641 831 4697 repstens
853 4647 966 4699 qua:
988 4632 1052 4685 de
1078 4633 1293 4701 perﬁdia
1322 4630 1464 4684 illius
1497 4632 1765 4691 audierat,
1796 4647 1906 4681 mo-

276 4740 281 4747 .
320 4701 695 4771 turoiconsilio
737 4703 1046 4771 respondit:
1077 4702 1199 4755 Non
1238 4711 1311 4755 est
1353 4702 1516 4753 visum
1559 4702 1833 4770 prudenter
1875 4717 1907 4753 a

320 4784 409 4821 me
433 4770 543 4836 fieri
570 4770 1002 4838 stramentum,
1027 4782 1080 4824 ut
1111 4774 1233 4824 illuc
1264 4772 1427 4841 nep‘is
1455 4788 1563 4823 mea
1581 4810 1594 4833 ,
1626 4786 1777 4841 quam
1802 4771 1909 4823 sin-

317 4841 573 4910 gulariter
602 4841 815 4910 diligere
850 4842 1037 4909 debeo,
1059 4844 1307 4905 mittatur,
1343 4842 1424 4894 ubi
1449 4857 1595 4895 soror
1625 4845 1733 4908 ejus
1761 4841 1909 4893 inno-

319 4909 524 4963 tentula
553 4912 851 4982 turpissima
878 4912 1061 4979 fraude
1085 4914 1236 4982 vulgo
1279 4912 1587 4978 praedicatur
1617 4911 1905 4979 interfecta.

320 4982 435 5037 Sed
467 4998 556 5035 nec
583 4981 717 5034 illud
743 4985 933 5051 regiam
960 4984 1099 5036 decet
1126 4981 1436 5052 majestate»:
1453 5022 1468 5045 ,
1497 4991 1585 5033 aut
1628 4993 1798 5033 nostro
1824 4998 1909 5050 ge-

318 5057 429 5107 stat
462 5054 726 5106 honestum
756 5054 908 5116 duco,
940 5065 993 5105 ut
1024 5053 1088 5105 de
1117 5066 1275 5106 morte
1315 5053 1534 5121 nefanda
1580 5052 1741 5115 neptis
1782 5067 1906 5105 inea:

317 5123 641 5176 charissima:
670 5120 923 5189 lnqundis
964 5124 1156 5175 nullam
1188 5120 1385 5176 sumam
1414 5122 1687 5175 vindictam
1711 5131 1798 5173 aut
1826 5123 1906 5176 ul-

319 5194 531 5246 tionem.
560 5191 715 5247 Felix
738 5202 908 5246 autem
936 5196 1133 5261 legatus
1151 5195 1220 5246 ad
1248 5197 1343 5245 hoc
1372 5193 1671 5263 respondit:
1702 5191 1869 5246 Multa
1887 5232 1902 5257 ,

321 5278 417 5315 rex
443 5264 744 5332 (nouissime,
774 5265 1130 5316 malivolorum
1173 5264 1435 5316 hominum
1463 5263 1653 5333 lingua:
1669 5278 1904 5333 asserunt

320 5333 516 5397 solent,
547 5349 661 5403 quia
690 5335 864 5400 procul
893 5344 1011 5387 sunt
1039 5353 1071 5387 α
1096 5336 1316 5387 veritate.
1348 5333 1371 5386 Ι
1381 5335 1572 5401 deoque
1599 5332 1702 5385 illis
1734 5332 1895 5403 prius-

320 5419 476 5475 quam
496 5400 642 5475 justo
672 5408 811 5473 facta
834 5406 900 5457 sit
927 5406 1219 5473 inquisitio,
1252 5406 1445 5457 nullam
1477 5400 1617 5457 decet
1662 5400 1902 5455 adhibere

321 5473 507 5539 ﬁdem;
531 5475 846 5528 Ilicltaraius
872 5486 1045 5527 autem
1068 5492 1120 5528 se
1151 5476 1284 5527 omni
1311 5476 1418 5539 via,
1450 5490 1550 5544 qua
1575 5475 1744 5534 decet,
1777 5489 1901 5541 pur-

321 5559 449 5611 gare
486 5556 697 5611 paratus
727 5554 827 5609 est,
868 5547 971 5598 sive
1008 5546 1355 5606 sacramentis,
1389 5547 1488 5598 sive
1525 5546 1902 5612 quibusrunque

319 5615 444 5667 aliis
471 5616 841 5670 conditionibus
873 5615 1153 5686 jusseritis,
1184 5632 1237 5669 se
1272 5617 1558 5686 immunem,
1587 5630 1709 5686 esse,
1739 5616 1799 5686 ab
1840 5614 1903 5666 iis

320 5699 439 5748 qua:
464 5686 770 5753 objiciuntur
797 5702 829 5737 a
868 5684 1078 5750 perditis
1107 5685 1412 5751 hominibus,
1457 5685 1635 5751 quibus
1677 5684 1899 5749 doleret,

316 5754 370 5809 si
398 5768 567 5811 veram
592 5772 651 5812 ac
679 5757 953 5823 sinceram,
982 5763 1034 5810 ut
1062 5757 1232 5824 decet,
1262 5757 1391 5811 inter
1420 5771 1503 5811 vos
1531 5754 1754 5810 viderent
1781 5754 1904 5808 clm~

2009 4648 2144 4683 utam
2172 4626 2457 4692 admittere,
2490 4639 2537 4680 et
2567 4627 2611 4681 si
2640 4626 2756 4681 talis
2785 4636 3038 4696 compertu
3080 4629 3231 4696 fuerit
3251 4626 3351 4692 ,ιιι
3381 4626 3586 4683 tandem

2010 4702 2262 4771 permitte,
2293 4710 2355 4771 ut,
2375 4700 2420 4753 ei
2448 4697 2868 4771 Chlodosuinda,
2896 4697 3026 4749 sicut
3072 4700 3331 4771 postulat,
3355 4697 3595 4771 despon-

2009 4768 2180 4842 non,
2204 4768 2313 4842 lies
2340 4769 2521 4842 itaque
2547 4769 2758 4842 audiens
2788 4776 2903 4842 tam
2931 4774 3257 4842 constantem,
3281 4768 3589 4825 oblationem

2010 4843 2072 4893 de
2114 4837 2411 4910 purgatione
2457 4837 2731 4891 Richaredi
2772 4837 3040 4910 facienda,
3084 4840 3509 4910 consider-ausonii
3545 4842 3593 4894 si

2008 4906 2248 4963 innocens
2277 4918 2401 4980 esset
2428 4918 2633 4972 evrum,
2664 4924 2779 4980 qua:
2820 4906 2919 4975 ipsi
2958 4917 3076 4961 tunc
3115 4906 3499 4980 objiciebantur,
3531 4928 3592 4965 ea

2009 4997 2123 5049 qua:
2150 4978 2515 5049 arllicltaredo
2561 4979 2969 5047 postulabantur,
3008 4978 3181 5033 essent
3214 4998 3368 5047 regno
3409 4983 3589 5043 utilia,

2013 5048 2147 5114 nepti
2189 5048 2503 5116 honori/ica,
2548 5060 2595 5101 et
2636 5049 2709 5102 ita
2747 5065 3061 5119 nequaquam
3096 5055 3410 5115 respuenda,
3443 5052 3590 5119 rapit

2010 5123 2235 5174 animum
2260 5121 2461 5188 ﬂectere
2480 5136 2539 5173 ac
2570 5119 2698 5174 dixit
2724 5136 2743 5175 :
2773 5120 2832 5174 Si
2855 5120 3002 5172 modo
3030 5136 3145 5173 vera
3170 5129 3285 5188 sunt
3306 5137 3417 5188 qtae
3438 5120 3589 5185 dicis,

2010 5199 2055 5242 et
2110 5186 2428 5271 lticharedus
2472 5191 2775 5271 [legendum
2808 5201 2969 5271 “puto,
3011 5186 3383 5271 Cliildebertus]
3433 5206 3593 5259 nepos

2009 5277 2151 5313 mens
2179 5262 2349 5327 implet
2373 5259 2487 5329 qua}
2510 5259 2563 5313 iii
2594 5261 2914 5329 pactionibus
2942 5259 3189 5329 conscribi
3216 5260 3401 5325 voluit,
3428 5271 3533 5314 etc.

2080 5330 2106 5368 δ
2145 5331 2294 5385 Nulla
2324 5327 2547 5400 usquam
2565 5327 2755 5400 synodi
2785 5330 2938 5398 hujus
2959 5327 3155 5380 mentio
3174 5330 3437 5395 occum't;
3467 5332 3592 5387 hinc

2007 5402 2253 5455 dubitare
2285 5401 2407 5453 licet
2436 5416 2501 5454 an
2530 5399 2687 5455 fuerit
2723 5413 2950 5467 unquam
2983 5408 3184 5452 coacta.

2079 5481 2101 5509 ο
2146 5473 2198 5524 In
2232 5471 2385 5534 Bad.,
2412 5472 2625 5525 omissis
2669 5468 3019 5530 intertnediis,
3082 5467 3195 5521 Inec
3248 5484 3366 5524 cum
3418 5473 3587 5525 media

2005 5551 2154 5611 parte
2178 5542 2365 5609 capitis
2385 5543 2654 5609 sequentis
2683 5541 2757 5592 sic
2781 5539 3072 5611 junguntur
3098 5554 3111 5588 :
3145 5538 3490 5605 Solemnitos,
3529 5544 3593 5594 ob

2004 5609 2157 5682 quam
2177 5613 2346 5664 omnia
2385 5612 2631 5682 devotius,
2677 5620 2721 5682 et
2752 5624 2867 5682 cum
2910 5609 3104 5682 majore
3133 5613 3384 5665 cliarilate
3424 5626 3591 5664 trans-

2008 5677 2123 5733 acta
2180 5690 2405 5744 sunt;et
2433 5680 2578 5747 quasi
2627 5679 2870 5746 religione
2912 5677 3053 5745 ﬁeret
3099 5682 3345 5748 quidquid
3395 5701 3431 5739 at
3478 5697 3593 5749 rege

2009 5754 2179 5823 ﬁebat,
2208 5752 2384 5806 eodem
2414 5763 2637 5821 tempore
2658 5752 2730 5803 itu
2753 5757 2946 5819 gestum
2968 5756 3058 5804 cst.
3089 5749 3187 5804 l'cr
3208 5752 3453 5820 triduum,
3480 5760 3589 5805 etc.
