3920 6188
395 179 494 234 507

1385 174 1443 232 s.
1485 143 1818 230 cascomi
1855 169 2160 229 EPISCOPI
2200 167 2636 227 runcanusrs

3532 173 3632 230 50$

391 294 476 348 vel
507 289 837 349 vestimentis
863 333 878 356 ,
914 289 996 344 vel
1025 289 1413 355 calciamentis,
1452 289 1612 361 452
1641 300 1730 344 aut
1759 289 1812 344 in
1844 291 1968 344 relio
1995 293 2046 351 Α
2073 300 2206 357 quos
2227 283 2450 354 justitize
2497 285 2733 340 conditio
2783 283 3094 339 tributarios
3145 283 3321 339 dabat.
3353 299 3507 342 censu
3537 305 3626 359 pu-

392 386 511 455 quis
542 385 732 445 rebus,
765 383 808 437 si
832 382 1038 437 occulte
1073 382 1262 437 litterae
1295 391 1655 451 portarentur.
1703 379 1972 450 Ebregisi-

396 481 477 531 lus
505 491 631 529 vero
681 473 908 529 Parisios
956 474 1217 528 accedens
1263 491 1383 528 cum
1423 474 1506 528 his
1549 473 1873 543 speciebus,
1906 473 1973 528 ab

397 564 722 621 Ebracbario
761 564 897 618 duce
927 565 1383 632 comprehensus,
1417 567 1480 618 ad
1511 565 1972 619 Guntchramnum

395 655 697 710 deducitur.
750 655 998 725 Dixitque
1024 657 1070 710 ei
1100 673 1194 710 rex
1221 675 1233 709 :
1261 655 1375 710 Non
1405 655 1602 709 sufﬁcit
1626 696 1639 717 ,
1671 669 1704 708 ο
1730 654 1976 708 infelicis-

397 749 531 801 sime
559 747 868 810 hominum,
901 748 1044 816 quod
1077 747 1344 814 impudico
1379 747 1602 800 consilio
1631 744 1975 800 Ballou:erem

400 838 543 889 illum
567 881 581 904 ,
628 853 784 905 quem
818 835 1220 891 Gundovaldnm
1263 837 1547 898 vocitatis,
1576 835 1642 890 ad
1673 834 1976 904 conjugium

396 930 734 995 arcessistis,
785 947 942 998 quem
991 944 1180 984 manus
1229 945 1344 984 mea
1396 929 1650 996 subegit,
1697 928 1785 996 qui
1815 927 1979 981 voluit

398 1018 586 1072 ditioni
617 1034 726 1072 suae
775 1021 923 1089 regni
972 1019 1141 1073 nostri
1192 1033 1448 1087 superare
1484 1026 1508 1054 ⁸
1555 1018 1876 1088 potentiam;
1927 1025 1981 1071 et

402 1122 544 1162 nunc
574 1106 696 1160 ﬁliis
743 1107 858 1176 ejus
890 1123 1110 1161 munera
1153 1108 1384 1172 mittitis,
1417 1119 1474 1162 ut
1517 1107 1660 1176 ipsos
1711 1107 1899 1160 iterum
1927 1107 1978 1161 in

401 1197 602 1253 Gallias
633 1198 937 1266 ptovocetis
975 1198 1039 1252 ad
1085 1213 1169 1251 me
1196 1197 1584 1267 jugulandum?
1619 1197 1845 1265 Ideoque
1876 1210 1983 1250 non

406 1291 632 1347 accc-des
659 1307 764 1359 quo
795 1291 1052 1356 volueris,
1079 1291 1171 1345 sed
1202 1300 1374 1346 morte
1405 1291 1672 1356 morieris,
1705 1293 1827 1359 quia
1856 1305 1986 1344 con-

405 1389 565 1443 traria
596 1398 674 1441 εει
707 1388 898 1455 legatio
929 1396 1013 1440 tua
1039 1387 1182 1456 genti
1215 1396 1432 1440 nostrai.
1463 1385 1561 1440 Illo
1589 1399 1800 1455 quoque
1832 1400 1988 1438 recu-

403 1490 577 1544 sante,
606 1495 709 1533 non
740 1493 798 1532 se
827 1479 908 1532 his
935 1479 1114 1533 verbis
1139 1494 1260 1533 esse
1288 1493 1626 1533 communem
1649 1520 1665 1543 ,
1695 1477 1787 1531 sed
1813 1477 1988 1546 potius

404 1571 471 1626 ad
505 1571 858 1625 Richaredum
880 1613 895 1638 ,
930 1571 1021 1641 qui
1068 1570 1522 1625 Chlodosuindam
1570 1585 1809 1625 sororem
1839 1569 1988 1624 Chil-

2076 380 2217 434 blico
2263 377 2652 442 subdiderunt,
2679 386 2734 433 et
2773 379 2852 432 sic
2907 377 3138 432 Turonis
3187 387 3308 432 sunt
3335 380 3503 435 delati.
3533 383 3634 440 Sed

2076 484 2196 524 cum
2228 469 2437 538 papulis
2469 468 2798 522 tributariam
2823 467 3148 521 iunctionem
3173 467 3404 537 inﬂigere
3429 471 3625 541 vellent,

2077 560 2320 615 dicentes
2347 560 2468 627 quia
2491 559 2684 614 librum
2717 575 2829 629 pra:
2861 559 3107 614 manibus
3137 558 3407 624 haberem,
3427 564 3632 630 qualiter

2078 651 2178 706 sub
2207 653 2532 706 anteriorum
2555 667 2736 720 regum
2763 661 2866 705 tem
2877 665 3004 720 pore
3023 651 3408 717 dissolvissent,
3433 669 3626 722 respon-

2079 742 2255 797 dimus
2285 755 2403 809 nos,
2432 743 2674 799 dicentes
2705 758 2720 798 :
2747 743 3083 812 Descriptam
3115 744 3297 799 urbem
3335 745 3636 801 'l‘uronicam

2079 832 2485 890 Chlothacharii
2511 835 2653 904 regis
2683 845 2924 904 tempore
2941 834 3278 889 manifestum
3307 845 3405 900 est,
3431 836 3640 906 l.brique

2083 925 2157 980 illi
2183 925 2248 979 ad
2279 926 2417 994 regis
2445 926 2781 994 prmsentiam
2800 926 3047 980 abierunt
3069 943 3084 988 :
3110 925 3202 980 sed
3227 937 3532 993 compuncto
3554 943 3637 995 per

2087 1016 2334 1069 timorem
2367 1015 2536 1070 sancti
2568 1016 2776 1070 Martini
2799 1017 3052 1071 antistitis
3103 1030 3248 1084 rege,
3283 1016 3474 1070 incensi
3505 1027 3634 1071 sunt.

2083 1104 2211 1164 Post
2241 1116 2468 1159 mortem
2511 1121 2639 1160 vero
2677 1105 3082 1160 Cltlothacharii
3134 1107 3297 1174 regis,
3347 1106 3640 1162 Chariberto

2085 1199 2194 1268 regi
2219 1198 2442 1267 p0pu|us
2473 1199 2556 1252 hic
2585 1209 2982 1253 sacramentum
3029 1198 3175 1253 dedit
3197 1215 3212 1257 ;
3234 1197 3469 1252 similiter
3493 1198 3638 1253 etiam

2085 1301 2141 1348 et
2165 1292 2256 1346 ille
2278 1306 2399 1346 cum
2419 1291 2728 1360 juramento
2767 1291 3033 1360 promisit,
3057 1300 3113 1344 ut
3139 1289 3286 1360 leges
3326 1289 3641 1345 consuetudi‘

2087 1395 2287 1450 nesque
2313 1396 2477 1436 novas
2523 1382 2719 1451 populo
2747 1395 2854 1435 non
2902 1381 3188 1449 indigeret,
3223 1380 3314 1435 sed
3344 1381 3395 1435 in
3441 1381 3524 1436 illo
3549 1396 3646 1450 quo

2086 1472 2352 1542 quondam
2375 1472 2476 1527 sub
2512 1473 2676 1542 patris
2733 1474 3106 1527 dominatione
3147 1481 3289 1526 statu
3327 1473 3572 1538 vixerant,
3596 1475 3643 1528 iu

2090 1565 2206 1635 ipso
2235 1564 2322 1620 hic
2345 1579 2438 1622 eos
2463 1565 2714 1633 deinceps
2756 1565 3044 1628 retineret;
3081 1578 3255 1632 neque
3289 1563 3442 1617 ullam
3473 1579 3643 1619 novam

405 1663 612 1716 debcrti
644 1663 782 1732 regis
816 1677 1073 1727 sponsare
1099 1662 1392 1726 debuerat,
1427 1661 1540 1716 haec
1576 1675 1793 1714 munera
1825 1659 1984 1729 mitti,
2019 1657 2062 1718 Β
2090 1656 2479 1710 ordinationem
2511 1669 2570 1709 se
2598 1654 2922 1708 intlicturum
2943 1667 3105 1720 super
3133 1652 3404 1721 eos,quod
3435 1653 3645 1722 pertine-

407 1753 633 1808 credidit
686 1770 777 1808 rex
812 1753 1083 1822 loquenti,
1126 1761 1179 1808 et
1226 1753 1427 1807 dimisit
1456 1767 1613 1815 eum;
1656 1750 1890 1821 abiitque
1933 1750 1990 1805 in

409 1845 599 1900 itinere
626 1859 730 1912 quo
756 1844 991 1900 directus
1020 1844 1117 1898 luit
1145 1859 1264 1899 cum
1297 1843 1433 1913 ipsis
1455 1842 1788 1897 muneribus.

483 1991 670 2046 XXIX.
701 1992 860 2063 Igitur
896 1993 1270 2050 Childebertus
1313 2009 1410 2051 rex
1441 1994 1698 2050 invitante
1744 1994 1991 2065 Sigiber-

409 2093 467 2137 to
489 2082 516 2123 δ
547 2085 984 2141 Momociacensis
1009 2086 1190 2156 Oppidi
1212 2086 1509 2152 sacerdote,
1536 2087 1651 2142 dies
1681 2085 1898 2140 Pascha:
1923 2084 1990 2140 ad

413 2175 770 2243 snpradictam
799 2177 1061 2230 celebrari
1092 2177 1277 2230 statuit
1325 2177 1534 2232 urbem.
1587 2176 1832 2231 Graviter
1867 2185 1993 2231 tunc

411 2265 818 2321 Theodobertus
851 2267 993 2321 ﬁlius
1019 2268 1136 2334 ejus
1163 2268 1367 2332 senior,
1398 2267 1534 2338 gulae
1563 2268 1793 2322 amictus
1820 2276 1994 2322 tumo-

412 2372 475 2412 re
500 2358 780 2422 laboravit,
807 2357 900 2413 sed
931 2358 1222 2413 conValuit.
1256 2358 1462 2412 Interea
1490 2357 1868 2414 Childebertus
1897 2373 1993 2413 rex

414 2450 708 2502 exercitum
739 2459 1038 2503 commovet
1063 2489 1078 2512 ,
1117 2457 1174 2503 et
1215 2450 1268 2503 in
1296 2448 1500 2502 italiam
1531 2449 1598 2503 ad
1623 2449 1991 2504 debellandam

415 2538 882 2607 Langobardorum
913 2547 1126 2607 gentem
1147 2580 1164 2605 ,
1191 2554 1312 2594 cum
1343 2539 1542 2594 eisdem
1576 2554 1795 2608 pergere
1823 2548 1991 2608 parat.

415 2629 522 2684 Sed
555 2628 886 2697 Langobardi
919 2631 1000 2685 his
1029 2630 1224 2685 auditis
1244 2673 1258 2698 ,
1295 2632 1494 2699 legatos
1534 2647 1652 2686 cum
1688 2632 1994 2686 muneribus

417 2723 658 2786 mittunt,
686 2721 923 2776 dicentes
949 2741 962 2775 :
994 2722 1074 2778 Sit
1104 2724 1332 2778 amicitia
1361 2725 1499 2778 inter
1525 2734 1703 2789 nos,et
1735 2738 1839 2776 non
1873 2739 1996 2792 per-

419 2826 630 2875 eamus,
687 2826 749 2864 ac
775 2811 1130 2866 dissolvanms
1151 2823 1354 2868 certum
1377 2813 1562 2867 ditioni
1586 2821 1691 2868 tua:
1717 2814 1992 2869 tributum.

415 2901 495 2952 Ac
543 2898 847 2968 ubicunque
896 2901 1258 2954 necessarium
1305 2911 1493 2955 contra
1545 2901 1789 2957 inimicos
1817 2901 1993 2968 fuerit,

413 2987 560 3044 ferre
605 2989 867 3043 auxilium
922 3005 1027 3044 non
1075 2991 1295 3060 pigebit.
1343 2991 1466 3045 ηερε
1505 2993 1877 3048 Childebertus
1902 3011 1992 3049 rex

416 3081 642 3136 audiens
670 3120 686 3144 ,
732 3081 798 3135 ad
831 3079 1289 3137 Guntchramnum
1322 3099 1501 3154 regem
1545 3083 1748 3154 legatos
1787 3086 1992 3153 dirigit,

417 3171 508 3238 qui
535 3185 598 3224 ea
629 3186 747 3239 quae
777 3171 844 3224 ab
872 3171 954 3224 his
983 3172 1369 3238 oﬁerebantur,
1414 3176 1464 3227 in
1507 3175 1624 3244 ejus
1669 3177 1891 3230 auribus
1916 3179 1996 3231 in-

417 3260 687 3316 timarent.
744 3262 848 3318 Sed
875 3265 964 3319 ille
991 3279 1093 3318 non
1125 3265 1312 3318 obvius
1344 3267 1412 3320 de
1443 3267 1542 3320 hac
1570 3268 1908 3321 conniventia
1943 3279 1990 3334 ο,

416 3352 695 3407 consilium
723 3355 785 3407 ad
815 3356 1233 3411 c0nﬁrmandam
1268 3371 1450 3426 pacem
1477 3360 1720 3424 praebuit.
1772 3359 1995 3416 Childo—

418 3444 603 3498 hertus
636 3460 762 3499 vero
811 3461 901 3499 rex
944 3447 1102 3514 jussit
1143 3448 1435 3501 exercitum
1485 3448 1688 3504 inloco
1718 3451 1992 3505 residere:

420 3537 670 3602 misitque
717 3537 914 3604 legatus
965 3539 1030 3590 ad
1081 3539 1456 3606 Langobardos
1477 3581 1492 3605 ,
1525 3541 1685 3611 453
1718 3551 1771 3597 ut
1803 3542 1849 3596 si
1883 3542 1996 3598 hate

423 3641 542 3692 qua:
574 3629 929 3694 promiserant
957 3629 1367 3694 conﬁrmarent,
1403 3634 1673 3688 exercitus
1705 3642 1996 3690 revertere-

422 3727 508 3771 tur
533 3718 597 3770 ad
622 3719 868 3787 propria;
896 3721 989 3774 sed
1017 3721 1234 3775 minime
1254 3729 1337 3776 est
1361 3722 1658 3792 impletum.

495 3851 664 3906 XXX.
691 3840 1062 3907 Cliildebertus
1109 3868 1232 3907 vero
1263 3870 1352 3908 rex
1382 3855 1738 3922 descriptores
1806 3857 1857 3910 in
1910 3857 1994 3911 Pi-

419 3953 625 4007 ctawis,
655 3943 913 3997 invitante
953 3945 1199 3998 Marovco
1239 3945 1506 4013 episcOpo,
1557 3946 1712 4011 jussit
1743 3948 1909 4010 abire,
1945 3949 1997 4002 id

419 4044 501 4089 est
530 4034 927 4088 Flcnrcntianum
953 4035 1206 4103 majorem
1235 4036 1424 4090 domus
1449 4038 1603 4107 regia:
1637 4035 1686 4102 ά,
1711 4048 1763 4091 ει
1795 4040 2001 4092 linum?-

421 4124 531 4180 i'um
561 4125 741 4193 palatii
769 4126 850 4179 sui
878 4127 1150 4192 comitem,
1177 4136 1233 4180 ut
1257 4127 1460 4183 scilicet
1509 4129 1735 4198 populus
1755 4145 1995 4194 consum,

421 4233 578 4285 quem
609 4227 850 4287 tempore
883 4220 1045 4286 patris
1088 4219 1414 4285 reddiderat,
1443 4221 1575 4275 facta
1605 4223 1809 4276 ratione
1848 4223 1996 4276 inno-

422 4320 626 4364 vatum:
678 4317 724 4372 ε,
761 4308 987 4364 reddere
1021 4309 1260 4364 deberet.
1295 4310 1440 4364 Multi
1492 4311 1634 4365 enim
1684 4329 1747 4365 ex
1801 4312 1881 4367 his
1907 4313 1997 4366 de-

2092 1753 2176 1801 ret
2201 1745 2268 1799 ad
2291 1746 2542 1815 Spolium,
2559 1744 2863 1814 spopondit.
2889 1744 3051 1799 Gaiso
3079 1759 3208 1798 vero
3230 1758 3410 1798 comes
3427 1745 3646 1812 ejusdem

2093 1839 2347 1906 temporis
2367 1845 2586 1906 accepto
2611 1835 2949 1905 capitulario,
2999 1835 3142 1905 quod
3189 1837 3481 1890 anteriores
3531 1836 3648 1889 scri-

2091 1936 2274 1997 ptores
2305 1927 2494 1982 fecisse
2523 1925 3080 1989 commemoravimus,
3123 1925 3321 1980 tributa
3362 1926 3513 1994 erepit
3550 1926 3651 1980 exi-

2090 2032 2218 2086 gere
2259 2034 2273 2070 :
2317 2016 2410 2072 sed
2461 2015 2533 2071 ab
2572 2015 2832 2070 Eufronio
2883 2016 3136 2084 episcopo
3182 2014 3492 2085 prohibitus,
3541 2027 3654 2068 cum
3699 2083 3701 2088 ι

2093 2119 2281 2165 exacta
2311 2109 2571 2178 pravitate
2607 2110 2673 2164 ad
2705 2109 2849 2179 regis
2876 2107 3070 2162 direxit
3103 2109 3460 2176 prmsentiam,
3489 2116 3654 2161 osten-

2091 2202 2227 2259 dens
2260 2203 2633 2272 capitularium
2668 2201 2720 2256 in
2744 2215 2848 2271 quo
2877 2201 3071 2254 tributa
3113 2200 3532 2255 continebantur.
3556 2199 3650 2256 Sed

2094 2313 2190 2352 rex
2227 2295 2605 2366 ingemiscens,
2631 2309 2693 2349 ac
2714 2305 2960 2349 metuens
2978 2297 3229 2349 virtutem
3256 2294 3420 2348 sancti
3443 2293 3653 2355 Martini,

2095 2386 2269 2456 ipsum
2311 2385 2559 2442 incendio
2602 2385 2819 2440 tradidit
2874 2401 2888 2438 :
2942 2400 3134 2439 aureos
3174 2394 3396 2440 exactos
3443 2385 3650 2438 basilica:

2093 2481 2266 2536 Sancti
2299 2480 2506 2534 Martini
2553 2479 2779 2544 remisit,
2811 2479 3084 2532 obtestans
3112 2487 3169 2532 ut
3205 2478 3377 2531 nullus
3405 2478 3467 2531 de
3497 2491 3652 2545 popuo

2097 2570 2148 2624 lo
2174 2569 2338 2641 454
2364 2570 2631 2624 Turonico
2661 2569 2825 2624 ullum
2857 2571 3113 2624 tributum
3165 2570 3378 2639 publico
3407 2568 3654 2622 redderet.

2099 2658 2226 2715 Post
2247 2661 2399 2729 cujus
2423 2661 2626 2717 obitum
2655 2662 2954 2732 Sigibertus
2985 2678 3079 2716 rex
3110 2662 3251 2716 hanc
3275 2661 3452 2716 urbem
3483 2659 3657 2722 tenuit,

2099 2768 2199 2808 nec
2227 2755 2386 2808 ullius
2413 2755 2596 2808 tributi
2630 2754 2835 2822 pondus
2875 2754 3097 2812 invexit.
3123 2754 3218 2809 Sic
3239 2763 3291 2808 et
3320 2767 3452 2807 nunc
3486 2760 3656 2822 quarto

2098 2846 2309 2902 decimo
2331 2862 2472 2901 anno
2493 2846 2864 2903 Childebertus
2886 2856 3005 2915 post
3021 2847 3194 2914 patris
3215 2846 3414 2900 obitum
3431 2858 3656 2914 regnans,

2101 2939 2235 2994 nihil
2262 2941 2459 3009 exegit,
2489 2956 2588 2996 nec
2618 2941 2727 2994 ullo
2757 2939 2937 2995 tributi
2986 2953 3149 2994 onere
3197 2940 3314 2993 haec
3345 2939 3467 2992 urbs
3493 2949 3655 3007 aggra-

2023 3028 2072 3093 C
2104 3039 2219 3086 vata
2242 3033 2566 3103 congemuit.
2601 3031 2750 3086 Nunc
2792 3043 2970 3086 autem
3019 3032 3304 3101 potestatis
3347 3039 3526 3082 vestra:
3565 3036 3655 3087 est.

2101 3133 2277 3178 utrum
2317 3123 2587 3179 censeatis
2642 3123 3008 3187 tributum,an
3054 3137 3158 3176 non
3199 3141 3211 3175 :
3245 3121 3340 3176 sed
3387 3119 3551 3174 videte
3599 3133 3656 3170 ne

2095 3216 2297 3285 aliquid
2330 3217 2586 3277 noceatis.
2617 3217 2659 3270 si
2693 3227 2876 3270 contra
2912 3215 3030 3285 ejus
3067 3223 3463 3270 sacramentum
3492 3211 3656 3265 ambu-

2099 3307 2209 3362 lare
2233 3308 2536 3378 disponitis.
2572 3308 2696 3362 ttmc
2719 3321 2804 3362 me
2847 3306 3060 3362 dicente
3090 3307 3478 3376 resPonderttnl
3503 3320 3515 3357 :
3539 3303 3655 3356 Ecce

2099 3396 2295 3452 librum
2327 3413 2433 3466 pra:
2477 3397 2722 3451 manibus
2768 3397 3049 3463 habemus,
3082 3397 3133 3451 in
3182 3412 3288 3463 quo
3317 3409 3504 3451 census
3550 3390 3655 3446 huic

2097 3491 2294 3560 populo
2321 3501 2404 3545 est
2435 3490 2686 3544 inilictus.
2717 3490 2784 3544 Et
2802 3505 2901 3559 ego
2955 3489 3040 3545 aio
3080 3507 3093 3543 :
3127 3490 3292 3544 Liber
3331 3489 3415 3543 hic
3459 3504 3485 3540 ο
3538 3487 3654 3552 regis

2100 3582 2354 3636 thesauro
2383 3584 2592 3636 delatus
2645 3599 2750 3636 non
2779 3593 2896 3651 est,
2928 3599 3026 3637 nec
3057 3599 3296 3653 unquam
3331 3597 3424 3650 per
3452 3590 3524 3633 tot
3547 3593 3655 3633 cun-

2097 3674 2473 3730 valuitannos.
2505 3674 2618 3728 Non
2643 3683 2727 3729 est
2764 3675 2958 3729 mirum
2989 3675 3131 3728 enim
3188 3675 3232 3728 si
3269 3689 3363 3737 pro
3388 3671 3652 3738 inimicitiis

2102 3765 2290 3824 horum
2323 3766 2535 3826 civium,
2572 3765 2624 3818 in
2647 3766 3009 3834 cujuscunque
3057 3765 3223 3819 domo
3253 3773 3545 3820 reservatus
3567 3769 3653 3814 est.
3704 3808 3706 3812 .

2099 3857 2360 3913 Judicabit
2381 3858 2522 3912 enim
2547 3857 2687 3912 Deus
2709 3873 2868 3924 super
2887 3872 3004 3921 eos,
3034 3857 3124 3925 qui
3150 3871 3252 3926 pro
3283 3855 3463 3925 spoliis
3480 3853 3654 3907 civiunt

2102 3957 2408 4003 nostrorum
2483 3948 2625 4003 hunc
2671 3958 2791 4018 post
2838 3949 2970 4002 tanti
3037 3947 3302 4016 temporis
3359 3953 3654 4000 transactum

2100 4041 2329 4107 spatium
2357 4041 2711 4109 protulerunt.
2741 4040 2876 4093 Dum
2909 4049 3086 4094 autem
3118 4040 3239 4094 haec
3259 4048 3551 4110 agerentur.
3576 4040 3643 4086 Au

2101 4131 2212 4186 dini
2245 4132 2404 4194 ﬁlius.
2453 4133 2542 4201 qui
2584 4132 2776 4186 librum
2823 4132 2995 4201 ipsum
3028 4133 3348 4201 protulerat,
3383 4133 3490 4196 ipsa
3532 4127 3654 4180 dies

2103 4222 2250 4277 febre
2294 4232 2603 4292 correptus,
2627 4222 2714 4276 die
2761 4223 2917 4276 tertia
2967 4223 3282 4292 exspiravit.
3319 4221 3550 4275 Postbarc
3574 4230 3656 4267 nos

2103 4314 2494 4370 transmisimus
2522 4316 2734 4369 nuntios
2758 4314 2822 4368 ad
2847 4329 3050 4384 regem,
3073 4325 3130 4368 ιιι
3159 4315 3287 4383 quid
3309 4315 3376 4368 de
3407 4311 3500 4366 hac
3519 4321 3655 4362 causa

425 4399 592 4454 iuncti
623 4398 833 4454 fuerant
875 4410 929 4455 et
978 4399 1048 4455 ob
1077 4400 1178 4456 hoc
1206 4402 1406 4466 viduis,
1430 4402 1789 4472 orphanisqne
1817 4419 1879 4457 ac
1909 4405 2000 4458 de—
2029 4403 2078 4462 D
2099 4405 2333 4475 jnberet,
2366 4406 2612 4460 mandata
2648 4406 2967 4461 remitteret.
2998 4407 3102 4462 Sed
3137 4407 3381 4477 protinus
3405 4401 3654 4471 epistolam

426 4491 620 4546 bilibus
645 4493 827 4547 tributi
860 4493 1065 4562 pondus
1096 4494 1368 4549 insederat
1399 4513 1412 4548 :
1443 4495 1584 4558 quod
1632 4497 1680 4550 hi
1703 4496 1996 4552 discutien-

423 4588 503 4634 tes
522 4596 616 4649 per
630 4581 895 4642 ordinem.
915 4583 1214 4639 relaxantes
1239 4600 1498 4653 pauperes
1519 4600 1580 4639 ac
1603 4585 1843 4640 inﬁrmos
1857 4587 1996 4655 illos,

503 4723 529 4794 ξ
565 4714 778 4794 ᾓεεηιη
810 4716 1094 4794 subjugare
1121 4720 1416 4794 potentiam.

498 4783 525 4857 ξ’
567 4783 655 4857 Sic
685 4801 813 4857 mss.
839 4783 1032 4857 praeter
1063 4783 1182 4841 Dec.
1208 4792 1294 4857 qui
1326 4807 1444 4844 cum
1472 4791 1630 4844 editis
1653 4803 1777 4847 ante
1799 4792 2001 4848 Chcsn.

427 4854 587 4928 habet
613 4853 935 4928 S_i_gimnndo.
990 4853 1252 4911 Chesnius
1285 4872 1565 4928 utramque
1591 4861 1876 4916 lectionem
1910 4880 2005 4918 ex-

430 4923 594 5000 hibet_.
637 4925 748 5000 Non
781 4925 957 5000 minor
975 4937 1057 5000 est
1085 4931 1151 5000 de
1192 4931 1333 4982 Sedis
1369 4923 1490 5000 ejus
1521 4935 1734 4986 nomine
1772 4933 1999 4988 difﬁcul-

427 5005 526 5048 tas.
559 4995 682 5048 Bad.
719 4995 1345 5067 habetNoviociacensis;
1375 4995 1582 5067 llegm.,
1613 5001 2002 5059 Noviomensis:

426 5081 542 5139 (line
573 5067 728 5139 lectio
772 5067 814 5139 s_i
856 5065 1060 5139 sincera
1092 5070 1190 5131 sit,
1240 5072 1378 5123 nulla
1410 5065 1656 5139 superest
1687 5075 1996 5129 difﬁcultas.

428 5133 669 5190 Valesius
695 5147 749 5189 et
777 5135 1016 5207 Cointius
1054 5138 1332 5207 legendum
1373 5133 1491 5194 esse
1529 5144 1835 5197 existimant
1879 5143 1996 5198 Μο-

428 5207 787 5283 guntiarensis.
820 5206 956 5259 Nihil
999 5206 1148 5283 lucis}
1174 5209 1618 5283 huictlilﬁcultati
1666 5214 1878 5283 all‘ttlget
1922 5231 1989 5268 ex

427 5273 654 5352 vulgatis
684 5279 1050 5352 episcoporum
1075 5279 1514 5352 Moguntinornm
1546 5297 1636 5336 seu
1671 5273 1985 5337 Novibmen-

426 5347 563 5420 sium
607 5347 878 5420 catalugis.
938 5349 1185 5402 Sidonius
1225 5351 1363 5404 circa
1410 5353 1497 5404 illa
1549 5365 1784 5420 tempora
1823 5356 1989 5408 eccle-

427 5412 560 5466 siam
619 5412 972 5488 Moguntinam
1028 5421 1244 5488 regebat
1304 5436 1367 5474 ex
1427 5412 1717 5477 Fortunato
1769 5424 1859 5477 lib.
1918 5440 1991 5487 ix,

426 5498 595 5563 carm.
628 5485 933 5563 9.,βει11έυη
966 5485 1254 5563 tunc'forte
1280 5492 1507 5563 obierat,
1540 5503 1596 5545 ut
1623 5504 1804 5547 censet
1835 5485 1998 5547 Coin-

403 5555 551 5633 .tius,
581 5555 666 5624 qui
700 5555 798 5633 ipsi
831 5555 1069 5633 Gregorii
1111 5563 1280 5633 nostri
1313 5555 1704 5631 Sigimmnlum,
1738 5579 1829 5615 seu
1859 5563 1996 5622 Sigi-

429 5620 660 5693 bertuni,
686 5625 796 5681 sive
825 5620 1014 5698 etiam,
1050 5628 1123 5687 uti
1151 5646 1272 5686 eum
1311 5620 1539 5703 appellat
1567 5620 1994 5699 Sera'rius,\\'ili-

2106 4512 2226 4550 cum
2268 4497 2581 4551 aucwritate
2624 4495 2642 4535 ί
2679 4496 2960 4559 miserunt.
3025 4513 3090 4550 ne
3134 4497 3364 4563 pupulus
3391 4493 3656 4548 Turonicus

2111 4602 2205 4652 pro
2239 4586 2535 4640 reverentia
2559 4587 2726 4640 sancti
2774 4586 2981 4640 Martini
3033 4586 3455 4641 describeretur.
3482 4581 3656 4650 Quibus

2112 4719 2318 4773 hortum
2361 4735 2688 4774 successisse
2728 4721 2930 4774 scribit.
2981 4721 3342 4775 Thaumastus
3384 4736 3471 4772 seu
3504 4717 3654 4771 Theo-

2115 4801 2317 4860 mastus
2360 4789 2779 4843 Momociacensis
2833 4793 2956 4843 item
3010 4795 3298 4860 episcopus
3348 4791 3575 4844 laudatur
3614 4788 3653 4837 in

2114 4859 2208 4913 lib.
2233 4861 2299 4914 de
2323 4861 2472 4913 Glor.
2505 4861 2778 4923 Confess.,
2810 4877 2929 4928 cap.
2963 4861 3050 4916 55.

2184 4940 2206 4967 ε
2246 4929 2448 4992 Casin.,
2475 4932 2838 4983 convenientia.

2175 4999 2200 5034 ά
2234 5000 2386 5053 (Loth.
2414 5017 2463 5053 a.
2497 5001 2687 5053 Domus
2733 4999 2958 5068 Regina.
2989 5002 3178 5069 Regni.
3209 5018 3338 5056 vero
3375 4997 3646 5069 Boriiiiliuitt

2101 5071 2280 5139 palatii
2310 5071 2652 5123 vicecornitem
2674 5113 2688 5133 ,
2708 5065 2961 5140 appellat.
2998 5065 3184 5126 Deliis
3211 5073 3331 5125 vide
3365 5072 3449 5123 lib.
3483 5084 3526 5121 tv
3573 5065 3651 5119 Mi-

2101 5156 2209 5264 ;ac.
2238 5142 2405 5261 sqgcti
2435 5142 2640 5195 Martini
2674 5155 2795 5210 cap.
2827 5142 2889 5204 6,
2913 5152 2968 5196 et
3006 5143 3286 5197 Fortunat.
3323 5142 3412 5195 lib.
3433 5157 3478 5200 ιι,
3507 5151 3651 5193 curui.

2139 5217 2167 5257 ti
2187 5221 2236 5263 et
2344 5250 2356 5262 .

2139 5217 2167 5257 ti
2187 5221 2236 5263 et
2273 5217 2356 5262 18.

2175 5291 2198 5316 ε
2224 5281 2360 5333 Edtti
2393 5282 2594 5349 aliquot
2621 5297 2743 5335 cum
2783 5282 2906 5337 Bec.
2937 5283 3178 5336 inuncata
3199 5298 3275 5334 re.

2177 5349 2194 5387 ί
2232 5353 2537 5404 Auctoritas
2565 5353 2819 5417 diploma,
2843 5368 2938 5406 seu
2968 5364 3292 5420 praeceptum
3319 5351 3508 5418 regium
3533 5354 3650 5406 crat.

2099 5421 2239 5489 quod
2274 5423 2466 5474 ceteris
2505 5425 2789 5489 pra-stabat
2813 5464 2827 5482 ,
2879 5424 3119 5490 ideoque,
3158 5424 3231 5473 uti
3257 5421 3479 5485 videtur,
3513 5428 3649 5490 manu

2101 5481 2240 5557 regis
2260 5481 2639 5559 subscriptum,
2657 5508 2717 5545 ac
2742 5481 3115 5560 ipsiusann'nlo
3133 5493 3434 5555 sigillatum,
3465 5481 3628 5560 utifol

2102 5555 2282 5630 ligitur
2305 5577 2365 5612 ex
2395 5555 2553 5628 cpi-st.
2606 5564 2663 5614 S.
2727 5555 3066 5625 ll'adegnndis
3120 5560 3256 5614 ιιιΐιςι
3285 5578 3399 5629 cap.
3425 5560 3508 5614 49..
3541 5555 3651 5609 ιπω

2102 5632 2345 5700 Dignonii
2371 5646 2521 5688 nctus
2550 5633 2600 5688 in
2633 5633 2724 5687 lib.
2759 5649 2772 5687 t
2798 5634 3035 5688 Marculti
3061 5631 3326 5687 1·¹υιω-4.
