3974 6174
332 220 438 280 ειν)

1289 209 1613 267 HISTORIA
1656 203 2103 267 FRANGORUM.
2148 204 2350 265 LIBER
2391 205 2635 263 NONUS.

3494 205 3599 267 5W

329 330 566 395 reiectis,
591 326 770 385 statim
809 328 908 383 viri
938 327 1027 405 qui
1048 326 1115 383 ad
1146 326 1261 383 bac
1288 328 1435 382 missi
1466 325 1698 389 fuerant,
1723 323 1789 377 ad
1815 337 1908 392 pa-
1936 323 1984 381 Δ
2013 319 2251 388 reginam
2285 322 2570 390 opprobria
2594 320 2850 387 jactabat,
2880 319 3067 373 dicens
3092 320 3210 389 ejus
3234 323 3459 377 consilio
3480 326 3598 381 lucc

327 426 482 478 triatu
515 432 641 478 sunt
667 424 915 493 regressi.

402 516 598 572 XXXI.
632 516 1072 570 Guntcbramnus
1101 523 1127 552 ι
1157 528 1285 568 vero
1319 529 1409 569 rex
1449 516 1740 569 exercitum
1762 526 1911 566 com-

328 608 495 661 movit
526 609 578 660 in
619 606 1002 676 Septimaniam
1034 605 1098 673 b;
1140 604 1531 659 Austroualdus
1574 613 1751 658 antem
1801 602 1907 657 dux

329 699 476 767 prius
513 698 899 752 Garcassonatn
926 696 1191 751 accedens
1217 704 1547 750 sacramenta
1580 703 1908 763 susceperat,

327 792 582 859 ipsosque
614 792 837 861 populos
862 789 1051 843 ditbini
1100 790 1385 860 subegerat
1434 789 1613 857 regite.
1647 788 1762 842 Rex
1816 802 1910 840 au-

321 894 431 937 tem
454 882 520 935 ad
546 882 776 948 reliquas
801 880 1046 934 civitates
1060 879 1347 945 capiendas
1373 879 1631 932 Iinsonem
1655 892 1775 932 cum
1802 880 1906 929 An-

323 976 484 1026 testio
497 973 798 1026 destinavit.
827 972 1204 1036 Quiaccedens
1227 986 1347 1024 cum
1370 969 1636 1038 superbia,
1652 970 1907 1037 despecto

322 1062 683 1117 Austrnuatdo
709 1063 868 1126 duce,
902 1073 1061 1130 atque
1089 1062 1468 1127 condemnato,
1499 1077 1593 1114 cur
1614 1062 1815 1125 absque
1841 1075 1906 1113 eo

327 1158 716 1210 Carcassonatn
757 1154 958 1222 ingredi
1000 1168 1297 1221 praesumps
1320 1164 1448 1214 aSCI.
1476 1154 1589 1221 ipse
1616 1168 1737 1206 cum
1768 1152 1904 1206 Sau-

336 1247 551 1309 touicis,
586 1245 961 1315 Petragoricis,
986 1234 1598 1315 Burdegalensibusque,
1621 1245 1903 1311 Agennen-

319 1339 471 1395 sibus
490 1336 651 1392 etiam
693 1353 755 1392 ac
800 1336 1082 1392 Tolosanis
1133 1336 1259 1391 illuc
1306 1337 1501 1391 direxit
1563 1333 1902 1408 [perrexit].

317 1424 621 1497 Cumqueia
642 1428 740 1481 bac
757 1426 1014 1496 jactantia
1043 1427 1289 1489 ferretur,
1318 1436 1371 1480 et
1398 1427 1609 1481 Gottltis
1637 1426 1750 1479 haac
1782 1442 1908 1479 nun-

319 1518 447 1570 tiata
470 1516 712 1579 fuissent,
734 1526 1052 1583 paraverunt
1066 1532 1127 1571 se
1143 1518 1193 1571 in
1220 1517 1446 1573 insidiis.
1476 1516 1571 1571 Hic
1591 1532 1720 1571 vero
1743 1532 1905 1581 super

319 1607 539 1661 ﬂuvium
556 1607 831 1675 parvulum
850 1605 1012 1678 455
1032 1608 1384 1675 propinquum
1409 1607 1708 1660 urbicastra
1730 1607 1898 1675 ponit,

2013 427 2041 464 a
2076 412 2183 467 lilio
2215 413 2353 475 ﬁeri,
2382 413 2583 467 addens
2607 414 2777 466 etiam
2799 412 2938 481 quod
2971 412 3299 468 Gunduvaldi
3327 416 3596 481 quondam

2013 501 2177 556 ﬁlium
2204 503 2478 556 invitatum
2510 503 2755 573 conjugio
2780 503 3031 572 copulare
3054 504 3230 559 vellet.
3260 504 3408 561 Unde
3431 508 3594 562 etiam

2010 593 2270 665 synodum
2297 593 2459 664 456
2479 594 2848 661 ejiisc0pnrutn
2874 594 2924 648 in
2947 593 3187 648 kalendis
3206 596 3595 651 Novembribus

2011 688 2321 756 congregari
2354 689 2625 757 prazcepit.
2660 687 2912 756 Multique
2938 687 3004 742 de
3048 687 3306 743 extremis
3355 689 3592 757 partibus

2011 778 2305 833 Galliarum
2358 780 2422 833 ad
2475 782 2615 834 hunc
2659 793 2979 835 conventum
3028 792 3394 849 properantes,
3418 784 3483 837 de
3510 783 3590 836 via

2010 872 2238 939 regressi
2268 880 2412 936 sunt,
2448 888 2541 940 pro
2564 888 2629 926 en
2661 874 2797 940 quod
2849 872 3205 926 Brunicbildis
3233 878 3411 942 regina
3443 888 3499 927 se
3525 873 3592 927 ab

2009 962 2109 1016 hoc
2138 964 2360 1019 crimine
2387 968 2535 1018 exuit
2571 965 2921 1019 sacramentis
2959 982 2971 1017 :
2997 975 3047 1018 et
3068 965 3143 1018 sic
3168 966 3267 1018 viis
3288 964 3477 1018 iterum
3508 981 3594 1019 re-

2006 1056 2220 1118 seratis,
2253 1056 2488 1121 pervium
2545 1057 2787 1124 patefecit
2828 1056 3123 1111 volentibus
3150 1059 3212 1111 ad
3248 1074 3421 1127 regem
3447 1056 3589 1111 Chil-

2006 1134 2157 1198 dcbet
2175 1154 2227 1199 tn
2255 1166 2282 1195 ιι
2315 1148 2592 1200 aeeetlere.

2079 1235 2317 1291 XXXIII.
2352 1240 2441 1293 llis
2466 1238 2655 1291 diebus
2688 1238 3029 1308 lngeltrndis,
3062 1254 3179 1308 quae
3209 1238 3589 1293 monasterium

2006 1326 2058 1380 in
2081 1330 2215 1382 atrio
2243 1331 2411 1383 sancti
2456 1331 2666 1385 Martini
2709 1341 2974 1386 Statuerat
3014 1328 3063 1394 ἀ,
3097 1332 3159 1385 ad
3219 1347 3396 1399 regem
3438 1330 3591 1401 quasi

2008 1420 2168 1473 filiam
2194 1432 2504 1476 accusatura
2538 1424 2796 1485 processit
2831 1442 2845 1478 :
2882 1425 2931 1477 in
2970 1440 3074 1491 quo
3097 1425 3422 1478 monasterio
3456 1424 3583 1477 Ber-

2013 1510 2278 1577 tbeﬂedis,
2313 1516 2416 1568 lilia
2458 1516 2722 1584 quondam
2756 1515 3055 1570 Cltariberti
3106 1518 3264 1586 regis,
3289 1493 3583 1571 iesidcbat.

2005 1604 2109 1660 Sed
2142 1607 2242 1660 ism
2269 1606 2594 1675 egrediente,
2624 1610 2739 1663 Inec
2763 1610 2813 1662 in
2850 1609 3300 1663 Cenomannicum
3338 1619 3361 1646 ε
3391 1618 3472 1663 est
3509 1610 3590 1662 in-

314 1699 491 1769 epulis
514 1697 728 1765 insedit,
744 1698 1092 1753 ebrietatibus
1106 1687 1387 1762 incumbit,
1404 1700 1657 1755 conviciis
1678 1712 1731 1755 ει
1761 1702 1901 1755 ωδε.
1938 1682 1984 1744 Β
2008 1710 2212 1764 gressa.
2247 1697 2374 1750 Erat
2410 1698 2551 1751 enim
2588 1700 2727 1769 gulae
2771 1709 2823 1754 et
2865 1715 3055 1754 somno
3081 1699 3280 1763 dedita,
3309 1710 3361 1753 ct
3391 1701 3589 1757 nullam

298 1790 547 1859 .pbemiis
591 1790 820 1845 Guttbos
858 1804 1208 1860 exaggerans.
1237 1790 1421 1860 Illique
1450 1793 1715 1847 irruentes
1739 1808 1903 1861 super

317 1884 499 1948 ipsos,
544 1882 818 1953 reperiunt
860 1884 1140 1952 epulantes
1177 1883 1641 1955 innpinantesqne.
1670 1886 1821 1940 Tunc
1848 1888 1899 1942 bi

312 1974 505 2026 dantes
529 1987 710 2039 voces,
740 1982 1029 2042 exsurgunt
1073 1984 1258 2028 contra
1281 1990 1398 2029 eos.
1436 1978 1502 2029 Αι
1532 1976 1603 2030 illi
1630 1978 1898 2045 paululum

314 2065 652 2128 resistentes,
679 2066 1163 2135 fugam‘sitnulant,
1204 2067 1757 2137 prosequentibusque
1786 2070 1901 2125 istis

308 2164 639 2222 consurgunt
682 2156 770 2224 qui
805 2157 1083 2223 praeparati
1135 2164 1290 2210 erant
1317 2155 1385 2211 de
1431 2156 1658 2223 insidiis,
1683 2160 1900 2215 conch

308 2245 607 2316 dentesque
650 2262 744 2302 eos
764 2246 825 2301 in
848 2247 1024 2301 medio
1040 2290 1058 2315 ,
1082 2262 1250 2319 usque
1272 2249 1335 2301 ad
1358 2249 1779 2306 internecionem
1805 2268 1897 2306 ce-

304 2340 577 2407 riderunt.
609 2339 709 2408 Qui
745 2349 922 2395 autem
974 2342 1202 2396 evadere
1256 2350 1562 2409 potuerunt,
1589 2344 1675 2398 vix
1719 2346 1899 2414 equite

319 2430 427 2503 [ΑΙ.
449 2427 612 2501 equo]
640 2444 867 2497 ascenso
890 2442 913 2469 ε
942 2446 1034 2499 per
1065 2430 1242 2501 fugam
1291 2431 1482 2501 dilapsi
1512 2441 1656 2496 sunt,
1683 2447 1896 2489 omnem

308 2520 700 2591 supellectilem
731 2520 1089 2591 relinquentes
1110 2520 1163 2575 in
1191 2520 1367 2589 campi
1387 2521 1628 2591 planitie,
1659 2522 1899 2593 nihilque

310 2627 494 2668 secum
525 2611 595 2666 de
633 2612 796 2667 rebus
830 2611 1053 2681 propriis
1082 2609 1412 2677 auferentes,
1444 2613 1543 2667 hoc
1568 2627 1664 2680 pro
1702 2627 1897 2682 magno

304 2708 561 2762 ducentes
585 2709 630 2762 si
675 2707 755 2761 vel
778 2707 883 2761 vita
928 2706 1278 2762 donarentur.
1319 2707 1669 2775 lnsequentes
1716 2716 1894 2763 autem

304 2796 490 2851 Goithi
524 2813 612 2853 res
640 2812 825 2852 eorum
849 2812 1043 2857 omnes.
1059 2797 1359 2867 reperiunt,
1380 2797 1767 2868 diripiuntque,
1802 2813 1890 2868 pe-

303 2889 521 2944 destres
548 2903 738 2944 omnes
777 2890 1022 2958 captivos
1066 2889 1399 2945 abducentes
1434 2889 1894 2959 :cecideruntque

305 2978 384 3033 ibi
414 2980 567 3049 quasi
590 2978 824 3049 quinque
849 2978 1014 3034 millia
1056 2979 1324 3045 virorum;
1348 2978 1543 3046 captivi
1570 2988 1751 3035 autem
1777 2995 1891 3037 am-

2005 1786 2073 1841 de
2103 1786 2283 1841 ofﬁcio
2311 1788 2408 1843 Dei
2436 1804 2618 1844 curam
2662 1790 2884 1845 habens.
2917 1790 3197 1859 Negotium
3257 1807 3382 1845 vero
3414 1791 3589 1862 Ingel-

2008 1878 2181 1933 trudis
2206 1890 2259 1933 et
2308 1879 2431 1933 filiae
2474 1880 2590 1949 ejus
2642 1881 2800 1936 altius
2856 1882 3204 1950 repetendum
3249 1894 3395 1950 puto.
3429 1882 3589 1952 Igitur

2004 1977 2127 2023 ante
2152 1968 2249 2023 bos
2278 1985 2451 2025 annos
2475 1987 2594 2024 cum
2634 1971 2954 2041 lngeltrudis
2978 1976 3359 2028 monasterium
3390 1976 3587 2043 puella-

2006 2074 2121 2112 rum
2150 2059 2286 2114 infra
2312 2062 2504 2115 atrium
2555 2064 2725 2115 sancti
2767 2063 3003 2129 Martini,
3036 2072 3092 2117 ut
3131 2063 3385 2126 diximus,
3416 2056 3587 2119 collo-

2003 2161 2128 2203 care
2150 2152 2423 2218 cmpisset,
2459 2152 2579 2206 filiae
2609 2167 2720 2206 suae
2750 2153 2994 2206 mandata
3016 2155 3193 2217 mittit,
3222 2153 3405 2209 dicens
3435 2173 3448 2207 :
3484 2155 3586 2211 Re-

2005 2238 2183 2306 linque
2214 2243 2384 2295 virum
2417 2251 2587 2309 tuum,
2617 2255 2670 2298 et
2699 2247 2816 2297 veni
2847 2256 2903 2298 ut
2933 2245 3125 2299 faciam
3156 2254 3210 2300 te
3253 2246 3584 2303 abbatissam

2001 2332 2148 2399 gregi
2182 2332 2307 2387 huic
2335 2348 2491 2402 quem
2515 2334 2868 2404 congregavi.
2896 2339 2964 2389 At
2994 2336 3079 2389 illa
3101 2378 3115 2401 ,
3148 2338 3328 2391 audito
3360 2339 3584 2395 levitatis

2002 2424 2252 2489 consilio,
2301 2440 2421 2480 cum
2478 2426 2594 2481 viro
2652 2426 2883 2482 Turonis
2936 2427 3184 2493 advenit;
3238 2430 3585 2501 ingressuque

2001 2519 2388 2573 monasterium
2425 2519 2631 2588 matris,
2660 2520 2874 2574 dicebat
2903 2521 3020 2575 viro
3050 2538 3063 2573 :
3107 2521 3409 2591 Regredere
3440 2522 3585 2587 hinc,

2005 2615 2060 2659 et
2086 2608 2323 2675 guberna
2356 2624 2443 2664 res
2470 2610 2773 2681 liberosque
2825 2621 3057 2676 nostros,
3085 2628 3204 2666 nam
3233 2628 3330 2680 ego
3364 2630 3468 2667 non
3499 2628 3585 2669 re-

2000 2713 2177 2758 vertar
2202 2712 2393 2757 tecum.
2428 2702 2543 2759 Non
2568 2702 2711 2759 enim
2744 2703 2943 2758 videbit
2970 2720 3187 2774 regnum
3216 2705 3309 2759 Dei
3338 2705 3585 2777 conjugiu

1998 2795 2294 2865 copulatus.
2327 2794 2423 2851 Ille
2450 2811 2579 2851 vero
2623 2797 2689 2850 ad
2738 2812 2823 2852 me
2850 2797 3091 2863 veniens,
3136 2798 3401 2853 nuntiavit
3452 2798 3583 2855 mibi

2000 2888 2181 2942 omnia
2221 2903 2341 2958 qua:
2388 2904 2417 2942 a
2457 2888 2684 2960 conjuge
2726 2889 2985 2946 audierat.
3014 2890 3164 2945 Ture
3192 2907 3291 2962 ego
3319 2892 3582 2949 accedens

1999 2978 2065 3032 ad
2097 2978 2503 3044 monasterium,
2550 2994 2812 3035 canonum
2840 2981 3176 3037 Nicmnorum
3232 2984 3450 3039 decreta
3502 2999 3582 3041 rev

305 3046 445 3137 ptius
471 3046 630 3140 quam
663 3046 771 3123 duo
798 3068 962 3125 millia
1009 3069 1275 3126 abierunt.
1304 3068 1453 3125 Multi
1499 3078 1680 3125 tamen
1709 3071 1778 3127 ab
1809 3071 1892 3127 bis
1919 3046 1963 3107 C
1997 3067 2122 3139 legi,
2154 3068 2206 3122 in
2235 3069 2429 3139 quibus
2474 3071 2814 3127 continetur:
2843 3072 2977 3139 Quia
3022 3075 3067 3128 si
3094 3090 3208 3144 qua:
3241 3072 3261 3112 ί
3308 3076 3571 3136 reliquerit

302 3161 487 3223 laxati,
522 3162 795 3218 redierunt
825 3162 878 3216 in
908 3164 1151 3229 patriam.

377 3254 598 3310 XXXII.
630 3254 945 3310 Commotus
963 3264 1141 3310 autem
1191 3270 1286 3310 rex
1315 3257 1435 3311 v'as
1462 3255 1638 3311 claudi
1682 3271 1779 3327 per
1805 3273 1888 3313 re-

300 3359 469 3413 gnum
506 3359 664 3398 suum
693 3345 971 3414 praecepit,
1004 3359 1069 3399 ne
1096 3344 1235 3400 ullus
1260 3345 1326 3400 de
1363 3343 1692 3401 Ghildeberti
1726 3362 1889 3416 regno

301 3452 401 3504 per
428 3436 543 3505 ejus
580 3437 725 3508 regni
778 3438 1107 3491 territorium
1158 3436 1398 3506 pervium
1442 3446 1626 3506 posset
1671 3437 1888 3505 habere,

301 3526 489 3583 dicens
516 3545 528 3580 :
557 3528 692 3593 Quia
718 3542 810 3593 per
835 3527 1132 3597 nequitiam
1164 3527 1301 3595 ejus,
1333 3528 1422 3597 qui
1459 3544 1578 3582 cum
1620 3545 1745 3599 rege
1794 3531 1888 3586 lli-

299 3619 515 3688 spanis
540 3617 717 3674 ftedus
739 3618 879 3684 iniit,
913 3618 1180 3675 exercitus
1224 3620 1425 3675 corruit
1465 3632 1715 3684 meus,et
1752 3632 1808 3675 ut
1832 3637 1891 3678 se

305 3724 414 3762 non
436 3706 673 3761 subdant
705 3708 866 3763 urbes
913 3708 1019 3762 illa:
1064 3709 1248 3764 ditioni
1297 3725 1456 3774 mete,
1486 3711 1602 3780 ejus
1645 3712 1745 3775 hoc
1791 3713 1888 3767 im-

303 3802 491 3855 misso
522 3800 666 3855 Iaeit.
701 3801 951 3855 Additum
968 3810 1050 3856 est
1066 3804 1225 3855 etiam
1256 3800 1376 3855 huic
1402 3816 1574 3855 causa:
1588 3802 1726 3856 aliud
1744 3818 1889 3857 ama-

303 3895 556 3950 ritudinis
586 3896 889 3949 incendimn
913 3935 928 3959 ,
974 3894 1113 3963 quod
1145 3893 1519 3950 Childebertus
1569 3910 1664 3949 rex
1718 3896 1885 3950 ﬁlium

305 4004 461 4042 somn
493 3989 781 4053 seniorem,
817 3988 1251 4043 Tbeodnberturn
1302 3988 1540 4053 nomine,
1569 3988 1887 4043 Suessionas

296 4083 534 4152 dirigere
575 4080 845 4152 cogitabat
891 4098 905 4134 :
962 4096 1082 4149 qua:
1133 4094 1220 4134 res
1278 4080 1638 4149 suspicionem
1686 4079 1887 4134 fecerat

298 4174 704 4229 Guntebramno
742 4172 876 4243 regi,
917 4172 1127 4227 dicente
1162 4186 1228 4226 eo
1254 4188 1267 4224 :
1291 4170 1425 4238 Quia
1474 4170 1525 4224 in
1557 4172 1656 4225 hoc
1714 4170 1884 4225 lilium

295 4282 455 4322 suum
481 4282 650 4335 nepos
678 4280 831 4322 meus
858 4266 1177 4321 Suessionas
1220 4264 1421 4333 dirigit,
1455 4272 1510 4316 ιιι
1539 4262 1771 4317 Parisios
1797 4263 1885 4317 in-

293 4358 446 4428 gredi
475 4356 657 4422 faciat,
683 4370 1016 4426 regnumque
1044 4369 1220 4409 meum
1246 4353 1459 4408 auferre
1480 4353 1659 4422 cupiat
1694 4370 1705 4405 :
1738 4352 1880 4422 quod

296 4464 571 4519 tntttquam
614 4446 990 4503 Cbildebertus
1016 4445 1101 4500 vel
1144 4447 1197 4499 in
1238 4445 1578 4513 cogitatione,
1606 4444 1649 4498 si
1675 4443 1776 4498 dici
1800 4443 1880 4499 fas

297 4552 405 4606 est,
438 4541 639 4596 habere
660 4539 854 4611 potuit.
877 4536 1035 4592 Multa
1071 4545 1248 4591 autem
1291 4544 1347 4591 et
1394 4536 1447 4591 in
1480 4534 1877 4591 Brunicbildem

371 4700 478 4747 -ιιι
533 4694 650 4747 Vat.
676 4702 731 4749 et
757 4690 909 4748 Colb.
941 4706 992 4745 a.
1022 4689 1359 4745 desideratur
1399 4692 1498 4745 hoc
1535 4701 1693 4760 caput
1717 4692 1880 4748 simul

294 4779 417 4819 cum
437 4764 644 4818 duobus
671 4763 1035 4833 sequentibus.
1271 4830 1295 4833 ᾇ
1366 4774 1367 4777 ‘

370 4834 395 4872 ιο
431 4835 617 4901 liegm.
653 4830 983 4897 llis—puniant.
1020 4835 1085 4885 At
1114 4847 1233 4885 cum
1265 4830 1588 4900 Septimania
1618 4831 1874 4900 Wisigot-

293 4905 508 4975 tbornm
537 4906 747 4975 regibus
774 4904 824 4956 in
854 4903 1103 4975 [ﬁspania
1130 4912 1371 4971 pareret,
1404 4917 1509 4955 non
1540 4904 1706 4958 semel
1735 4904 1872 4958 alias

288 4990 330 5033 8
354 4971 617 5043 Gregorio
642 4974 834 5028 dicitur
860 4971 1138 5041 Hispania.
1236 5041 1247 5043 4
1272 5041 1281 5043 _
1750 5022 1751 5025 η

375 5055 397 5084 ε
428 5041 638 5113 Betim"
670 5043 917 5110 equitibus
935 5043 1176 5097 ascensis.
1210 5041 1334 5105 Ed.,
1364 5057 1737 5113 equograscenso.
1759 5043 1870 5099 Hoc

291 5116 352 5170 in
375 5111 561 5183 praelia
582 5114 814 5169 Francos
832 5114 896 5167 ad
911 5113 1180 5183 sexaginta
1199 5112 1358 5166 millia
1385 5111 1688 5183 profligatns
1705 5115 1867 5169 fuisse

288 5180 526 5240 aftirmat
548 5185 783 5249 Isidorus
819 5185 873 5237 in
915 5180 1177 5238 Chronico
1197 5223 1211 5245 ,
1236 5199 1341 5237 tera
1372 5180 1495 5245 6:24,
1522 5185 1604 5235 ubi
1640 5183 1715 5237 ait
1748 5185 1866 5237 nul-

290 5255 401 5309 lam
430 5271 658 5321 unquam
688 5256 787 5308 ista
810 5253 1067 5322 majorem
1098 5254 1368 5311 victoriam
1392 5269 1419 5307 a
1451 5254 1660 5308 Gotthis
1692 5269 1881 5321 repor-

292 5335 456 5379 tatum
483 5327 664 5379 fuisse.
690 5325 833 5378 Idem
847 5325 1002 5377 habet
1027 5323 1259 5378 Joannes
1290 5322 1606 5377 Biclarensis
1626 5325 1677 5377 in
1705 5323 1869 5379 Chro-

291 5394 436 5449 nico.
470 5396 757 5450 Reccaredi
787 5394 1055 5448 exercitus
1098 5395 1288 5447 ductor
1330 5404 1444 5447 erat
1481 5391 1731 5447 Claudius
1757 5394 1865 5448 dux

290 5464 602 5529 Lusitania,
626 5465 712 5523 cui
753 5476 969 5519 sanctus
1011 5462 1295 5531 Gregorius
1318 5463 1384 5517 M.
1426 5464 1707 5533 Cyriacum
1746 5480 1865 5518 mo-

289 5536 522 5590 nachum
563 5533 975 5590 commendavit.
1012 5533 1269 5601 Eumdem
1289 5573 1306 5598 ,
1333 5533 1556 5600 ejusque
1603 5536 1655 5587 in
1684 5535 1866 5601 Septi-

289 5606 522 5662 maniam
546 5610 796 5672 primum,
825 5615 879 5658 et
904 5603 1099 5659 exinde
1144 5603 1217 5659 in‘
1253 5600 1532 5657 Franciam
1568 5600 1867 5672 expeditio-

292 5694 417 5737 nem
440 5672 626 5735 laudat
667 5674 861 5732 Paulus
888 5674 1154 5731 Diacouus
1176 5672 1231 5731 in
1271 5674 1362 5731 lib.
1388 5673 1457 5731 de
1485 5672 1617 5732 Vitis
1647 5675 1863 5733 Patrum

1912 4410 1961 4470 D

1993 3161 2186 3223 virum,
2218 3169 2264 3214 et
2294 3170 2459 3213 torum
2506 3162 2557 3214 in
2604 3178 2703 3226 quo
2750 3162 2871 3218 bene
2899 3164 3020 3217 vixit
3051 3166 3321 3233 spreverit,
3355 3168 3530 3222 dicens
3557 3182 3581 3222 :

1997 3252 2132 3320 Quia
2161 3270 2263 3307 non
2296 3256 2361 3308 sit
2390 3255 2436 3307 ei
2469 3256 2628 3320 portio
2656 3256 2708 3309 in
2738 3257 2830 3310 illa
2877 3238 3089 3312 scelestis
3121 3260 3261 3329 regni
3290 3261 3459 3330 gloria
3488 3262 3578 3329 qui

1990 3344 2142 3414 fuerit
2163 3346 2407 3416 conjugio
2451 3345 2746 3412 copulatus,
2776 3348 3048 3403 anathema
3078 3350 3165 3403 sit.
3199 3352 3403 3415 Quibus
3424 3350 3577 3406 audi-

1992 3435 2060 3488 tis
2091 3434 2481 3505 Bertbegundis
2504 3448 2746 3490 metuens
2778 3451 2845 3490 ne
2864 3453 2892 3490 a
2916 3436 3283 3493 sacerdotibus
3319 3438 3410 3493 Dei
3428 3454 3579 3496 eom-

1991 3527 2244 3580 munionc
2297 3527 2636 3596 privaretur,
2687 3542 2905 3598 egressa
2961 3529 3365 3597 monasterium,
3422 3530 3576 3588 rediit

1992 3634 2110 3671 cum
2141 3617 2255 3671 viro
2284 3633 2399 3671 suo.
2430 3617 2763 3685 Interpositis
2795 3628 2973 3672 autem
3016 3619 3185 3672 tribus
3227 3619 3308 3674 vel
3350 3629 3576 3689 quatuor

1990 3708 2162 3773 annis,
2190 3709 2379 3763 iterum
2425 3708 2673 3762 mandata
2728 3710 2895 3762 mittit
2924 3710 2991 3764 ad
3019 3727 3136 3764 eam
3161 3721 3354 3777 mater,
3379 3714 3575 3779 depre-
3662 3708 3670 3717 ’

1996 3812 2263 3853 causeam
2301 3798 2367 3851 ad
2400 3814 2456 3852 se.
2502 3800 2784 3853 accedere.
2818 3802 2883 3853 At
2936 3802 3019 3853 illa
3072 3806 3307 3857 oneratis
3350 3805 3574 3858 navibus

1991 3890 2148 3967 457
2176 3902 2281 3944 tam
2302 3892 2368 3945 de
2392 3892 2551 3945 rebus
2580 3871 2835 3961 propriis,
2867 3908 3022 3961 quam
3050 3895 3143 3947 viri
3171 3897 3274 3971 sui,
3298 3905 3572 3964 assumpto

1986 3998 2170 4042 secum
2196 4002 2300 4040 uno
2330 3986 2474 4050 lilio,
2523 3988 2636 4042 viro
2664 3988 2905 4053 absente,
2952 3987 3180 4041 Tnmnis
3202 3994 3285 4041 Cal
3330 3986 3572 4056 appulsa.

1988 4079 2092 4134 Sed
2114 4094 2233 4133 cum
2264 4093 2292 4130 a
2323 4088 2492 4132 matre
2547 4090 2764 4148 pr0pter
2795 4079 3186 4148 improbitatem
3210 4079 3306 4132 viri
3354 4079 3570 4135 retineri

1987 4185 2094 4224 non
2125 4178 2325 4239 posset,
2355 4168 2562 4223 scilicet
2592 4186 2659 4224 ne
2687 4172 3013 4225 calumniam
3059 4185 3175 4239 qua:
3208 4170 3323 4238 ejus
3349 4170 3474 4224 dolo
3497 4174 3571 4224 Ia-

1986 4260 2186 4318 bricata
2216 4260 2388 4313 fuerat
2414 4260 2709 4331 exciperet,
2739 4261 2804 4315 ad
2864 4261 3303 4315 Bertcbramnum
3352 4275 3569 4330 germa-

1990 4366 2117 4405 num
2143 4350 2286 4419 ejus,
2313 4348 2476 4404 lilium
2500 4350 2745 4405 videlicet
2766 4366 2941 4418 suum,
2990 4350 3397 4419 Burdegaleusis
3419 4352 3567 4408 urbis

1982 4443 2315 4514 episcopum,
2346 4460 2463 4499 eam
2488 4444 2709 4499 direxit.
2734 4444 3095 4514 Prosequente
3124 4444 3285 4514 igitur
3310 4460 3425 4499 eam
3453 4446 3573 4501 viro

1981 4535 2095 4605 ejus
2122 4535 2367 4589 dicebat:
2403 4538 2535 4603 Quia
2561 4536 2677 4591 sine
2723 4535 2946 4591 consilio
2976 4545 3255 4606 parentum
3281 4552 3398 4591 eant
3434 4551 3570 4591 cono

1983 4695 2394 4750 Emeritenslum
2407 4736 2419 4748 .

2051 4764 2215 4838 allec
2240 4765 2621 4838 monasterium
2643 4767 2800 4838 intra
2847 4768 3019 4822 sancti
3049 4768 3261 4824 Martini
3286 4776 3435 4838 septa
3458 4769 3549 4825 diu

1981 4836 2143 4899 stetit,
2168 4846 2368 4889 sancta:
2398 4836 2578 4889 Maria:
2622 4837 2690 4891 de
2739 4836 3006 4892 Scriniolo
3050 4836 3364 4904 dictum;ai
3414 4841 3555 4895 circa

1982 4907 2160 4961 smculi
2194 4906 2456 4960 undecimi
2477 4906 2683 4961 initium
2711 4908 2778 4960 ab
2798 4908 3006 4962 llerveo
3030 4907 3359 4964 tltesaurario
3384 4918 3557 4967 trans-

1982 4978 2141 5029 latum
2172 4984 2256 5030 est
2316 4978 2365 5029 in
2397 4978 2622 5029 vicinum
2672 4979 2885 5043 collem,
2940 4980 3026 5046 qui
3056 4980 3126 5032 ob
3167 4981 3302 5034 situs
3331 4980 3554 5037 amoeni-

1980 5055 2511 5117 tatem,gratumque
2560 5059 2900 5116 prospectum
2941 5049 3274 5103 Bellusmons
3317 5051 3557 5117 appella-

1978 5116 2203 5241 ῑιᾶἓμέὺί
2248 5116 2510 5186 hodieque
2548 5118 2760 5187 visitur,
2791 5120 2959 5173 sancti
3013 5120 3285 5175 Benedicti
3335 5116 3557 5189 Regula:

1978 5202 2003 5240 a
2082 5202 2127 5241 lC
2153 5200 2261 5240 um.

1973 5189 2261 5241 addictum.

2051 5267 2073 5294 ⁸
2108 5258 2318 5323 Hegm.,
2353 5254 2780 5311 Genamannicum
2803 5260 3193 5322 monasterium;
3215 5258 3413 5326 aliquot
3441 5257 3557 5312 edi-

1973 5326 2013 5381 ti
2052 5342 2181 5397 cum
2209 5326 2635 5397 Iiec.._regressa.

2046 5394 2065 5433 ί
2099 5397 2307 5466 Regm.,
2342 5394 2402 5467 Si
2431 5394 2545 5466 quae
2571 5399 2751 5451 mulier
2778 5408 2994 5451 uxorum
3024 5397 3301 5467 reliquerit.
3335 5397 3555 5456 Videtur

1969 5480 2087 5520 esse
2114 5464 2286 5521 canon
2315 5464 2379 5518 Illi
2423 5464 2574 5521 conc.
2602 5468 2950 5536 Gangrensis,
2978 5464 3431 5536 qttod’cnncilittm
3456 5485 3553 5526 ve-

1970 5544 2111 5611 teres
2134 5536 2347 5611 l‘licteno
2381 5538 2716 5611 subjungere
2756 5536 3040 5604 solebant;
3073 5538 3230 5611 idque
3254 5541 3450 5596 indicat
3479 5540 3550 5597 ti-

1972 5608 2109 5663 tulus
2137 5608 2188 5662 in
2222 5608 2496 5662 veteribus
2523 5607 2751 5676 scriptis.
