3974 6174
255 395 358 451 513

1177 381 1497 440 HISTORIA
1540 377 1988 438 FRANCOBUM.
2029 377 2238 438 LIBER
2279 377 2505 437 NONUS

3418 380 3526 436 5M

252 524 312 562 se
350 506 415 559 ad
460 502 662 557 bellmn
703 505 1011 570 praeparat,
1046 495 1274 554 dicens:
1318 495 1429 565 Nisi
1469 494 1688 559 moriar,
1732 506 1840 548 non
1869 495 1921 558 Α
1945 507 2070 547 eum
2097 491 2330 562 populus
2362 491 2604 563 gaudens
2639 505 2704 548 ac
2742 491 3078 564 deprecans,
3115 505 3171 552 nt
3210 497 3376 554 vitam
3409 502 3532 571 ejus

253 596 584 666 ingredietur
614 589 749 644 Wad
769 598 822 644 to
877 589 928 643 in
962 589 1182 642 domum
1208 586 1410 642 domini
1445 587 1569 639 mei.
1599 585 1844 640 Audiens

252 698 431 741 autem
467 699 606 738 uxor
637 680 931 735 Waddonis
979 687 1292 748 apparatum
1348 676 1555 734 scilicet
1593 675 1720 733 belli
1763 677 1844 728 in.

256 777 488 834 staurari
517 787 702 828 contra
737 774 906 827 virutn
939 786 1094 826 suum
1114 812 1128 838 ,
1161 769 1239 825 ait
1268 768 1334 823 ad
1363 783 1484 824 eum
1508 783 1528 822 :
1554 768 1631 824 Ne
1661 782 1838 822 acces-

253 867 391 925 seris
421 866 585 931 illuc,
614 865 780 919 chare
810 862 1005 932 conjux
1033 878 1049 917 :
1084 860 1333 917 morieris
1361 860 1505 916 enim
1533 862 1578 915 si
1609 859 1806 914 abieris
1828 897 1848 921 ,

254 971 312 1012 et
336 972 438 1026 ego
461 971 583 1010 cum
612 953 735 1008 filiis
762 955 960 1008 misera
986 967 1103 1008 ero.
1139 951 1206 1005 Et
1234 951 1427 1021 injecta
1458 964 1613 1004 manu
1638 990 1655 1010 ,
1683 950 1851 1004 voluit

255 1065 380 1105 eum
414 1048 649 1103 retinere
673 1088 686 1110 ,
712 1046 925 1100 dicente
958 1054 1217 1114 praiterea
1246 1052 1354 1097 tum
1389 1043 1498 1098 ﬁlio
1527 1057 1543 1097 :
1572 1042 1629 1098 Si
1653 1040 1850 1096 abieris

267 1139 433 1212 560
488 1137 690 1208 pariter
738 1136 1071 1200 moriemur,
1121 1142 1178 1189 et
1225 1134 1493 1202 relinques
1537 1134 1852 1203 genitricem

218 1237 246 1289 ,τ
263 1247 436 1287 meam
484 1230 733 1294 viduam,
779 1228 1164 1296 orphanosque
1205 1239 1492 1296 germanos
1532 1238 1704 1279 meos.
1746 1222 1852 1276 Sed

268 1339 391 1378 cum
419 1337 542 1378 eum
590 1323 704 1376 haec
739 1320 902 1374 verba
950 1321 1162 1390 penitus
1190 1318 1424 1373 retinere
1455 1334 1559 1372 non
1595 1325 1855 1384 possent,

275 1419 455 1472 furore
485 1429 745 1470 accensus
768 1422 952 1467 contra
984 1412 1150 1465 filium
1172 1449 1189 1477 ,
1219 1419 1272 1464 et
1300 1409 1539 1464 timidum
1569 1425 1692 1465 eum
1719 1408 1856 1462 mol-

269 1512 488 1580 lemque
518 1509 861 1571 exclamans,
895 1503 1131 1574 projects
1163 1516 1353 1559 secure
1390 1516 1528 1572 pene
1571 1500 1857 1555 cerebrum

269 1603 386 1672 ejus
419 1600 587 1654 illisit.
619 1599 725 1654 Sed
757 1597 846 1652 ille
877 1597 930 1649 in
962 1605 1111 1665 parte
1141 1607 1397 1649 excussus
1422 1635 1438 1660 ,
1470 1594 1634 1647 ictum
1663 1591 1858 1648 ferien-

275 1696 346 1748 tis
372 1692 564 1747 evasit.
594 1690 846 1745 ASeensis
868 1687 1096 1756 denique
1121 1684 1388 1754 equitibus
1413 1683 1683 1747 abierunt,
1708 1697 1859 1736 man-

272 1789 409 1841 dans
442 1788 636 1839 iterum
671 1781 872 1847 actori,
909 1788 966 1834 ut
1001 1779 1165 1833 domo
1207 1778 1386 1847 sc0pis
1429 1777 1677 1830 mundata
1721 1786 1858 1830 stra-

273 1881 411 1950 gulis
442 1891 664 1931 scamna
695 1874 950 1943 aperiret.
977 1870 1082 1927 Sed
1115 1871 1200 1925 ille
1224 1868 1616 1938 parvipendens
1641 1870 1860 1922 manda-

276 1983 388 2026 tum
435 1971 589 2039 ejus,
636 1982 758 2022 cum
812 1965 1018 2030 turbis,
1066 1964 1203 2017 sicut
1230 1961 1494 2026 diximus,
1529 1961 1766 2014 virorqu
1797 1973 1860 2013 ac

280 2063 564 2117 mulierum
641 2066 766 2113 ante
814 2057 957 2111 fores
1008 2054 1212 2110 domini
1257 2053 1337 2107 sui
1385 2053 1564 2114 stetit,
1616 2052 1864 2117 cperieus

285 2155 577 2208 adventura
626 2150 804 2220 hujus.
837 2148 936 2216 Qui
980 2148 1229 2211 veniens,
1268 2143 1446 2200 statim
1476 2143 1746 2210 ingressus
1779 2142 1867 2194 do-

282 2265 459 2311 nium,
493 2246 567 2301 ait
599 2262 611 2298 :
654 2244 763 2298 Cur
792 2257 898 2297 non
938 2250 1064 2297 sunt
1098 2252 1313 2294 scamna
1353 2236 1468 2291 haec
1505 2244 1689 2302 operta
1729 2241 1867 2288 stra-

283 2343 456 2409 gulis,
506 2347 598 2391 aut
638 2336 828 2390 domus
869 2332 1044 2400 scopis
1084 2328 1377 2384 mundata?
1408 2327 1473 2381 Et
1503 2327 1715 2380 elevans
1754 2337 1866 2376 ma.

288 2447 413 2483 num
451 2443 574 2482 eum
616 2427 760 2490 sica,
801 2430 960 2492 caput
991 2419 1225 2474 hominis
1268 2418 1523 2482 libravit;
1568 2414 1869 2484 ceciditque

283 2537 333 2577 et
370 2529 618 2576 mortuus
651 2526 754 2572 est.
783 2513 934 2582 Quod
966 2525 1195 2567 cernens
1226 2510 1363 2563 filius
1393 2508 1623 2561 hominis
1651 2505 1865 2571 mortui,

287 2615 488 2669 emissa
528 2627 593 2667 ex
632 2610 862 2664 adverso
893 2607 1076 2661 lancea
1099 2645 1114 2672 ,
1145 2611 1332 2659 contra
1360 2600 1693 2655 Waddonem
1741 2598 1871 2653 diri-

287 2710 407 2777 git:
448 2704 601 2773 cujus
641 2701 874 2756 mediam
914 2701 1092 2752 alvum
1135 2696 1241 2749 ictu
1293 2693 1594 2763 penetravit
1638 2705 1668 2743 a
1721 2698 1871 2758 tergo

287 2809 506 2867 egressa
536 2791 752 2846 falarica
788 2799 840 2856 ⁸,
872 2799 928 2844 et
957 2801 1120 2842 ruens
1160 2784 1225 2839 ad
1277 2795 1508 2850 terram,
1553 2782 1872 2836 adveniente

289 2884 634 2942 multitudine
685 2895 806 2952 qua
857 2879 1080 2936 collecta
1134 2877 1336 2940 fuerat,
1399 2874 1666 2942 lapidibus
1716 2870 1871 2926 obrui

289 2979 474 3049 erepit.
515 2977 666 3032 Tune
703 2974 918 3044 quidam
961 2973 1027 3028 de
1068 2971 1153 3026 Itis
1189 2971 1278 3041 qui
1321 2979 1579 3025 venerant
1617 2982 1740 3021 cum
1770 2981 1870 3030 eo,

291 3073 433 3127 inter
471 3069 675 3125 imbres
714 3081 904 3122 saxeos
944 3065 1264 3120 accedentes
1292 3105 1306 3129 ,
1349 3073 1662 3132 coopertum
1702 3076 1868 3132 sago,

291 3181 354 3219 ac
385 3165 583 3234 popqu
617 3160 892 3231 mitigato,
922 3157 1156 3228 ejulante
1189 3158 1296 3209 filio
1338 3155 1486 3224 ejus,
1530 3169 1759 3224 eumque
1784 3170 1873 3208 su—

1946 587 2214 656 patrisqtte
2259 587 2346 644 sui
2390 601 2513 641 aevo.
2547 586 2840 656 prolixiora
2885 589 3058 658 pietas
3111 591 3292 647 divina
3329 608 3527 651 conco-

1943 679 2116 734 deret.

2020 769 2283 825 XXXVII.
2307 770 2426 825 Erat
2454 779 2477 807 ε
2508 777 2688 826 autem
2713 771 2854 841 aptid
2881 773 3065 830 urbem
3095 775 3412 834 Suessionas
3442 779 3531 835 iris

1947 859 2136 915 diebus
2163 860 2534 930 Droctigisilus
2553 858 2600 927 ί,
2622 864 2711 932 qui
2738 875 2952 933 propter
2979 867 3217 931 nimiam,
3240 879 3300 922 ut
3328 869 3526 934 ferunt,

1950 953 2298 1022 putationem,
2320 963 2510 1021 quarto
2540 954 2768 1007 iaciante
2794 967 2940 1009 anno
2959 971 3173 1010 sensum
3205 958 3530 1026 perdiderat.

1952 1045 2280 1102 Asserebant
2305 1044 2449 1100 enim
2473 1045 2622 1098 multi
2647 1044 2863 1109 civium,
2886 1047 3031 1115 quod
3058 1047 3164 1102 hoc
3186 1049 3234 1103 ei
3260 1050 3538 1106 maleﬁciis

1953 1139 2292 1205 accessisset,
2323 1155 2416 1208 per
2466 1140 2812 1195 emissionem
2860 1142 3219 1196 archidiaconi
3262 1158 3422 1212 quem
3465 1147 3538 1199 ab

1957 1233 2162 1289 honore
2186 1231 2470 1301 repulerat,
2490 1231 2750 1285 intantum
2778 1241 2834 1284 ut
2856 1232 2994 1285 infra
3019 1248 3198 1287 muros
3226 1235 3372 1288 urbis
3399 1235 3542 1291 bane

1955 1322 2245 1378 amentiam
2288 1321 2453 1390 magis
2496 1320 2745 1385 haberet;
2780 1322 2826 1375 si
2855 1336 2982 1376 vero
3012 1323 3078 1377 de
3105 1323 3319 1378 civitate
3351 1323 3542 1378 fuisset

1957 1415 2432 1484 egressus,agebat
2452 1407 2803 1468 commodius.
2826 1415 3067 1482 Cumque
3089 1431 3178 1469 rex
3205 1418 3542 1486 supradictus

1959 1505 2025 1560 ad
2059 1505 2243 1560 urbem
2272 1505 2526 1570 venisset,
2550 1513 2606 1558 et
2632 1502 2719 1560 hic
2751 1506 2942 1561 melius
2965 1518 3162 1575 ageret,
3188 1523 3294 1560 non
3325 1511 3543 1576 permit-

1960 1599 2172 1654 tebatur
2203 1608 2228 1643 κ
2262 1598 2464 1666 ingredi
2499 1598 2684 1652 urbem
2720 1608 2936 1666 propter
2963 1614 3141 1668 regem
3182 1603 3268 1667 qui
3308 1600 3547 1655 advene-

1961 1701 2064 1746 rat.
2096 1693 2162 1745 Ει
2212 1692 2333 1744 licet
2370 1700 2513 1745 esset
2553 1706 2715 1745 vorax
2758 1690 2860 1744 cibi
2903 1705 2965 1745 ac
3005 1701 3214 1760 potator
3245 1694 3355 1745 vini
3391 1703 3548 1750 extra

1965 1785 2201 1848 modum,
2233 1793 2285 1838 et
2315 1783 2454 1837 ultra
2486 1798 2643 1852 quam
2675 1782 3057 1837 sacerdotalem
3085 1785 3348 1838 cautelam
3369 1785 3546 1851 decet,

1892 1872 1936 1929 Β
1966 1885 2144 1930 tamen
2168 1874 2368 1928 nullutn
2394 1875 2462 1928 de
2489 1889 2556 1928 eo
2581 1874 2902 1930 adulterium
2927 1876 3189 1943 quispiam
3211 1888 3290 1930 est
3317 1877 3546 1930 locutus.

1973 1965 2349 2019 Verumtamen
2379 1965 2433 2018 in
2462 1967 2708 2032 sequenti
2737 1981 2860 2020 cum
2887 1967 3024 2035 apud
3062 1967 3421 2023 Saurieiacuui
3453 1971 3551 2022 vile

1969 2057 2073 2114 lam
2100 2054 2124 2104 ιι
2147 2057 2517 2125 episcoporum
2545 2056 2779 2126 synodus
2803 2069 3081 2129 aggregata
3111 2059 3313 2126 fuisset,
3334 2060 3549 2130 jusserit

1967 2156 2053 2202 est
2081 2155 2141 2202 ut
2167 2148 2356 2202 liceret
2379 2151 2428 2203 ei
2458 2148 2660 2216 ingredi
2693 2152 2878 2203 urbem
2909 2165 3084 2204 suam.

2040 2240 2331 2296 XXXVIII.
2358 2241 2490 2294 Cum
2518 2249 2696 2295 autem
2729 2240 2978 2295 Faileuba
3013 2242 3194 2313 regina
3219 2242 3554 2299 Cbildeberti

1970 2334 2134 2403 regis,
2167 2329 2319 2402 partu
2364 2333 2507 2387 edito
2550 2347 2672 2387 mox
2719 2333 3010 2399 exstincto,
3037 2343 3346 2403 ingrueret,
3377 2337 3556 2406 attigit;

1975 2443 2136 2486 aures
2165 2427 2282 2495 ejus
2312 2441 2522 2491 sermo,
2550 2427 2693 2496 quod
2721 2427 2934 2496 quidam
2968 2427 3049 2481 vel
3077 2439 3259 2482 contra
3290 2444 3408 2485 eum
3426 2470 3440 2492 ,
3469 2431 3559 2485 vei

1970 2528 2156 2574 contra
2182 2517 2580 2573 Brunicbildem
2599 2519 2837 2587 reginam
2863 2533 3025 2588 agere
3043 2531 3382 2575 conarentur.
3396 2522 3559 2577 Cum-

1971 2629 2075 2684 que
2104 2612 2408 2669 canfortata
2436 2613 2507 2666 ab
2534 2612 2873 2667 incommodo
2893 2653 2908 2680 ,
2939 2612 3005 2666 ad
3036 2616 3176 2682 regis
3208 2617 3548 2682 praesentiain

1974 2705 2291 2761 accessisset
2321 2745 2336 2769 ,
2385 2704 2562 2757 omnia
2610 2714 2716 2757 tam
2764 2704 2811 2758 ei
2861 2719 3018 2773 qualn
3068 2705 3224 2760 matri
3270 2706 3387 2774 ejus
3437 2723 3562 2776 qum

1973 2794 2211 2849 audierat
2239 2794 2518 2848 reseravit.
2551 2792 2721 2847 Verba
2765 2801 2942 2846 autem
2988 2793 3352 2861 hujuscemodi
3383 2807 3563 2860 eram,

1975 2887 2118 2956 quod
2146 2886 2357 2942 scilicet
2389 2886 2683 2954 Septimina
2711 2883 2730 2924 ί
2765 2885 2943 2941 nutrix
2970 2886 3228 2940 infantum
3259 2887 3403 2954 ejus,
3427 2902 3562 2942 cen-

1974 2977 2098 3034 atlio
2125 2977 2358 3032 suadere
2383 2977 2544 3031 vellet
2569 2977 2700 3046 regi,
2726 2988 2782 3029 ut
2813 2976 2982 3045 ejecta
3014 2985 3202 3039 matre,
3229 2977 3566 3045 conjugeqtro

1974 3067 2156 3122 relicta
2179 3109 2192 3128 ,
2223 3068 2379 3122 aliam
2408 3067 2690 3122 sortiretur
2719 3081 2969 3132 uxorem,
3001 3078 3054 3121 et
3095 3068 3174 3122 sie
3215 3082 3334 3120 cum
3366 3068 3562 3122 eodem

1977 3172 2305 3228 quiscunque
2324 3158 2540 3222 vellent,
2556 3157 2639 3210 vel
2662 3167 2778 3211 actu
2801 3166 3040 3228 agerent,
3055 3157 3137 3211 vel
3163 3159 3405 3226 precibus
3421 3159 3562 3214 obti-

294 3271 390 3324 per
418 3269 614 3323 equum
645 3253 866 3308 elevans
888 3289 904 3311 ,
937 3249 1112 3302 adhuc
1141 3249 1407 3301 viventem
1429 3246 1610 3299 domui
1640 3244 1872 3300 reduxit.
1905 3237 1952 3302 C
1983 3263 2190 3304 nerent.
2214 3248 2375 3319 462
2401 3248 2549 3316 Quod
2584 3248 2627 3302 si
2659 3248 2739 3300 his
2766 3261 2856 3300 rex
2891 3247 3056 3302 nollet
3082 3250 3418 3318 acquiescere
3444 3267 3568 3318 qum-

293 3347 396 3402 Sed
427 3346 665 3416 protinus
703 3343 805 3398 sub
848 3340 1100 3409 lacrytnis
1142 3337 1324 3392 uxoris
1355 3352 1419 3391 ac
1450 3336 1676 3390 ﬁliorum
1717 3337 1876 3405 spiri-

296 3450 408 3493 tum
449 3434 742 3492 exhalavit.
786 3432 1048 3502 Explicita
1089 3431 1250 3500 igitur
1282 3439 1386 3483 tam
1419 3428 1704 3483 infeliciter
1733 3440 1836 3481 vita
1859 3464 1877 3492 ,

295 3530 437 3584 filius
467 3527 589 3596 ejus
617 3525 682 3579 ad
713 3539 894 3594 regem
924 3523 1087 3587 abiit,
1124 3533 1316 3589 resque
1343 3519 1461 3587 ejus
1491 3519 1742 3574 obtinuit.

374 3618 615 3675 XXXVI.
646 3620 807 3687 Igitur
833 3630 976 3668 anno
1001 3628 1107 3684 quo
1140 3627 1297 3681 supra
1327 3611 1477 3677 regni
1505 3613 1584 3666 sui
1610 3654 1630 3673 ,
1658 3609 1877 3666 Childe-

297 3714 485 3767 bertus
518 3725 611 3764 res
657 3707 974 3762 morabatur
1001 3720 1122 3760 cum
1149 3718 1377 3775 conjuge
1403 3714 1456 3759 et
1483 3713 1652 3758 matre
1678 3707 1882 3758 suain-

297 3805 376 3858 ira
418 3800 704 3856 terminum
745 3795 922 3860 urbis,
961 3809 1122 3866 quam
1162 3780 1566 3863 Strataburgum
1607 3791 1635 3831 δ
1667 3800 1882 3847 vocant.

301 3894 456 3948 'I'unc
494 3890 594 3945 viri
633 3890 918 3955 fortiores,
962 3888 1053 3958 qui
1092 3888 1146 3942 in
1184 3887 1316 3942 urbe
1353 3893 1509 3941 erant
1543 3883 1880 3939 Suessionica

302 3988 421 4042 sive
455 3983 712 4038 Meidensi
748 3991 795 4047 ε,
827 3987 1090 4036 venerunt
1114 3981 1178 4033 ad
1209 3993 1332 4033 eum
1370 3977 1649 4033 dicentes:
1684 3976 1757 4031 Da
1788 3991 1884 4030 no-

300 4080 386 4133 bis
416 4091 583 4131 unum
610 4073 678 4128 de
711 4072 838 4127 filiis
870 4073 1003 4138 tuis,
1036 4079 1090 4125 ut
1129 4069 1429 4125 serviamus
1468 4067 1516 4121 el
1539 4105 1556 4133 ,
1595 4066 1801 4122 scilicet
1826 4076 1887 4122 ut

299 4175 371 4225 i'e
401 4165 655 4237 progenie
686 4173 772 4218 tua
807 4163 997 4233 pignus
1023 4163 1317 4217 retinentes
1347 4159 1653 4224 nobiscum,
1678 4157 1886 4213 facilius

307 4260 630 4315 resistentes
657 4255 920 4320 inimicis,
957 4253 1217 4308 terminos
1245 4251 1394 4306 urbis
1419 4261 1524 4304 tua:
1551 4248 1578 4286 ά
1609 4250 1887 4304 defensare

305 4351 636 4406 studemus.
695 4349 759 4401 At
796 4344 886 4400 iiie
927 4344 1141 4414 gavisus
1191 4343 1411 4406 nuntio,
1452 4340 1918 4396 Theodohertum'

306 4445 478 4498 ﬁlium
509 4457 666 4496 suum
711 4437 984 4494 seniorem
1015 4433 1174 4506 ιθ]
1207 4433 1335 4488 illuc
1362 4431 1695 4502 di'rigen-dum
1727 4432 1888 4487 desti-

309 4543 435 4597 nat;
486 4533 572 4586 cui
619 4529 946 4593 comitibus,
988 4524 1332 4588 domesticis,
1388 4522 1681 4594 majoribus
1728 4531 1890 4590 atque

1983 3340 2264 3404 suadebat,
2305 3340 2421 3408 ipso
2469 3336 2745 3391 maleficiis
2795 3337 3134 3406 interempto,
3173 3337 3393 3392 elevatis
3443 3338 3564 3394 ﬁliis

1980 3434 2096 3503 ejus
2125 3433 2177 3487 in
2211 3448 2453 3504 regnum,
2490 3432 2702 3500 repulsa
2733 3430 3075 3485 nihilominus
3103 3439 3274 3484 matre
3303 3447 3484 3485 eorum
3514 3441 3573 3486 et'

1983 3525 2096 3579 avia
2122 3568 2135 3588 ,
2171 3525 2266 3593 ipsi
2312 3531 2556 3591 regerent
2589 3537 2834 3592 regnum.
2870 3521 3037 3587 Hujus
3069 3522 3210 3574 enim
3242 3521 3451 3575 consilii
3478 3538 3578 3575 so-

1982 3617 2093 3671 cios
2123 3615 2432 3684 pronuntiat
2453 3628 2572 3668 esse
2599 3612 2997 3683 Sunnegisilum
3022 3613 3034 3662 i
3067 3613 3318 3668 comitem
3346 3613 3582 3678 stabuli,

1986 3717 2040 3763 et
2071 3707 2480 3776 Gallomagnum
2520 3706 2970 3771 reierendarium,
3000 3709 3164 3776 atque
3208 3705 3581 3771 Droctull‘um,

1984 3799 2074 3869 qui
2103 3800 2167 3853 ad
2198 3800 2444 3854 solatium
2477 3798 2786 3868 Septimium
2813 3798 2876 3853 ad
2908 3798 3245 3854 nutriendum
3276 3801 3415 3868 regis
3447 3816 3571 3868 par-

1986 3890 2140 3944 vulos
2166 3891 2334 3944 fuerat
2355 3890 2528 3944 datus.
2548 3889 2784 3960 Denique
2805 3890 3166 3959 corripiuntur
3183 3889 3233 3943 hi
3255 3891 3383 3958 duo,
3397 3890 3576 3960 Septi-

1991 3983 2132 4035 mina
2167 3981 2412 4036 videlicet
2439 3991 2491 4035 et
2522 3980 2851 4035 Droctulfus.
2870 3979 2978 4036 Nec
3008 3996 3178 4048 mora,
3202 3981 3408 4035 extensi
3435 3981 3574 4036 inter

1987 4073 2198 4141 stipites
2227 4087 2344 4126 eum
2376 4071 2747 4126 vehementius
2775 4071 3134 4138 caederentur,
3167 4071 3448 4141 profitetur
3476 4073 3589 4126 Sc--

1991 4165 2208 4235 ptimina
2237 4179 2296 4219 se
2325 4164 2491 4218 virum
2526 4179 2681 4219 suum
2707 4163 2918 4219 Jovium
2945 4163 3220 4218 maleficiis
3245 4163 3589 4218 interfecisse

1990 4258 2058 4311 ob
2083 4273 2318 4312 amorem
2345 4257 2624 4324 Droctulﬁ,
2640 4259 2916 4327 ipsumque
2938 4271 3118 4313 secum
3139 4269 3320 4312 scorto
3341 4255 3586 4312 misceri.

1995 4350 2072 4403 De
2103 4348 2184 4402 his
2214 4365 2332 4418 qua:
2361 4363 2518 4417 supra
2549 4349 2781 4404 diximus
2808 4347 2983 4404 causis
3011 4349 3206 4417 pariter
3231 4349 3590 4412 conﬁtentur,

1992 4454 2047 4497 et
2077 4452 2406 4498 memoratos
2430 4442 2574 4496 viros
2605 4442 2658 4496 iu
2692 4440 2794 4496 hoc
2824 4441 3052 4497 consilio
3085 4439 3293 4493 habitos
3321 4438 3586 4496 indicant.

1994 4532 2102 4588 Nec
2134 4549 2317 4598 mora,
2352 4535 2692 4604 inquiruntur
2722 4540 2776 4586 et
2805 4531 2903 4600 ipsi
2936 4547 2948 4584 :
2982 4531 3074 4585 sed
3106 4528 3433 4583 conscientia
3466 4537 3576 4583 ter-

310 4623 548 4677 nutritiis
569 4662 585 4687 ,
615 4630 668 4676 et
699 4620 950 4675 omnibus
982 4616 1069 4688 qui
1113 4617 1177 4670 ad
1217 4617 1572 4671 exercendum
1613 4615 1872 4668 servitiun

2000 4636 2183 4690 rente,
2216 4625 2471 4679 latebram
2504 4624 2640 4677 infra
2666 4621 3014 4677 ecclesiarum
3063 4629 3213 4688 septa
3247 4620 3470 4688 petiere.
3499 4620 3585 4674 Ad

310 4718 492 4785 regale
520 4723 678 4770 erant
707 4713 997 4769 necessarii
1024 4711 1283 4779 delegatis
1301 4751 1320 4779 ,
1343 4724 1528 4764 mense
1557 4717 1710 4763 sexto
1738 4709 1892 4777 hujus

307 4822 440 4864 anui
464 4809 661 4863 direxit
686 4823 806 4860 cum
833 4805 981 4875 juxta
1015 4805 1340 4858 voluntatem
1363 4803 1597 4857 virorum
1615 4845 1629 4868 ,
1654 4802 1741 4872 qui
1772 4819 1894 4857 eum

309 4919 339 4954 a
393 4915 519 4968 rege
572 4898 937 4967 ﬂagitaverant
994 4893 1504 4948 transmittendum:
1554 4893 1896 4962 suscepitque

389 5002 413 5030 ἰ
445 4992 749 5053 Phalarica,
779 5004 871 5044 seu
905 4987 1137 5041 Falarica
1166 5029 1179 5051 ,
1211 4987 1422 5054 proprie
1451 4993 1533 5038 est
1564 4984 1726 5037 telum
1760 4986 1889 5038 mis-

310 5066 417 5118 sile
459 5077 564 5129 quo
613 5064 836 5114 turrim-
881 5067 1299 5130 propugnatores
1349 5055 1424 5110 uti
1473 5057 1754 5130 solebant,
1809 5055 1888 5111 sic

311 5126 514 5188 dictum
547 5149 575 5183 a
605 5135 794 5198 phata,
825 5126 965 5198 quod
999 5133 1184 5182 turrim
1213 5128 1442 5198 ligneam
1475 5126 1740 5196 designat.

389 5203 416 5240 δ
459 5197 664 5254 Primus
698 5197 968 5263 omnium,
1017 5210 1071 5251 ut
1113 5207 1260 5266 putat
1307 5197 1579 5262 Valesius,
1624 5197 1887 5264 Argento-

311 5282 490 5328 ratum
545 5270 829 5340 Gregorius
879 5280 1058 5324 noster
1086 5267 1372 5340 appellavit
1401 5268 1803 5337 Strataburgum
1853 5307 1868 5322 .

319 5283 490 5328 ratum
545 5283 829 5340 Uregorius
879 5283 1058 5324 noster
1086 5284 1115 5322 a
1160 5283 1372 5336 penam
1401 5283 1803 5337 Strataburgum
1853 5307 1868 5322 .

319 5343 475 5398 Unde
517 5338 650 5394 infra
693 5341 785 5394 lib.
823 5355 857 5393 ι
882 5382 894 5399 .
937 5353 1055 5406 cap.
1091 5283 1172 5402 ig,
1204 5339 1277 5390 ait
1302 5339 1779 5405 Argentorareusem
1808 5356 1890 5394 ur-

316 5419 452 5474 bem,
501 5426 831 5480 quamnunc
879 5411 1501 5480 Strateburgutrrvocant.
1553 5408 1642 5480 Sic
1687 5411 1885 5480 dictum

315 5493 433 5543 ρει,
483 5477 622 5549 quod
670 5478 808 5533 forte
856 5491 982 5533 tunc
1019 5481 1101 5532 via
1147 5477 1348 5549 publica
1390 5479 1500 5532 sive
1532 5479 1780 5535 militaris
1811 5480 1881 5532 ibi

314 5559 462 5606 esset
485 5548 704 5603 multum
731 5551 1087 5618 frequentata.
1109 5548 1311 5620 Ezenitu
1337 5564 1433 5602 vox
1458 5550 1884 5620 Stratehurgum,

315 5621 574 5689 oppidum
606 5624 657 5673 in
688 5629 883 5685 strata,
920 5622 966 5672 id
997 5622 1154 5672 estin
1190 5618 1272 5671 via
1306 5622 1533 5686 positum
1565 5630 1740 5675 stabat.

401 5701 430 5758 ﬁ
466 5691 676 5758 iii-gum,
711 5692 815 5755 Qui
843 5691 895 5742 in
927 5689 1047 5743 urbe
1075 5689 1346 5744 Meldeiisi.

406 5751 430 5786 d
462 5751 610 5813 ιξυΓι).
643 5751 984 5824 a.,'terminos
1010 5761 1142 5813 orbis
1178 5761 1270 5812 tui.

391 5851 414 5880 e
455 5826 510 5882 lu
532 5831 646 5884 \.'at.
670 5844 721 5886 et
750 5830 898 5886 Colit.
921 5845 970 5885 a.
998 5831 1199 5902 reliqua
1235 5827 1390 5899 hujus
1419 5829 1536 5886 libri
1568 5845 1685 5887 cum
1716 5833 1889 5900 capite

2002 4733 2138 4788 quos
2171 4732 2264 4770 rex
2302 4717 2415 4782 ipse
2457 4714 2784 4784 procedens,
2813 4714 2890 4768 ait
2925 4731 2936 4766 ε
2972 4712 3307 4782 Egredimini
3345 4713 3395 4766 in
3433 4711 3581 4782 judi-

2002 4811 2142 4863 cium
2161 4849 2176 4872 ,
2205 4819 2259 4861 ut
2289 4819 2674 4876 cognoscamus
2701 4806 2766 4858 de
2795 4803 2875 4859 his
2905 4805 3208 4875 qum'vtliis
3233 4802 3320 4873 ol-j
3346 4805 3588 4866 cinotur,

2001 4896 2046 4951 si
2097 4913 2218 4951 vera
2267 4898 2372 4950 sint
2419 4911 2483 4948 an
2531 4895 2686 4951 falsa.
2712 4895 2840 4950 Nam
2885 4911 3003 4966 ego,
3035 4904 3091 4950 ut
3119 4896 3328 4966 Opinor,
3358 4897 3412 4948 in
3447 4894 3590 4949 hanc

1996 4991 2165 5061 primo
2194 4991 2466 5058 sequentis
2500 4987 2620 5041 libri
2655 4989 2868 5042 desunt.

2067 5059 2087 5099 ί
2127 5063 2336 5114 “eam”
2367 5056 2710 5114 Doctim'silus.

2173 5077 2311 5122 egm.
2323 5100 2336 5122 ,
2367 5075 2710 5122 uocttgtsuus.

2067 5075 2084 5099 ³
2127 5075 2336 5130 Hegrn.,
2367 5075 2710 5131 porriguntur.

2066 5140 2097 5181 ι·
2125 5132 2214 5187 Sic
2243 5133 2365 5184 Bec.
2392 5141 2447 5183 et
2476 5130 2695 5199 ltegrn.;
2729 5128 2908 5184 caeteri
2943 5143 3070 5184 vero
3100 5125 3430 5192 eeontrarie,
3460 5139 3587 5192 prn-

1989 5203 2275 5255 mittebatur
2300 5201 2516 5268 ingredi.

2064 5270 2091 5308 ιι
2125 5272 2292 5340 Vulgo
2321 5265 2539 5334 sam-5,
2572 5286 2666 5326 seu
2699 5271 2919 5337 Saurci,
2948 5268 3093 5323 vicus
3125 5265 3264 5322 haud
3298 5266 3479 5335 procul
3511 5267 3590 5321 ab

1991 5344 2177 5398 Axona
2211 5343 2371 5394 [Iovio
2405 5352 2632 5409 posuus.

2070 5413 2081 5450 ί
2126 5415 2310 5477 ltegm.
2358 5408 2412 5466 et
2459 5414 2610 5465 tLolb.
2659 5428 2756 5477 m.,
2805 5410 3142 5479 Septimum;
3187 5408 3352 5462 semel
3402 5415 3590 5463 tanien

1992 5483 2367 5554 Septimaniam
2394 5493 2446 5538 et
2472 5481 3118 5554 Septiminatnapptillstnt.

2067 5547 2080 5604 i
2122 5553 2392 5622 Culb.nt.,
2431 5547 2818 5622 boninigiailum
2860 5558 2914 5604 et
2941 5547 3330 5622 Callomauum.
3359 5550 3584 5622 Regtn.,

1997 5621 2451 5694 Demigist'lum...
2485 5620 2876 5691 Gal/cumam;
2917 5630 2972 5675 et
3011 5622 3090 5694 sic
3121 5621 3370 5694 inferius.
3399 5620 3587 5694 Gallu-

1995 5690 2218 5771 magnu‘s
2245 5705 2394 5771 pater
2424 5695 2516 5747 fuit
2552 5690 2833 5771 Palatinae,
2860 5706 2980 5760 quin
3013 5690 3329 5771 ﬁudegisilo
3367 5693 3584 5760 nupsit,

1995 5775 2055 5821 ut
2086 5760 2258 5823 refert
2277 5765 2596 5821 Fortunatus
2622 5760 2711 5816 lib.
2741 5777 2838 5831 vn,
2861 5777 2979 5834 cap.
3009 5760 3062 5817 6.
