3974 6174
337 354 432 406 fil?

331 479 428 516 exs
451 462 600 517 itisse
643 479 655 516 ε

331 553 599 620 compleas
627 564 681 606 et
707 554 973 620 exempla,
999 561 1053 607 et
1085 554 1452 609 beatissimqu
1482 555 1651 608 virum
1685 554 1738 608 in
1767 563 1914 609 tanto

333 643 422 695 tibi
453 643 614 697 iacias
642 658 763 698 esse
791 643 999 698 socium
1023 684 1036 706 ,
1071 645 1124 697 in
1162 653 1422 714 quantum
1465 655 1668 712 partem
1714 646 1916 715 refugis

332 732 531 792 habere
555 732 623 787 de
654 735 871 788 mundo.
892 734 1056 800 Cujus
1083 734 1350 802 opinionis
1375 735 1524 789 radio
1551 736 1914 806 priemicante,

332 824 401 876 ita
427 822 608 878 reddis
629 823 955 879 audientium
987 835 1198 893 pectora
1230 826 1434 880 coalesu
1464 827 1666 896 fulgetc
1693 829 1913 894 suffusa,

333 925 390 968 ut
437 917 635 982 passim
685 917 960 982 provocati
1008 918 1296 986 puellarum
1349 917 1533 981 animi,
1565 919 1729 972 divini
1782 922 1916 989 ignis

328 1009 557 1062 scintilla
587 1010 855 1072 succensi,
879 1012 1068 1078 raptim
1103 1008 1354 1064 festinent
1382 1011 1536 1064 avide
1569 1011 1619 1064 in
1651 1012 1913 1068 charitate

328 1093 528 1150 Christi
571 1097 718 1154 fonte
760 1099 919 1152 vestri
966 1100 1196 1166 pectoris
1237 1099 1480 1170 irrigari,
1508 1111 1556 1152 et
1588 1101 1788 1155 relictis
1821 1119 1915 1171 pa-

333 1188 578 1242 rentibus
612 1200 661 1243 te
691 1189 791 1243 sibi
826 1190 992 1259 magis
1021 1190 1252 1260 eligant,
1285 1207 1442 1258 quam
1489 1202 1730 1245 matrem.
1765 1192 1910 1246 Facit

336 1279 435 1331 hoc
466 1278 636 1347 gratia
656 1319 669 1340 ,
701 1295 805 1332 non
838 1289 1045 1332 natura.
1077 1280 1236 1348 lgitur
1259 1288 1284 1316 ἰ
1315 1279 1468 1348 hujus
1495 1281 1653 1334 studii
1693 1290 1808 1334 vota
1838 1284 1916 1335 vi-

327 1372 552 1444 dentes,
596 1374 795 1441 gratias
841 1373 1138 1426 clcmentize
1182 1388 1426 1438 superna:
1475 1375 1791 1438 referimus,
1825 1389 1915 1444 qu‘t

328 1467 634 1520 voluntates
682 1466 956 1520 hominum
999 1481 1112 1520 Suae
1152 1466 1275 1521 facit
1316 1469 1572 1521 voluntati
1617 1468 1866 1523 connecti
1899 1486 1912 1521 :

327 1556 582 1626 quoniam
615 1558 936 1610 conlidiinus
967 1572 1099 1626 quas
1129 1558 1267 1626 apud
1297 1573 1389 1611 vos
1415 1557 1560 1626 jubet
1590 1557 1795 1627 colligi,
1821 1574 1916 1612 suo

331 1650 443 1702 vult
471 1650 721 1716 amplexu
753 1651 975 1703 servari.
1005 1650 1068 1704 Et
1094 1651 1214 1720 quia
1243 1651 1496 1718 quasdam
1527 1651 1910 1718 comperimus,

323 1741 605 1795 divinitate
638 1741 884 1810 propitia,
908 1742 974 1796 de
1001 1743 1196 1795 nostris
1226 1743 1511 1796 territorlis
1538 1743 1602 1794 ad
1632 1743 1915 1796 institutio-

1257 355 1580 413 lllSTORlA
1623 355 2060 415 bRANCORUM.
2102 360 2308 419 LIBER
2345 362 2572 423 NONUS

700 471 754 516 ut
797 461 948 532 cujus
999 477 1058 517 es
1110 473 1292 517 secuta
1337 465 1578 532 vestigia,
1609 463 1745 518 felici
1791 474 1914 519 voto
1941 473 1988 530 Α
2016 482 2158 528 ctum
2189 483 2293 540 est,
2320 476 2524 532 ccelesti
2551 476 2777 546 judicio,
2809 478 2962 534 nobis
2993 481 3316 550 optantibus,
3345 486 3604 553 percella-

3493 374 3600 430 5H!

2021 575 2126 630 tur,
2151 567 2320 622 donec
2346 571 2684 636 separatione
2715 569 2874 638 facta,
2900 587 2994 641 per
3022 584 3415 642 comp-tentem
3445 594 3603 633 exse-

2019 659 2202 712 crandi
2227 659 2466 714 criminis
2497 662 2888 738 pmnitentiam,
2908 679 2935 715 a
2965 665 3082 718 loco
3111 681 3216 734 quo
3242 682 3455 735 egressa
3487 670 3600 722 foe-

2020 759 2124 811 rat,
2159 750 2322 818 recipi
2356 751 2609 804 meruerit
2637 762 2688 806 et
2717 753 2952 808 adnecti.
2985 755 3313 824 Adjicientes
3339 758 3518 818 etiam.
3547 768 3604 813 ut

2019 853 2203 893 eorum
2235 842 2324 906 qui
2358 843 2510 896 nobis
2533 844 2850 914 quandoque
2882 847 3178 901 successuri
3202 859 3323 902 sunt
3351 853 3601 904 sacerdo—

2021 939 2120 995 tes,
2142 933 2338 985 similis
2361 935 2823 990 eoudemnationis
2854 944 3132 991 teneantur
3153 941 3384 995 astricta)
3416 953 3600 1007 reatu;

2020 1030 2074 1073 et
2099 1021 2164 1082 si.
2183 1022 2326 1090 quod
2357 1039 2462 1076 non
2496 1026 2786 1090 credimus,
2809 1028 3008 1097 aliquid
3037 1029 3135 1096 ipsi
3159 1032 3423 1085 voluerint
3449 1033 3604 1088 aliter

2018 1127 2176 1181 quam
2210 1124 2389 1167 nostra
2423 1116 2738 1170 deliberatio
2767 1121 3024 1182 continet,
3057 1123 3318 1183 re'axare.
3352 1125 3603 1177 noverint

2018 1219 2078 1256 se
2123 1203 2398 1256 nobiseum
2448 1215 2650 1258 attento
2691 1206 2876 1260 .ludiee
2914 1209 3200 1262 deliniente
3238 1222 3550 1264 causaturos
3583 1229 3598 1265 :

2018 1295 2138 1362 quia
2172 1299 2468 1348 communis
2499 1307 2580 1350 est
2608 1297 2794 1351 salutis
2821 1297 3123 1362 instructio,
3143 1301 3186 1354 si
3220 1302 3358 1368 quod
3391 1301 3602 1355 Christo

2027 1387 2353 1454 promittitur
2402 1388 2774 1443 inviolabiliter
2821 1392 3154 1448 observetur.
3205 1393 3355 1460 Quod
3406 1405 3602 1448 nostra:

2018 1478 2480 1534 determinationis
2501 1481 2795 1547 decretum,
2821 1499 2918 1552 pro
2948 1485 3216 1540 firmitatis
3245 1486 3460 1551 intuitu,
3479 1501 3603 1556 pro-

2023 1574 2156 1641 pria:
2205 1589 2390 1628 manus
2439 1575 2837 1643 subscriptione
2883 1576 3151 1632 credimus
3197 1577 3601 1646 roborandum,

2021 1664 2404 1733 perpetualiter
2424 1680 2454 1719 a
2481 1665 2633 1719 nobis
2660 1666 2874 1720 Christo
2895 1668 3110 1736 auspice
3131 1679 3470 1724 servaturum
3492 1667 3542 1723 ά.
3575 1687 3596 1720 ι

2092 1753 2249 1808 Lecta
2295 1754 2451 1824 igitur
2478 1757 2574 1810 hac
2605 1756 2848 1824 epistola,
2873 1757 3211 1811 Chrodieldis
3232 1759 3362 1812 dixit
3406 1777 3417 1810 :
3453 1759 3600 1812 Nun-

327 1849 450 1887 nem
485 1844 677 1888 vestrae
707 1837 901 1903 regula:
927 1834 1354 1890 desiderabiliter
1384 1838 1718 1900 eonvolasse,
1746 1836 1909 1905 iuspi-
1941 1837 1986 1896 B
2013 1860 2169 1913 quam
2212 1859 2308 1899 nos
2353 1845 2456 1899 ulla
2510 1846 2762 1899 retinebit
2809 1863 2979 1910 mora,
3013 1849 3111 1901 nisi
3153 1848 3217 1902 ad
3263 1864 3436 1918 reges,
3466 1866 3600 1918 quos

323 1925 531 1978 cientes
563 1925 723 1977 etiam
756 1938 947 1979 vestrae
982 1926 1256 1993 petitionis
1285 1926 1597 1993 eiistolam,
1628 1929 1853 1981 libenter
1879 1944 1908 1980 a

328 2017 487 2070 nobis
517 2029 828 2085 exceptam,
854 2017 955 2071 hoc
983 2018 1198 2072 Christo
1229 2030 1447 2072 auct0ie
1475 2030 1526 2073 et
1557 2022 1913 2076 remediatore

325 2108 601 2159 lit-ruamus
635 2125 648 2158 :
685 2118 740 2160 ut
771 2108 891 2162 licet
919 2124 1106 2163 omnes
1135 2109 1412 2178 aequaliter
1441 2124 1558 2178 qua:
1603 2110 1670 2164 ibi
1713 2125 1912 2165 conve—

324 2201 502 2262 niunt,
534 2199 585 2251 in
617 2198 828 2253 DOniiui
855 2200 1116 2254 cliaritate
1146 2216 1412 2254 mansuia‘,
1440 2201 1669 2254 debeant
1693 2203 1912 2256 inviola-

323 2289 502 2341 luliter
546 2289 816 2344 custodire
836 2329 850 2352 ,
879 2291 1018 2359 quod
1052 2291 1298 2346 videntur
1341 2292 1698 2346 libentissime
1728 2295 1908 2348 animo

321 2381 630 2446 Suscepisse
657 2422 668 2444 ,
697 2381 947 2449 quoniam
979 2383 1327 2436 contaminari
1362 2399 1466 2436 non
1499 2383 1662 2438 debet
1691 2384 1908 2439 Christo

322 2475 455 2528 fides
495 2474 636 2526 col-lo
685 2483 819 2528 teste
864 2476 1148 2544 promissa,
1179 2475 1265 2530 ubi
1309 2491 1412 2534 non
1461 2477 1577 2531 leve
1615 2478 1792 2530 scelus
1829 2485 1913 2532 est

324 2575 469 2632 temp
492 2581 579 2616 um
610 2563 706 2617 Dei
729 2606 744 2630 ,
775 2564 916 2631 quod
948 2564 1112 2627 absit.
1138 2565 1339 2635 pollui,
1371 2577 1428 2620 ut
1457 2568 1523 2619 ab
1551 2581 1616 2620 eo
1645 2568 1809 2636 possit
1835 2569 1910 2622 ira

317 2656 683 2710 succendente
706 2656 966 2724 disperdi.
987 2657 1184 2712 Tamen
1212 2659 1515 2727 specialiter
1536 2658 1840 2724 definimus,
1865 2658 1910 2715 si

317 2760 445 2814 qua,
476 2746 615 2799 sicut
643 2745 843 2800 dictum
875 2759 977 2812 est,
1010 2747 1078 2802 de
1109 2747 1243 2802 locis
1275 2749 1683 2803 sacerdotaliter
1714 2757 1914 2804 nostra:

319 2837 728 2907 gubernationi,
755 2836 984 2893 Domino
1009 2839 1327 2908 providente
1345 2879 1358 2903 ,
1385 2842 1685 2895 commissis
1703 2882 1718 2906 ,
1741 2840 1794 2896 in
1826 2841 1915 2896 Pi-

323 2937 476 2983 ctava
511 2927 538 2966 δ
571 2929 791 2984 civitate
838 2941 1018 2985 vestro
1067 2931 1390 2986 monasterio
1439 2931 1602 3002 456
1655 2934 1911 2986 meruerit

326 3023 550 3088 sociari,
582 3023 874 3079 secundum
928 3025 1095 3080 beatae
1145 3025 1416 3078 memoria:
1463 3023 1646 3078 donuii
1692 3024 1910 3079 Caesarii

322 3114 652 3168 Arelatensis
679 3115 912 3183 episcttpi
943 3115 1263 3182 Consdtuta,
1293 3115 1420 3168 nulli
1452 3115 1769 3170 sit'ulterius
1794 3116 1877 3171 dis

322 3205 544 3259 cedendi
570 3207 805 3271 licentia,
823 3223 962 3273 «iure,
993 3208 1131 3262 sicut
1150 3210 1389 3262 continet
1411 3209 1612 3278 regula,
1635 3210 1909 3265 voluntate

314 3296 534 3363 propria
565 3297 583 3317 '
616 3296 824 3351 videtur
857 3297 1093 3366 ingressa
1124 3313 1138 3350 :
1171 3312 1240 3353 ne
1272 3299 1426 3352 unius
1481 3299 1618 3367 turpi
1648 3298 1910 3353 dedecore

321 3391 549 3444 ducatur
592 3391 644 3442 in
686 3393 888 3445 crimen
931 3392 1035 3461 [AL
1065 3392 1332 3466 crimine],
1358 3394 1498 3463 quod
1541 3395 1678 3459 apud
1719 3410 1910 3451 oniues

324 3478 518 3533 emicat
569 3481 620 3534 in
670 3481 891 3534 honore.
929 3482 996 3536 Et
1046 3483 1166 3538 ideo
1203 3483 1270 3546 si,
1302 3484 1445 3553 quod
1495 3495 1701 3538 avertat
1748 3486 1906 3550 Deus,

330 3572 508 3640 aliqua
543 3573 744 3627 insane
776 3575 971 3629 mentis
1003 3575 1330 3631 illicitatione
1361 3593 1614 3633 succensa
1639 3619 1655 3643 ,
1686 3580 1750 3632 ad
1783 3580 1910 3634 tanti

331 3663 604 3731 opprobrii
641 3665 901 3718 maculam
935 3667 1268 3736 praecipitare
1308 3681 1457 3720 suam
1491 3671 1715 3724 voluerit
1747 3671 1912 3727 disci-

324 3755 546 3823 plinam,
575 3753 797 3828 gloriam
827 3767 881 3811 et
904 3772 1180 3824 coronam,
1206 3767 1259 3813 ut
1281 3758 1481 3813 inimici
1513 3761 1754 3820 consilio,
1775 3763 1912 3814 sicut

326 3847 436 3902 Era
479 3853 651 3916 ejecta
682 3849 748 3903 de
791 3851 1037 3918 paradiso
1057 3890 1071 3914 ,
1099 3865 1192 3920 per
1219 3851 1641 3921 qualemcunque
1670 3852 1737 3906 de
1764 3855 1912 3907 clau-

322 3947 449 4001 stris
473 3947 641 4015 ipsius
666 3945 998 4009 monasterii,
1019 3946 1182 4000 immo
1200 3947 1265 4000 de
1282 3947 1400 4001 cmli
1431 3961 1593 4016 regno
1616 3947 1766 4000 exire
1793 3964 1911 4014 per-

328 4036 542 4101 tulerit,
577 4038 866 4105 mergenda
915 4045 968 4092 et
1009 4038 1368 4092 conculcanda
1402 4039 1491 4093 vili
1534 4039 1828 4108 platearum
1855 4042 1910 4096 iu

325 4127 462 4192 luto,
495 4138 746 4196 separata
776 4143 803 4180 a
835 4127 1208 4181 cunmnnione
1239 4139 1439 4192 nostra,
1469 4129 1568 4182 diri
1600 4132 1911 4184 anathema-

325 4219 390 4272 tis
417 4219 638 4273 vulnere
663 4216 908 4272 feriatur.
937 4218 1007 4271 Ita
1044 4228 1097 4270 ut
1130 4218 1174 4272 si
1208 4219 1444 4273 fortassis
1472 4219 1686 4273 Christo
1717 4221 1906 4275 relicto

327 4308 529 4362 Itcmini
565 4309 797 4363 voluerit
829 4311 1051 4374 nubere,
1082 4309 1293 4362 diabolo
1323 4310 1653 4378 captivanle,
1683 4327 1788 4364 non
1820 4328 1911 4365 so-

326 4399 436 4454 lum
468 4402 579 4470 ipsa
606 4416 724 4467 qua:
756 4401 967 4469 refugit,
987 4401 1079 4454 sed
1106 4400 1265 4454 etiam
1297 4402 1384 4454 ille
1410 4402 1497 4470 qui
1525 4401 1572 4454 ei
1598 4403 1912 4470 conjunctus

327 4504 442 4556 est,
478 4494 651 4562 turpis
683 4493 914 4558 adulter,
939 4503 989 4544 et
1025 4493 1197 4559 potius
1227 4493 1516 4561 sacrilegus
1545 4507 1702 4560 quam
1744 4493 1909 4548 mari-

2016 1943 2262 2004 parentes
2284 1944 2494 1989 nostros
2524 1950 2643 1988 esse
2675 1937 2937 1996 novimus.
2964 1938 3298 1992 accedamus.
3333 1940 3599 1996 Veneram

2013 2027 2153 2079 enim
2190 2026 2421 2094 pedestri
2467 2027 2659 2080 itinere
2703 2042 2731 2078 a
2777 2027 3010 2092 Pictavo,
3063 2045 3160 2082 nec
3208 2032 3366 2083 n'lius
3405 2032 3600 2101 equitis

2013 2114 2087 2188 [Ι.
2118 2115 2264 2187 equi]
2302 2116 2614 2170 beneficium
2646 2117 2804 2187 467
2841 2119 3132 2173 habuerant
3176 2138 3188 2174 :
3227 2123 3363 2177 unde
3393 2123 3599 2177 anhc'm

2012 2216 2061 2260 et
2111 2205 2239 2260 satis
2285 2207 2492 2275 exigua:
2541 2220 2713 2262 erant.
2771 2209 2874 2262 Sed
2928 2225 3026 2263 nec
3074 2213 3243 2265 vietus
3292 2214 3596 2270 alimoniam

2013 2297 2174 2350 ullam
2208 2297 2286 2350 eis
2333 2297 2382 2349 iu
2416 2299 2494 2351 via
2543 2297 2820 2368 quisquam
2865 2301 3184 2368 prtebuerat.
3241 2304 3600 2358 Accesserunt

2013 2390 2157 2442 enim
2207 2389 2270 2442 ad
2305 2389 2491 2445 urbem
2541 2399 2778 2443 nostram
2830 2391 2918 2445 die
2951 2392 3117 2458 prima
3168 2394 3370 2447 mensis
3414 2396 3544 2462 prim
3582 2411 3598 2459 ;

2012 2487 2165 2531 erant
2217 2481 2360 2532 enim
2416 2476 2605 2545 pluvia:
2657 2494 2886 2549 magum,
2945 2480 3037 2534 sed
3094 2493 3145 2535 et
3198 2483 3297 2534 via:
3327 2483 3600 2542 dissolutae

2012 2579 2167 2622 erant
2196 2585 2224 2622 a
2256 2570 2415 2623 nimia
2447 2571 2804 2627 immensitate
2833 2586 3111 2641 aquarum.

2086 2656 2195 2710 XL.
2243 2659 2604 2714 Detrahebant
2639 2669 2817 2715 autem
2854 2662 3002 2717 etde
3033 2663 3307 2732 episcopo,
3340 2665 3598 2734 dicentes,

2012 2750 2134 2817 quia
2168 2749 2310 2802 illius
2345 2749 2467 2803 dolo
2498 2761 2552 2804 et
2583 2751 2663 2804 ha:
2709 2752 2955 2816 turbatae,
2983 2760 3038 2806 et
3065 2755 3446 2808 monasterium
3483 2772 3514 2811 e
3546 2768 3599 2810 at

2013 2840 2358 2902 derelictum;
2395 2841 2487 2894 sed
2537 2843 2810 2894 materiam
2843 2842 2999 2912 hujus
3030 2845 3265 2899 scandali
3298 2847 3454 2901 altius
3483 2850 3598 2918 pla-

2012 2935 2118 2987 cuit
2153 2935 2463 2987 memorari.
2518 2933 2782 3003 Tempore
2827 2936 3220 2989 Chiothaeharii
3268 2939 3422 3006 regis,
3473 2956 3593 2992 cum

2010 3023 2162 3078 beata
2187 3022 2523 3092 Radegundis
2553 3025 2650 3076 hoc
2674 3029 3052 3079 monasterium
3086 3026 3422 3093 instituisset,
3455 3044 3597 3083 sem-

2015 3129 2107 3182 per
2153 3115 2390 3182 subjecta
2439 3123 2494 3167 et
2533 3113 2792 3166 obediens
2829 3129 2947 3168 eum
2989 3117 3132 3170 omni
3176 3112 3594 3188 congregatione

1937 3192 1985 3256 C
2015 3219 2109 3258 sua
2149 3204 2508 3262 anterioribus
2540 3203 2637 3257 fuit
2661 3205 2949 3271 episcOpis.
3002 3207 3269 3276 Tempore
3298 3225 3423 3262 vero
3453 3206 3594 3278 Sigi-

2014 3297 2169 3360 berti,
2199 3307 2475 3365 postquam
2500 3297 2774 3349 Maroveus
2797 3296 3166 3366 episcopatum
3199 3298 3294 3352 urb
3318 3314 3343 3351 s
3372 3301 3596 3368 adeptas

2012 3399 2114 3452 est,
2149 3386 2383 3457 acceptis
2419 3387 2658 3455 epistolis
2685 3389 2722 3442 S
2743 3388 2932 3459 giberti
2976 3389 3112 3459 regis
3143 3407 3236 3457 pro
3266 3390 3369 3445 fide
3412 3407 3473 3446 ae
3499 3392 3593 3448 de-

2011 3484 2228 3536 votione
2258 3481 2600 3550 Radegundis
2644 3481 2834 3546 beatre,
2869 3482 2920 3536 in
2959 3492 3134 3550 partes
3167 3482 3402 3538 Orientis
3433 3495 3454 3522 θ
3488 3487 3594 3539 cle-

2011 3576 2152 3632 riCos
2201 3575 2454 3638 destinat,
2501 3591 2596 3644 pro
2629 3575 2922 3629 Dominicce
2965 3575 3140 3629 erucis
3187 3576 3349 3645 ligno,
3381 3593 3443 3631 ac
3473 3595 3594 3632 san-

2012 3677 2220 3722 ctorum
2259 3667 2621 3735 apostolorum
2660 3678 3083 3735 cmimorumque
3129 3679 3424 3738 martyrum
3471 3670 3594 3724 reli-

2010 3761 2171 3830 quiis.
2218 3762 2316 3826 Qui
2362 3769 2550 3812 euntes
2594 3758 2896 3812 detulerunt
2941 3760 3052 3813 haec
3085 3761 3300 3829 pignora
3346 3777 3362 3816 :
3404 3762 3594 3830 quibus

2010 3852 2226 3914 delatis,
2278 3851 2425 3918 petiit
2475 3853 2653 3918 regina
2705 3849 3048 3919 episcopum,
3107 3861 3162 3904 ut
3207 3867 3328 3905 cum
3391 3853 3594 3906 honore

2012 3943 2196 3999 debito
2230 3944 2523 4011 grandique
2566 3941 2848 4008 psallentio
2887 3946 2939 3996 in
2981 3945 3307 3997 monasterio
3351 3945 3593 3997 locaren-

2015 4047 2099 4090 tur
2119 4034 2162 4088 τ.
2195 4035 2300 4089 Sed
2330 4034 2417 4087 ille
2447 4035 2747 4101 despiciens
2772 4035 3166 4102 suggestionem
3188 4036 3324 4100 ejus,
3354 4047 3592 4088 ascensis

2014 4126 2316 4193 equitibus,
2361 4125 2498 4177 villae
2541 4139 2598 4177 se
2629 4124 2874 4178 contulit.
2910 4123 3060 4178 Tunc
3097 4126 3275 4192 regina
3309 4123 3498 4177 iterato
3525 4125 3592 4178 ad

2014 4231 2192 4284 regem
2224 4214 2548 4281 Sigbertum
2578 4213 2800 4274 direx.t,
2833 4212 3128 4279 deprecans
3168 4224 3222 4265 ut
3267 4213 3593 4279 iniunctione

2013 4323 2108 4361 sua
2159 4309 2459 4375 quicunque
2500 4317 2564 4356 ex
2597 4304 2794 4369 episcoi
2819 4303 2864 4354 is
2894 4304 3006 4354 haec
3051 4304 3301 4370 pignora,
3349 4319 3469 4356 eum
3502 4304 3591 4358 illo

2014 4414 2119 4470 quo
2149 4397 2377 4452 decebat
2428 4396 2650 4457 honore,
2680 4403 2968 4459 votumque
3005 4394 3122 4462 ejus
3167 4398 3509 4462 exposceliat,
3540 4397 3592 4452 in

2017 4487 2340 4544 monasterio
2384 4486 2696 4538 collocaret.
2763 4484 2837 4537 Ad
2891 4483 2990 4537 hoc
3036 4485 3178 4537 enim
3225 4500 3360 4552 opus
3410 4485 3594 4539 beatus

327 4593 409 4637 tus
435 4601 447 4637 :
480 4584 563 4637 vel
595 4585 833 4652 quisquis
865 4594 915 4634 ut
945 4583 1046 4637 hoc
1079 4582 1246 4647 fieret,
1271 4598 1530 4636 venenum
1557 4587 1722 4651 magis
1750 4601 1907 4654 quam
1938 4568 1988 4628 ί)
2019 4581 2304 4636 Eufronius
2332 4579 2480 4631 urbis
2512 4576 2790 4629 Turonicae
2823 4575 3108 4644 episcopus
3139 4576 3451 4644 injungitur.
3493 4576 3593 4642 Qui

330 4676 615 4729 consilium
649 4675 991 4738 ministravit,
1019 4675 1176 4728 simili
1211 4674 1434 4739 ultione,
1460 4676 1595 4728 sicut
1620 4675 1685 4728 de
1718 4677 1800 4729 illa
1827 4679 1907 4732 di-

325 4815 428 4883 gis,
465 4829 526 4866 ex
560 4813 676 4882 ipso
700 4811 956 4882 Gregorio
986 4827 1144 4878 supra
1179 4815 1268 4865 lib.
1304 4828 1380 4876 ni,
1413 4828 1532 4880 cap.
1564 4811 1617 4865 Α.
1654 4813 1911 4868 Martinus

329 4896 506 4939 autem
537 4895 691 4937 natus
720 4896 802 4937 est
831 4884 1068 4938 Sabaria:
1101 4885 1153 4937 in
1185 4884 1479 4948 Pannonia,
1513 4892 1570 4936 ut
1597 4898 1784 4937 omnes
1818 4901 1911 4936 no-

331 4964 473 5008 runt.
801 5001 803 5003 ,

402 5035 427 5061 ι
458 5025 669 5094 Regm.,
708 5020 876 5095 Igitur
912 5023 966 5077 in
995 5023 1089 5077 tali
1127 5023 1293 5077 studio
1333 5040 1567 5089 manens,
1611 5031 1660 5076 et
1700 5021 1797 5075 hoc
1824 5039 1914 5076 nos

329 5097 707 5164 comperientes.

401 5162 450 5203 ν
470 5169 593 5219 tice.
628 5163 777 5218 Colb.
809 5180 881 5218 m.
908 5173 961 5218 et
984 5163 1208 5224 Chesn.,
1234 5162 1520 5215 Pictaviua.

403 5247 425 5272 ε
467 5234 556 5290 Sic
586 5235 790 5297 (ἐπειὴιά
824 5234 938 5299 alii,
968 5236 1191 5305 prodito.
1227 5236 1394 5305 Locus
1424 5248 1548 5305 vero
1574 5233 1662 5301 qui
1695 5233 1778 5285 hic
1811 5232 1914 5284 lau-

329 5304 501 5366 datur,
535 5305 755 5358 habetur
785 5319 902 5372 cap.
930 5303 1200 5373 illi-gulae
1233 5304 1400 5356 sancti
1428 5303 1640 5357 Czesarii
1671 5318 1770 5373 pro
1800 5320 1910 5355 mo-

333 5377 576 5429 tnalibus.

399 5444 423 5481 ά
463 5445 626 5507 1ἰ‹1ιιί,
663 5445 987 5498 duraturum.

403 5525 425 5550 ο
449 5515 541 5568 His
563 5516 741 5567 verbis
766 5516 1002 5568 innititur
1016 5514 1314 5567 Marovettm
1341 5513 1574 5580 acceptis
1596 5527 1622 5564 a
1648 5511 1914 5580 Sigiberlo

329 5585 516 5638 litteris
549 5587 598 5635 in
625 5582 896 5638 Orientem
929 5585 1137 5636 misisse.
1165 5584 1228 5635 ad
1262 5583 1532 5636 habendas
1563 5584 1830 5652 reliquias,
1858 5589 1914 5633 ut

326 5665 524 5707 διιιιοιω
577 5653 916 5721 lladegundis
968 5653 1238 5706 devotioni
1291 5653 1388 5704 sati
1426 5654 1638 5704 fact-ret.
1705 5653 1904 5704 Tamen

324 5736 530 5778 eertum
570 5734 651 5776 est
681 5724 802 5778 illos
835 5725 1059 5777 clericos
1101 5724 1167 5774 ab
1212 5727 1320 5786 ipsa
1354 5726 1674 5790 lladegnnde
1720 5723 1914 5774 missos

329 5793 516 5848 fuisse
562 5809 726 5862 quare
773 5793 851 5847 sic
888 5808 1084 5848 censw
1126 5795 1505 5846 restituendum
1541 5810 1551 5844 :
1586 5792 1911 5856 [ludi-gandi:

2015 4691 2135 4730 cum
2180 4671 2388 4726 clericis
2437 4669 2548 4721 suis
2593 4668 2862 4722 Pictavuin
2909 4667 3194 4737 accedens,
3243 4685 3359 4721 cum
3408 4670 3595 4738 graudi

2019 4816 2161 4868 brato
2208 4813 2260 4864 in
2314 4819 2479 4872 partes
2533 4806 2754 4859 Orientis
2808 4804 3021 4858 clericos
3073 4807 3309 4870 destinat,
3358 4823 3463 4862 e.c.
3522 4809 3597 4866 De

2020 4891 2121 4938 hoc
2169 4881 2362 4935 videsis
2413 4878 2583 4930 Vitam
2642 4876 2810 4930 beatae
2859 4875 3200 4943 Radegundis
3243 4892 3272 4929 a
3327 4878 3594 4933 Baudoni-

2020 4958 2100 5008 via
2161 4955 2410 5014 scriptam
2465 4963 2609 5001 num.
2675 4947 2740 5000 18
2791 4954 2844 5000 et
2884 4959 3034 5014 seqq.
3067 4946 3209 5001 ldem
3241 4949 3479 5002 versibus
3506 4966 3595 5002 ex-

2019 5025 2218 5092 pressit
2242 5021 2559 5092 Fortunatus
2587 5018 2636 5069 iu
2666 5018 3037 5092 supplemento
3066 5033 3230 5071 carm.
3255 5017 3312 5080 2,
3345 5019 3480 5092 quod
3514 5029 3596 5071 est

2018 5087 2081 5149 ad
2113 5096 2378 5148 .lutinum
2430 5091 2558 5154 imp.
2602 5098 2654 5142 et
2701 5087 2956 5154 Sapbiam
3003 5097 3311 5156 augustam;
3368 5090 3594 5157 hymnos

2017 5181 2144 5216 vero
2171 5175 2221 5218 et
2252 5163 2350 5214 alia
2396 5158 2628 5213 carmina
2663 5173 2780 5228 qua:
2821 5157 2922 5212 hac
2948 5158 3228 5211 occasione
3258 5161 3469 5222 cecinit,
3503 5157 3594 5210 lia-

2021 5235 2211 5288 bentnr
2242 5231 2375 5283 libro
2403 5244 2460 5282 ll.

2095 5305 2112 5340 ί
2153 5301 2406 5369 Reliquiae
2435 5299 2536 5352 illa:
2561 5298 2806 5369 Turonos
2834 5297 3053 5369 delatae,
3068 5295 3378 5369 aliquandiu
3412 5297 3462 5369 in
3493 5312 3597 5351 mo-

2021 5373 2253 5425 nasterio
2280 5365 2513 5422 virorum
2545 5385 2573 5420 a
2606 5367 2661 5420 Β.
2688 5367 3011 5436 Radeguutle
3044 5367 3112 5417 ibi
3146 5365 3386 5418 instituto
3412 5367 3595 5436 jacuo.

2020 5452 2161 5504 runt,
2193 5445 2362 5493 donec
2394 5440 2605 5492 tandem
2643 5439 2885 5489 I’ietavos
2917 5435 3105 5487 delatae
3149 5444 3294 5488 sunt.
3345 5435 3468 5491 llaec
3499 5439 3594 5492 fuit

2019 5514 2230 5567 occasio
2258 5508 2826 5580 Gregorio,non_dum_
2848 5515 2971 5556 tunc
3015 5504 3296 5580 episcopo,
3329 5508 3594 5580 condendi

2019 5583 2235 5635 oratorii
2277 5573 2488 5634 Sanctae
2529 5576 2742 5637 Crucis,
2796 5573 2863 5627 de
2910 5588 3014 5638 quo
3061 5573 3380 5628 Fortunatus
3409 5578 3498 5629 lih.
3533 5593 3595 5644 ιι,

2011 5668 2179 5709 carm.
2205 5651 2258 5703 ’5.
2291 5651 2421 5703 Vide
2448 5658 2597 5700 notas
2623 5645 2868 5696 llrouveri
2903 5645 2952 5696 iu
2983 5645 3079 5698 hoc
3109 5660 3342 5709 carmen,
3361 5657 3410 5700 et
3438 5647 3598 5700 vitam

2015 5732 2216 5780 sancta:
2245 5718 2582 5788 lladcgundis
2617 5732 2643 5766 a
2678 5714 2998 5769 Baudonivia
3029 5717 3306 5786 scriptam,
3339 5731 3393 5770 ιι.
3425 5717 3507 5771 19.
