3974 6174
439 367 554 424 τῦιθ

1403 357 1470 414 'S.
1512 350 1841 412 σιιιῐσυαιι
1875 347 2022 408 EN!

2130 349 2191 405 Pl
2233 351 2319 408 Tl.‘
2331 348 2666 407 RONEVSIS
3586 347 3676 406 520

438 479 753 549 'psalieltlio,
783 483 839 531 et
885 487 1162 532 eereorum
1196 480 1522 528 'mtcsnttum
1565 485 1631 525 ae
1677 472 2022 524 tbtmtamatts
2050 468 2096 523 Α
2127 481 2264 521 mus.
2296 466 2406 521 Sed
2434 480 2712 534 postquam
2754 463 2808 518 in
2852 462 3237 520 monasterium
3259 476 3351 534 per
3377 478 3492 519 eum
3519 463 3678 524 locum

443 579 728 638 apparatu,
777 573 962 620 sancta
993 565 1230 633 pignera,
1273 561 1496 617 absente
1535 561 1634 616 loci
1664 559 1941 630 episcOpo,
1975 560 2026 614 in

442 656 828 714 monasterium
857 655 1065 711 detulit.
1097 653 1341 709 Posthac
1368 667 1486 707 eum
1520 651 1788 720 pontiﬁcis
1818 651 1898 704 sui
1926 664 2028 704 sae-

443 753 560 819 pius
585 747 807 818 gratiam
837 755 1121 818 quaereret,
1162 759 1260 799 nec
1292 751 1472 813 posset
1511 741 1761 811 adipisci,
1788 740 2028 796 necessi-

443 848 552 894 tate
581 848 850 893 commota
895 852 1018 892 eum
1065 835 1338 890 abbatissa
1375 849 1468 889 sua
1499 849 1658 903 quam
1702 833 2025 899 instituerat,

440 933 814 986 Arelatensem
859 931 1047 985 urbem
1079 937 1370 1000 expetunt:
1407 928 1473 982 de
1501 943 1602 997 qua
1648 927 1826 997 regula
1858 927 2026 981 sancti

438 1021 663 1077 Cassarii
692 1032 851 1091 atque
882 1020 1126 1076 Caesaris:
1158 1021 1325 1076 beatae
1354 1027 1598 1088 suscepta
1620 1059 1635 1084 ,
1668 1021 1808 1088 regis
1837 1032 1900 1074 se
1926 1017 2028 1071 tui-

441 1112 590 1166 tione
638 1112 975 1175 munierunt,
1005 1110 1400 1182 Wscilieet
1447 1110 1572 1179 quia
1621 1109 1672 1163 in
1720 1110 1904 1173 illum,
1937 1109 2026 1180 qui

433 1210 624 1271 pastor
649 1217 769 1256 esse
805 1201 1081 1266 debuerat,
1117 1202 1318 1255 nullam
1349 1217 1533 1254 curam
1562 1199 1890 1254 defensionis
1915 1214 2028 1255 sua:

441 1301 690 1361 poterant
718 1293 977 1361 reperire.
1025 1292 1100 1345 Ex
1136 1293 1237 1346 hoc
1266 1291 1522 1345 seandalo
1564 1290 1630 1344 de
1659 1291 1745 1345 die
1793 1293 1842 1343 in
1885 1291 2025 1345 diem

441 1391 738 1454 propagato
765 1423 779 1447 ,
835 1391 1044 1451 tempus
1089 1382 1421 1449 migrationis
1467 1382 1638 1434 beatae
1689 1381 2028 1451 Radegnudis

440 1477 658 1529 advenit
690 1493 703 1527 :
734 1475 838 1544 qua
864 1475 1148 1542 migrante,
1198 1474 1390 1528 iterum
1438 1473 1592 1542 petiit
1634 1473 1925 1541 abbatissa,
1969 1488 2027 1528 se

441 1568 544 1621 sub
579 1561 876 1622 sacerdotis
926 1568 1005 1621 sui
1041 1576 1301 1634 potestate
1329 1567 1542 1636 degere.
1589 1566 1741 1634 Quod
1773 1567 1863 1621 ille
1903 1581 2025 1622 eum

441 1660 674 1729 primum
712 1675 962 1730 respuere
992 1659 1263 1724 voluisset,
1290 1661 1516 1714 consilio
1541 1675 1754 1713 siturum
1785 1661 2028 1730 promisit

441 1766 503 1806 se
535 1763 737 1820 patrem
769 1769 974 1818 carum,
1022 1754 1160 1806 sicut
1199 1753 1420 1822 dignum
1469 1761 1605 1818 erat,
1640 1753 1787 1819 ﬁeri,
1838 1761 1892 1810 et
1935 1754 2024 1808 ubi

2129 560 2270 614 unde
2295 575 2354 614 se
2381 561 2805 629 praecipitaverat
2844 559 3056 614 funibus
3083 570 3168 614 est
3194 568 3432 623 attracta,
3461 560 3602 629 petiit
3629 570 3680 617 ut

2127 665 2187 705 so
2231 651 2284 705 in
2309 652 2556 706 cellulam
2605 661 2868 708 secretam
2916 649 3268 714 reelauderet,
3315 650 3495 704 dicens
3524 651 3681 717 :Qnia

2129 741 2349 794 multum
2393 741 2606 811 peccavi
2650 740 2701 794 in
2736 740 3013 795 Dominum
3045 750 3096 794 et
3127 739 3374 794 domnam
3402 755 3563 794 meatu
3593 739 3684 795 ita-

2128 832 2450 902 degundem.
2482 849 2599 903 qua:
2626 833 2732 888 illis
2755 833 2946 887 diebus
2971 841 3244 900 superstes
3272 841 3416 894 erat;
3446 833 3562 886 velo
3585 847 3681 898 me,

2129 925 2219 988 ait,
2250 925 2317 977 ab
2347 925 2445 978 hac
2475 925 2769 995 frequentia
2800 925 3227 994 congregationis
3259 925 3417 979 totius
3435 939 3684 989 amovere,

2128 1025 2182 1068 et
2209 1017 2580 1085 panitentiam
2613 1033 2707 1084 pro
2752 1017 3008 1085 neglectis
3037 1017 3170 1071 meis
3208 1029 3385 1085 agere.
3418 1015 3536 1070 Scio
3559 1015 3686 1069 enim

2129 1108 2250 1177 quia
2277 1107 2584 1163 misericors
2609 1119 2691 1163 est
2714 1108 2990 1168 Dominus.
3016 1117 3069 1163 et
3092 1107 3312 1162 remittit
3334 1106 3686 1161 confitentibus

2129 1213 2189 1254 se
2222 1210 2460 1268 peccata.
2491 1201 2557 1254 Et
2589 1202 2822 1271 ingressa
2855 1210 2939 1256 est
2985 1203 3035 1254 in
3076 1200 3338 1254 cellulam.
3377 1200 3503 1255 Cum
3531 1209 3686 1254 autem

2129 1291 2233 1345 hoc
2268 1293 2575 1346 scandalum
2613 1277 2954 1348 commotum
2983 1293 3200 1357 fuisset,
3232 1303 3287 1348 et
3318 1290 3637 1346 Chrodieldis
3662 1309 3687 1346 a

2129 1382 2531 1440 Guntchratnno
2563 1375 2690 1453 rege
2722 1402 2965 1456 regressa
2997 1394 3159 1455 esset,
3202 1386 3314 1440 haec
3343 1385 3576 1453 disrupto
3607 1401 3689 1440 no-

2129 1478 2331 1530 cturnis
2360 1477 2504 1532 horis
2543 1478 2749 1532 cellula:
2781 1479 2920 1531 ostio
2950 1493 3164 1547 egressa
3196 1488 3276 1532 est
3308 1494 3336 1531 a
3367 1479 3686 1546 monasterio,

2129 1573 2184 1621 et
2220 1565 2283 1619 ad
2306 1567 2686 1624 Cltrodieldem
2734 1569 2885 1633 abiit,
2920 1569 3107 1634 multa,
3135 1569 3274 1624 sicut
3304 1571 3444 1640 ptius
3493 1570 3688 1634 fecerat,

2129 1663 2350 1715 cr‘mina
2379 1663 2444 1717 de
2470 1664 2735 1718 abbatissa
2770 1677 3144 1733 prorumpens.

2202 1753 2334 1808 XLI.
2389 1754 2521 1808 Dum
2579 1765 2753 1810 autem
2805 1757 2919 1810 haec
2962 1765 3288 1824 agerentur,
3336 1757 3690 1824 Gundcgtsilus

441 1844 734 1898 neceSsitas
765 1843 970 1908 fuisset,
1001 1858 1150 1897 suam
1185 1845 1426 1912 prmbere
1457 1842 1841 1898 defensionem.
1867 1843 2027 1900 \Unde
2053 1845 2106 1908 Β
2136 1843 2564 1912 Bttrdegalensis,
2587 1845 2856 1916 atljunctis
2879 1861 3060 1900 secum
3084 1845 3300 1901 Niutsio
3319 1846 3648 1914 Egolismensi
3670 1856 3689 1883 ε

442 1933 646 1986 factum
678 1943 761 1987 est
789 1943 846 1987 ut
878 1933 1062 1988 abiens
1090 1934 1156 1987 ad
1187 1933 1582 1988 Childebertum
1616 1949 1796 2006 regem
1829 1949 2032 2005 prlece-

439 2027 676 2096 ptionem
707 2025 956 2094 eliceret,
987 2035 1045 2079 ut
1073 2026 1123 2080 ei
1155 2026 1257 2081 hoc
1285 2028 1668 2080 monasterium
1690 2067 1706 2094 ,
1737 2026 1875 2082 sicut
1901 2027 2029 2082 reli-

441 2135 572 2187 quas
602 2119 905 2188 parochias,
938 2119 1253 2189 regulariter
1299 2119 1456 2173 liceat
1485 2118 1789 2188 gubernare
1820 2128 1867 2172 ι.
1923 2119 2030 2176 Sed

443 2214 627 2265 nescio
653 2212 806 2278 quid,
844 2211 1036 2272 credo.
1081 2211 1257 2264 adhuc
1285 2210 1336 2264 in
1369 2209 1485 2279 ejus
1513 2208 1708 2263 animis
1739 2209 2030 2277 residebat,

424 2311 500 2355 -ιη
539 2301 619 2355 ha:
662 2303 851 2370 puella:
897 2308 1167 2366 asserunt,
1215 2299 1357 2369 quod
1407 2310 1646 2354 moveret
1695 2300 2029 2356 scandalum.

442 2392 537 2446 His
586 2407 712 2445 vero
742 2391 1176 2454 intendentibus,
1218 2401 1276 2446 ttt
1312 2393 1379 2446 ad
1405 2394 1566 2464 regis,
1599 2393 1739 2449 sicut
1777 2393 2030 2461 diximus,

427 2483 785 2550 'prmsetttiatn
817 2491 1186 2550 properarent,
1211 2481 1460 2537 dedimus
1488 2487 1567 2538 eis
1615 2484 1916 2549 consilium,
1948 2483 2033 2538 di-

424 2585 669 2626 centes:
702 2570 980 2625 lntenditis
1030 2580 1215 2625 contra
1266 2573 1548 2636 rationem,
1582 2581 1636 2625 ct
1677 2570 1824 2626 nullo
1872 2572 2031 2627 modo

427 2665 594 2718 vobis
624 2678 685 2717 ea
715 2664 885 2718 series
935 2661 1098 2716 inseri
1130 2670 1328 2731 potest,
1357 2677 1476 2730 quae
1505 2661 1894 2732 blasphemium
1942 2678 2032 2718 ar-

424 2763 578 2808 ceat.
602 2753 710 2808 Sed
732 2753 797 2819 si,
829 2765 882 2807 ut
908 2753 1164 2818 diximus,
1188 2755 1449 2808 rationem
1479 2755 1903 2822 prtetermittitis,
1933 2771 2030 2812 nec

437 2846 655 2899 salubre
701 2843 978 2898 consilium
1026 2845 1183 2899 vultis
1228 2844 1491 2914 accipere,
1533 2846 1617 2901 vel
1649 2847 1750 2901 hoc
1779 2846 2029 2916 conjicite

438 2934 494 2988 in
525 2933 716 2987 animis
762 2933 977 3000 veStris,
1011 2943 1070 2987 ut
1109 2933 1382 3003 praeterito
1430 2933 1638 2989 hiberni
1689 2934 1848 3005 hujus
1891 2945 2031 2989 tem-

438 3039 589 3094 pore,
637 3024 776 3094 quod
825 3025 876 3078 in
919 3025 1020 3079 hoc
1055 3038 1220 3079 verno
1248 3025 1497 3093 accessit,
1529 3041 1650 3081 cum
1700 3041 1844 3081 aurre
1875 3041 2027 3082 com-

436 3116 709 3170 modiores
754 3116 971 3180 iuerint,
1019 3129 1124 3182 quo
1168 3115 1310 3170 ducit
1353 3116 1617 3183 voluntas,
1667 3132 1887 3187 pergere
1931 3133 2024 3170 va-

2135 1943 2190 1990 et
2216 1933 2444 1991 Saﬂario
2478 1935 2852 2005 Petragorico,
2891 1951 2954 1990 ac
2995 1937 3110 2006 ipso
3147 1936 3394 1990 Maroveo
3424 1935 3691 1991 Pictavensi

2133 2024 2425 2092 cpiscottis,
2457 2039 2523 2078 eo
2553 2025 2693 2094 quod
2739 2023 2896 2094 hujus
2926 2025 3075 2080 urbis
3103 2025 3416 2094 metropolis
3450 2035 3603 2092 esset,
3634 2025 3690 2078 ad

2132 2114 2410 2169 basilicam
2437 2117 2606 2169 sancti
2641 2115 2830 2170 Hilarii
2861 2116 3096 2182 advenit,
3129 2131 3360 2187 arguens
3382 2118 3472 2170 bas
3490 2116 3689 2186 puellas,

2119 2212 2187 2258 -et
2228 2205 2278 2258 in
2311 2207 2694 2261 monasterium
2728 2207 2982 2263 reducere
3021 2211 3266 2278 cupiens.
3319 2208 3420 2263 Svd
3451 2223 3563 2262 cum
3599 2208 3690 2262 ill:e

2133 2295 2454 2350 obstinatius
2485 2297 2899 2364 reluctarentur,
2942 2309 2995 2352 et
3033 2298 3120 2354 hic
3159 2314 3286 2354 cum
3328 2300 3534 2370 reliquis
3558 2300 3688 2369 juxta

2132 2387 2413 2456 epistolam
2443 2390 2689 2458 superius
2717 2389 3043 2445 nominatam
3089 2391 3169 2447 eis
3213 2392 3690 2446 excommunicauit.

2136 2499 2256 2540 nem
2307 2484 2586 2553 indiceret,
2629 2501 2924 2558 exsurgens
2970 2486 3121 2542 turba
3171 2487 3693 2556 murionum'praafa-

2135 2585 2333 2644 torum,
2365 2586 2508 2631 tanta
2550 2591 2643 2633 eos
2672 2579 2724 2633 in
2759 2579 2872 2648 ipsa
2905 2579 3073 2632 sancti
3102 2577 3296 2633 Hilarii
3331 2578 3536 2632 basilica
3562 2577 3691 2631 emde

2134 2671 2407 2736 mactavit,
2434 2678 2491 2723 ut
2515 2670 2889 2725 corruentibus
2911 2671 2964 2724 in
2989 2670 3298 2742 pavimento
3317 2669 3588 2738 episcopis,
3610 2667 3686 2720 vix

2123 2773 2459 2830 consurgere
2491 2770 2750 2830 possent;
2783 2761 2876 2816 scd
2903 2770 2956 2816 et
2985 2762 3196 2816 diaconi
3231 2772 3285 2817 et
3313 2762 3492 2828 reliqui
3532 2757 3690 2814 clerici

2133 2853 2392 2921 sanguine
2419 2853 2651 2922 perfusi,
2689 2868 2808 2906 cum
2841 2852 3073 2907 effractis
3100 2853 3368 2922 capitibus
3389 2851 3543 2927 57o
3564 2848 3688 2904 hmi-

2134 2941 2289 2995 licam
2324 2952 2449 2997 sunt
2477 2943 2704 3012 egressi.
2744 2942 2876 2997 Tam
2909 2943 3209 2998 immensus
3237 2945 3378 2999 enim
3416 2958 3524 3005 eos.
3553 2950 3619 3007 et,
3641 2949 3692 2994 ut

2132 3035 2318 3102 credo,
2347 3036 2560 3120 diabolo
2588 3048 2932 3106 cooperante,
2963 3053 3127 3107 pavor
3154 3039 3464 3105 obsederat,
3491 3045 3544 3092 ut
3562 3052 3691 3107 egre-

2131 3126 2339 3183 dientes
2379 3143 2407 3181 a
2451 3129 2570 3182 loco
2600 3139 2818 3195 sancto,
2854 3143 2955 3183 nec
2985 3130 3087 3185 sibi
3119 3131 3501 3191 valediceutes,
3545 3142 3688 3183 unus-

437 3209 614 3263 leatis.
667 3206 818 3273 Quod
866 3206 1146 3260 consilium
1196 3217 1377 3275 aptum
1427 3207 1796 3275 suscipientes,
1839 3206 2104 3280 subse—c
2134 3221 2356 3292 quisque
2400 3237 2496 3290 per
2522 3223 2660 3276 viam
2690 3239 2845 3292 qnam
2884 3225 3122 3292 arripere
3163 3227 3361 3294 potuit,
3415 3221 3687 3293 repedaret.

413 3309 633 3366 “quente
681 3305 890 3363 testate,
939 3297 1141 3351 relictis
1171 3296 1423 3359 Turonis,
1475 3297 1689 3350 creteris
1737 3299 2026 3351 sanctimo-

435 3392 662 3446 nialibus
697 3390 1080 3445 commendatis
1113 3389 1449 3444 consobrina:
1478 3405 1608 3454 suae,
1637 3388 1974 3445 Chrodieldis
1998 3389 2026 3430 ιι

431 3484 496 3535 ad
541 3497 720 3546 regem
751 3479 1210 3535 Guntchramnum
1255 3480 1502 3533 accessit.
1557 3483 1597 3534 A
1629 3496 1734 3550 quo
1774 3496 2024 3551 suscepta

429 3589 495 3627 ac
525 3573 839 3627 muneribus
870 3572 1152 3638 honorata,
1185 3570 1414 3624 Turonis
1460 3579 1543 3625 est
1583 3587 1846 3642 regressa,
1877 3575 2022 3629 Con-

420 3665 661 3718 stantina
695 3662 799 3716 tilia
829 3661 1096 3731 Burgolini
1129 3662 1180 3716 in
1213 3663 1538 3716 monasterio
1573 3663 2022 3731 Augustidunensi

412 3755 642 3817 "relicta,
673 3761 999 3821 exspectans
1027 3752 1307 3821 episcopos
1334 3756 1423 3821 qui
1453 3767 1480 3805 a
1506 3768 1632 3823 rege
1660 3754 1865 3810 fuerant
1885 3755 2023 3825 jussi

412 3843 707 3909 advenire,
737 3851 1046 3897 et-causam
1094 3842 1326 3911 ipsarum
1368 3857 1490 3897 cum
1524 3844 1793 3900 abbatissa
1835 3845 2020 3902 discu-

410 3948 565 3991 tere.
617 3935 792 3990 Mults
839 3943 1016 3989 tamen
1065 3949 1132 3989 ex
1179 3933 1262 3989 his
1304 3949 1334 3989 a
1371 3935 1597 3992 diversis
1643 3937 2023 3996 circumventas

2130 3310 2309 3365 Adfuit
2359 3310 2484 3366 huic
2514 3314 2803 3368 calamitati
2843 3325 2896 3369 et
2940 3314 3251 3369 Desiderius
3298 3315 3543 3370 diaconus
3569 3312 3688 3381 Sya-

2127 3401 2229 3469 grii
2278 3401 2763 3471 Augustidunensis
2813 3406 3094 3474 episcopi,
3153 3407 3250 3476 qui
3303 3422 3407 3460 non
3466 3402 3689 3473 inquisito

2123 3493 2315 3549 Cletmi
2342 3507 2364 3534 ε
2393 3495 2626 3552 fluminis
2656 3498 2814 3566 vado,
2864 3515 2970 3570 quo
3001 3500 3235 3569 primum
3268 3501 3412 3557 littus
3438 3501 3599 3570 attigit
3622 3506 3690 3551 est

2129 3587 2422 3664 ἱιιςτεεδυξ,
2475 3603 2538 3644 ac
2581 3601 2799 3644 natante
2849 3606 2989 3659 equo
3034 3591 3163 3660 ripa:
3212 3593 3478 3648 ulterioris
3520 3604 3687 3658 campo

2127 3691 2344 3735 evectus
2393 3690 2493 3736 est.
2531 3681 2607 3736 Ex
2651 3681 2752 3738 hoc
2788 3683 3128 3739 Chrodieldis
3170 3687 3503 3741 ordinatores
3541 3682 3686 3754 eligit,

2128 3770 2282 3825 villas
2307 3773 2617 3826 monasterii
2646 3773 2904 3841 pervadit,
2930 3781 2983 3827 et
3007 3789 3357 3845 quoscunque
3369 3774 3434 3830 de
3449 3782 3687 3829 monaste-

2128 3864 2210 3919 rio
2243 3865 2484 3934 arripere
2507 3865 2787 3934 potuisset,
2823 3867 2990 3936 plagis
3018 3881 3081 3921 ac
3111 3867 3586 3923 caadibusaﬂectos
3605 3878 3687 3917 suo

2126 3955 2340 4011 servitio
2372 3957 2709 4026 subjugabat,
2739 3959 2945 4012 minans
2972 3959 3088 4013 utsi
3114 3961 3500 4014 monasterium
3521 3963 3686 4032 posset

2128 4048 2336 4119 ingredi
2381 4049 2702 4104 abbatissam
2740 4050 2811 4105 de
2843 4067 2998 4106 muro
3041 4050 3339 4120 proiectam
3381 4060 3530 4106 terrm
3571 4045 3688 4115 deji-

2125 4149 2294 4195 reret.
2325 4139 2478 4205 Quod
2503 4155 2627 4194 eum
2657 4141 3004 4197 Childeberto
3032 4142 3144 4212 regi
3179 4143 3476 4197 nuntiatum
3501 4139 3683 4200 fuisset.

2123 4229 2300 4285 statim
2342 4230 2543 4284 directa
2595 4229 2919 4285 auctoritate
2965 4233 3222 4301 praecepit
3264 4229 3496 4288 Macconi
3529 4223 3685 4284 comitl

2119 4333 2183 4377 ut
2208 4324 2323 4378 hrec
2344 4327 2650 4389 reprimere
2693 4326 2837 4380 omni
2886 4327 3185 4383 intentione
3225 4329 3465 4383 deberet.
3497 4323 3685 4380 Gunde-

414 4029 778 4083 sntatrimonio
823 4028 1084 4097 copulatas
1127 4038 1273 4096 sunt,
1327 4030 1634 4100 priusquam
1669 4032 1783 4087 haec
1823 4049 1851 4088 a
1896 4051 2022 4105 rege

419 4120 829 4192 regrederetur.
885 4120 1123 4189 Cumque
1153 4121 1526 4190 prastolantes
1555 4124 1865 4190 adventum,
1901 4126 2021 4180 nul-

407 4211 533 4266 lunt
563 4212 869 4279 episcOpum
892 4210 1149 4265 advenire
1176 4209 1491 4278 sensissent,
1514 4211 1782 4269 Pictavum
1814 4231 2021 4286 regres-

402 4317 500 4358 sa:
539 4311 683 4368 sunt,
717 4311 771 4357 et
811 4316 873 4357 se
905 4303 1038 4356 infra
1072 4303 1345 4358 basilicam
1375 4306 1544 4360 sancti
1579 4306 1763 4362 llilarii
1811 4318 2020 4365 tutave-

402 4402 567 4452 trunt.
615 4393 953 4462 congregatis
990 4392 1155 4464 469
1196 4408 1379 4449 secum
1434 4396 1661 4460 furibus,
1711 4401 2017 4467 homicidia,

2130 4417 2308 4485 gisilus
2336 4428 2514 4471 autem
2543 4433 2663 4472 cum
2698 4417 2793 4472 has
2815 4433 2852 4472 at
2868 4418 3249 4475 communione
3278 4431 3561 4488 suspensas
3579 4429 3682 4470 cum

423 4484 701 4550 adulteris,
734 4483 1080 4554 omniumque
1110 4485 1391 4540 criminum
1422 4489 1530 4542 reis
1551 4532 1565 4555 ,
1601 4490 1932 4547 stabilientcs
1958 4508 2018 4548 se

2130 4507 2352 4564 caeteris.
2384 4517 2441 4560 ut
2469 4508 2721 4575 diximus,
2757 4510 3063 4576 reliquisset
3100 4511 3392 4580 episcotals,
3415 4506 3682 4579 epistolam

403 4576 487 4628 .ad
522 4576 741 4643 bellum,
773 4587 932 4646 atque
969 4576 1210 4632 dicentes
1237 4594 1251 4630 :
1283 4579 1415 4646 Quia
1446 4581 1645 4651 regina:
1683 4597 1887 4648 sumus,
1918 4601 2015 4640 nec

2130 4614 2186 4652 ex
2233 4615 2329 4652 suo
2363 4599 2693 4669 fratrumque
2734 4602 3077 4670 prtesentium
3129 4603 3350 4657 nomine
3393 4595 3682 4665 conscripsit

405 4667 572 4736 prius
603 4669 653 4720 in
686 4669 1067 4722 monasterium
1097 4678 1337 4724 nostrum
1390 4672 1741 4739 ingredimur,
1791 4677 1888 4730 nisi
1919 4680 2015 4730 ah-

2130 4691 2185 4744 ad
2220 4691 2529 4746 sacerdotes
2561 4692 2706 4758 illos,
2737 4693 2824 4758 qui
2860 4701 2986 4746 tunc
3013 4708 3136 4745 eum
3160 4709 3286 4762 rege
3313 4692 3682 4747 Cuutcltrattmo

404 4760 618 4816 ‘ubatissa
667 4761 915 4828 ejiciatur
944 4761 1109 4818 foras.
1144 4764 1271 4820 Erat
1316 4765 1386 4821 ibi
1435 4775 1560 4824 tunc
1593 4771 1833 4825 reclausa
1863 4788 2012 4838 quae-
2116 4782 2328 4841 fuam“
2353 4787 2620 4855 aggregati
2655 4783 2710 4840 t;
2751 4786 2989 4855 aquibus
3018 4788 3134 4844 hac
3160 4760 3418 4856 rescripta
3447 4778 3676 4850 suscepit.

419 4856 566 4921 «iam,
589 4871 709 4922 qua
735 4866 856 4908 ante
883 4871 1076 4923 paucos
1103 4872 1270 4911 annos
1293 4873 1388 4926 per
1418 4876 1624 4913 murum
1651 4877 1709 4915 se
1731 4863 2005 4935 dejiciens,

402 4947 489 5000 ad
528 4946 800 5001 basilicam
847 4947 1014 4999 sancti
1051 4948 1231 5002 ililarii
1264 4950 1522 5018 confugit,
1553 4954 1716 5006 m-tlta
1768 4955 1819 5008 in
1848 4956 2011 5010 abba-

404 5040 605 5095 "lissam
655 5038 894 5094 crimina
911 5053 1188 5109 evomens,
1220 5056 1338 5111 qua:
1386 5052 1561 5100 tamen
1597 5044 1726 5102 falsa
1755 5047 2008 5116 cOgnnvi-

2621 4933 2898 4971 E‘EIPLAB
2932 4933 3224 4972 BESCBIPTI.

2198 5051 2452 5107 «Domnis
2480 5066 2691 5119 semper
2718 5051 2828 5105 suis
2853 5059 2900 5116 ε,
2935 5059 3093 5120 atque
3123 5050 3414 5119 apostolica
3429 5047 3552 5104 sedo
3577 5044 3679 5115 dis-

495 5185 518 5210 ἰ
555 5175 850 5249 Specialem
883 5173 1039 5243 hujus
1066 5175 1285 5244 insignis
1319 5175 1416 5229 loci
1449 5192 1630 5232 curam
1665 5197 1817 5249 rcges
1845 5187 2009 5240 noSIri

408 5260 634 5311 semper
673 5246 929 5310 habuere,
972 5254 1026 5299 ut
1059 5257 1204 5315 patet
1232 5261 1296 5301 ex
1337 5249 1612 5316 capitulari
1650 5246 1900 5308 Ludovici
1935 5257 2008 5310 Pii

411 5316 563 5386 s-irt-a
595 5329 788 5369 annum
816 5317 922 5371 822
961 5320 1099 5386 apud
1130 5317 1423 5382 Baluzium,
1455 5321 1595 5383 quod
1631 5331 1798 5376 totum
1830 5337 1908 5378 est
1943 5329 2010 5382 de

407 5384 526 5436 time
557 5384 1145 5462 tttttttasterio.__i.ocum
1172 5389 1428 5462 ‘habebat
1473 5390 1612 5446 inter
1644 5398 2007 5462 monasteria,

407 5470 543 5532 't;tl:l:
579 5456 646 5507 ab
673 5457 816 5532 omni
831 5458 1030 5532 militia
1064 5471 1117 5513 et
1155 5458 1297 5514 dono
1337 5462 1528 5532 libera,
1561 5464 1702 5516 solas
1735 5456 2011 5520 orationes

409 5526 734 5604 ~izttper:tt(tri
761 5526 1045 5604 debebant,
1076 5541 1137 5586 ut
1161 5540 1399 5604 patetex
1433 5526 1633 5604 Notitia
1661 5550 1723 5588 ea
1751 5537 1816 5588 de
1836 5552 1907 5592 re
1939 5539 2016 5592 fa-

406 5609 509 5669 tct-a
535 5600 884 5669 iit-conventu
916 5600 1356 5669 Aquisgranensi,
1387 5617 1474 5655 an.
1507 5603 1633 5656 8l7.

481 5661 713 5729 1l'Editi,
741 5668 936 5720 ctztert‘s
963 5661 1354 5724 accommodatis
1387 5674 1700 5728 consobrinw
1726 5691 1828 5730 sua:
1853 5675 2013 5731 Claro-

427 5735 1122 5809 dt'eldt'sattcl‘itnoninltbus,
1157 5743 1223 5791 ad
1254 5759 1441 5809 regem,
1465 5757 1568 5794 etc.

501 5817 523 5844 ε
556 5807 685 5874 AL,
749 5806 1116 5862 Erolest'ttenst'.
1172 5806 1496 5880 Subscripsil
1555 5830 1707 5871 conc.
1770 5818 2010 5875 Matisco-

2121 5186 2272 5240 nensi
2307 5185 2482 5248 ιι,·ιι1›ἰ
2512 5184 2703 5238 dicitur
2750 5183 2991 5238 Nicastns
3028 5186 3458 5254 Aquilinemium.
3487 5181 3680 5238 Gunde-

2120 5256 2307 5326 gisilus
2356 5267 2530 5309 autem
2560 5256 2989 5326 _Bnrdegalensis
3033 5256 3278 5312 laudatur
3321 5273 3350 5312 a
3393 5255 3680 5314 Fortunate,

2122 5324 2214 5380 lib.
2246 5342 2335 5388 vtt,
2367 5341 2534 5379 carnt.
2560 5324 2646 5377 3|.
2765 5324 2781 5326 “
3657 5357 3660 5360 -

2188 5394 2218 5469 τί
2253 5397 2522 5469 Muriones
2545 5411 2746 5469 ,__seu,
2795 5407 2851 5449 ttt
2887 5395 3058 5451 habet
3107 5404 3346 5469 sanctus
3373 5391 3679 5469 Augustinus

2121 5467 2280 5528 epist.
2317 5466 2416 5521 143
2445 5465 2511 5520 ad
2559 5466 2943 5536 Marcellinum,
2997 5468 3304 5526 moriones,
3337 5467 3385 5520 id
3428 5474 3506 5518 est
3545 5463 3676 5520 fatui.

2119 5537 2198 5592 sic
2227 5538 2354 5611 dicti
2379 5555 2412 5611 _a
2442 5536 2626 5591 Grmctt
2657 5552 2794 5611 voce
2829 5544 3040 5611 pwpo'c-_
3229 5605 3276 5611 __
3320 5607 3330 5611 _
3437 5604 3462 5611 ,
3537 5603 3547 5611 .
3631 5599 3640 5610 .

2195 5618 2216 5642 ε
2252 5608 2392 5662 Edtti
2415 5626 2532 5660 ('lllll
2565 5611 2683 5660 Bec.
2706 5647 2720 5671 ,
2758 5603 2924 5672 Clem,
2959 5607 3112 5676 vulgo
3161 5621 3188 5657 e
3217 5605 3362 5662 Cluitt
3383 5644 3400 5671 ,
3433 5603 3609 5658 fluvius
3631 5603 3674 5650 ia

2123 5678 2690 5786 νίεξθξξςξτ.’ξε.ῑξεξῐεῑειέ.τ

2242 5749 2632 5816 Augustoduui,
2670 5756 2726 5799 ttt
2756 5748 3022 5800 existimat
3052 5745 3316 5800 Valesius.

2193 5830 2216 5868 ι
2249 5809 2471 5888 Regna,
2513 5818 2741 5873 Dominis
2791 5820 2928 5881 suis,
2975 5828 3139 5888 atque.
3200 5815 3498 5886 Legcttdum
3555 5809 3672 5863 fulti
3725 5851 3738 5862 κ
