3974 6174
273 278 367 333 521

1232 273 1549 331 HISTORIA
1591 272 2032 331 FIlA-NCOIIUM.
2081 271 2280 330 LIBER
2321 273 2564 332 NONUS.

3445 283 3549 340 52!

272 390 530 459 nissintis,
583 389 929 462 Gundegisilo
966 436 981 461 ,
1012 394 1223 452 Nicasio
1255 405 1308 451 et
1337 398 1563 452 Saﬂ'ario
1585 407 1634 460 ι,
1668 397 1860 451 Ᾱῐιῑιεο
1891 401 1936 458 Α
1968 409 2066 462 pus
2097 404 2405 451 reverenter
2451 398 2646 449 saluto.
2697 391 2946 451 Famulus
2986 405 3162 452 vester
3202 398 3349 454 Felix
3400 403 3552 458 salu--

273 488 404 550 rius,
440 485 718 555 Syagrius,
751 484 1152 550 Auuacharius,
1199 486 1521 557 Hesychius,
1555 487 1854 554 Agrtecoln,

275 576 524 641 Urbicus,
557 575 734 639 Felix,
768 576 1028 642 Veratius,
1068 579 1192 630 item
1226 577 1396 640 Felix,
1429 586 1491 632 et
1521 577 1858 630 Bertchrztm-

277 682 378 722 nus
405 666 674 736 episcopi.
715 665 946 721 Litteras
973 677 1162 720 vestrae
1194 667 1558 731 beatitudinis,
1606 677 1858 735 quantum

273 765 553 811 reserante
579 757 768 811 nuntio
802 757 882 811 de
921 766 1094 812 vestra
1123 759 1385 827 sospitate
1413 757 1599 827 gavisi,
1648 758 1833 824 excepi

275 861 411 911 mus,
446 854 650 901 tantum
683 847 753 902 de
791 845 982 918 .ajtzria
1020 862 1180 916 quam
1226 861 1322 902 vos
1355 847 1641 916 pertulisse
1684 847 1858 915 signa-

273 937 390 1000 stis,
445 950 555 991 non
587 937 800 992 modico
821 952 1064 992 maerore
1108 937 1484 1009 astringimur;
1513 937 1640 991 dtnn
1680 948 1732 990 et
1771 953 1860 992 re-

274 1026 392 1094 gula
425 1027 844 1092 transcenditur,
877 1037 934 1080 et
963 1027 1108 1082 nulla
1132 1027 1432 1082 reverentia
1463 1025 1708 1096 religioni
1733 1039 1854 1080 ser-

275 1123 452 1168 vatur.
500 1115 605 1170 Sed
635 1116 758 1185 quia
797 1116 1079 1170 indicastis
1128 1115 1444 1178 monachas,
1488 1131 1606 1184 qnze
1644 1115 1712 1170 de
1749 1131 1862 1169 mo-

279 1206 513 1260 nasterio
543 1204 1004 1261 bona-memoriae
1043 1205 1404 1277 Radegunclis,
1439 1205 1723 1276 instigante
1751 1207 1861 1260 dia-

279 1300 419 1362 bolo,
451 1297 671 1355 I'uerunt
697 1301 976 1371 digressae,
1012 1301 1153 1370 quod
1186 1300 1386 1354 nullam
1415 1314 1446 1354 a
1469 1300 1620 1355 vobis
1647 1301 1863 1369 acquie-

278 1392 448 1446 verint
497 1393 888 1447 correctionem
919 1393 1124 1457 audire,
1165 1393 1324 1464 471
1359 1407 1459 1447 nec
1505 1390 1639 1446 infra
1673 1406 1862 1444 mona-

280 1481 424 1535 sterii
452 1481 536 1535 sui
565 1492 739 1550 septa,
779 1483 849 1536 .de
877 1497 984 1552 quo
1020 1497 1252 1553 egressa.-
1288 1483 1520 1547 l‘nerant,
1561 1482 1863 1535 voluissent

281 1574 476 1627 reverti
513 1591 525 1626 :
561 1574 781 1643 insuper
822 1575 1055 1628 basilica:
1093 1573 1276 1628 domui
1327 1573 1507 1629 IIilarii
1551 1587 1643 1641 per
1687 1573 1862 1626 caedes

278 1675 483 1720 vestras
507 1677 922 1736 vestrorumqne
944 1666 1195 1736 injuriam
1229 1667 1490 1720 intulisse.
1526 1665 1862 1732 Quapiopter

278 1759 416 1826 ipsas
439 1773 470 1812 a
491 1759 898 1813 communionis
923 1758 1093 1829 gratia
1125 1758 1224 1812 visi
1271 1757 1480 1812 fueritis
1507 1756 1860 1825 suspendere,

275 1863 333 1902 ac
375 1863 474 1917 per
513 1848 881 1904 hoc'nostram
924 1850 1116 1905 exinde
1156 1848 1572 1903 mediocritatem
1617 1846 1859 1916 elegistis

273 1940 576 1995 consulere.
626 1940 788 2010 Igitur
820 1941 944 2010 quia
995 1940 1195 2010 optime
1230 1954 1327 1994 vos
1367 1938 1613 1993 novimus
1660 1944 1872 2002 statuta,

275 2044 542 2084 canonum
573 2033 902 2099 percurrisse
925 2029 974 2097 δ,
1005 2045 1068 2086 ac
1096 2031 1294 2099 regulae
1321 2032 1707 2100 plenitudinem
1721 2045 1861 2086 oon-

274 2123 442 2176 tinere
465 2161 480 2186 ,
527 2133 586 2176 ut
603 2122 701 2191 qui
735 2123 786 2175 in
818 2123 1016 2176 talibus
1043 2121 1355 2176 excessibus
1385 2122 1632 2176 videntur
1669 2122 1860 2189 depre-

273 2213 458 2276 hendi,
493 2229 599 2267 non
630 2213 804 2267 solum
845 2209 1428 2276 escommnnicatione,
1469 2225 1655 2266 verum
1694 2213 1858 2264 etiam

272 2303 602 2370 penitentia:
637 2303 998 2357 satisfactione
1026 2302 1254 2358 debeant
1281 2301 1518 2357 coerceri
1551 2319 1564 2354 :
1601 2315 1663 2354 ea
1693 2300 1762 2353 de
1790 2315 1852 2354 re

271 2395 532 2450 addentes
563 2411 684 2450 cum
731 2396 1097 2450 venerationis
1139 2395 1283 2449 cultu
1324 2408 1548 2448 summa:
1589 2392 1860 2447 aviditatis

270 2481 577 2540 dilectionis
628 2485 960 2546 insrinetum,
1014 2485 1310 2539 indicamus
1347 2498 1409 2538 ea
1451 2499 1568 2552 qua:
1593 2483 1858 2538 deIinistis

270 2589 369 2628 nos
434 2575 832 2630 concordanter
885 2584 1079 2630 vestrae
1154 2577 1435 2628 sententiae
1505 2574 1810 2627 consentire
1835 2611 1852 2637 ,

271 2669 624 2739 quoadusque
667 2669 721 2723 in
762 2668 1005 2739 synodali
1053 2667 1281 2723 concilio
1319 2666 1575 2722 Kalendis
1627 2664 1856 2720 Novem-

272 2757 459 2813 bribus
504 2758 706 2828 pariter
757 2758 939 2826 positi,
992 2757 1285 2813 debeamus
1320 2755 1546 2812 consilio
1587 2754 1704 2825 pari
1750 2766 1858 2811 tra-

271 2860 433 2914 ctare,
468 2850 700 2920 qualiter
729 2850 910 2904 talium
941 2849 1216 2909 temeritas
1264 2848 1472 2903 frenum
1501 2847 1858 2902 districtionis

273 2943 439 3013 possit
485 2947 748 3012 accipere,
795 2952 853 2996 ut
894 2941 1152 3010 deinceps
1197 2941 1326 2996 nulli
1384 2940 1542 2995 lit-eat
1566 2939 1668 2995 sub
1719 2940 1860 2994 hunc

257 3035 480 3104 lapsum
532 3032 764 3089 faciente
807 3032 1062 3101 iactantia
1093 3031 1284 3086 similia
1331 3041 1658 3101 perpetrare.
1709 3032 1859 3085 Atta-

1965 496 2076 540 ture
2113 501 2402 555 prtesutno.
2445 486 2670 540 Ilumilis
2713 493 2894 541 vester
2936 496 3097 556 atque
3139 487 3303 580 472
3343 500 3552 548 amator

1964 576 2112 630 Felix
2143 577 2319 632 audeo
2347 578 2608 632 salutare.
2639 577 2863 632 Humilis
2891 589 3050 647 atque
3079 576 3340 638 obédiens
3370 596 3549 640 vester

1963 669 2380 724 Bertchramnus
2407 670 2692 739 episcopus
2722 671 2954 725 salutare
2978 687 3260 740 praesumo.
3290 693 3310 726 ι

2036 761 2194 817 XLII.
2237 762 2341 818 Sed
2376 771 2432 817 et
2473 763 2739 818 abbatissa
2781 765 3028 818 recitavit
3065 765 3344 833 epistolam
3392 782 3548 835 quam

1966 850 2122 905 beata
2147 850 2496 922 Badegnndis
2517 853 2788 923 episcopis
2809 892 2825 918 ,
2856 854 2946 923 qui
2975 868 3074 908 suo
3109 863 3348 924 tempore
3377 865 3552 920 erunt,

1963 940 2121 1009 dirigi
2185 942 2373 995 voluit.
2431 942 2595 1011 Cujus
2650 957 2791 997 nunc
2847 944 3038 997 iterum
3103 944 3214 1012 ipsa
3278 945 3551 1001 abbatissa

1964 1030 2292 1099 exemplaria
2307 1031 2385 1085 ad
2412 1031 2708 1089 vicinarum
2736 1033 2946 1088 urbium
2977 1035 3284 1091 sacerdotes
3312 1037 3507 1092 direxit
3535 1056 3549 1101 ;

1962 1124 2117 1192 cujus
2146 1124 2249 1179 hoc
2271 1133 2359 1180 est
2380 1127 2678 1193 exemplar.

2449 1229 2730 1268 EXBMPLAR
2769 1229 3062 1269 εριετοιε.

2041 1319 2058 1352 ι
2101 1303 2317 1357 Domnis
2346 1305 2543 1358 sanctis
2591 1316 2643 1359 et
2689 1305 2980 1372 apostolica
3026 1306 3153 1360 sede
3200 1307 3550 1375 dignissimis,

1965 1393 2016 1446 itt
2044 1393 2259 1448 Christo
2289 1396 2550 1463 patribus,
2581 1395 2831 1449 omnibus
2857 1395 3127 1464 episcopis
3149 1437 3162 1461 ,
3207 1396 3549 1467 Radegnndis

1968 1487 2264 1552 peccatrix.
2314 1486 2578 1553 Congruae
2625 1484 2951 1555 provisionis
3003 1495 3127 1540 tunc
3179 1486 3553 1544 roborabiliter

1965 1576 2032 1629 ad
2065 1577 2314 1631 effectum
2360 1578 2528 1631 tendit
2568 1576 2882 1643 exordium,
2928 1592 3050 1632 cum
3093 1580 3430 1648 generalibus
3459 1598 3551 1649 pa-

1968 1663 2158 1732 tribus,
2208 1665 2432 1720 medicis
2471 1681 2534 1720 ac
2559 1667 2891 1734 pastoribus,
2935 1668 3090 1722 ovilis
3134 1667 3239 1722 sibi
3279 1671 3551 1726 commissi

1898 1762 1940 1818 B
1965 1771 2124 1810 causa
2157 1757 2374 1812 auribus
2419 1759 2678 1824 traditur,
2717 1759 2872 1828 cujus
2917 1760 3163 1814 sensibus
3202 1764 3550 1817 commenda.

1964 1856 2050 1901 tur
2078 1865 2092 1902 :
2123 1863 2351 1917 quorum
2385 1849 2725 1918 participatio
2753 1853 2820 1904 de
2850 1849 3129 1916 charitate,
3163 1852 3445 1906 consilium
3477 1855 3545 1908 de

1963 1948 2248 2006 potestate,
2293 1939 2602 2009 snﬂ'ragium
2635 1940 2702 1995 de
2727 1941 2968 1995 oratione
2999 1940 3310 1997 miniSIrare
3352 1950 3562 2015 poterit

1961 2032 2342 2084 interventum.
2383 2030 2451 2082 Et
2477 2031 2729 2099 quoniatn
2761 2029 2892 2084 olim
2921 2031 3114 2085 vinclis
3151 2033 3426 2088 Iaicalibus
3453 2037 3549 2088 ab-

1959 2117 2159 2182 soluta,
2184 2118 2360 2173 divina
2391 2120 2708 2188 providente
2738 2130 2790 2174 et
2821 2121 3115 2189 inspirante
3143 2123 3451 2191 clementia,
3480 2129 3548 2183 ad

1962 2207 2234 2279 religionis
2282 2224 2524 2262 normam
2555 2211 2668 2264 visa
2705 2224 2826 2264 sum
2861 2213 3181 2278 voluntarie,
3234 2214 3369 2269 duce
3392 2217 3548 2270 Chii-

1959 2310 2066 2369 sto,
2123 2300 2404 2365 translata,
2449 2302 2563 2356 haec
2601 2317 2784 2371 pronai
2832 2305 3027 2358 mentis
3079 2305 3256 2359 studio
3291 2309 3532 2375 cogitans

1959 2392 2120 2444 etiam
2149 2390 2220 2445 de
2257 2392 2479 2446 aliarum
2525 2392 2854 2460 profectibus
2879 2435 2893 2458 ,
2937 2403 3015 2461 ut,
3060 2398 3407 2454 annuntiante
3440 2400 3546 2454 Do-

1961 2480 2130 2546 mino,
2167 2496 2286 2538 mea
2314 2482 2578 2537 desideria
2611 2483 2956 2538 efﬁcerentur
2993 2485 3210 2554 reliquis
3244 2489 3541 2556 profutura,

1951 2570 2274 2629 instituente
2301 2584 2462 2642 atque
2508 2585 2888 2630 remunerante
2927 2578 3421 2645 praecellentissimo
3445 2583 3546 2636 do-

1963 2677 2090 2718 tnuo
2103 2679 2228 2735 rege
2247 2663 2582 2731 Chlothario,
2607 2667 2992 2721 monasterium
3017 2669 3312 2737 puellarum
3330 2672 3542 2728 Pictava

1963 2756 2095 2810 urbe
2117 2756 2392 2822 constitui,
2431 2757 2842 2826 conditumque,
2885 2773 3139 2827 quantum
3170 2761 3298 2815 mihi
3331 2766 3544 2817 munili-

1952 2846 2136 2900 rentia
2161 2846 2359 2915 regalis
2384 2853 2474 2900 est
2501 2845 2709 2915 largita,
2745 2846 2880 2900 facta
2904 2848 3192 2903 donatione
3223 2849 3399 2906 dotavi
3422 2869 3437 2905 :
3465 2855 3543 2905 in-

1961 2951 2123 3002 super
2160 2936 2560 3005 congregationi
2602 2949 2700 3004 per
2738 2951 2825 2991 me
2860 2936 3075 2991 Christo
3106 2949 3390 3007 przestante
3427 2944 3542 2995 col-

1961 3028 2143 3094 lectae,
2186 3028 2424 3096 regulam
2465 3026 2565 3082 sub
2605 3041 2708 3096 qua
2753 3037 2937 3083 sancta
2979 3027 3217 3083 Ctesaria
3261 3030 3440 3100 deguit
3466 3043 3489 3071 ο
3524 3051 3538 3086 :

273 3139 394 3178 men
425 3123 552 3193 quia
579 3137 678 3178 nos
705 3137 800 3177 sua
827 3121 1061 3178 dictione
1085 3121 1316 3177 domnus
1363 3121 1556 3175 Paulus
1583 3121 1854 3190 apostolus
1886 3132 1929 3192 ς
1961 3134 2118 3187 quam
2157 3117 2463 3173 sollicitudo
2501 3117 2640 3172 beati
2668 3115 2889 3172 Caesarii
2929 3117 3181 3173 antistitis
3215 3122 3543 3180 Arelatensis

273 3212 358 3282 ιιι
385 3212 524 3267 Tim.
561 3228 632 3280 tv,
659 3210 720 3283 2)
756 3211 1132 3268 indesinenter
1158 3211 1370 3267 videtur
1397 3227 1614 3267 monere
1633 3252 1649 3278 ,
1677 3221 1734 3267 ut
1755 3227 1856 3282 op-

275 3313 504 3374 portune
540 3305 1004 3374 inopportuneque
1048 3303 1342 3359 debeamus
1388 3316 1735 3372 quoscunque
1765 3318 1858 3355 cx-

1957 3221 2024 3262 ex
2057 3207 2393 3262 institutione
2428 3215 2734 3261 sanctorum
2775 3206 2991 3262 Patrum
3022 3211 3405 3267 convenienter
3434 3219 3544 3268 cnl-

1961 3297 2106 3366 legit,
2139 3299 2328 3352 ascivi.
2355 3297 2460 3353 Cui
2489 3298 2947 3352 consentientibus
2969 3298 3293 3356 beatissimis
3325 3303 3410 3356 vel
3443 3304 3544 3358 hu-

275 3396 528 3451 cedentes
556 3395 741 3450 sedula
783 3393 1163 3465 praedicatione
1190 3393 1486 3465 corrigere,
1525 3401 1580 3448 et
1611 3394 1856 3462 pietatem
1953 3388 2043 3459 jus
2092 3390 2327 3446 civitatis
2353 3428 2372 3457 ,
2431 3390 2515 3445 vel
2577 3389 2799 3460 reliquis
2847 3390 3227 3459 pontificibus,
3281 3393 3546 3450 electione

277 3495 604 3553 pretestatnr
643 3485 709 3539 ad
730 3485 920 3538 omnia
951 3485 1134 3540 utilem
1167 3478 1323 3551 esse,
1366 3485 1484 3538 ideo
1523 3484 1857 3555 suggeritnus
1957 3483 2120 3537 etiam
2179 3491 2377 3536 nostra:
2423 3481 2854 3552 congregationis
2899 3482 3150 3538 domnatn
3197 3492 3255 3539 et
3299 3500 3542 3542 sororen

277 3575 555 3640 adltuc,-ut
580 3576 824 3630 oratione
849 3575 1063 3630 assidua
1095 3575 1300 3629 Domini
1327 3575 1748 3630 misericordiam
1776 3576 1860 3631 de-

279 3666 569 3735 precemini
603 3662 667 3735 (Ι
700 3663 834 3718 Tim.
870 3680 942 3730 tv,
973 3665 1070 3733 8),
1121 3675 1178 3718 ut
1208 3667 1260 3733 ip
1289 3680 1320 3719 e
1347 3667 1565 3732 spiritus
1590 3679 1852 3734 compun-

277 3757 469 3812 ctionis
519 3755 665 3825 ipsas
707 3756 1040 3810 inﬂammare
1079 3755 1346 3825 dignetur,
1388 3766 1446 3808 ut
1494 3755 1545 3808 id
1574 3757 1712 3825 quod
1765 3770 1860 3824 per

277 3851 528 3905 deﬂetum
577 3853 706 3904 visre
742 3860 865 3905 sunt
892 3851 1247 3916 contraxiSse,
1295 3850 1451 3920 digna
1495 3850 1860 3904 satisfactione

279 3944 607 4014 peniteant;
644 3953 701 3997 ut
721 3944 773 3998 in
799 3942 1127 3998 monasterio
1157 3958 1254 3997 suo
1281 3953 1454 3998 vestra
1489 3943 1861 4011 praedicatione

279 4036 492 4102 anima,
515 4048 636 4103 quae
658 4033 1052 4102 quodammodo
1077 4035 1371 4102 perierunt,
1403 4034 1628 4099 promtio
1649 4034 1862 4086 Christo

280 4133 645 4188 revertantur;
685 4132 742 4177 ut
782 4125 870 4178 ille
911 4127 1000 4192 qui
1037 4139 1192 4177 unam
1241 4126 1483 4178 bttmens
1529 4125 1732 4178 illatam
1777 4139 1862 4178 er-

282 4224 486 4268 rantem
517 4227 673 4268 ovem
706 4213 770 4266 ad
803 4213 941 4268 ovile
987 4214 1230 4278 reduxit,
1261 4225 1311 4267 et
1340 4215 1406 4268 de
1438 4215 1655 4267 istarum
1690 4227 1861 4268 trans-

280 4308 579 4378 greSsione,
626 4307 773 4376 quasi
815 4307 1077 4375 acquisito
1107 4307 1252 4376 gregi
1303 4306 1638 4376 congaudere
1682 4307 1863 4375 digne-

280 4410 384 4456 tur.
425 4399 539 4453 Hoc
578 4397 861 4467 specialius
893 4399 1254 4468 postulantes,
1301 4408 1361 4452 ut
1391 4415 1487 4468 pro
1520 4399 1674 4453 nobis
1706 4401 1865 4452 inter-

1961 3589 2133 3628 meam
2174 3579 2456 3645 Agnetem,
2499 3592 2658 3643 quam
2689 3576 2758 3629 ab
2788 3575 3006 3630 ineunte
3050 3585 3210 3634 aetate
3254 3579 3374 3635 loco
3421 3581 3546 3633 lilia:

1960 3666 2098 3719 colui
2131 3675 2184 3719 et
2211 3665 2434 3720 educavi
2460 3663 2512 3731 δ,
2546 3665 2872 3720 abbatissam
2915 3667 3148 3731 institui.
3194 3683 3261 3723 ac
3303 3685 3389 3724 tne
3429 3682 3546 3739 post

1965 3757 2130 3811 Deum
2160 3757 2277 3824 ejus
2323 3755 2646 3811 ordinationi
2681 3757 2997 3826 regulariter
3036 3757 3370 3814 obedituram
3398 3777 3547 3815 cozn-

1963 3851 2102 3902 misi.
2137 3849 2364 3919 Cuique,
2397 3850 2618 3903 fortnam
2659 3849 3002 3924 apostolicam
3035 3851 3405 3921 observantes,
3435 3864 3546 3908 tam

1961 3956 2061 4009 ego
2088 3955 2244 4009 quam
2266 3955 2483 3996 sorores
2504 3942 2571 3995 de
2589 3941 2883 3997 substantia
2908 3953 3116 3999 terrena
3138 3961 3254 4014 qua:
3271 3947 3547 4017 possidere

1967 4032 2297 4097 videbamur,
2324 4030 2475 4085 factis
2497 4031 2695 4087 chartis
2723 4033 3060 4099 tradidimus,
3085 4047 3229 4089 metu
3247 4039 3466 4092 Ananiae
3493 4056 3548 4093 et

1966 4122 2228 4190 Saphira.
2258 4120 2418 4192 ἥτε
2451 4122 2500 4175 in
2549 4121 2876 4176 monasterio
2898 4123 3083 4191 positae
3114 4123 3243 4177 nihil
3276 4129 3544 4194 proprium

1972 4223 2325 4268 teservantes.
2357 4213 2463 4268 Sed
2489 4213 2742 4281 quoniam
2773 4212 2976 4267 incerta
3003 4223 3130 4267 sunt
3151 4215 3397 4270 humana:
3417 4231 3500 4270 cot
3524 4249 3546 4259 -

1968 4304 2185 4358 ditionis
2213 4311 2480 4357 momenta
2513 4304 2592 4356 vel
2637 4312 2900 4370 tempora,
2927 4305 3126 4372 quippe
3167 4306 3368 4360 mundo
3400 4307 3451 4361 in
3486 4309 3546 4360 li-

1973 4412 2091 4451 nem
2124 4405 2394 4458 currente,
2422 4409 2543 4448 cum
2567 4395 2729 4462 aliqui
2759 4395 2927 4463 magis
2959 4395 3187 4462 propria:
3217 4411 3374 4464 quam
3410 4398 3547 4451 divi-

284 4491 587 4546 sessionutn
617 4499 912 4544 vestrarum
945 4487 1193 4559 suffragia
1227 4491 1609 4551 indesinenter.
1647 4499 1704 4542 ut
1737 4506 1868 4543 ron-
1901 4497 1946 4554 ι)
1977 4503 2057 4542 na:
2097 4488 2312 4556 cupiant
2343 4485 2603 4539 voluntati
2651 4490 2887 4548 servire,
2915 4485 3034 4539 aelo
3073 4486 3229 4541 ducta
3275 4486 3367 4542 Dei
3413 4490 3552 4545 hunc

285 4583 521 4646 ﬁdimus,
560 4580 825 4635 tribuatis.
873 4580 1159 4636 Peculiaris
1210 4593 1388 4636 vester
1431 4581 1708 4637 Aitlterius
1742 4597 1862 4651 pec-

285 4683 435 4726 cator
480 4671 715 4724 salutare
773 4686 1059 4738 praesumo.
1113 4673 1296 4727 Cliens
1345 4683 1521 4727 vester
1568 4672 1864 4740 Hesychius

286 4776 596 4821 reverenter
642 4766 815 4819 audeo
857 4769 1108 4820 salutare.
1155 4767 1374 4819 Amator
1407 4776 1588 4821 vester
1614 4765 1867 4835 Syagrius

285 4872 596 4914 reverenter
646 4864 842 4918 saluto.
886 4861 1070 4917 Cultor
1115 4873 1291 4915 vester
1343 4859 1568 4914 Urbicus
1622 4869 1870 4928 peccator

283 4947 608 5006 famulzmter
643 4954 838 5007 saluto.
871 4953 1168 5008 Vcnerator
1195 4965 1370 5005 vester
1399 4951 1638 5004 Veranus
1669 4949 1868 5008 episco-

287 5131 500 5184 Dov‘nis
529 5133 717 5184 sanctis
754 5141 939 5200 atque,
971 5140 1075 5185 etc.
1117 5129 1242 5184 Huic
1282 5131 1423 5185 enim
1452 5139 1529 5183 est
1566 5129 1864 5184 communis

281 5205 529 5254 formula.

355 5283 378 5308 “
409 5271 678 5324 thlandns
724 5273 776 5324 in
822 5271 1095 5338 Supplem.
1149 5263 1353 5323 Concil.
1401 5270 1584 5325 Gallia:
1635 5269 1774 5324 addit
1819 5283 1864 5323 et

282 5343 552 5396 Marorco.
599 5342 733 5394 Infra
774 5351 950 5411 autem
983 5341 1048 5411 in,
1079 5340 1228 5393 Colb.
1281 5357 1350 5393 m.
1385 5351 1437 5394 et
1477 5341 1666 5411 Hegm.
1713 5342 1864 5394 decet

280 5414 677 5474 Aunacharius;
716 5423 768 5464 et
795 5410 1007 5479 quidem
1041 5410 1177 5462 inter
1199 5425 1290 5463 eos
1320 5411 1405 5478 qui
1434 5410 1862 5470 subscripserunt

281 5501 391 5536 non
421 5482 654 5536 occurrit
681 5524 696 5546 ,
745 5481 878 5534 sicut
911 5496 1009 5535 nec
1039 5482 1336 5550 Agrcecnla.
1378 5480 1566 5534 Caeteri
1597 5495 1722 5533 vero
1751 5496 1856 5532 non

280 5572 346 5607 eo
379 5552 567 5605 ordine
598 5554 1045 5617 subscripserunt,
1065 5567 1168 5618 quo
1200 5551 1282 5604 hic
1314 5565 1499 5604 eorum
1534 5552 1744 5604 nomina
1774 5565 1857 5603 rc-

279 5636 596 5678 Censentur.
654 5622 898 5690 Episc0pi
959 5631 1133 5673 autem
1186 5621 1257 5674 illi
1315 5621 1528 5674 fuerunt
1578 5620 1853 5674 Aitlterins

279 5694 682 5764 Lugdunensis,
730 5691 982 5760 Syagrius
1015 5690 1525 5760 Augustodnnensis,
1570 5694 1851 5746 Aunaclza-

531 5792 801 5848 ΡΑτειυι..
853 5785 1082 5846 LXXI.

1967 4577 2323 4648 suggestionis
2373 4593 2503 4630 me.»
2555 4578 2834 4645 paginam,
2890 4578 3220 4644 apostolatus
3281 4580 3443 4634 vestri
3495 4583 3547 4635 in

1966 4668 2165 4723 ChriSti
2195 4670 2410 4721 nomine
2438 4679 2711 4736 supersLes
2741 4670 2954 4737 porrigo
2986 4669 3066 4723 vel
3096 4669 3304 4725 devota.
3336 4674 3396 4726 Et
3425 4677 3548 4743 quia

1971 4777 2207 4831 przesens
2234 4775 2340 4814 non
2368 4761 2542 4824 valui,
2573 4760 2725 4828 quasi
2755 4760 2949 4814 vestris
2980 4761 3257 4828 provoluta
3286 4765 3550 4834 vestigiis,

1971 4853 2216 4921 epistola:
2269 4853 2578 4906 vicarietate
2625 4861 2953 4919 prosternor,
2999 4856 3290 4922 conjurans
3320 4872 3412 4925 per
3448 4857 3548 4910 1’..-

1974 4955 2108 4998 trent
2139 4953 2192 4996 et
2232 4939 2420 4994 Filium
2465 4951 2518 4994 et
2559 4941 2817 5009 Spiritum
2847 4926 3122 5008 sanctum,
3166 4960 3228 5001 ac
3257 4947 3394 5001 diem
3443 4958 3549 5001 tre-

1973 5130 2086 5180 rins
2119 5121 2623 5187 Antissiodorensis,
2663 5123 2951 5178 ﬂesichius
2997 5124 3542 5190 Cratianopolitanus,

1977 5197 2216 5265 AgriCnIa
2245 5195 2604 5265 Nivernensis,
2639 5193 2860 5265 Urbicus
2893 5194 3186 5265 Regiensis,
3221 5195 3368 5265 Felix
3404 5199 3546 5251 Beli-

1972 5263 2189 5331 ciensis,
2239 5268 2472 5318 Veratius
2498 5263 2898 5337 Cavellicensis,
2935 5263 3082 5318 Felix
3120 5263 3547 5337 Catalaunensis,

1975 5339 2314 5391 IIem-amntis
2345 5335 2784 5388 Cenomanensis.

2047 5409 2070 5444 δ
2106 5407 2308 5460 Exinde
2356 5413 2517 5473 patet,
2573 5407 2791 5458 verbum
2821 5417 3141 5473 percurrere
3189 5417 3291 5456 non
3341 5414 3542 5462 assumi

1966 5493 2061 5543 pro
2100 5477 2329 5530 lectione
2357 5471 2766 5542 praecipitanter
2811 5471 2966 5546 facta.
3003 5471 3134 5525 Vide
3165 5473 3448 5546 Mabllnn.
3492 5482 3545 5535 in

1967 5546 2285 5601 Defensione
2314 5547 2612 5599 studiorum
2645 5543 3082 5603 monasticornm,
3117 5543 3217 5596 ar’t.
3264 5549 3342 5601 ιε).

2035 5629 2057 5655 ο
2089 5619 2176 5672 Sit:
2206 5630 2333 5671 mss.
2369 5617 2503 5670 Edili
2529 5629 2651 5666 vero
2679 5612 2934 5678 plerique,
2964 5612 3120 5679 dfg‘l.

2029 5684 2053 5724 ἀ
2087 5688 2174 5741 Sic
2206 5687 2334 5741 Bad.
2363 5703 2374 5715 '
2401 5688 2486 5741 alii
2507 5724 2522 5751 ,
2554 5683 2726 5736 eduxi.

3043 5774 3111 5831 ίῖ
