3974 6174
539 231 641 287 5ἳό
1530 235 1588 291 S.
1624 233 1953 291 GREGORII
1994 234 2293 290 EI‘ISCOPI
2335 238 2767 299 TURDNENSIS
3657 253 3748 309 su

539 342 714 397 mi-ndi
753 340 970 413 judicii,
1016 343 1094 400 sic
1139 355 1553 414 reprmscntatos
1591 365 1685 405 vos
1723 366 1828 405 non
1856 360 2114 420 tyrannus
2142 353 2193 413 Α
2219 368 2351 422 quos
2404 366 2658 425 patronos
2701 360 2754 413 in
2805 373 2962 414 causa
2995 358 3087 414 Dei
3118 358 3397 428 diligenter
3437 360 3645 427 ascisco,
3685 367 3748 436 al,

536 444 824 502 oppugnet,
854 435 947 489 sed
978 436 1247 505 legitimus
1278 455 1370 495 rex
1400 452 1625 498 coronet
1651 460 1664 496 :
1688 452 1749 499 ut
1773 445 1818 499 si
1842 460 1969 500 casu
1994 454 2114 514 post
2215 447 2357 517 quod
2382 446 2538 511 absit.
2566 452 2830 505 exstiterit
2860 450 2949 518 qui
2991 457 3173 503 contra
3228 450 3339 503 haec
3368 450 3554 519 aliquid
3594 435 3746 511 moliri

538 541 713 580 meum
741 526 941 580 obitum
973 545 1303 600 quaecunque
1334 549 1562 599 persona
1584 576 1601 602 ,
1634 537 1715 591 vel
1749 537 1846 593 loci
1873 538 2111 607 ejusdem
2216 540 2526 604 tentaverit,
2550 555 2646 609 pro
2694 541 3003 610 repellenda
3042 550 3099 594 et
3126 541 3445 596 confutando
3473 542 3556 597 Dei
3580 544 3744 612 hoste,

539 614 769 680 pontifex
793 655 809 677 ,
840 631 933 669 seu
981 628 1216 685 potestas
1248 621 1544 692 principis,
1584 624 1666 678 vel
1718 626 1854 681 alius
1894 627 2109 695 aliquis,
2215 643 2320 682 non
2350 630 2523 697 pigeat
2555 631 2620 685 ad
2670 646 2877 699 regem,
2920 646 3077 697 quem
3121 645 3188 684 eo
3216 641 3452 699 tempore
3496 632 3631 687 locus
3658 634 3747 689 iste

536 705 676 771 quod
709 721 805 759 nec
830 706 940 762 fieri
974 711 1241 768 credimus
1264 754 1280 777 ,
1311 717 1813 786 congregationem,
1839 718 1919 773 vel
1950 734 2109 773 suasu
2213 719 2533 784 respexerit,
2565 720 2646 774 vel
2674 720 2742 773 ad
2773 721 3039 774 Pictavam
3071 718 3368 785 civitatem,
3414 735 3507 788 p"o
3536 736 3590 775 re
3616 722 3747 776 vobis

538 796 812 862 malivolo,
856 801 934 852 \el
986 802 1210 871 impulsu
1260 805 1539 873 judiciario
1588 809 1900 876 perturbare
1940 818 2112 863 tenta-
2212 819 2335 862 ante
2369 809 2648 862 Dominum
2679 810 3051 863 commendata
3093 823 3441 879 percurrere,
3490 819 3544 864 et
3583 822 3746 868 contra

536 888 697 954 verit,
761 900 851 944 aut
893 894 1128 961 regulam
1177 895 1439 965 frangere,
1483 912 1578 953 seu
1620 900 1945 954 abbatissam
1981 904 2110 955 alte-
2212 898 2438 952 aliorum
2471 899 2787 969 injustitiarn
2820 908 3173 954 exsecutores
3196 909 3253 953 et
3280 898 3578 955 defensores
3608 900 3747 971 justi.

534 992 648 1031 ram
701 995 859 1044 quam
913 998 1151 1037 sororem
1209 1001 1380 1040 meam
1433 986 1722 1057 Agnetem,
1761 1003 1920 1058 quam
1983 991 2108 1043 bea-
2212 986 2299 1042 tia:
2326 989 2609 1055 laborare;
2641 999 2699 1043 ut
2731 990 2836 1043 tale
2868 990 3017 1045 nefas
3057 989 3205 1045 nullo
3234 989 3391 1044 modo
3429 990 3537 1044 suis
3563 991 3746 1046 admitti

536 1067 724 1121 tissimi
768 1069 1027 1123 Germani.
1070 1076 1421 1140 praesentibus
1476 1079 1587 1133 suis
1637 1079 1893 1135 fratribus
1941 1081 2106 1135 bene—
2211 1083 2540 1149 temporibus
2566 1098 2657 1136 rex
2683 1083 2914 1152 patiatur
2939 1082 3255 1144 catholicus,
3280 1095 3378 1136 nec
3400 1083 3615 1135 convelli
3643 1098 3761 1151 per-_

534 1157 697 1211 dictio
730 1162 1100 1225 consecravit;
1130 1173 1221 1218 aut
1264 1166 1375 1235 ipsa
1402 1170 1782 1241 congregatio,
1822 1171 1961 1237 quod
1994 1171 2109 1225 fieri
2211 1170 2543 1241 mittatquod
2578 1172 2693 1239 Dei,
2708 1180 2763 1225 et
2793 1188 2931 1236 mea,
2958 1181 3217 1240 etregurn
3243 1170 3473 1239 ipsorum
3503 1171 3747 1226 voluntate

534 1262 638 1302 non
672 1260 864 1316 potest,
896 1253 1072 1306 habita
1120 1258 1537 1312 murmuratione
1581 1269 1784 1312 tuntare
1814 1262 2105 1316 contende-
2213 1263 2480 1318 ﬁrmatum
2504 1273 2613 1319 est.
2648 1262 2817 1319 Simul
2844 1264 3005 1317 etiam
3033 1263 3321 1331 principes,
3351 1277 3483 1330 quos
3511 1262 3639 1317 Deus
3662 1279 3746 1332 pro

539 1335 627 1403 rit,
659 1339 741 1393 vel
786 1341 1040 1408 quasdam
1085 1342 1475 1400 dominationes
1520 1348 1571 1401 in
1619 1349 1973 1414 monasterio,
2024 1351 2107 1406 vel
2208 1354 2593 1422 gubernatione
2623 1353 2801 1422 populi
2834 1361 2953 1421 post
2981 1355 3264 1407 decessum
3295 1367 3467 1407 meum
3489 1367 3745 1421 superesse

531 1430 694 1485 rebus
738 1433 1046 1487 monasterii
1070 1476 1083 1497 ,
1116 1450 1452 1505 quascunque
1504 1455 1727 1506 persona
1760 1443 1841 1499 vel
1873 1445 2103 1510 pontifex
2210 1443 2542 1510 prmeeperit,
2572 1442 2795 1509 conjuro
2826 1457 2921 1510 per
2962 1456 3140 1509 regem
3167 1440 3325 1509 cujus
3355 1440 3499 1510 regni
3527 1456 3621 1493 nott
3661 1441 3746 1494 erit

531 1518 657 1584 loci,
690 1531 882 1589 praeter
911 1538 1043 1592 quas
1070 1536 1442 1580 antecessores
1469 1529 1743 1596 episcopi,
1781 1539 1874 1584 aut
1900 1533 1987 1586 alii
2020 1548 2105 1587 me
2208 1534 2361 1598 finis,
2384 1543 2434 1586 et
2464 1533 2528 1586 ad
2569 1532 2721 1602 cujus
2771 1544 2957 1586 nutum
3006 1546 3167 1601 regna
3214 1533 3545 1598 consistunt,
3575 1532 3655 1600 qui
3679 1533 3745 1587 eis

532 1614 819 1679 superstite
851 1611 1186 1681 habuerunt,
1221 1630 1357 1669 nmo
1390 1618 1666 1687 privilegio
1695 1620 1999 1691 quicunque
2024 1622 2104 1677 af—
2196 1621 2423 1676 donavit
2457 1622 2629 1692 ipsum
2663 1622 2841 1677 vivere
2872 1622 2956 1676 vel
3003 1635 3231 1690 regnare
3254 1664 3271 1691 ,
3314 1629 3373 1676 ut
3399 1621 3743 1676 monasterium

535 1701 733 1756 fet-tare
784 1704 1033 1771 voltu-rit,
1064 1715 1155 1759 aut
1204 1717 1356 1762 extra
1408 1709 1644 1779 regulam
1682 1710 1876 1766 exinde
1921 1712 2101 1781 egredi
2137 1710 2179 1765 Β
2206 1715 2347 1783 quod
2376 1729 2441 1769 ex
2476 1714 2740 1781 permisso
2784 1724 2839 1769 ct
2866 1714 3061 1768 solatio
3089 1714 3409 1768 damnorum
3451 1729 3641 1785 regum,
3671 1730 3745 1781 pa-

528 1792 647 1856 quis
679 1794 981 1862 tentaverit,
1015 1810 1107 1849 seu
1130 1795 1198 1850 de
1225 1797 1405 1863 rebus,
1430 1814 1564 1867 quas
1596 1800 1645 1852 itt
1671 1814 1755 1854 me
1786 1802 2102 1868 prazcellen-
2205 1805 2300 1859 tris
2315 1804 2394 1859 vel
2411 1805 2497 1859 avi
2517 1819 2704 1860 eorum
2730 1806 3097 1859 construxisse
3123 1806 3240 1859 visa
3262 1818 3401 1869 sunt,
3422 1814 3474 1859 et
3496 1805 3586 1857 ord
3608 1817 3743 1857 uisse

528 1884 765 1936 tissimus
812 1884 1038 1939 domnus
1072 1885 1441 1953 Chlotltarius,
1492 1889 1575 1943 vel
1626 1892 2098 1958 prmeelleutissimi
2206 1896 2540 1965 regulariter,
2574 1896 2656 1951 vel
2705 1896 2943 1962 delesse,
2983 1895 3145 1966 475
3190 1896 3294 1950 sub
3339 1909 3433 1949 sua
3458 1895 3667 1950 tuitiaue
3696 1904 3742 1948 et

525 1972 705 2027 donmi
740 1990 892 2044 rcges
919 1974 1026 2047 [ΑΙ.
1060 1976 1224 2049 regis]
1252 1978 1343 2034 filii
1372 1980 1453 2034 sui
1480 1982 1824 2037 contulerunt
1857 2000 1871 2036 :
1904 1993 1958 2038 et
1999 2000 2100 2053 ego
2200 2000 2466 2051 sermone,
2498 2002 2601 2041 una
2647 2002 2765 2041 cum
2795 1986 2999 2056 Agnete
3034 1988 3303 2042 abbatissa
3328 1985 3543 2054 jubeant
3567 1985 3741 2054 guber-

525 2080 588 2115 ιχ
638 2063 753 2132 ejus
801 2066 1175 2137 praeceptionis
1206 2070 1465 2138 permisso
1485 2114 1499 2137 ,
1533 2072 1860 2126 monasterio
1909 2073 2101 2128 tradidi
2205 2093 2358 2145 nare,
2387 2089 2438 2134 et
2467 2094 2496 2132 a
2528 2078 2675 2133 nullo
2704 2094 2876 2144 neque
2906 2093 3052 2148 saepe
3081 2079 3280 2133 dictam
3310 2078 3619 2139 abbatissam
3659 2091 3741 2131 uo-

525 2154 901 2221 possidrndum
925 2198 938 2219 ,
969 2166 1024 2211 et
1054 2173 1147 2226 per
1189 2159 1531 2215 auctoritates
1582 2162 2102 2229 praecellentissimo—
2202 2178 2391 2233 stram,
2420 2183 2592 2239 neque
2620 2168 2816 2235 aliqud
2848 2169 2917 2220 ad
2946 2183 3183 2222 noswum
3211 2169 3581 2231 monasterium
3610 2166 3741 2235 perii

525 2259 642 2297 rum
675 2244 989 2300 domnorum
1046 2263 1252 2317 regum,
1283 2248 1619 2314 Chariberti,
1669 2250 2057 2309 Guntcltramni
2082 2295 2097 2319 ,
2202 2273 2336 2312 nens
2368 2259 2663 2323 rnolestari,
2683 2270 2775 2313 aut
2814 2258 3131 2326 inquietari,
3162 2257 3251 2311 vel
3280 2256 3472 2313 exinde
3507 2255 3739 2320 imminui,

523 2334 807 2403 Litilperici
837 2344 890 2389 et
936 2336 1186 2406 Slglelli
1211 2375 1229 2401 ,
1261 2351 1382 2391 cum
1430 2340 1754 2395 sacramenti
1801 2340 2102 2410 interposi-
2201 2356 2295 2402 aut
2336 2346 2536 2417 aliquid
2584 2349 2778 2401 mutari
2821 2348 3165 2416 permittant;
3207 2349 3304 2403 sed
3346 2348 3507 2418 magis
3549 2362 3633 2416 pro
3662 2346 3739 2400 Dei

525 2427 668 2477 tione
693 2464 708 2489 ,
755 2432 810 2479 et
837 2440 1052 2478 suarum
1092 2443 1342 2481 manuum
1374 2428 1862 2500 subscriptionibus
1888 2432 2101 2488 obtinui
2201 2439 2393 2493 intuitu
2424 2454 2526 2492 una
2553 2452 2675 2492 cum
2718 2439 2930 2493 domuis
2963 2437 3259 2508 episcopis,
3291 2440 3426 2509 ipsi,
3457 2452 3540 2495 me
3574 2436 3739 2504 θυννεί-

526 2514 836 2568 conlirmari
871 2533 884 2567 :
926 2524 1018 2569 aut
1064 2532 1129 2569 ex
1163 2517 1245 2571 his
1278 2534 1394 2587 qua:
1422 2518 1513 2572 alii
1542 2535 1635 2588 pro
1662 2521 1956 2575 animarum
1980 2540 2095 2577 sua-

2200 2539 2357 2583 cante
2392 2543 2572 2581 coram
2623 2527 2964 2596 redemptore
3008 2530 3286 2598 gentium,
3318 2530 3454 2584 sicut
3498 2529 3571 2584 eis
3611 2543 3737 2582 cotu-

526 2619 644 2656 rmn
684 2604 945 2671 remedio,
976 2607 1059 2660 vel
1093 2622 1308 2662 sorores
1346 2608 1541 2664 ibidem
1590 2612 1657 2665 de
1685 2616 1842 2667 rebus
1872 2615 2101 2683 propriis
2202 2619 2416 2683 mendo,
2450 2616 2716 2674 defensuri
2742 2618 2962 2688 jubeant
2995 2628 3051 2673 et
3075 2618 3310 2687 muniri,
3336 2628 3393 2674 ut
3421 2620 3473 2673 in
3497 2619 3639 2687 cujus
3661 2616 3740 2669 lto-

523 2697 892 2762 contulerunt,
944 2699 1135 2768 aliquis
1167 2703 1441 2771 princeps,
1470 2714 1554 2756 aut
1590 2704 1848 2771 pontifex,
1879 2718 1971 2761 aut
2002 2724 2092 2777 po-
2201 2727 2332 2767 uore
2362 2712 2461 2765 Dui
2514 2710 2739 2766 famulas
2788 2721 3099 2781 protegunt,
3138 2700 3587 2789 cum-defensore
3625 2726 3737 2780 pau-

524 2797 663 2851 tcns,
688 2795 780 2841 aut
811 2795 836 2823 ⁶
868 2788 937 2842 de
962 2791 1240 2843 sororibus
1268 2791 1556 2860 cujuslibet
1594 2808 1838 2862 personae
1861 2799 1972 2851 ausi
2004 2799 2101 2851 mi-
2203 2818 2386 2872 perum
2431 2811 2485 2858 et
2537 2803 2749 2871 Sponso
2810 2803 3083 2876 Virginum
3111 2788 3517 2877 ;-pe_rpetualiter
3566 2812 3738 2857 aeterno

524 2893 710 2940 Illlel‘t’.
734 2886 827 2930 θυι
865 2878 1079 2934 είὺίηιθῑ
1118 2880 1183 2932 ad
1220 2881 1604 2949 ρτοντίοιειιθιη
1647 2899 1904 2940 revocare
1933 2889 2097 2941 ελαί-
2209 2894 2479 2948 socientnr
2506 2894 2557 2948 itt
2589 2910 2774 2963 regno.
2810 2895 2937 2949 Illud
2966 2892 2998 2935 ἀ
3018 2890 3240 2964 quoque
3270 2912 3362 2950 vos
3396 2905 3597 2950 sanctos
3628 2910 3738 2964 pon-

524 2967 645 3036 lego
694 2975 819 3020 voto
868 2968 1243 3032 contenderit,
1288 2967 1357 3022 ita
1411 2978 1644 3026 vestram
1703 2975 2035 3030 sanctitatem
2071 2974 2093 3013 ιτ

2200 2984 2391 3053 tilices,
2437 2996 2488 3040 et
2537 2976 3060 3054 prmcellentissimds
3090 2986 3325 3041 domuos
3374 3002 3536 3056 reges,
3566 2994 3616 3040 et
3640 2985 3735 3038 uni-

522 3071 1006 3124 successorumque
1041 3057 1206 3130 (.74
1234 3071 1527 3115 vestrorum
1577 3070 1697 3131 post
1745 3062 1945 3131 Deum,
2002 3082 2091 3133 pro

2163 3067 2411 3129 lversum
2453 3076 2705 3143 populum
2747 3075 3108 3130 Christianum
3133 3116 3149 3142 ,
3201 3077 3426 3146 conjuro
3471 3092 3559 3146 per
3603 3076 3732 3131 (idem

521 3164 642 3203 mea
672 3147 1062 3217 supplicatione
1091 3163 1144 3205 ει
1188 3149 1389 3206 Chiis“
1418 3153 1708 3220 νυίυηιδιθο
1737 3155 1970 3209 incurrat
1996 3173 2009 3210 ε
2041 3166 2097 3211 υι
2199 3165 2518 3219 catholicam
2544 3168 2595 3219 in
2626 3181 2727 3234 qua
2783 3166 3036 3234 baptizati
3066 3166 3222 3233 estis,
3250 3178 3303 3222 et
3335 3166 3587 3221 Ecclesias
3626 3177 3735 3233 qua:

520 3241 658 3296 sicut
691 3240 970 3309 praedones
1019 3251 1072 3297 et
1115 3242 1431 3326 spoliatores
1471 3259 1761 3312 pauperum
1792 3255 1941 3301 extra
1971 3262 2089 3317 gra-

2199 3257 2546 3322 conservatis,
2597 3266 2651 3309 ut
2678 3257 2734 3315 in
2782 3257 3000 3311 basilica
3044 3273 3204 3326 quam
3255 3257 3307 3312 in
3351 3268 3539 3312 sancta:
3583 3255 3734 3310 Mariis

522 3336 649 3390 tiam
682 3344 909 3389 vestram
935 3320 1254 3403 habeantur,
1288 3351 1554 3404 nunquam
1579 3337 1657 3401 de
1677 3348 1856 3392 nostra
1889 3341 2093 3406 regula,
2201 3344 2489 3399 Dominica:
2538 3346 2663 3413 geni
2686 3347 2812 3399 ricis
2866 3346 3120 3402 honorem
3172 3352 3437 3418 cmpimus
3483 3348 3731 3409 editicare,

523 3430 604 3483 vel
636 3427 704 3482 de
731 3428 891 3483 rebus
918 3428 1251 3494 monasterii,
1284 3428 1667 3484 obsistentibus
1711 3431 1881 3495 vobis,
1917 3432 2097 3486 immi-
2200 3437 2286 3490 ubi
2316 3438 2476 3491 etiam
2525 3437 2705 3490 multae
2760 3452 2975 3493 sorores
3027 3445 3231 3495 nostra:
3281 3442 3505 3496 conditae
3549 3446 3658 3494 sunt
3691 3438 3735 3490 in

522 3539 691 3577 nucre
720 3523 895 3576 valeat
944 3523 1143 3587 aliquid
1175 3531 1267 3575 aut
1308 3532 1535 3576 mutare.
1584 3523 1694 3577 lloc
1716 3524 1873 3579 etiam
1904 3524 2097 3592 depre-
2200 3528 2406 3596 requie,
2431 3528 2546 3582 sive
2574 3527 2832 3597 perfecta,
2863 3530 2977 3584 sive
3004 3529 3339 3599 imperfecta,
3369 3547 3486 3585 cum
3517 3544 3595 3584 me
3621 3528 3736 3582 Deus

524 3629 652 3666 cans
683 3624 735 3665 ut
766 3628 884 3666 cum
916 3613 1056 3666 Deus
1088 3612 1395 3680 praedictam
1430 3612 1679 3667 domnam
1728 3630 1969 3668 sororem
1999 3630 2096 3667 no-
2199 3617 2265 3671 de
2295 3618 2395 3673 hac
2420 3617 2535 3673 luce
2564 3621 2792 3687 migrare
2823 3621 3156 3689 praeceperit,
3193 3623 3562 3692 corpusculum
3584 3632 3733 3674 meum

521 3709 688 3753 stram
719 3699 978 3770 Agnetem
1020 3700 1086 3753 de
1134 3698 1331 3755 saeculo
1379 3701 1607 3769 migrare
1638 3702 1895 3766 voluerit,
1930 3701 2011 3755 ila
2045 3703 2090 3756 in

2201 3708 2271 3763 ibi
2304 3708 2497 3765 debeat
2525 3711 2760 3777 sepeliri.
2790 3711 2940 3776 Quod
2980 3710 3027 3765 si
3067 3713 3188 3780 quis
3230 3714 3375 3767 aliud
3399 3712 3518 3768 inde
3542 3709 3734 3765 volui-rit

523 3791 643 3844 loco
672 3791 790 3858 ejus
831 3790 1097 3843 abbatissa
1130 3791 1197 3843 de
1245 3800 1426 3844 nostra
1467 3792 1881 3861 congregatione
1906 3793 2098 3847 debeat
2201 3810 2290 3852 aut
2316 3798 2427 3853 fieri
2459 3801 2765 3865 tentaverit,
2797 3801 3072 3856 obtinente
3098 3818 3263 3859 cruce
3296 3804 3487 3860 Cbrisri
3531 3810 3582 3858 et
3608 3803 3733 3855 licata

520 3881 787 3947 ordinari,
833 3897 949 3950 (μιν
986 3881 1091 3935 Deo
1141 3876 1194 3937 et
1224 3882 1324 3951 ipsi
1354 3882 1633 3949 placuerit,
1664 3884 1973 3936 custodiens
2010 3898 2095 3938 re-
2199 3889 2384 3955 Maria,
2415 3890 2648 3945 divinam
2673 3894 2925 3948 ultionem
2959 3893 3230 3960 incurrat,
3266 3904 3321 3950 et
3347 3896 3490 3950 vobis
3517 3896 3722 3949 intercur

519 3971 733 4041 gulam,
767 3981 818 4025 ct
858 3970 985 4024 nihil
1033 3971 1098 4024 de
1152 3974 1423 4041 proposito
1468 3971 1766 4027 sanctitatis
1793 3973 2092 4028 imminuat.
2199 3980 2461 4046 rentibus,
2496 3981 2696 4035 inloco
2743 3983 2906 4049 ipsius
2952 3982 3195 4038 basilicae
3243 4001 3452 4042 merear
3480 3998 3590 4039 cum
3618 3996 3735 4038 soro-

520 4064 653 4119 Nam
689 4074 713 4104 ο
747 4078 1025 4131 nunquam
1065 4066 1272 4134 propria
1325 4075 1415 4120 aut
1458 4066 1823 4137 cujuscunque
1854 4068 2097 4123 voluntas
2200 4086 2317 4125 rum
2346 4073 2757 4142 congregatione
2803 4074 3047 4129 obtinere
3077 4076 3314 4130 loculum
3367 4074 3650 4142 sepulturae.
3684 4070 3735 4122 Ει

520 4154 836 4226 praecipitet.
860 4147 1010 4223 Quod
1037 4157 1104 4219 si,
1144 4156 1285 4226 quod
1318 4157 1487 4223 absit,
1524 4168 1707 4213 contra
1752 4159 1843 4213 Dei
1877 4159 2098 4213 manda-
2200 4171 2257 4215 ut
2292 4160 2423 4215 haec
2453 4163 2768 4230 supplicatio
2814 4180 2968 4227 mea,
3019 4180 3178 4233 quam
3214 4182 3372 4219 manu
3420 4165 3613 4235 propria
3638 4160 3734 4215 sub-

520 4258 629 4302 tum
662 4258 715 4302 et
742 4248 1118 4303 auctoritatem
1155 4264 1338 4317 regum
1384 4249 1576 4319 aliquis
1606 4250 1674 4305 de
1719 4252 2096 4320 suprascriptis
2201 4251 2420 4320 scripsi,
2471 4251 2521 4304 in
2571 4252 2881 4307 universalis
2931 4254 3184 4309 Ecclesia:
3234 4256 3453 4310 archiva
3507 4262 3734 4312 servi-tur,

521 4340 913 4395 conditionibus
940 4355 1120 4394 coram
1151 4340 1378 4394 Domino
1406 4352 1458 4395 et
1486 4344 1686 4395 sanctis
1706 4342 1824 4411 ejus
1856 4342 2095 4410 precitbi-
2199 4342 2379 4396 effusis
2408 4358 2528 4396 cum
2582 4344 2830 4413 Iacrytnis
2881 4345 3145 4413 deprecor
3173 4362 3186 4398 :
3222 4359 3478 4414 quatenus
3507 4344 3549 4397 si
3582 4352 3734 4395 contra

520 4433 644 4487 liter
664 4430 1055 4486 commendatis
1075 4444 1256 4501 agere,
1278 4439 1370 4485 aut
1392 4430 1459 4485 de
1482 4447 1707 4501 persona
1737 4443 1827 4486 aut
1848 4433 2089 4488 substan-
2125 4433 2175 4493 D
2201 4434 2471 4503 improbos
2499 4435 2707 4504 aliquos
2748 4437 3038 4491 necessitas
3080 4440 3344 4506 exegerit,
3377 4448 3431 4492 ut
3461 4446 3621 4490 vestra
3659 4431 3735 4484 de-

520 4525 593 4574 tia
637 4521 921 4576 minuenda
954 4521 1203 4587 voluerit,
1236 4531 1328 4575 aut
1376 4530 1683 4576 uti-moratae
1736 4524 1909 4577 sorori
1958 4538 2094 4578 mete
2182 4525 2448 4581 ernsione
2476 4540 2632 4580 soror
2660 4540 2780 4581 mea
2810 4529 2989 4596 Agnes
3016 4525 3307 4593 abbatissa,
3351 4527 3432 4582 vel
3478 4533 3732 4592 congrega-

522 4614 709 4681 Agneti
756 4610 1042 4664 abbatissa:
1068 4610 1344 4665 molestias
1389 4610 1596 4680 aliquas
1626 4610 1827 4666 inferre
1854 4619 2095 4666 tentave-
2200 4618 2275 4672 tio
2302 4615 2439 4687 ejus,
2461 4618 2610 4687 quo“
2628 4616 2863 4673 succurri
2889 4619 2987 4673 sibi
3020 4620 3378 4689 poposcerint,
3399 4624 3575 4674 vestra:
3602 4613 3733 4669 misc-

520 4700 608 4763 rit,
639 4700 753 4764 Dei,
781 4710 831 4753 et
862 4706 1062 4754 sancire
1091 4701 1265 4756 crucis
1286 4740 1303 4764 ,
1335 4710 1393 4755 et
1416 4700 1587 4769 beatae
1630 4701 1812 4756 Mariae
1854 4700 2095 4757 inturrat
2209 4705 2448 4761 rieordize
2492 4707 2574 4775 pia
2611 4707 2908 4762 consolatio
2947 4723 3101 4775 opem
3132 4708 3382 4777 pastorali
3416 4702 3732 4762 sollicitudine

521 4791 804 4862 judicium,
840 4800 893 4844 et
920 4792 1105 4846 beatos
1135 4791 1471 4847 confessores
1516 4791 1775 4846 llilarium
1828 4802 1883 4847 et
1909 4792 2094 4846 Marti-
2199 4797 2597 4866 subministret;
2627 4814 2725 4854 nec
2751 4799 2821 4853 de
2868 4816 2952 4854 me
2989 4800 3270 4855 destitutas
3312 4815 3370 4855 se
3397 4798 3698 4869 proclament

522 4896 670 4947 num,
699 4882 889 4950 quibus
918 4887 1038 4949 post
1067 4879 1232 4935 Deum
1255 4895 1472 4936 sorores
1502 4896 1649 4937 meas
1683 4881 1872 4937 tradidi
1903 4882 2096 4937 deten-
2202 4891 2394 4960 quibus
2424 4892 2563 4947 Deus
2609 4892 2917 4962 prmsidium
2968 4906 3163 4949 vestrae
3206 4895 3392 4963 gratiis
3436 4885 3710 4964 prteparav't

521 4976 745 5040 «lendas,
777 4975 919 5042 ipsos
950 4972 1140 5030 habeat
1164 4973 1590 5028 contradictores
1615 4983 1669 5029 et
1701 4985 2091 5040 persecutores.
2200 4980 2330 5036 Illud
2361 4981 2511 5035 vobis
2539 4982 2591 5036 in
2621 4983 2869 5037 erunibus
2915 4994 3038 5039 ante
3067 4985 3253 5039 oculos
3296 4994 3623 5045 revocantes,
3659 4990 3723 5045 pet

520 5068 599 5123 Te
626 5082 859 5138 quoque,
893 5066 1053 5121 beate
1094 5064 1354 5135 pontifex.
1388 5078 1834 5134 successoresque
1862 5074 2089 5131 vestros,

2199 5072 2398 5141 ipsum,
2430 5072 2519 5141 qui
2552 5072 2619 5127 de
2649 5088 2811 5130 cruce
2858 5075 3087 5144 gloriosa
3122 5074 3390 5144 Virginem
3433 5087 3576 5129 suam
3610 5065 3711 5138 geni

592 5211 618 5239 ⁸
647 5202 859 5273 Begm.,
890 5209 980 5275 aut
1022 5199 1194 5275 aliqua
1248 5198 1311 5253 de
1343 5198 1604 5275 sororibus
1628 5198 1738 5275 ha_:¢_:
1772 5198 2090 5275 nuntiauere,
2240 5210 2296 5275 _f
2330 5200 2543 5269 Regnu,
2613 5218 2733 5255 nam
2800 5219 3164 5275 nonnunquam
3219 5218 3520 5274 propria....
3577 5195 3726 5262 preci.

523 5282 570 5326 ct
599 5274 648 5325 in
678 5269 769 5325 sua
798 5273 1012 5338 propria
1055 5271 1321 5341 traducere
1360 5270 1531 5338 quavis
1554 5269 1942 5341 machinatione
1986 5278 2095 5322 ten-
2198 5271 2346 5341 pitat.

531 5344 727 5413 ruperit,
757 5343 1096 5396 anathemati;
1116 5338 1237 5413 jugi
1265 5340 1440 5410 gladio
1468 5339 1735 5408 feriantur.
1802 5411 1811 5413 4
1898 5410 1907 5413 _
2199 5338 2215 5413 ξ
2270 5338 2454 5413 {Qua
2500 5350 2795 5410 sequuntur
2835 5343 2902 5398 ad
2950 5344 3105 5399 finem
3136 5344 3327 5411 capitis
3351 5347 3605 5397 contracta
3635 5347 3712 5386 sun

598 5409 624 5449 δ
656 5411 983 5507 Legctulutn,
1017 5427 1072 5466 ut
1099 5409 1246 5483 puto,
1270 5409 1408 5463 iram
1432 5420 1607 5463 uestra:
1648 5410 1953 5474 sanctitatis,
1987 5418 2090 5465 etc.
2201 5409 2253 5465 iu
2284 5410 2473 5480 Regni.

526 5543 781 5662 ωίιέῗδιο
796 5545 1214 5598 omittitvoculam
1250 5559 1343 5610 quo
1370 5546 1652 5598 Dominicus
1685 5548 1963 5612 Mansi,qul
2026 5550 2154 5599 lianc
2180 5550 2430 5614 epistolam
2476 5563 2577 5600 suae
2613 5550 2938 5603 Coneiliorum
2977 5551 3257 5664 σαὶιῖξὲὶίοηὶ
3284 5546 3501 5608 inseruit.
3544 5549 3632 5595 ωπδ
3665 5533 3734 5597 ίλο
