  <div class='ocr_page' id='page_1' title='image "/cluster/home/n/w/nwhite01/storage/ocr_20150623/71/hvd.32044054758750/269.png"; bbox 0 0 3920 6188; ppageno 0'>
   <div class='ocr_carea' id='block_1_1' title="bbox 545 582 2132 659">
    <p class='ocr_par' dir='ltr' id='par_1_1' title="bbox 545 582 2132 659">
     <span class='ocr_line' id='line_1_1' title="bbox 545 582 2132 659; baseline -0.003 -16"><span class='ocrx_word' id='word_1_1' title='bbox 545 586 708 659; x_wconf 66' lang='grc'><strong>479</strong></span> <span class='ocrx_word' id='word_1_2' title='bbox 748 587 785 642; x_wconf 93' lang='grc'><strong>1.</strong></span> <span class='ocrx_word' id='word_1_3' title='bbox 822 587 974 642; x_wconf 85' lang='lat' dir='ltr'><strong>Anno</strong></span> <span class='ocrx_word' id='word_1_4' title='bbox 1006 586 1159 655; x_wconf 86' lang='lat' dir='ltr'><strong>igitur</strong></span> <span class='ocrx_word' id='word_1_5' title='bbox 1191 583 1585 653; x_wconf 88' lang='lat' dir='ltr'><strong>qnintodecimo</strong></span> <span class='ocrx_word' id='word_1_6' title='bbox 1613 583 1940 639; x_wconf 85' lang='lat' dir='ltr'><strong>Cliildeberti</strong></span> <span class='ocrx_word' id='word_1_7' title='bbox 1969 595 2055 636; x_wconf 87' lang='lat' dir='ltr'><strong>re-</strong></span> <span class='ocrx_word' id='word_1_8' title='bbox 2083 582 2132 639; x_wconf 88' lang='lat' dir='ltr'><strong>A</strong></span> 
     </span>
    </p>
   </div>
   <div class='ocr_carea' id='block_1_2' title="bbox 472 677 2054 756">
    <p class='ocr_par' dir='ltr' id='par_1_2' title="bbox 472 677 2054 756">
     <span class='ocr_line' id='line_1_2' title="bbox 472 677 2054 756; baseline -0.006 -17"><span class='ocrx_word' id='word_1_9' title='bbox 472 686 581 756; x_wconf 83' lang='lat' dir='ltr'><strong>gis,</strong></span> <span class='ocrx_word' id='word_1_10' title='bbox 615 682 870 737; x_wconf 80' lang='lat' dir='ltr'><strong>diaconus</strong></span> <span class='ocrx_word' id='word_1_11' title='bbox 903 691 1086 733; x_wconf 82' lang='lat' dir='ltr'><strong>noster</strong></span> <span class='ocrx_word' id='word_1_12' title='bbox 1118 679 1184 731; x_wconf 90' lang='lat' dir='ltr'><strong>ab</strong></span> <span class='ocrx_word' id='word_1_13' title='bbox 1225 679 1356 732; x_wconf 96' lang='lat' dir='ltr'><strong>urbe</strong></span> <span class='ocrx_word' id='word_1_14' title='bbox 1399 677 1566 731; x_wconf 89' lang='lat' dir='ltr'><strong>Roma</strong></span> <span class='ocrx_word' id='word_1_15' title='bbox 1598 693 1718 731; x_wconf 82' lang='lat' dir='ltr'><strong>cum</strong></span> <span class='ocrx_word' id='word_1_16' title='bbox 1750 687 2054 730; x_wconf 86' lang='lat' dir='ltr'><strong>sanctorum</strong></span> 
     </span>
    </p>
   </div>
   <div class='ocr_carea' id='block_1_3' title="bbox 470 770 2056 846">
    <p class='ocr_par' dir='ltr' id='par_1_3' title="bbox 470 770 2056 846">
     <span class='ocr_line' id='line_1_3' title="bbox 470 770 2056 846; baseline -0.004 -17"><span class='ocrx_word' id='word_1_17' title='bbox 470 776 779 846; x_wconf 75' lang='lat' dir='ltr'><strong>pignoribus</strong></span> <span class='ocrx_word' id='word_1_18' title='bbox 812 775 1029 829; x_wconf 83' lang='lat' dir='ltr'><strong>veniens</strong></span> <span class='ocrx_word' id='word_1_19' title='bbox 1055 782 1100 837; x_wconf 72' lang='grc' dir='ltr'><strong>κ,</strong></span> <span class='ocrx_word' id='word_1_20' title='bbox 1121 773 1198 826; x_wconf 91' lang='lat' dir='ltr'><strong>sic</strong></span> <span class='ocrx_word' id='word_1_21' title='bbox 1224 772 1420 834; x_wconf 88' lang='lat' dir='ltr'><strong>retulit,</strong></span> <span class='ocrx_word' id='word_1_22' title='bbox 1441 770 1578 838; x_wconf 88' lang='lat' dir='ltr'><strong>quod</strong></span> <span class='ocrx_word' id='word_1_23' title='bbox 1611 784 1750 823; x_wconf 92' lang='lat' dir='ltr'><strong>anno</strong></span> <span class='ocrx_word' id='word_1_24' title='bbox 1780 780 2056 837; x_wconf 80' lang='lat' dir='ltr'><strong>superiore</strong></span> 
     </span>
    </p>
   </div>
   <div class='ocr_carea' id='block_1_4' title="bbox 469 859 2053 923">
    <p class='ocr_par' dir='ltr' id='par_1_4' title="bbox 469 859 2053 923">
     <span class='ocr_line' id='line_1_4' title="bbox 469 859 2053 923; baseline -0.004 -1"><span class='ocrx_word' id='word_1_25' title='bbox 469 881 655 923; x_wconf 86' lang='lat' dir='ltr'><strong>mense</strong></span> <span class='ocrx_word' id='word_1_26' title='bbox 691 881 834 921; x_wconf 91' lang='lat' dir='ltr'><strong>nono</strong></span> <span class='ocrx_word' id='word_1_27' title='bbox 874 875 1016 919; x_wconf 86' lang='lat' dir='ltr'><strong>tanta</strong></span> <span class='ocrx_word' id='word_1_28' title='bbox 1065 865 1410 918; x_wconf 76' lang='lat' dir='ltr'><strong>inundatione</strong></span> <span class='ocrx_word' id='word_1_29' title='bbox 1442 862 1650 916; x_wconf 80' lang='lat' dir='ltr'><strong>Tberis</strong></span> <span class='ocrx_word' id='word_1_30' title='bbox 1681 861 1873 916; x_wconf 88' lang='lat' dir='ltr'><strong>ﬂuvius</strong></span> <span class='ocrx_word' id='word_1_31' title='bbox 1901 859 1925 900; x_wconf 75' lang='grc' dir='ltr'>δ</span> <span class='ocrx_word' id='word_1_32' title='bbox 1957 877 2053 915; x_wconf 85' lang='grc' dir='ltr'>ιιι·-</span> 
     </span>
    </p>
   </div>
   <div class='ocr_carea' id='block_1_5' title="bbox 470 958 2050 1025">
    <p class='ocr_par' dir='ltr' id='par_1_5' title="bbox 470 958 2050 1025">
     <span class='ocr_line' id='line_1_5' title="bbox 470 958 2050 1025; baseline -0.003 -11"><span class='ocrx_word' id='word_1_33' title='bbox 470 961 590 1017; x_wconf 91' lang='lat' dir='ltr'><strong>bem</strong></span> <span class='ocrx_word' id='word_1_34' title='bbox 619 961 842 1015; x_wconf 81' lang='lat' dir='ltr'><strong>Romam</strong></span> <span class='ocrx_word' id='word_1_35' title='bbox 867 959 1148 1023; x_wconf 81' lang='lat' dir='ltr'><strong>obtexerit,</strong></span> <span class='ocrx_word' id='word_1_36' title='bbox 1168 968 1224 1012; x_wconf 92' lang='lat' dir='ltr'><strong>ut</strong></span> <span class='ocrx_word' id='word_1_37' title='bbox 1253 959 1397 1013; x_wconf 72' lang='lat' dir='ltr'><strong>mdes</strong></span> <span class='ocrx_word' id='word_1_38' title='bbox 1422 962 1653 1025; x_wconf 65' lang='lat' dir='ltr'><strong>antiquae</strong></span> <span class='ocrx_word' id='word_1_39' title='bbox 1681 958 2050 1022; x_wconf 86' lang='lat' dir='ltr'><strong>diruerentur;</strong></span> 
     </span>
    </p>
   </div>
   <div class='ocr_carea' id='block_1_6' title="bbox 468 1049 2052 1118">
    <p class='ocr_par' dir='ltr' id='par_1_6' title="bbox 468 1049 2052 1118">
     <span class='ocr_line' id='line_1_6' title="bbox 468 1049 2052 1118; baseline -0.003 -12"><span class='ocrx_word' id='word_1_40' title='bbox 468 1054 657 1106; x_wconf 89' lang='lat' dir='ltr'><strong>horrea</strong></span> <span class='ocrx_word' id='word_1_41' title='bbox 686 1051 844 1106; x_wconf 88' lang='lat' dir='ltr'><strong>etiam</strong></span> <span class='ocrx_word' id='word_1_42' title='bbox 875 1049 1117 1104; x_wconf 62' lang='lat' dir='ltr'><strong>ecclesia:</strong></span> <span class='ocrx_word' id='word_1_43' title='bbox 1146 1051 1402 1104; x_wconf 86' lang='lat' dir='ltr'><strong>subversa</strong></span> <span class='ocrx_word' id='word_1_44' title='bbox 1447 1051 1581 1114; x_wconf 83' lang='lat' dir='ltr'><strong>sint,</strong></span> <span class='ocrx_word' id='word_1_45' title='bbox 1611 1053 1661 1104; x_wconf 94' lang='lat' dir='ltr'><strong>in</strong></span> <span class='ocrx_word' id='word_1_46' title='bbox 1697 1050 1885 1118; x_wconf 81' lang='lat' dir='ltr'><strong>quibus</strong></span> <span class='ocrx_word' id='word_1_47' title='bbox 1915 1063 2052 1101; x_wconf 76' lang='lat' dir='ltr'><strong>non-</strong></span> 
     </span>
    </p>
   </div>
   <div class='ocr_carea' id='block_1_7' title="bbox 466 1139 2049 1205">
    <p class='ocr_par' dir='ltr' id='par_1_7' title="bbox 466 1139 2049 1205">
     <span class='ocr_line' id='line_1_7' title="bbox 466 1139 2049 1205; baseline -0.003 -11"><span class='ocrx_word' id='word_1_48' title='bbox 466 1142 609 1195; x_wconf 90' lang='lat' dir='ltr'><strong>nulla</strong></span> <span class='ocrx_word' id='word_1_49' title='bbox 632 1139 794 1193; x_wconf 84' lang='lat' dir='ltr'><strong>millia</strong></span> <span class='ocrx_word' id='word_1_50' title='bbox 824 1140 1119 1192; x_wconf 85' lang='lat' dir='ltr'><strong>modiorum</strong></span> <span class='ocrx_word' id='word_1_51' title='bbox 1145 1140 1305 1192; x_wconf 93' lang='lat' dir='ltr'><strong>tritici</strong></span> <span class='ocrx_word' id='word_1_52' title='bbox 1333 1140 1560 1205; x_wconf 76' lang='lat' dir='ltr'><strong>periere.</strong></span> <span class='ocrx_word' id='word_1_53' title='bbox 1588 1139 1865 1193; x_wconf 70' lang='lat' dir='ltr'><strong>Multitudo</strong></span> <span class='ocrx_word' id='word_1_54' title='bbox 1890 1139 2049 1191; x_wconf 70' lang='lat' dir='ltr'><strong>e&#39;izim</strong></span> 
     </span>
    </p>
   </div>
   <div class='ocr_carea' id='block_1_8' title="bbox 465 1228 2050 1300">
    <p class='ocr_par' dir='ltr' id='par_1_8' title="bbox 465 1228 2050 1300">
     <span class='ocr_line' id='line_1_8' title="bbox 465 1228 2050 1300; baseline -0.004 -13"><span class='ocrx_word' id='word_1_55' title='bbox 465 1233 795 1300; x_wconf 79' lang='lat' dir='ltr'><strong>serpentium</strong></span> <span class='ocrx_word' id='word_1_56' title='bbox 846 1246 965 1285; x_wconf 91' lang='lat' dir='ltr'><strong>cum</strong></span> <span class='ocrx_word' id='word_1_57' title='bbox 1010 1245 1202 1299; x_wconf 88' lang='lat' dir='ltr'><strong>magno</strong></span> <span class='ocrx_word' id='word_1_58' title='bbox 1244 1230 1480 1285; x_wconf 83' lang='lat' dir='ltr'><strong>dracone</strong></span> <span class='ocrx_word' id='word_1_59' title='bbox 1524 1231 1574 1283; x_wconf 91' lang='lat' dir='ltr'><strong>in</strong></span> <span class='ocrx_word' id='word_1_60' title='bbox 1622 1231 1835 1283; x_wconf 89' lang='lat' dir='ltr'><strong>modmn</strong></span> <span class='ocrx_word' id='word_1_61' title='bbox 1887 1228 2050 1281; x_wconf 85' lang='lat' dir='ltr'><strong>trabis</strong></span> 
     </span>
    </p>
   </div>
   <div class='ocr_carea' id='block_1_9' title="bbox 463 1320 2045 1392">
    <p class='ocr_par' dir='ltr' id='par_1_9' title="bbox 463 1320 2045 1392">
     <span class='ocr_line' id='line_1_9' title="bbox 463 1320 2045 1392; baseline -0.006 -13"><span class='ocrx_word' id='word_1_62' title='bbox 463 1324 670 1386; x_wconf 75' lang='lat' dir='ltr'><strong>validm,</strong></span> <span class='ocrx_word' id='word_1_63' title='bbox 703 1339 796 1391; x_wconf 91' lang='lat' dir='ltr'><strong>per</strong></span> <span class='ocrx_word' id='word_1_64' title='bbox 825 1322 984 1392; x_wconf 88' lang='lat' dir='ltr'><strong>hujus</strong></span> <span class='ocrx_word' id='word_1_65' title='bbox 1033 1321 1177 1376; x_wconf 90' lang='lat' dir='ltr'><strong>ﬂuvii</strong></span> <span class='ocrx_word' id='word_1_66' title='bbox 1228 1321 1434 1377; x_wconf 81' lang='lat' dir='ltr'><strong>alveum</strong></span> <span class='ocrx_word' id='word_1_67' title='bbox 1467 1324 1518 1376; x_wconf 89' lang='lat' dir='ltr'><strong>in</strong></span> <span class='ocrx_word' id='word_1_68' title='bbox 1552 1336 1699 1376; x_wconf 87' lang='lat' dir='ltr'><strong>mare</strong></span> <span class='ocrx_word' id='word_1_69' title='bbox 1729 1320 2004 1375; x_wconf 69' lang='lat' dir='ltr'><strong>descendit</strong></span> <span class='ocrx_word' id='word_1_70' title='bbox 2032 1336 2045 1385; x_wconf 90' lang='lat'><strong>;</strong></span> 
     </span>
    </p>
   </div>
   <div class='ocr_carea' id='block_1_10' title="bbox 460 1411 2044 1474">
    <p class='ocr_par' dir='ltr' id='par_1_10' title="bbox 460 1411 2044 1474">
     <span class='ocr_line' id='line_1_10' title="bbox 460 1411 2044 1474; baseline -0.007 -4"><span class='ocrx_word' id='word_1_71' title='bbox 460 1414 553 1470; x_wconf 81' lang='lat' dir='ltr'><strong>sed</strong></span> <span class='ocrx_word' id='word_1_72' title='bbox 578 1413 850 1470; x_wconf 58' lang='lat' dir='ltr'><strong>suffocatur</strong></span> <span class='ocrx_word' id='word_1_73' title='bbox 875 1413 1058 1467; x_wconf 74' lang='lat' dir='ltr'><strong>bestia:</strong></span> <span class='ocrx_word' id='word_1_74' title='bbox 1082 1411 1220 1467; x_wconf 85' lang='lat' dir='ltr'><strong>in&#39;er</strong></span> <span class='ocrx_word' id='word_1_75' title='bbox 1239 1412 1408 1467; x_wconf 76' lang='lat' dir='ltr'><strong>salsus</strong></span> <span class='ocrx_word' id='word_1_76' title='bbox 1432 1411 1592 1466; x_wconf 89' lang='lat' dir='ltr'><strong>maris</strong></span> <span class='ocrx_word' id='word_1_77' title='bbox 1619 1411 1813 1465; x_wconf 85' lang='lat' dir='ltr'><strong>turbidi</strong></span> <span class='ocrx_word' id='word_1_78' title='bbox 1834 1411 2044 1474; x_wconf 77' lang='lat' dir='ltr'><strong>fluctus,</strong></span> 
     </span>
    </p>
   </div>
   <div class='ocr_carea' id='block_1_11' title="bbox 461 1501 2043 1571">
    <p class='ocr_par' dir='ltr' id='par_1_11' title="bbox 461 1501 2043 1571">
     <span class='ocr_line' id='line_1_11' title="bbox 461 1501 2043 1571; baseline -0.004 -10"><span class='ocrx_word' id='word_1_79' title='bbox 461 1505 626 1561; x_wconf 91' lang='lat' dir='ltr'><strong>littori</strong></span> <span class='ocrx_word' id='word_1_80' title='bbox 656 1505 840 1571; x_wconf 81' lang='lat' dir='ltr'><strong>ejecto</strong></span> <span class='ocrx_word' id='word_1_81' title='bbox 879 1513 1024 1558; x_wconf 91' lang='lat' dir='ltr'><strong>sunt.</strong></span> <span class='ocrx_word' id='word_1_82' title='bbox 1057 1505 1353 1558; x_wconf 89' lang='lat' dir='ltr'><strong>Subsecnta</strong></span> <span class='ocrx_word' id='word_1_83' title='bbox 1385 1512 1468 1557; x_wconf 89' lang='lat' dir='ltr'><strong>est</strong></span> <span class='ocrx_word' id='word_1_84' title='bbox 1498 1501 1563 1557; x_wconf 92' lang='lat' dir='ltr'><strong>de</strong></span> <span class='ocrx_word' id='word_1_85' title='bbox 1592 1502 1814 1571; x_wconf 80' lang='lat' dir='ltr'><strong>veStigio</strong></span> <span class='ocrx_word' id='word_1_86' title='bbox 1842 1501 2043 1569; x_wconf 89' lang='lat' dir='ltr'><strong>clades,</strong></span> 
     </span>
    </p>
   </div>
   <div class='ocr_carea' id='block_1_12' title="bbox 460 1584 2044 1666">
    <p class='ocr_par' dir='ltr' id='par_1_12' title="bbox 460 1584 2044 1666">
     <span class='ocr_line' id='line_1_12' title="bbox 460 1584 2044 1666; baseline -0.001 -17"><span class='ocrx_word' id='word_1_87' title='bbox 460 1613 616 1666; x_wconf 89' lang='lat' dir='ltr'><strong>quam</strong></span> <span class='ocrx_word' id='word_1_88' title='bbox 648 1595 998 1664; x_wconf 71' lang='lat' dir='ltr'><strong>inguiniriam</strong></span> <span class='ocrx_word' id='word_1_89' title='bbox 1037 1593 1249 1648; x_wconf 86' lang='lat' dir='ltr'><strong>vocant.</strong></span> <span class='ocrx_word' id='word_1_90' title='bbox 1293 1594 1423 1648; x_wconf 85' lang='lat' dir='ltr'><strong>Nam</strong></span> <span class='ocrx_word' id='word_1_91' title='bbox 1458 1584 1636 1646; x_wconf 78' lang='lat' dir='ltr'><strong>medio</strong></span> <span class='ocrx_word' id='word_1_92' title='bbox 1665 1607 1848 1647; x_wconf 86' lang='lat' dir='ltr'><strong>mense</strong></span> <span class='ocrx_word' id='word_1_93' title='bbox 1875 1592 2044 1647; x_wconf 88' lang='lat' dir='ltr'><strong>unde-</strong></span> 
     </span>
    </p>
   </div>
   <div class='ocr_carea' id='block_1_13' title="bbox 457 1687 2043 1758">
    <p class='ocr_par' dir='ltr' id='par_1_13' title="bbox 457 1687 2043 1758">
     <span class='ocr_line' id='line_1_13' title="bbox 457 1687 2043 1758; baseline -0.006 -11"><span class='ocrx_word' id='word_1_94' title='bbox 457 1694 598 1748; x_wconf 91' lang='lat' dir='ltr'><strong>cimo</strong></span> <span class='ocrx_word' id='word_1_95' title='bbox 641 1691 951 1754; x_wconf 84' lang='lat' dir='ltr'><strong>adveniens,</strong></span> <span class='ocrx_word' id='word_1_96' title='bbox 984 1691 1211 1758; x_wconf 87' lang='lat' dir='ltr'><strong>primum</strong></span> <span class='ocrx_word' id='word_1_97' title='bbox 1262 1688 1521 1752; x_wconf 85' lang='lat' dir='ltr'><strong>omnium,</strong></span> <span class='ocrx_word' id='word_1_98' title='bbox 1554 1687 1703 1756; x_wconf 80' lang='lat' dir='ltr'><strong>juxta</strong></span> <span class='ocrx_word' id='word_1_99' title='bbox 1745 1687 1871 1740; x_wconf 79' lang='lat' dir='ltr'><strong>illud</strong></span> <span class='ocrx_word' id='word_1_100' title='bbox 1903 1687 2043 1754; x_wconf 89' lang='lat' dir='ltr'><strong>quod</strong></span> 
     </span>
    </p>
   </div>
   <div class='ocr_carea' id='block_1_14' title="bbox 458 1778 2042 1850">
    <p class='ocr_par' dir='ltr' id='par_1_14' title="bbox 458 1778 2042 1850">
     <span class='ocr_line' id='line_1_14' title="bbox 458 1778 2042 1850; baseline -0.005 -13"><span class='ocrx_word' id='word_1_101' title='bbox 458 1784 510 1837; x_wconf 90' lang='lat' dir='ltr'><strong>in</strong></span> <span class='ocrx_word' id='word_1_102' title='bbox 544 1781 824 1837; x_wconf 86' lang='lat' dir='ltr'><strong>Ezechiele</strong></span> <span class='ocrx_word' id='word_1_103' title='bbox 870 1780 1126 1850; x_wconf 88' lang='lat' dir='ltr'><strong>propheta</strong></span> <span class='ocrx_word' id='word_1_104' title='bbox 1160 1779 1370 1845; x_wconf 82' lang='lat' dir='ltr'><strong>legitur,</strong></span> <span class='ocrx_word' id='word_1_105' title='bbox 1405 1779 1446 1831; x_wconf 83' lang='lat' dir='ltr'><strong><em>A</em></strong></span> <span class='ocrx_word' id='word_1_106' title='bbox 1493 1778 1787 1832; x_wconf 69' lang='lat' dir='ltr'><strong>sanctua&#39;rio</strong></span> <span class='ocrx_word' id='word_1_107' title='bbox 1818 1791 1927 1830; x_wconf 78' lang='lat' dir='ltr'><strong>meo</strong></span> <span class='ocrx_word' id='word_1_108' title='bbox 1959 1779 2042 1830; x_wconf 79' lang='lat' dir='ltr'><strong>in-</strong></span> 
     </span>
    </p>
   </div>
   <div class='ocr_carea' id='block_1_15' title="bbox 456 1861 2042 1942">
    <p class='ocr_par' dir='ltr' id='par_1_15' title="bbox 456 1861 2042 1942">
     <span class='ocr_line' id='line_1_15' title="bbox 456 1861 2042 1942; baseline -0.003 -16"><span class='ocrx_word' id='word_1_109' title='bbox 456 1875 607 1942; x_wconf 82' lang='lat' dir='ltr'><strong>cipite</strong></span> <span class='ocrx_word' id='word_1_110' title='bbox 639 1881 653 1941; x_wconf 90' lang='lat'><strong>(</strong></span> <span class='ocrx_word' id='word_1_111' title='bbox 681 1871 870 1926; x_wconf 78' lang='lat' dir='ltr'><strong>Ezerh.</strong></span> <span class='ocrx_word' id='word_1_112' title='bbox 903 1888 983 1935; x_wconf 81' lang='lat' dir='ltr'><strong>rx,</strong></span> <span class='ocrx_word' id='word_1_113' title='bbox 1031 1871 1124 1939; x_wconf 86' lang='lat'><strong>6),</strong></span> <span class='ocrx_word' id='word_1_114' title='bbox 1161 1869 1427 1937; x_wconf 82' lang='lat' dir='ltr'><strong>Pelagium</strong></span> <span class='ocrx_word' id='word_1_115' title='bbox 1470 1880 1659 1939; x_wconf 80' lang='lat' dir='ltr'><strong>papam</strong></span> <span class='ocrx_word' id='word_1_116' title='bbox 1709 1861 1960 1938; x_wconf 84' lang='lat' dir='ltr'><strong>perculit,</strong></span> <span class='ocrx_word' id='word_1_117' title='bbox 1989 1878 2042 1922; x_wconf 85' lang='lat' dir='ltr'><strong>ot</strong></span> 
     </span>
    </p>
   </div>
   <div class='ocr_carea' id='block_1_16' title="bbox 455 1949 2119 2030">
    <p class='ocr_par' dir='ltr' id='par_1_16' title="bbox 455 1949 2119 2030">
     <span class='ocr_line' id='line_1_16' title="bbox 455 1949 2119 2030; baseline -0.005 -13"><span class='ocrx_word' id='word_1_118' title='bbox 455 1963 572 2017; x_wconf 90' lang='lat' dir='ltr'><strong>sine</strong></span> <span class='ocrx_word' id='word_1_119' title='bbox 595 1977 740 2016; x_wconf 88' lang='lat' dir='ltr'><strong>mora</strong></span> <span class='ocrx_word' id='word_1_120' title='bbox 766 1963 1024 2016; x_wconf 80' lang='lat' dir='ltr'><strong>exSIinxit</strong></span> <span class='ocrx_word' id='word_1_121' title='bbox 1046 1978 1059 2014; x_wconf 90' lang='lat'>:</span> <span class='ocrx_word' id='word_1_122' title='bbox 1084 1965 1186 2030; x_wconf 89' lang='lat' dir='ltr'><strong>quo</strong></span> <span class='ocrx_word' id='word_1_123' title='bbox 1212 1961 1482 2022; x_wconf 70' lang='lat' dir='ltr'><strong>definieto,</strong></span> <span class='ocrx_word' id='word_1_124' title='bbox 1500 1971 1688 2027; x_wconf 86' lang='lat' dir='ltr'><strong>magna</strong></span> <span class='ocrx_word' id='word_1_125' title='bbox 1717 1957 1919 2024; x_wconf 73' lang='lat' dir='ltr'><strong>strages</strong></span> <span class='ocrx_word' id='word_1_126' title='bbox 1950 1975 2044 2025; x_wconf 75' lang='grc' dir='ltr'><strong>[ιο-</strong></span> <span class='ocrx_word' id='word_1_127' title='bbox 2075 1949 2119 2009; x_wconf 79' lang='grc' dir='ltr'><strong>Β</strong></span> 
     </span>
    </p>
   </div>
   <div class='ocr_carea' id='block_1_17' title="bbox 457 2050 2038 2123">
    <p class='ocr_par' dir='ltr' id='par_1_17' title="bbox 457 2050 2038 2123">
     <span class='ocr_line' id='line_1_17' title="bbox 457 2050 2038 2123; baseline -0.003 -15"><span class='ocrx_word' id='word_1_128' title='bbox 457 2055 561 2123; x_wconf 90' lang='lat' dir='ltr'><strong>puli</strong></span> <span class='ocrx_word' id='word_1_129' title='bbox 592 2056 657 2109; x_wconf 88' lang='lat' dir='ltr'><strong>de</strong></span> <span class='ocrx_word' id='word_1_130' title='bbox 682 2056 783 2110; x_wconf 92' lang='lat' dir='ltr'><strong>hoc</strong></span> <span class='ocrx_word' id='word_1_131' title='bbox 804 2055 992 2109; x_wconf 90' lang='lat' dir='ltr'><strong>morbo</strong></span> <span class='ocrx_word' id='word_1_132' title='bbox 1023 2053 1158 2107; x_wconf 78' lang='lat' dir='ltr'><strong>facta</strong></span> <span class='ocrx_word' id='word_1_133' title='bbox 1190 2062 1290 2107; x_wconf 91' lang='lat' dir='ltr'><strong>est.</strong></span> <span class='ocrx_word' id='word_1_134' title='bbox 1325 2052 1488 2123; x_wconf 56' lang='lat' dir='ltr'><strong>nso</strong></span> <span class='ocrx_word' id='word_1_135' title='bbox 1516 2052 1621 2106; x_wconf 84' lang='lat' dir='ltr'><strong>Sed</strong></span> <span class='ocrx_word' id='word_1_136' title='bbox 1647 2052 1764 2118; x_wconf 81' lang='lat' dir='ltr'><strong>quia</strong></span> <span class='ocrx_word' id='word_1_137' title='bbox 1801 2050 2038 2104; x_wconf 74' lang='lat' dir='ltr'><strong>Eccle~ia</strong></span> 
     </span>
    </p>
   </div>
   <div class='ocr_carea' id='block_1_18' title="bbox 456 2146 2040 2218">
    <p class='ocr_par' dir='ltr' id='par_1_18' title="bbox 456 2146 2040 2218">
     <span class='ocr_line' id='line_1_18' title="bbox 456 2146 2040 2218; baseline -0.002 -13"><span class='ocrx_word' id='word_1_138' title='bbox 456 2152 549 2205; x_wconf 85' lang='lat' dir='ltr'><strong>Dei</strong></span> <span class='ocrx_word' id='word_1_139' title='bbox 602 2149 803 2218; x_wconf 87' lang='lat' dir='ltr'><strong>absque</strong></span> <span class='ocrx_word' id='word_1_140' title='bbox 858 2159 1067 2204; x_wconf 88' lang='lat' dir='ltr'><strong>rectore</strong></span> <span class='ocrx_word' id='word_1_141' title='bbox 1113 2149 1234 2203; x_wconf 77' lang='lat' dir='ltr'><strong>esse</strong></span> <span class='ocrx_word' id='word_1_142' title='bbox 1293 2165 1395 2202; x_wconf 92' lang='lat' dir='ltr'><strong>non</strong></span> <span class='ocrx_word' id='word_1_143' title='bbox 1444 2155 1689 2215; x_wconf 72' lang='lat' dir='ltr'><strong>poterat,</strong></span> <span class='ocrx_word' id='word_1_144' title='bbox 1727 2146 2040 2212; x_wconf 61' lang='lat' dir='ltr'><strong>Gregorium</strong></span> 
     </span>
    </p>
   </div>
   <div class='ocr_carea' id='block_1_19' title="bbox 453 2238 2038 2310">
    <p class='ocr_par' dir='ltr' id='par_1_19' title="bbox 453 2238 2038 2310">
     <span class='ocr_line' id='line_1_19' title="bbox 453 2238 2038 2310; baseline -0.003 -15"><span class='ocrx_word' id='word_1_145' title='bbox 453 2240 734 2296; x_wconf 88' lang='lat' dir='ltr'><strong>diaconum</strong></span> <span class='ocrx_word' id='word_1_146' title='bbox 768 2242 918 2310; x_wconf 76' lang='lat' dir='ltr'><strong>p&#39;ebs</strong></span> <span class='ocrx_word' id='word_1_147' title='bbox 945 2241 1119 2294; x_wconf 88' lang='lat' dir='ltr'><strong>omnis</strong></span> <span class='ocrx_word' id='word_1_148' title='bbox 1148 2239 1327 2309; x_wconf 69' lang='lat' dir='ltr'><strong>elegit.</strong></span> <span class='ocrx_word' id='word_1_149' title='bbox 1382 2239 1479 2293; x_wconf 85' lang='lat' dir='ltr'><strong>Hic</strong></span> <span class='ocrx_word' id='word_1_150' title='bbox 1508 2239 1652 2291; x_wconf 90' lang='lat' dir='ltr'><strong>enim</strong></span> <span class='ocrx_word' id='word_1_151' title='bbox 1683 2238 1750 2291; x_wconf 89' lang='lat' dir='ltr'><strong>de</strong></span> <span class='ocrx_word' id='word_1_152' title='bbox 1776 2239 2038 2293; x_wconf 82' lang='lat' dir='ltr'><strong>senatori-</strong></span> 
     </span>
    </p>
   </div>
   <div class='ocr_carea' id='block_1_20' title="bbox 455 2329 2040 2402">
    <p class='ocr_par' dir='ltr' id='par_1_20' title="bbox 455 2329 2040 2402">
     <span class='ocr_line' id='line_1_20' title="bbox 455 2329 2040 2402; baseline -0.004 -14"><span class='ocrx_word' id='word_1_153' title='bbox 455 2335 556 2389; x_wconf 86' lang='lat' dir='ltr'><strong>bus</strong></span> <span class='ocrx_word' id='word_1_154' title='bbox 608 2334 816 2402; x_wconf 77' lang='lat' dir='ltr'><strong>primis,</strong></span> <span class='ocrx_word' id='word_1_155' title='bbox 847 2334 914 2387; x_wconf 90' lang='lat' dir='ltr'><strong>ab</strong></span> <span class='ocrx_word' id='word_1_156' title='bbox 960 2330 1323 2387; x_wconf 78' lang='lat' dir='ltr'><strong>adolescentia</strong></span> <span class='ocrx_word' id='word_1_157' title='bbox 1367 2330 1594 2385; x_wconf 87' lang='lat' dir='ltr'><strong>devotus</strong></span> <span class='ocrx_word' id='word_1_158' title='bbox 1628 2329 1757 2393; x_wconf 86' lang='lat' dir='ltr'><strong>Deo,</strong></span> <span class='ocrx_word' id='word_1_159' title='bbox 1784 2330 1834 2383; x_wconf 92' lang='lat' dir='ltr'><strong>in</strong></span> <span class='ocrx_word' id='word_1_160' title='bbox 1876 2331 2040 2385; x_wconf 82' lang='lat' dir='ltr'><strong>rebus</strong></span> 
     </span>
    </p>
   </div>
   <div class='ocr_carea' id='block_1_21' title="bbox 453 2422 2039 2498">
    <p class='ocr_par' dir='ltr' id='par_1_21' title="bbox 453 2422 2039 2498">
     <span class='ocr_line' id='line_1_21' title="bbox 453 2422 2039 2498; baseline -0.005 -16"><span class='ocrx_word' id='word_1_161' title='bbox 453 2427 684 2498; x_wconf 79' lang='lat' dir='ltr'><strong>propriis</strong></span> <span class='ocrx_word' id='word_1_162' title='bbox 714 2441 804 2480; x_wconf 70' lang='lat' dir='ltr'><strong>set</strong></span> <span class='ocrx_word' id='word_1_163' title='bbox 838 2425 888 2478; x_wconf 93' lang='lat' dir='ltr'><strong>in</strong></span> <span class='ocrx_word' id='word_1_164' title='bbox 919 2423 1100 2477; x_wconf 83' lang='lat' dir='ltr'><strong>Sici!ia</strong></span> <span class='ocrx_word' id='word_1_165' title='bbox 1127 2422 1450 2478; x_wconf 89' lang='lat' dir='ltr'><strong>monasteria</strong></span> <span class='ocrx_word' id='word_1_166' title='bbox 1475 2422 1847 2491; x_wconf 78' lang='lat' dir='ltr'><strong>congregavit;</strong></span> <span class='ocrx_word' id='word_1_167' title='bbox 1877 2422 2039 2488; x_wconf 62' lang='lat' dir='ltr'><strong>septi-</strong></span> 
     </span>
    </p>
   </div>
   <div class='ocr_carea' id='block_1_22' title="bbox 453 2513 2039 2585">
    <p class='ocr_par' dir='ltr' id='par_1_22' title="bbox 453 2513 2039 2585">
     <span class='ocr_line' id='line_1_22' title="bbox 453 2513 2039 2585; baseline -0.003 -14"><span class='ocrx_word' id='word_1_168' title='bbox 453 2535 598 2573; x_wconf 83' lang='lat' dir='ltr'><strong>mum</strong></span> <span class='ocrx_word' id='word_1_169' title='bbox 631 2519 761 2572; x_wconf 90' lang='lat' dir='ltr'><strong>infra</strong></span> <span class='ocrx_word' id='word_1_170' title='bbox 801 2517 944 2571; x_wconf 59' lang='lat' dir='ltr'><strong>irbis</strong></span> <span class='ocrx_word' id='word_1_171' title='bbox 973 2516 1157 2570; x_wconf 83' lang='lat' dir='ltr'><strong>Roma-</strong></span> <span class='ocrx_word' id='word_1_172' title='bbox 1191 2531 1370 2571; x_wconf 91' lang='lat' dir='ltr'><strong>muros</strong></span> <span class='ocrx_word' id='word_1_173' title='bbox 1402 2513 1624 2569; x_wconf 84' lang='lat' dir='ltr'><strong>instituit</strong></span> <span class='ocrx_word' id='word_1_174' title='bbox 1655 2531 1666 2568; x_wconf 97' lang='lat'>:</span> <span class='ocrx_word' id='word_1_175' title='bbox 1696 2515 1889 2585; x_wconf 83' lang='lat' dir='ltr'><strong>quibus</strong></span> <span class='ocrx_word' id='word_1_176' title='bbox 1925 2525 2039 2566; x_wconf 84' lang='lat' dir='ltr'><strong>tan—</strong></span> 
     </span>
    </p>
   </div>
   <div class='ocr_carea' id='block_1_23' title="bbox 453 2606 2034 2676">
    <p class='ocr_par' dir='ltr' id='par_1_23' title="bbox 453 2606 2034 2676">
     <span class='ocr_line' id='line_1_23' title="bbox 453 2606 2034 2676; baseline -0.004 -12"><span class='ocrx_word' id='word_1_177' title='bbox 453 2619 560 2664; x_wconf 84' lang='lat' dir='ltr'><strong>tam</strong></span> <span class='ocrx_word' id='word_1_178' title='bbox 606 2609 860 2676; x_wconf 85' lang='lat' dir='ltr'><strong>delegans</strong></span> <span class='ocrx_word' id='word_1_179' title='bbox 906 2615 1168 2660; x_wconf 88' lang='lat' dir='ltr'><strong>terrarum</strong></span> <span class='ocrx_word' id='word_1_180' title='bbox 1219 2606 1450 2675; x_wconf 71' lang='lat' dir='ltr'><strong>topiam,</strong></span> <span class='ocrx_word' id='word_1_181' title='bbox 1494 2617 1693 2674; x_wconf 88' lang='lat' dir='ltr'><strong>quanta</strong></span> <span class='ocrx_word' id='word_1_182' title='bbox 1731 2606 1796 2660; x_wconf 87' lang='lat' dir='ltr'><strong>ad</strong></span> <span class='ocrx_word' id='word_1_183' title='bbox 1838 2607 2034 2659; x_wconf 83' lang='lat' dir='ltr'><strong>victum</strong></span> 
     </span>
    </p>
   </div>
   <div class='ocr_carea' id='block_1_24' title="bbox 407 2696 2038 2774">
    <p class='ocr_par' dir='ltr' id='par_1_24' title="bbox 407 2696 2038 2774">
     <span class='ocr_line' id='line_1_24' title="bbox 407 2696 2038 2774; baseline -0.004 -20"><span class='ocrx_word' id='word_1_184' title='bbox 407 2767 409 2769; x_wconf 95' lang='lat'><em>_</em></span> <span class='ocrx_word' id='word_1_185' title='bbox 451 2701 818 2774; x_wconf 79' lang='lat' dir='ltr'><strong>quotidianum</strong></span> <span class='ocrx_word' id='word_1_186' title='bbox 853 2697 1198 2769; x_wconf 78' lang='lat' dir='ltr'><strong>prtebenduin</strong></span> <span class='ocrx_word' id='word_1_187' title='bbox 1243 2699 1534 2764; x_wconf 77' lang='lat' dir='ltr'><strong>sufficeret,</strong></span> <span class='ocrx_word' id='word_1_188' title='bbox 1571 2697 1770 2764; x_wconf 85' lang='lat' dir='ltr'><strong>reliqua</strong></span> <span class='ocrx_word' id='word_1_189' title='bbox 1801 2696 2038 2749; x_wconf 83' lang='lat' dir='ltr'><strong>vendidit</strong></span> 
     </span>
    </p>
   </div>
   <div class='ocr_carea' id='block_1_25' title="bbox 451 2790 2034 2862">
    <p class='ocr_par' dir='ltr' id='par_1_25' title="bbox 451 2790 2034 2862">
     <span class='ocr_line' id='line_1_25' title="bbox 451 2790 2034 2862; baseline -0.006 -11"><span class='ocrx_word' id='word_1_190' title='bbox 451 2813 573 2852; x_wconf 89' lang='lat' dir='ltr'><strong>cum</strong></span> <span class='ocrx_word' id='word_1_191' title='bbox 606 2795 750 2850; x_wconf 90' lang='lat' dir='ltr'><strong>onmi</strong></span> <span class='ocrx_word' id='word_1_192' title='bbox 786 2794 1033 2862; x_wconf 66' lang='lat' dir='ltr'><strong>praesidio</strong></span> <span class='ocrx_word' id='word_1_193' title='bbox 1061 2794 1254 2848; x_wconf 90' lang='lat' dir='ltr'><strong>domus</strong></span> <span class='ocrx_word' id='word_1_194' title='bbox 1275 2832 1289 2856; x_wconf 96' lang='lat'><strong>,</strong></span> <span class='ocrx_word' id='word_1_195' title='bbox 1320 2806 1382 2844; x_wconf 88' lang='lat' dir='ltr'><strong>ac</strong></span> <span class='ocrx_word' id='word_1_196' title='bbox 1414 2790 1737 2860; x_wconf 85' lang='lat' dir='ltr'><strong>pauperibus</strong></span> <span class='ocrx_word' id='word_1_197' title='bbox 1767 2791 2034 2860; x_wconf 80' lang='lat' dir='ltr'><strong>erogavit;</strong></span> 
     </span>
    </p>
   </div>
   <div class='ocr_carea' id='block_1_26' title="bbox 451 2883 2036 2960">
    <p class='ocr_par' dir='ltr' id='par_1_26' title="bbox 451 2883 2036 2960">
     <span class='ocr_line' id='line_1_26' title="bbox 451 2883 2036 2960; baseline -0.004 -14"><span class='ocrx_word' id='word_1_198' title='bbox 451 2901 504 2946; x_wconf 89' lang='lat' dir='ltr'><strong>et</strong></span> <span class='ocrx_word' id='word_1_199' title='bbox 533 2889 623 2960; x_wconf 88' lang='lat' dir='ltr'><strong>qui</strong></span> <span class='ocrx_word' id='word_1_200' title='bbox 655 2897 779 2943; x_wconf 86' lang='lat' dir='ltr'><strong>ante</strong></span> <span class='ocrx_word' id='word_1_201' title='bbox 809 2888 980 2942; x_wconf 89' lang='lat' dir='ltr'><strong>serico</strong></span> <span class='ocrx_word' id='word_1_202' title='bbox 1009 2897 1310 2951; x_wconf 84' lang='lat' dir='ltr'><strong>contectus,</strong></span> <span class='ocrx_word' id='word_1_203' title='bbox 1354 2900 1416 2939; x_wconf 90' lang='lat' dir='ltr'><strong>ac</strong></span> <span class='ocrx_word' id='word_1_204' title='bbox 1458 2885 1686 2955; x_wconf 79' lang='lat' dir='ltr'><strong>gemmis</strong></span> <span class='ocrx_word' id='word_1_205' title='bbox 1715 2883 2036 2939; x_wconf 86' lang='lat' dir='ltr'><strong>micantibus</strong></span> 
     </span>
    </p>
   </div>
   <div class='ocr_carea' id='block_1_27' title="bbox 448 2975 2032 3050">
    <p class='ocr_par' dir='ltr' id='par_1_27' title="bbox 448 2975 2032 3050">
     <span class='ocr_line' id='line_1_27' title="bbox 448 2975 2032 3050; baseline -0.004 -14"><span class='ocrx_word' id='word_1_206' title='bbox 448 2981 638 3037; x_wconf 85' lang='lat' dir='ltr'><strong>solitus</strong></span> <span class='ocrx_word' id='word_1_207' title='bbox 665 2989 778 3035; x_wconf 88' lang='lat' dir='ltr'><strong>erat</strong></span> <span class='ocrx_word' id='word_1_208' title='bbox 803 2994 896 3050; x_wconf 88' lang='lat' dir='ltr'><strong>per</strong></span> <span class='ocrx_word' id='word_1_209' title='bbox 924 2979 1108 3036; x_wconf 82' lang='lat' dir='ltr'><strong>urbem</strong></span> <span class='ocrx_word' id='word_1_210' title='bbox 1139 2975 1432 3046; x_wconf 84' lang='lat' dir='ltr'><strong>procedere</strong></span> <span class='ocrx_word' id='word_1_211' title='bbox 1457 2975 1748 3038; x_wconf 89' lang='lat' dir='ltr'><strong>trabeatus,</strong></span> <span class='ocrx_word' id='word_1_212' title='bbox 1778 2991 1916 3028; x_wconf 89' lang='lat' dir='ltr'><strong>nunc</strong></span> <span class='ocrx_word' id='word_1_213' title='bbox 1944 2975 2032 3029; x_wconf 87' lang='lat' dir='ltr'><strong>vili</strong></span> 
     </span>
    </p>
   </div>
   <div class='ocr_carea' id='block_1_28' title="bbox 448 3069 2032 3138">
    <p class='ocr_par' dir='ltr' id='par_1_28' title="bbox 448 3069 2032 3138">
     <span class='ocr_line' id='line_1_28' title="bbox 448 3069 2032 3138; baseline -0.004 -9"><span class='ocrx_word' id='word_1_214' title='bbox 448 3083 729 3129; x_wconf 80' lang='lat' dir='ltr'><strong>contectus</strong></span> <span class='ocrx_word' id='word_1_215' title='bbox 772 3072 964 3128; x_wconf 89' lang='lat' dir='ltr'><strong>vestitu</strong></span> <span class='ocrx_word' id='word_1_216' title='bbox 994 3079 1048 3138; x_wconf 73' lang='grc'><em>⁸,</em></span> <span class='ocrx_word' id='word_1_217' title='bbox 1077 3071 1141 3124; x_wconf 92' lang='lat' dir='ltr'><strong>ad</strong></span> <span class='ocrx_word' id='word_1_218' title='bbox 1174 3071 1357 3126; x_wconf 85' lang='lat' dir='ltr'><strong>altaris</strong></span> <span class='ocrx_word' id='word_1_219' title='bbox 1387 3069 1644 3124; x_wconf 90' lang='lat' dir='ltr'><strong>Dominici</strong></span> <span class='ocrx_word' id='word_1_220' title='bbox 1679 3069 2032 3124; x_wconf 85' lang='lat' dir='ltr'><strong>ministerium</strong></span> 
     </span>
    </p>
   </div>
   <div class='ocr_carea' id='block_1_29' title="bbox 447 3156 2029 3233">
    <p class='ocr_par' dir='ltr' id='par_1_29' title="bbox 447 3156 2029 3233">
     <span class='ocr_line' id='line_1_29' title="bbox 447 3156 2029 3233; baseline -0.002 -15"><span class='ocrx_word' id='word_1_221' title='bbox 447 3175 822 3226; x_wconf 80' lang='lat' dir='ltr'><strong>consecratur;</strong></span> <span class='ocrx_word' id='word_1_222' title='bbox 883 3161 1246 3233; x_wconf 81' lang='lat' dir='ltr'><strong>scptimusque</strong></span> <span class='ocrx_word' id='word_1_223' title='bbox 1298 3159 1456 3215; x_wconf 84' lang='lat' dir='ltr'><strong>levita</strong></span> <span class='ocrx_word' id='word_1_224' title='bbox 1509 3156 1536 3196; x_wconf 74' lang='grc' dir='ltr'>ἀ</span> <span class='ocrx_word' id='word_1_225' title='bbox 1591 3160 1655 3213; x_wconf 89' lang='lat' dir='ltr'><strong>ad</strong></span> <span class='ocrx_word' id='word_1_226' title='bbox 1709 3159 2029 3229; x_wconf 88' lang='lat' dir='ltr'><strong>adjutorimn</strong></span> 
     </span>
    </p>
   </div>
   <div class='ocr_carea' id='block_1_30' title="bbox 446 3251 2026 3326">
    <p class='ocr_par' dir='ltr' id='par_1_30' title="bbox 446 3251 2026 3326">
     <span class='ocr_line' id='line_1_30' title="bbox 446 3251 2026 3326; baseline -0.003 -15"><span class='ocrx_word' id='word_1_227' title='bbox 446 3272 598 3326; x_wconf 66' lang='lat' dir='ltr'><strong>papae</strong></span> <span class='ocrx_word' id='word_1_228' title='bbox 643 3255 943 3312; x_wconf 85' lang='lat' dir='ltr'><strong>asciscitur.</strong></span> <span class='ocrx_word' id='word_1_229' title='bbox 985 3254 1264 3322; x_wconf 82' lang='lat' dir='ltr'><strong>Tantaque</strong></span> <span class='ocrx_word' id='word_1_230' title='bbox 1309 3252 1360 3306; x_wconf 91' lang='lat' dir='ltr'><strong>ei</strong></span> <span class='ocrx_word' id='word_1_231' title='bbox 1405 3251 1724 3307; x_wconf 83' lang='lat' dir='ltr'><strong>abSIinenlia</strong></span> <span class='ocrx_word' id='word_1_232' title='bbox 1771 3251 1824 3304; x_wconf 92' lang='lat' dir='ltr'><strong>in</strong></span> <span class='ocrx_word' id='word_1_233' title='bbox 1871 3252 2026 3318; x_wconf 90' lang='lat' dir='ltr'><strong>cibis,</strong></span> 
     </span>
    </p>
   </div>
   <div class='ocr_carea' id='block_1_31' title="bbox 445 3320 2105 3414">
    <p class='ocr_par' dir='ltr' id='par_1_31' title="bbox 445 3320 2105 3414">
     <span class='ocr_line' id='line_1_31' title="bbox 445 3320 2105 3414; baseline -0.003 -12"><span class='ocrx_word' id='word_1_234' title='bbox 445 3347 714 3414; x_wconf 76' lang='lat' dir='ltr'><strong>vigilantia</strong></span> <span class='ocrx_word' id='word_1_235' title='bbox 747 3348 798 3401; x_wconf 94' lang='lat' dir='ltr'><strong>in</strong></span> <span class='ocrx_word' id='word_1_236' title='bbox 831 3343 1181 3409; x_wconf 81' lang='lat' dir='ltr'><strong>orationibus,</strong></span> <span class='ocrx_word' id='word_1_237' title='bbox 1214 3344 1504 3398; x_wconf 87' lang='lat' dir='ltr'><strong>strennitas</strong></span> <span class='ocrx_word' id='word_1_238' title='bbox 1552 3346 1601 3397; x_wconf 90' lang='lat' dir='ltr'><strong>in</strong></span> <span class='ocrx_word' id='word_1_239' title='bbox 1630 3344 1846 3413; x_wconf 88' lang='lat' dir='ltr'><strong>jejnniis</strong></span> <span class='ocrx_word' id='word_1_240' title='bbox 1873 3353 1988 3398; x_wconf 84' lang='lat' dir='ltr'><strong>erat</strong></span> <span class='ocrx_word' id='word_1_241' title='bbox 2010 3384 2027 3410; x_wconf 93' lang='lat'><strong>,</strong></span> <span class='ocrx_word' id='word_1_242' title='bbox 2061 3320 2105 3382; x_wconf 61' lang='grc' dir='ltr'><strong>(ἶ</strong></span> 
     </span>
    </p>
   </div>
   <div class='ocr_carea' id='block_1_32' title="bbox 446 3435 2032 3506">
    <p class='ocr_par' dir='ltr' id='par_1_32' title="bbox 446 3435 2032 3506">
     <span class='ocr_line' id='line_1_32' title="bbox 446 3435 2032 3506; baseline -0.001 -12"><span class='ocrx_word' id='word_1_243' title='bbox 446 3449 505 3494; x_wconf 91' lang='grc' dir='ltr'><strong>ιιι</strong></span> <span class='ocrx_word' id='word_1_244' title='bbox 536 3441 804 3494; x_wconf 84' lang='lat' dir='ltr'><strong>infirmato</strong></span> <span class='ocrx_word' id='word_1_245' title='bbox 831 3436 1111 3492; x_wconf 82' lang='lat' dir='ltr'><strong>stomacho</strong></span> <span class='ocrx_word' id='word_1_246' title='bbox 1141 3435 1226 3490; x_wconf 76' lang='lat' dir='ltr'><strong>vix</strong></span> <span class='ocrx_word' id='word_1_247' title='bbox 1259 3437 1558 3491; x_wconf 86' lang='lat' dir='ltr'><strong>consistere</strong></span> <span class='ocrx_word' id='word_1_248' title='bbox 1585 3448 1784 3506; x_wconf 88' lang='lat' dir='ltr'><strong>posset.</strong></span> <span class='ocrx_word' id='word_1_249' title='bbox 1816 3435 1900 3490; x_wconf 87' lang='lat' dir='ltr'><strong>Lit</strong></span> <span class='ocrx_word' id='word_1_250' title='bbox 1924 3437 2032 3492; x_wconf 86' lang='lat' dir='ltr'><strong>eris</strong></span> 
     </span>
    </p>
   </div>
   <div class='ocr_carea' id='block_1_33' title="bbox 444 3527 2035 3599">
    <p class='ocr_par' dir='ltr' id='par_1_33' title="bbox 444 3527 2035 3599">
     <span class='ocr_line' id='line_1_33' title="bbox 444 3527 2035 3599; baseline -0.002 -14"><span class='ocrx_word' id='word_1_251' title='bbox 444 3531 841 3599; x_wconf 72' lang='lat' dir='ltr'><strong>grammaticis,</strong></span> <span class='ocrx_word' id='word_1_252' title='bbox 893 3527 1296 3596; x_wconf 83' lang='lat' dir='ltr'><strong>dialecticisque</strong></span> <span class='ocrx_word' id='word_1_253' title='bbox 1343 3543 1409 3582; x_wconf 87' lang='lat' dir='ltr'><strong>ac</strong></span> <span class='ocrx_word' id='word_1_254' title='bbox 1466 3528 1752 3583; x_wconf 87' lang='lat' dir='ltr'><strong>rhetoricis</strong></span> <span class='ocrx_word' id='word_1_255' title='bbox 1802 3528 1872 3582; x_wconf 84' lang='lat' dir='ltr'><strong>ita</strong></span> <span class='ocrx_word' id='word_1_256' title='bbox 1915 3537 2035 3583; x_wconf 89' lang='lat' dir='ltr'><strong>erat</strong></span> 
     </span>
    </p>
   </div>
   <div class='ocr_carea' id='block_1_34' title="bbox 445 3617 2033 3689">
    <p class='ocr_par' dir='ltr' id='par_1_34' title="bbox 445 3617 2033 3689">
     <span class='ocr_line' id='line_1_34' title="bbox 445 3617 2033 3689; baseline -0.001 -14"><span class='ocrx_word' id='word_1_257' title='bbox 445 3622 720 3676; x_wconf 88' lang='lat' dir='ltr'><strong>institutus</strong></span> <span class='ocrx_word' id='word_1_258' title='bbox 744 3662 759 3685; x_wconf 97' lang='lat'><strong>,</strong></span> <span class='ocrx_word' id='word_1_259' title='bbox 788 3630 843 3674; x_wconf 92' lang='lat' dir='ltr'><strong>ut</strong></span> <span class='ocrx_word' id='word_1_260' title='bbox 875 3620 1002 3674; x_wconf 83' lang='lat' dir='ltr'><strong>nulli</strong></span> <span class='ocrx_word' id='word_1_261' title='bbox 1037 3620 1089 3673; x_wconf 91' lang='lat' dir='ltr'><strong>in</strong></span> <span class='ocrx_word' id='word_1_262' title='bbox 1119 3618 1251 3674; x_wconf 91' lang='lat' dir='ltr'><strong>urbe</strong></span> <span class='ocrx_word' id='word_1_263' title='bbox 1299 3617 1415 3689; x_wconf 89' lang='lat' dir='ltr'><strong>ipsa</strong></span> <span class='ocrx_word' id='word_1_264' title='bbox 1466 3628 1743 3686; x_wconf 84' lang='lat' dir='ltr'><strong>putaretur</strong></span> <span class='ocrx_word' id='word_1_265' title='bbox 1784 3633 1904 3674; x_wconf 90' lang='lat' dir='ltr'><strong>esse</strong></span> <span class='ocrx_word' id='word_1_266' title='bbox 1931 3636 2033 3674; x_wconf 86' lang='lat' dir='ltr'><strong>se-</strong></span> 
     </span>
    </p>
   </div>
   <div class='ocr_carea' id='block_1_35' title="bbox 447 3711 2033 3783">
    <p class='ocr_par' dir='ltr' id='par_1_35' title="bbox 447 3711 2033 3783">
     <span class='ocr_line' id='line_1_35' title="bbox 447 3711 2033 3783; baseline -0.003 -13"><span class='ocrx_word' id='word_1_267' title='bbox 447 3715 674 3770; x_wconf 89' lang='lat' dir='ltr'><strong>cundus.</strong></span> <span class='ocrx_word' id='word_1_268' title='bbox 709 3713 859 3768; x_wconf 83' lang='lat' dir='ltr'><strong>Hunc</strong></span> <span class='ocrx_word' id='word_1_269' title='bbox 895 3722 918 3749; x_wconf 77' lang='grc' dir='ltr'><strong><em>ο</em></strong></span> <span class='ocrx_word' id='word_1_270' title='bbox 960 3713 1164 3783; x_wconf 84' lang='lat' dir='ltr'><strong>apicem</strong></span> <span class='ocrx_word' id='word_1_271' title='bbox 1213 3711 1469 3766; x_wconf 88' lang='lat' dir='ltr'><strong>attentius</strong></span> <span class='ocrx_word' id='word_1_272' title='bbox 1496 3711 1655 3783; x_wconf 68' lang='grc'><strong>481</strong></span> <span class='ocrx_word' id='word_1_273' title='bbox 1708 3712 1889 3780; x_wconf 87' lang='lat' dir='ltr'><strong>fugere</strong></span> <span class='ocrx_word' id='word_1_274' title='bbox 1917 3720 2033 3766; x_wconf 82' lang='lat' dir='ltr'><strong>ten-</strong></span> 
     </span>
    </p>
   </div>
   <div class='ocr_carea' id='block_1_36' title="bbox 445 3802 2031 3873">
    <p class='ocr_par' dir='ltr' id='par_1_36' title="bbox 445 3802 2031 3873">
     <span class='ocr_line' id='line_1_36' title="bbox 445 3802 2031 3873; baseline -0.001 -14"><span class='ocrx_word' id='word_1_275' title='bbox 445 3817 587 3872; x_wconf 87' lang='lat' dir='ltr'><strong>tans,</strong></span> <span class='ocrx_word' id='word_1_276' title='bbox 615 3821 682 3860; x_wconf 91' lang='lat' dir='ltr'><strong>ne</strong></span> <span class='ocrx_word' id='word_1_277' title='bbox 712 3803 852 3873; x_wconf 88' lang='lat' dir='ltr'><strong>quod</strong></span> <span class='ocrx_word' id='word_1_278' title='bbox 889 3803 1036 3871; x_wconf 90' lang='lat' dir='ltr'><strong>prius</strong></span> <span class='ocrx_word' id='word_1_279' title='bbox 1067 3803 1356 3870; x_wconf 73' lang='lat' dir='ltr'><strong>abiecerat,</strong></span> <span class='ocrx_word' id='word_1_280' title='bbox 1374 3818 1586 3856; x_wconf 89' lang='lat' dir='ltr'><strong>rursum</strong></span> <span class='ocrx_word' id='word_1_281' title='bbox 1606 3803 1652 3855; x_wconf 90' lang='lat' dir='ltr'><strong>ei</strong></span> <span class='ocrx_word' id='word_1_282' title='bbox 1678 3804 1728 3855; x_wconf 93' lang='lat' dir='ltr'><strong>in</strong></span> <span class='ocrx_word' id='word_1_283' title='bbox 1747 3802 1942 3855; x_wconf 71' lang='lat' dir='ltr'><strong>saeculo</strong></span> <span class='ocrx_word' id='word_1_284' title='bbox 1964 3802 2031 3858; x_wconf 90' lang='lat' dir='ltr'><strong>dc</strong></span> 
     </span>
    </p>
   </div>
   <div class='ocr_carea' id='block_1_37' title="bbox 446 3892 2032 3966">
    <p class='ocr_par' dir='ltr' id='par_1_37' title="bbox 446 3892 2032 3966">
     <span class='ocr_line' id='line_1_37' title="bbox 446 3892 2032 3966; baseline -0.003 -14"><span class='ocrx_word' id='word_1_285' title='bbox 446 3897 512 3952; x_wconf 84' lang='lat' dir='ltr'><strong>ad</strong></span> <span class='ocrx_word' id='word_1_286' title='bbox 555 3908 642 3966; x_wconf 90' lang='lat' dir='ltr'><strong>pto</strong></span> <span class='ocrx_word' id='word_1_287' title='bbox 693 3896 897 3949; x_wconf 84' lang='lat' dir='ltr'><strong>honore</strong></span> <span class='ocrx_word' id='word_1_288' title='bbox 919 3894 1173 3964; x_wconf 87' lang='lat' dir='ltr'><strong>jactantia</strong></span> <span class='ocrx_word' id='word_1_289' title='bbox 1222 3893 1462 3962; x_wconf 66' lang='lat' dir='ltr'><strong>quautam</strong></span> <span class='ocrx_word' id='word_1_290' title='bbox 1511 3892 2032 3961; x_wconf 88' lang='lat' dir='ltr'><strong>subreperet:unde</strong></span> 
     </span>
    </p>
   </div>
   <div class='ocr_carea' id='block_1_38' title="bbox 443 3983 2028 4054">
    <p class='ocr_par' dir='ltr' id='par_1_38' title="bbox 443 3983 2028 4054">
     <span class='ocr_line' id='line_1_38' title="bbox 443 3983 2028 4054; baseline -0.004 -10"><span class='ocrx_word' id='word_1_291' title='bbox 443 3989 638 4044; x_wconf 86' lang='lat' dir='ltr'><strong>factum</strong></span> <span class='ocrx_word' id='word_1_292' title='bbox 682 3997 764 4042; x_wconf 89' lang='lat' dir='ltr'><strong>est</strong></span> <span class='ocrx_word' id='word_1_293' title='bbox 806 3997 862 4040; x_wconf 90' lang='lat' dir='ltr'><strong>ut</strong></span> <span class='ocrx_word' id='word_1_294' title='bbox 891 3983 1168 4054; x_wconf 85' lang='lat' dir='ltr'><strong>epistolam</strong></span> <span class='ocrx_word' id='word_1_295' title='bbox 1197 3985 1264 4038; x_wconf 89' lang='lat' dir='ltr'><strong>ad</strong></span> <span class='ocrx_word' id='word_1_296' title='bbox 1296 3984 1671 4052; x_wconf 80' lang='lat' dir='ltr'><strong>imperatorem</strong></span> <span class='ocrx_word' id='word_1_297' title='bbox 1719 3983 2028 4038; x_wconf 76' lang='lat' dir='ltr'><strong>Mauricium</strong></span> 
     </span>
    </p>
   </div>
   <div class='ocr_carea' id='block_1_39' title="bbox 441 4075 2026 4149">
    <p class='ocr_par' dir='ltr' id='par_1_39' title="bbox 441 4075 2026 4149">
     <span class='ocr_line' id='line_1_39' title="bbox 441 4075 2026 4149; baseline -0.004 -15"><span class='ocrx_word' id='word_1_298' title='bbox 441 4080 721 4149; x_wconf 78' lang='lat' dir='ltr'><strong>dirigeret,</strong></span> <span class='ocrx_word' id='word_1_299' title='bbox 752 4078 905 4146; x_wconf 91' lang='lat' dir='ltr'><strong>cujus</strong></span> <span class='ocrx_word' id='word_1_300' title='bbox 935 4075 1102 4130; x_wconf 82' lang='lat' dir='ltr'><strong>filium</strong></span> <span class='ocrx_word' id='word_1_301' title='bbox 1137 4093 1201 4131; x_wconf 85' lang='lat' dir='ltr'><strong>ex</strong></span> <span class='ocrx_word' id='word_1_302' title='bbox 1234 4077 1447 4130; x_wconf 82' lang='lat' dir='ltr'><strong>lavacro</strong></span> <span class='ocrx_word' id='word_1_303' title='bbox 1477 4085 1666 4130; x_wconf 83' lang='lat' dir='ltr'><strong>sancto</strong></span> <span class='ocrx_word' id='word_1_304' title='bbox 1695 4087 2026 4144; x_wconf 87' lang='lat' dir='ltr'><strong>susceperat,</strong></span> 
     </span>
    </p>
   </div>
   <div class='ocr_carea' id='block_1_40' title="bbox 439 4170 2028 4238">
    <p class='ocr_par' dir='ltr' id='par_1_40' title="bbox 439 4170 2028 4238">
     <span class='ocr_line' id='line_1_40' title="bbox 439 4170 2028 4238; baseline -0.002 -13"><span class='ocrx_word' id='word_1_305' title='bbox 439 4178 727 4238; x_wconf 73' lang='lat' dir='ltr'><strong>conjurans</strong></span> <span class='ocrx_word' id='word_1_306' title='bbox 770 4180 824 4226; x_wconf 92' lang='lat' dir='ltr'><strong>et</strong></span> <span class='ocrx_word' id='word_1_307' title='bbox 861 4170 1024 4224; x_wconf 87' lang='lat' dir='ltr'><strong>multa</strong></span> <span class='ocrx_word' id='word_1_308' title='bbox 1055 4184 1212 4238; x_wconf 90' lang='lat' dir='ltr'><strong>prece</strong></span> <span class='ocrx_word' id='word_1_309' title='bbox 1249 4183 1472 4237; x_wconf 84' lang='lat' dir='ltr'><strong>poscens</strong></span> <span class='ocrx_word' id='word_1_310' title='bbox 1505 4183 1571 4222; x_wconf 89' lang='lat' dir='ltr'><strong>ne</strong></span> <span class='ocrx_word' id='word_1_311' title='bbox 1618 4184 1848 4237; x_wconf 88' lang='lat' dir='ltr'><strong>unquam</strong></span> <span class='ocrx_word' id='word_1_312' title='bbox 1899 4184 2028 4223; x_wconf 89' lang='lat' dir='ltr'><strong>eon-</strong></span> 
     </span>
    </p>
   </div>
   <div class='ocr_carea' id='block_1_41' title="bbox 438 4259 2027 4332">
    <p class='ocr_par' dir='ltr' id='par_1_41' title="bbox 438 4259 2027 4332">
     <span class='ocr_line' id='line_1_41' title="bbox 438 4259 2027 4332; baseline -0.001 -16"><span class='ocrx_word' id='word_1_313' title='bbox 438 4280 658 4318; x_wconf 74' lang='lat' dir='ltr'><strong>sensnm</strong></span> <span class='ocrx_word' id='word_1_314' title='bbox 707 4263 970 4332; x_wconf 58' lang='lat' dir='ltr'><strong>prxberet</strong></span> <span class='ocrx_word' id='word_1_315' title='bbox 1021 4259 1251 4330; x_wconf 86' lang='lat' dir='ltr'><strong>populis,</strong></span> <span class='ocrx_word' id='word_1_316' title='bbox 1299 4268 1355 4311; x_wconf 89' lang='lat' dir='ltr'><strong>nt</strong></span> <span class='ocrx_word' id='word_1_317' title='bbox 1408 4261 1546 4313; x_wconf 88' lang='lat' dir='ltr'><strong>hunc</strong></span> <span class='ocrx_word' id='word_1_318' title='bbox 1597 4260 1754 4327; x_wconf 86' lang='lat' dir='ltr'><strong>hujus</strong></span> <span class='ocrx_word' id='word_1_319' title='bbox 1808 4259 2027 4314; x_wconf 84' lang='lat' dir='ltr'><strong>honoris</strong></span> 
     </span>
    </p>
   </div>
   <div class='ocr_carea' id='block_1_42' title="bbox 439 4350 2026 4424">
    <p class='ocr_par' dir='ltr' id='par_1_42' title="bbox 439 4350 2026 4424">
     <span class='ocr_line' id='line_1_42' title="bbox 439 4350 2026 4424; baseline -0.003 -15"><span class='ocrx_word' id='word_1_320' title='bbox 439 4358 605 4424; x_wconf 80' lang='lat' dir='ltr'><strong>gloria</strong></span> <span class='ocrx_word' id='word_1_321' title='bbox 651 4355 983 4409; x_wconf 87' lang='lat' dir='ltr'><strong>sublimaret.</strong></span> <span class='ocrx_word' id='word_1_322' title='bbox 1016 4351 1122 4407; x_wconf 84' lang='lat' dir='ltr'><strong>Sed</strong></span> <span class='ocrx_word' id='word_1_323' title='bbox 1175 4350 1460 4420; x_wconf 65' lang='lat' dir='ltr'><strong>praefectus</strong></span> <span class='ocrx_word' id='word_1_324' title='bbox 1503 4350 1646 4404; x_wconf 87' lang='lat' dir='ltr'><strong>urbis</strong></span> <span class='ocrx_word' id='word_1_325' title='bbox 1683 4351 1865 4404; x_wconf 71' lang='lat' dir='ltr'><strong>Momm</strong></span> <span class='ocrx_word' id='word_1_326' title='bbox 1893 4350 2026 4404; x_wconf 87' lang='lat' dir='ltr'><strong>Ger-</strong></span> 
     </span>
    </p>
   </div>
   <div class='ocr_carea' id='block_1_43' title="bbox 439 4440 2021 4515">
    <p class='ocr_par' dir='ltr' id='par_1_43' title="bbox 439 4440 2021 4515">
     <span class='ocr_line' id='line_1_43' title="bbox 439 4440 2021 4515; baseline -0.007 -12"><span class='ocrx_word' id='word_1_327' title='bbox 439 4463 629 4503; x_wconf 87' lang='lat' dir='ltr'><strong>manus</strong></span> <span class='ocrx_word' id='word_1_328' title='bbox 679 4446 793 4515; x_wconf 78' lang='lat' dir='ltr'><strong>ejus</strong></span> <span class='ocrx_word' id='word_1_329' title='bbox 828 4444 845 4483; x_wconf 71' lang='grc' dir='ltr'><strong>ί</strong></span> <span class='ocrx_word' id='word_1_330' title='bbox 876 4442 1181 4510; x_wconf 86' lang='lat' dir='ltr'><strong>anticipavit</strong></span> <span class='ocrx_word' id='word_1_331' title='bbox 1217 4445 1494 4503; x_wconf 86' lang='lat' dir='ltr'><strong>nuntium,</strong></span> <span class='ocrx_word' id='word_1_332' title='bbox 1527 4451 1580 4494; x_wconf 85' lang='lat' dir='ltr'><strong>et</strong></span> <span class='ocrx_word' id='word_1_333' title='bbox 1610 4440 2021 4507; x_wconf 73' lang='lat' dir='ltr'><strong>Comprehensa,</strong></span> 
     </span>
    </p>
   </div>
   <div class='ocr_carea' id='block_1_44' title="bbox 436 4534 2024 4610">
    <p class='ocr_par' dir='ltr' id='par_1_44' title="bbox 436 4534 2024 4610">
     <span class='ocr_line' id='line_1_44' title="bbox 436 4534 2024 4610; baseline -0.007 -14"><span class='ocrx_word' id='word_1_334' title='bbox 436 4541 694 4608; x_wconf 55' lang='lat' dir='ltr'><strong>disruptis</strong></span> <span class='ocrx_word' id='word_1_335' title='bbox 736 4537 976 4610; x_wconf 88' lang='lat' dir='ltr'><strong>epistolis</strong></span> <span class='ocrx_word' id='word_1_336' title='bbox 1001 4578 1016 4602; x_wconf 91' lang='lat'><strong>,</strong></span> <span class='ocrx_word' id='word_1_337' title='bbox 1049 4549 1316 4590; x_wconf 83' lang='lat' dir='ltr'><strong>consensu</strong></span> <span class='ocrx_word' id='word_1_338' title='bbox 1361 4548 1518 4603; x_wconf 84' lang='lat' dir='ltr'><strong>quem</strong></span> <span class='ocrx_word' id='word_1_339' title='bbox 1565 4534 1787 4601; x_wconf 89' lang='lat' dir='ltr'><strong>populus</strong></span> <span class='ocrx_word' id='word_1_340' title='bbox 1829 4535 2024 4586; x_wconf 83' lang='lat' dir='ltr'><strong>fecerat</strong></span> 
     </span>
    </p>
   </div>
   <div class='ocr_carea' id='block_1_45' title="bbox 437 4626 2023 4701">
    <p class='ocr_par' dir='ltr' id='par_1_45' title="bbox 437 4626 2023 4701">
     <span class='ocr_line' id='line_1_45' title="bbox 437 4626 2023 4701; baseline -0.004 -15"><span class='ocrx_word' id='word_1_341' title='bbox 437 4632 748 4701; x_wconf 88' lang='lat' dir='ltr'><strong>imperatori</strong></span> <span class='ocrx_word' id='word_1_342' title='bbox 794 4631 1008 4685; x_wconf 81' lang='lat' dir='ltr'><strong>direxit.</strong></span> <span class='ocrx_word' id='word_1_343' title='bbox 1048 4630 1114 4682; x_wconf 85' lang='lat' dir='ltr'><strong>At</strong></span> <span class='ocrx_word' id='word_1_344' title='bbox 1159 4627 1248 4682; x_wconf 88' lang='lat' dir='ltr'><strong>ille</strong></span> <span class='ocrx_word' id='word_1_345' title='bbox 1304 4627 1502 4696; x_wconf 81' lang='lat' dir='ltr'><strong>gratias</strong></span> <span class='ocrx_word' id='word_1_346' title='bbox 1557 4626 1667 4681; x_wconf 86' lang='lat' dir='ltr'><strong>Deo</strong></span> <span class='ocrx_word' id='word_1_347' title='bbox 1712 4639 1876 4695; x_wconf 80' lang='lat' dir='ltr'><strong>agens</strong></span> <span class='ocrx_word' id='word_1_348' title='bbox 1925 4639 2023 4696; x_wconf 87' lang='lat' dir='ltr'><strong>pro</strong></span> 
     </span>
    </p>
   </div>
   <div class='ocr_carea' id='block_1_46' title="bbox 436 4717 2017 4792">
    <p class='ocr_par' dir='ltr' id='par_1_46' title="bbox 436 4717 2017 4792">
     <span class='ocr_line' id='line_1_46' title="bbox 436 4717 2017 4792; baseline -0.006 -11"><span class='ocrx_word' id='word_1_349' title='bbox 436 4727 668 4782; x_wconf 86' lang='lat' dir='ltr'><strong>amicitia</strong></span> <span class='ocrx_word' id='word_1_350' title='bbox 724 4724 976 4789; x_wconf 86' lang='lat' dir='ltr'><strong>diaconi,</strong></span> <span class='ocrx_word' id='word_1_351' title='bbox 1030 4721 1169 4792; x_wconf 89' lang='lat' dir='ltr'><strong>quod</strong></span> <span class='ocrx_word' id='word_1_352' title='bbox 1229 4720 1520 4789; x_wconf 82' lang='lat' dir='ltr'><strong>reperisset</strong></span> <span class='ocrx_word' id='word_1_353' title='bbox 1570 4720 1741 4772; x_wconf 90' lang='lat' dir='ltr'><strong>locum</strong></span> <span class='ocrx_word' id='word_1_354' title='bbox 1798 4717 2017 4773; x_wconf 86' lang='lat' dir='ltr'><strong>honoris</strong></span> 
     </span>
    </p>
   </div>
   <div class='ocr_carea' id='block_1_47' title="bbox 440 4812 2020 4888">
    <p class='ocr_par' dir='ltr' id='par_1_47' title="bbox 440 4812 2020 4888">
     <span class='ocr_line' id='line_1_47' title="bbox 440 4812 2020 4888; baseline -0.007 -14"><span class='ocrx_word' id='word_1_355' title='bbox 440 4821 557 4888; x_wconf 85' lang='lat' dir='ltr'><strong>ejus</strong></span> <span class='ocrx_word' id='word_1_356' title='bbox 590 4829 634 4881; x_wconf 72' lang='grc' dir='ltr'><strong>ις,</strong></span> <span class='ocrx_word' id='word_1_357' title='bbox 668 4819 787 4870; x_wconf 87' lang='lat' dir='ltr'><strong>data</strong></span> <span class='ocrx_word' id='word_1_358' title='bbox 833 4818 1193 4884; x_wconf 76' lang='lat' dir='ltr'><strong>prmceptione</strong></span> <span class='ocrx_word' id='word_1_359' title='bbox 1219 4818 1388 4881; x_wconf 89' lang='lat' dir='ltr'><strong>ipsum</strong></span> <span class='ocrx_word' id='word_1_360' title='bbox 1416 4813 1578 4881; x_wconf 82' lang='lat' dir='ltr'><strong>jussit</strong></span> <span class='ocrx_word' id='word_1_361' title='bbox 1605 4812 1828 4866; x_wconf 58' lang='lat' dir='ltr'><strong>institui.</strong></span> <span class='ocrx_word' id='word_1_362' title='bbox 1860 4812 2020 4866; x_wconf 86' lang='lat' dir='ltr'><strong>Cum-</strong></span> 
     </span>
    </p>
   </div>
   <div class='ocr_carea' id='block_1_48' title="bbox 433 4903 2017 4980">
    <p class='ocr_par' dir='ltr' id='par_1_48' title="bbox 433 4903 2017 4980">
     <span class='ocr_line' id='line_1_48' title="bbox 433 4903 2017 4980; baseline -0.005 -16"><span class='ocrx_word' id='word_1_363' title='bbox 433 4926 538 4980; x_wconf 90' lang='lat' dir='ltr'><strong>qne</strong></span> <span class='ocrx_word' id='word_1_364' title='bbox 568 4911 618 4964; x_wconf 92' lang='lat' dir='ltr'><strong>in</strong></span> <span class='ocrx_word' id='word_1_365' title='bbox 656 4909 756 4962; x_wconf 86' lang='lat' dir='ltr'><strong>hoc</strong></span> <span class='ocrx_word' id='word_1_366' title='bbox 787 4916 1011 4961; x_wconf 86' lang='lat' dir='ltr'><strong>restaret</strong></span> <span class='ocrx_word' id='word_1_367' title='bbox 1058 4917 1112 4960; x_wconf 92' lang='lat' dir='ltr'><strong>ut</strong></span> <span class='ocrx_word' id='word_1_368' title='bbox 1146 4903 1571 4967; x_wconf 74' lang='lat' dir='ltr'><strong>benediceretur,</strong></span> <span class='ocrx_word' id='word_1_369' title='bbox 1605 4912 1660 4959; x_wconf 79' lang='lat' dir='ltr'><strong>et.</strong></span> <span class='ocrx_word' id='word_1_370' title='bbox 1705 4903 1820 4958; x_wconf 91' lang='lat' dir='ltr'><strong>lues</strong></span> <span class='ocrx_word' id='word_1_371' title='bbox 1851 4919 2017 4972; x_wconf 84' lang='lat' dir='ltr'><strong>popu-</strong></span> 
     </span>
    </p>
   </div>
   <div class='ocr_carea' id='block_1_49' title="bbox 431 4993 2018 5064">
    <p class='ocr_par' dir='ltr' id='par_1_49' title="bbox 431 4993 2018 5064">
     <span class='ocr_line' id='line_1_49' title="bbox 431 4993 2018 5064; baseline -0.008 -5"><span class='ocrx_word' id='word_1_372' title='bbox 431 5006 540 5061; x_wconf 88' lang='lat' dir='ltr'><strong>lum</strong></span> <span class='ocrx_word' id='word_1_373' title='bbox 606 5002 906 5056; x_wconf 90' lang='lat' dir='ltr'><strong>devastaret</strong></span> <span class='ocrx_word' id='word_1_374' title='bbox 943 5039 958 5062; x_wconf 96' lang='lat'><strong>,</strong></span> <span class='ocrx_word' id='word_1_375' title='bbox 1013 4998 1232 5051; x_wconf 85' lang='lat' dir='ltr'><strong>verbum</strong></span> <span class='ocrx_word' id='word_1_376' title='bbox 1287 4997 1353 5048; x_wconf 88' lang='lat' dir='ltr'><strong>ad</strong></span> <span class='ocrx_word' id='word_1_377' title='bbox 1405 4995 1611 5063; x_wconf 89' lang='lat' dir='ltr'><strong>plebem</strong></span> <span class='ocrx_word' id='word_1_378' title='bbox 1666 5009 1760 5062; x_wconf 91' lang='lat' dir='ltr'><strong>pro</strong></span> <span class='ocrx_word' id='word_1_379' title='bbox 1816 4993 2018 5064; x_wconf 83' lang='lat' dir='ltr'><strong>agenda</strong></span> 
     </span>
    </p>
   </div>
   <div class='ocr_carea' id='block_1_50' title="bbox 500 5105 1728 5174">
    <p class='ocr_par' dir='ltr' id='par_1_50' title="bbox 500 5105 1728 5174">
     <span class='ocr_line' id='line_1_50' title="bbox 500 5105 1728 5174; baseline -0.01 -1"><span class='ocrx_word' id='word_1_380' title='bbox 500 5128 526 5157; x_wconf 71' lang='grc' dir='ltr'><strong>ἰ</strong></span> <span class='ocrx_word' id='word_1_381' title='bbox 567 5116 762 5172; x_wconf 87' lang='lat' dir='ltr'><strong>Confer</strong></span> <span class='ocrx_word' id='word_1_382' title='bbox 793 5114 887 5168; x_wconf 89' lang='lat' dir='ltr'><strong>lib.</strong></span> <span class='ocrx_word' id='word_1_383' title='bbox 922 5111 1031 5165; x_wconf 88' lang='lat' dir='ltr'><strong>tde</strong></span> <span class='ocrx_word' id='word_1_384' title='bbox 1063 5111 1243 5165; x_wconf 86' lang='lat' dir='ltr'><strong>Gloria</strong></span> <span class='ocrx_word' id='word_1_385' title='bbox 1280 5110 1456 5174; x_wconf 83' lang='lat' dir='ltr'><strong>Mart.,</strong></span> <span class='ocrx_word' id='word_1_386' title='bbox 1487 5123 1606 5174; x_wconf 89' lang='lat' dir='ltr'><strong>cap.</strong></span> <span class='ocrx_word' id='word_1_387' title='bbox 1640 5105 1728 5161; x_wconf 75' lang='lat'><strong>83.</strong></span> 
     </span>
    </p>
   </div>
   <div class='ocr_carea' id='block_1_51' title="bbox 493 5178 2013 5244">
    <p class='ocr_par' dir='ltr' id='par_1_51' title="bbox 493 5178 2013 5244">
     <span class='ocr_line' id='line_1_51' title="bbox 493 5178 2013 5244; baseline -0.008 -1"><span class='ocrx_word' id='word_1_388' title='bbox 493 5190 526 5229; x_wconf 56' lang='grc' dir='ltr'><strong>’ὅ</strong></span> <span class='ocrx_word' id='word_1_389' title='bbox 562 5191 709 5244; x_wconf 88' lang='lat' dir='ltr'><strong>Hanc</strong></span> <span class='ocrx_word' id='word_1_390' title='bbox 739 5183 956 5239; x_wconf 81' lang='lat' dir='ltr'><strong>Tiberis</strong></span> <span class='ocrx_word' id='word_1_391' title='bbox 991 5182 1388 5235; x_wconf 85' lang='lat' dir='ltr'><strong>inundationem</strong></span> <span class='ocrx_word' id='word_1_392' title='bbox 1440 5187 1702 5232; x_wconf 87' lang='lat' dir='ltr'><strong>memorat</strong></span> <span class='ocrx_word' id='word_1_393' title='bbox 1745 5179 1859 5244; x_wconf 90' lang='lat' dir='ltr'><strong>ipse</strong></span> <span class='ocrx_word' id='word_1_394' title='bbox 1885 5178 2013 5233; x_wconf 85' lang='lat' dir='ltr'><strong>Gre-</strong></span> 
     </span>
    </p>
   </div>
   <div class='ocr_carea' id='block_1_52' title="bbox 430 5250 2017 5326">
    <p class='ocr_par' dir='ltr' id='par_1_52' title="bbox 430 5250 2017 5326">
     <span class='ocr_line' id='line_1_52' title="bbox 430 5250 2017 5326; baseline -0.008 -14"><span class='ocrx_word' id='word_1_395' title='bbox 430 5262 608 5326; x_wconf 82' lang='lat' dir='ltr'><strong>gorius</strong></span> <span class='ocrx_word' id='word_1_396' title='bbox 637 5261 705 5314; x_wconf 85' lang='lat' dir='ltr'><strong>M.</strong></span> <span class='ocrx_word' id='word_1_397' title='bbox 739 5258 831 5311; x_wconf 90' lang='lat' dir='ltr'><strong>lib.</strong></span> <span class='ocrx_word' id='word_1_398' title='bbox 861 5270 918 5309; x_wconf 92' lang='grc' dir='ltr'><strong>ιιι</strong></span> <span class='ocrx_word' id='word_1_399' title='bbox 949 5254 1318 5326; x_wconf 65' lang='lat' dir='ltr'><strong>D&#39;alo;.,cap_.</strong></span> <span class='ocrx_word' id='word_1_400' title='bbox 1346 5251 1430 5312; x_wconf 76' lang='grc'><strong>19,</strong></span> <span class='ocrx_word' id='word_1_401' title='bbox 1454 5260 1507 5303; x_wconf 90' lang='lat' dir='ltr'><strong>et</strong></span> <span class='ocrx_word' id='word_1_402' title='bbox 1534 5250 1723 5326; x_wconf 60' lang='lat' dir='ltr'><strong>[’anlus</strong></span> <span class='ocrx_word' id='word_1_403' title='bbox 1755 5251 2017 5326; x_wconf 80' lang='lat' dir='ltr'><strong>Diaconos</strong></span> 
     </span>
    </p>
   </div>
   <div class='ocr_carea' id='block_1_53' title="bbox 431 5317 2013 5392">
    <p class='ocr_par' dir='ltr' id='par_1_53' title="bbox 431 5317 2013 5392">
     <span class='ocr_line' id='line_1_53' title="bbox 431 5317 2013 5392; baseline -0.005 -12"><span class='ocrx_word' id='word_1_404' title='bbox 431 5317 522 5384; x_wconf 82' lang='lat' dir='ltr'><strong>lib.</strong></span> <span class='ocrx_word' id='word_1_405' title='bbox 553 5346 609 5382; x_wconf 91' lang='grc' dir='ltr'><strong>ιιι</strong></span> <span class='ocrx_word' id='word_1_406' title='bbox 656 5330 723 5382; x_wconf 87' lang='lat' dir='ltr'><strong>de</strong></span> <span class='ocrx_word' id='word_1_407' title='bbox 768 5327 944 5382; x_wconf 86' lang='lat' dir='ltr'><strong>Gestis</strong></span> <span class='ocrx_word' id='word_1_408' title='bbox 994 5323 1353 5392; x_wconf 84' lang='lat' dir='ltr'><strong>Langobard.,</strong></span> <span class='ocrx_word' id='word_1_409' title='bbox 1385 5335 1503 5392; x_wconf 77' lang='lat' dir='ltr'><strong>cap.</strong></span> <span class='ocrx_word' id='word_1_410' title='bbox 1535 5317 1609 5372; x_wconf 68' lang='grc'><strong>24</strong></span> <span class='ocrx_word' id='word_1_411' title='bbox 1634 5329 1684 5392; x_wconf 83' lang='lat' dir='ltr'><strong>et</strong></span> <span class='ocrx_word' id='word_1_412' title='bbox 1715 5336 1892 5392; x_wconf 43' lang='lat' dir='ltr'><strong>seqq,</strong></span> <span class='ocrx_word' id='word_1_413' title='bbox 1926 5321 2013 5392; x_wconf 86' lang='lat' dir='ltr'><strong>qui</strong></span> 
     </span>
    </p>
   </div>
   <div class='ocr_carea' id='block_1_54' title="bbox 427 5389 2013 5465">
    <p class='ocr_par' dir='ltr' id='par_1_54' title="bbox 427 5389 2013 5465">
     <span class='ocr_line' id='line_1_54' title="bbox 427 5389 2013 5465; baseline -0.005 -14"><span class='ocrx_word' id='word_1_414' title='bbox 427 5410 482 5452; x_wconf 89' lang='lat' dir='ltr'><strong>et</strong></span> <span class='ocrx_word' id='word_1_415' title='bbox 513 5402 562 5452; x_wconf 91' lang='lat' dir='ltr'><strong>in</strong></span> <span class='ocrx_word' id='word_1_416' title='bbox 597 5400 711 5453; x_wconf 73' lang='lat' dir='ltr'><strong>Vita</strong></span> <span class='ocrx_word' id='word_1_417' title='bbox 737 5401 902 5452; x_wconf 84' lang='lat' dir='ltr'><strong>sancti</strong></span> <span class='ocrx_word' id='word_1_418' title='bbox 927 5389 1192 5465; x_wconf 74' lang='lat' dir='ltr'><strong>Gregorii,</strong></span> <span class='ocrx_word' id='word_1_419' title='bbox 1212 5393 1348 5465; x_wconf 82' lang='lat' dir='ltr'><strong>edita</strong></span> <span class='ocrx_word' id='word_1_420' title='bbox 1378 5391 1590 5465; x_wconf 65' lang='lat' dir='ltr'><strong>Saeculo</strong></span> <span class='ocrx_word' id='word_1_421' title='bbox 1617 5407 1633 5443; x_wconf 91' lang='grc' dir='ltr'><strong>ι</strong></span> <span class='ocrx_word' id='word_1_422' title='bbox 1667 5389 2013 5465; x_wconf 79' lang='lat' dir='ltr'><strong>Benedictino</strong></span> 
     </span>
    </p>
   </div>
   <div class='ocr_carea' id='block_1_55' title="bbox 429 5462 2013 5533">
    <p class='ocr_par' dir='ltr' id='par_1_55' title="bbox 429 5462 2013 5533">
     <span class='ocr_line' id='line_1_55' title="bbox 429 5462 2013 5533; baseline -0.006 -10"><span class='ocrx_word' id='word_1_423' title='bbox 429 5470 568 5523; x_wconf 89' lang='lat' dir='ltr'><strong>inter</strong></span> <span class='ocrx_word' id='word_1_424' title='bbox 612 5479 726 5523; x_wconf 88' lang='lat' dir='ltr'><strong>acta</strong></span> <span class='ocrx_word' id='word_1_425' title='bbox 757 5470 855 5524; x_wconf 84' lang='lat' dir='ltr'><strong>SS.</strong></span> <span class='ocrx_word' id='word_1_426' title='bbox 889 5467 1016 5520; x_wconf 87' lang='lat' dir='ltr'><strong>0rd.</strong></span> <span class='ocrx_word' id='word_1_427' title='bbox 1039 5462 1242 5530; x_wconf 62' lang='lat' dir='ltr'><strong>nostri,</strong></span> <span class='ocrx_word' id='word_1_428' title='bbox 1273 5464 1540 5533; x_wconf 84' lang='lat' dir='ltr'><strong>integrum</strong></span> <span class='ocrx_word' id='word_1_429' title='bbox 1571 5462 1683 5515; x_wconf 90' lang='lat' dir='ltr'><strong>fere</strong></span> <span class='ocrx_word' id='word_1_430' title='bbox 1712 5462 1811 5514; x_wconf 91' lang='lat' dir='ltr'><strong>hoc</strong></span> <span class='ocrx_word' id='word_1_431' title='bbox 1853 5471 2013 5530; x_wconf 85' lang='lat' dir='ltr'><strong>caput</strong></span> 
     </span>
    </p>
   </div>
   <div class='ocr_carea' id='block_1_56' title="bbox 426 5538 1201 5606">
    <p class='ocr_par' dir='ltr' id='par_1_56' title="bbox 426 5538 1201 5606">
     <span class='ocr_line' id='line_1_56' title="bbox 426 5538 1201 5606; baseline -0.003 -14"><span class='ocrx_word' id='word_1_432' title='bbox 426 5538 669 5606; x_wconf 78' lang='lat' dir='ltr'><strong>Gregorii</strong></span> <span class='ocrx_word' id='word_1_433' title='bbox 699 5540 866 5593; x_wconf 88' lang='lat' dir='ltr'><strong>nostri</strong></span> <span class='ocrx_word' id='word_1_434' title='bbox 899 5539 1201 5605; x_wconf 77' lang='lat' dir='ltr'><strong>descripsit.</strong></span> 
     </span>
    </p>
   </div>
   <div class='ocr_carea' id='block_1_57' title="bbox 506 5600 2012 5676">
    <p class='ocr_par' dir='ltr' id='par_1_57' title="bbox 506 5600 2012 5676">
     <span class='ocr_line' id='line_1_57' title="bbox 506 5600 2012 5676; baseline -0.007 -12"><span class='ocrx_word' id='word_1_435' title='bbox 506 5600 854 5663; x_wconf 42' lang='lat' dir='ltr'><strong>c‘lilonastico</strong></span> <span class='ocrx_word' id='word_1_436' title='bbox 902 5600 1127 5667; x_wconf 80' lang='lat' dir='ltr'><strong>scilicet,</strong></span> <span class='ocrx_word' id='word_1_437' title='bbox 1161 5621 1318 5676; x_wconf 90' lang='lat' dir='ltr'><strong>quem</strong></span> <span class='ocrx_word' id='word_1_438' title='bbox 1370 5605 1650 5676; x_wconf 84' lang='lat' dir='ltr'><strong>omnibus_</strong></span> <span class='ocrx_word' id='word_1_439' title='bbox 1669 5600 1930 5657; x_wconf 81' lang='lat' dir='ltr'><strong>abdicatis</strong></span> <span class='ocrx_word' id='word_1_440' title='bbox 1962 5602 2012 5654; x_wconf 90' lang='lat' dir='ltr'><strong>in</strong></span> 
     </span>
    </p>
   </div>
   <div class='ocr_carea' id='block_1_58' title="bbox 425 5674 2016 5736">
    <p class='ocr_par' dir='ltr' id='par_1_58' title="bbox 425 5674 2016 5736">
     <span class='ocr_line' id='line_1_58' title="bbox 425 5674 2016 5736; baseline -0.007 0"><span class='ocrx_word' id='word_1_441' title='bbox 425 5682 758 5736; x_wconf 75' lang='lat' dir='ltr'><strong>monasterio</strong></span> <span class='ocrx_word' id='word_1_442' title='bbox 787 5678 957 5732; x_wconf 90' lang='lat' dir='ltr'><strong>sancti</strong></span> <span class='ocrx_word' id='word_1_443' title='bbox 989 5674 1212 5731; x_wconf 62' lang='lat' dir='ltr'><strong>Andreae</strong></span> <span class='ocrx_word' id='word_1_444' title='bbox 1235 5693 1265 5731; x_wconf 89' lang='lat' dir='ltr'><strong>a</strong></span> <span class='ocrx_word' id='word_1_445' title='bbox 1290 5691 1348 5730; x_wconf 91' lang='lat' dir='ltr'><strong>se</strong></span> <span class='ocrx_word' id='word_1_446' title='bbox 1374 5675 1590 5729; x_wconf 87' lang='lat' dir='ltr'><strong>condito</strong></span> <span class='ocrx_word' id='word_1_447' title='bbox 1621 5674 1803 5726; x_wconf 69' lang='lat' dir='ltr'><strong>Reum</strong></span> <span class='ocrx_word' id='word_1_448' title='bbox 1830 5687 2016 5725; x_wconf 79' lang='lat' dir='ltr'><strong>susce-</strong></span> 
     </span>
    </p>
   </div>
   <div class='ocr_carea' id='block_1_59' title="bbox 427 5742 2013 5818">
    <p class='ocr_par' dir='ltr' id='par_1_59' title="bbox 427 5742 2013 5818">
     <span class='ocr_line' id='line_1_59' title="bbox 427 5742 2013 5818; baseline -0.004 -14"><span class='ocrx_word' id='word_1_449' title='bbox 427 5752 522 5818; x_wconf 85' lang='lat' dir='ltr'><strong>pit,</strong></span> <span class='ocrx_word' id='word_1_450' title='bbox 557 5752 645 5806; x_wconf 89' lang='lat' dir='ltr'><strong>ubi</strong></span> <span class='ocrx_word' id='word_1_451' title='bbox 691 5748 1043 5818; x_wconf 15' lang='lat' dir='ltr'><strong>Benedietinai</strong></span> <span class='ocrx_word' id='word_1_452' title='bbox 1075 5747 1274 5815; x_wconf 84' lang='lat' dir='ltr'><strong>Regula</strong></span> <span class='ocrx_word' id='word_1_453' title='bbox 1314 5747 1690 5818; x_wconf 34' lang='lat' dir='ltr'><strong>vigebalaﬂua</strong></span> <span class='ocrx_word' id='word_1_454' title='bbox 1730 5746 1797 5798; x_wconf 88' lang='lat' dir='ltr'><strong>de</strong></span> <span class='ocrx_word' id='word_1_455' title='bbox 1824 5742 2013 5818; x_wconf 79' lang='lat' dir='ltr'><strong>redis-</strong></span> 
     </span>
    </p>
   </div>
   <div class='ocr_carea' id='block_1_60' title="bbox 425 5814 2007 5879">
    <p class='ocr_par' dir='ltr' id='par_1_60' title="bbox 425 5814 2007 5879">
     <span class='ocr_line' id='line_1_60' title="bbox 425 5814 2007 5879; baseline -0.008 -2"><span class='ocrx_word' id='word_1_456' title='bbox 425 5814 780 5879; x_wconf 73' lang='lat' dir='ltr'><strong>sertationem</strong></span> <span class='ocrx_word' id='word_1_457' title='bbox 804 5817 969 5875; x_wconf 81' lang='lat' dir='ltr'><strong>edidit</strong></span> <span class='ocrx_word' id='word_1_458' title='bbox 999 5814 1330 5873; x_wconf 77' lang='lat' dir='ltr'><strong>Mabillonius</strong></span> <span class='ocrx_word' id='word_1_459' title='bbox 1376 5814 1528 5873; x_wconf 80' lang='lat' dir='ltr'><strong>temo</strong></span> <span class='ocrx_word' id='word_1_460' title='bbox 1557 5817 1596 5871; x_wconf 81' lang='lat' dir='ltr'><strong>li</strong></span> <span class='ocrx_word' id='word_1_461' title='bbox 1628 5826 1735 5872; x_wconf 80' lang='lat' dir='ltr'><strong>vel.</strong></span> <span class='ocrx_word' id='word_1_462' title='bbox 1768 5814 2007 5870; x_wconf 71' lang='lat' dir='ltr'><strong>Analccl.</strong></span> 
     </span>
    </p>
   </div>
   <div class='ocr_carea' id='block_1_61' title="bbox 2055 4685 2104 4746">
    <p class='ocr_par' dir='ltr' id='par_1_61' title="bbox 2055 4685 2104 4746">
     <span class='ocr_line' id='line_1_61' title="bbox 2055 4685 2104 4746; baseline 0 0"><span class='ocrx_word' id='word_1_463' title='bbox 2055 4685 2104 4746; x_wconf 90' lang='lat' dir='ltr'><strong>D</strong></span> 
     </span>
    </p>
   </div>
   <div class='ocr_carea' id='block_1_62' title="bbox 1422 351 2783 528">
    <p class='ocr_par' dir='ltr' id='par_1_62' title="bbox 1422 351 2783 528">
     <span class='ocr_line' id='line_1_62' title="bbox 1422 351 2783 528; baseline 0.004 -4"><span class='ocrx_word' id='word_1_464' title='bbox 1422 351 1898 524; x_wconf 61' lang='grc' dir='ltr'>ἱῖιὲΕιι</span> <span class='ocrx_word' id='word_1_465' title='bbox 2055 351 2783 528; x_wconf 57' lang='grc' dir='ltr'><strong>υΕσΙΜῙὲῘ</strong></span> 
     </span>
    </p>
   </div>
   <div class='ocr_carea' id='block_1_63' title="bbox 2529 351 3574 377">
    <p class='ocr_par' dir='ltr' id='par_1_63' title="bbox 2529 351 3574 377">
     <span class='ocr_line' id='line_1_63' title="bbox 2529 351 3574 377; baseline -0.002 2"><span class='ocrx_word' id='word_1_466' title='bbox 2529 351 3574 377; x_wconf 50' lang='lat' dir='ltr'><strong>mw</strong></span> 
     </span>
    </p>
   </div>
   <div class='ocr_carea' id='block_1_64' title="bbox 2163 583 3474 650">
    <p class='ocr_par' dir='ltr' id='par_1_64' title="bbox 2163 583 3474 650">
     <span class='ocr_line' id='line_1_64' title="bbox 2163 583 3474 650; baseline 0.009 -15"><span class='ocrx_word' id='word_1_467' title='bbox 2163 584 2470 650; x_wconf 67' lang='lat' dir='ltr'><strong>paenitentia</strong></span> <span class='ocrx_word' id='word_1_468' title='bbox 2529 585 2580 638; x_wconf 91' lang='lat' dir='ltr'><strong>in</strong></span> <span class='ocrx_word' id='word_1_469' title='bbox 2655 583 2797 640; x_wconf 88' lang='lat' dir='ltr'><strong>hunc</strong></span> <span class='ocrx_word' id='word_1_470' title='bbox 2848 585 3062 639; x_wconf 90' lang='lat' dir='ltr'><strong>modum</strong></span> <span class='ocrx_word' id='word_1_471' title='bbox 3117 600 3334 643; x_wconf 80' lang='lat' dir='ltr'><strong>exorsus</strong></span> <span class='ocrx_word' id='word_1_472' title='bbox 3383 602 3474 647; x_wconf 88' lang='lat' dir='ltr'><strong>est.</strong></span> 
     </span>
    </p>
   </div>
   <div class='ocr_carea' id='block_1_65' title="bbox 2542 716 3371 758">
    <p class='ocr_par' dir='ltr' id='par_1_65' title="bbox 2542 716 3371 758">
     <span class='ocr_line' id='line_1_65' title="bbox 2542 716 3371 758; baseline 0.01 -8"><span class='ocrx_word' id='word_1_473' title='bbox 2542 716 2733 756; x_wconf 76' lang='lat' dir='ltr'><strong>ORATIO</strong></span> <span class='ocrx_word' id='word_1_474' title='bbox 2770 716 3013 756; x_wconf 75' lang='lat' dir='ltr'><strong>GREGOR&quot;</strong></span> <span class='ocrx_word' id='word_1_475' title='bbox 3054 717 3121 755; x_wconf 78' lang='lat' dir='ltr'><strong>AD</strong></span> <span class='ocrx_word' id='word_1_476' title='bbox 3158 717 3371 758; x_wconf 75' lang='lat' dir='ltr'><strong>PLEBEII.</strong></span> 
     </span>
    </p>
   </div>
   <div class='ocr_carea' id='block_1_66' title="bbox 2235 790 3690 871">
    <p class='ocr_par' dir='ltr' id='par_1_66' title="bbox 2235 790 3690 871">
     <span class='ocr_line' id='line_1_66' title="bbox 2235 790 3690 871; baseline 0.005 -27"><span class='ocrx_word' id='word_1_477' title='bbox 2235 809 2253 844; x_wconf 77' lang='grc' dir='ltr'><strong>ι</strong></span> <span class='ocrx_word' id='word_1_478' title='bbox 2291 790 2530 861; x_wconf 85' lang='lat' dir='ltr'><strong>Oportet,</strong></span> <span class='ocrx_word' id='word_1_479' title='bbox 2557 791 2757 847; x_wconf 82' lang='lat' dir='ltr'><strong>fratres</strong></span> <span class='ocrx_word' id='word_1_480' title='bbox 2777 792 3129 859; x_wconf 87' lang='lat' dir='ltr'><strong>dilectissimi,</strong></span> <span class='ocrx_word' id='word_1_481' title='bbox 3177 803 3233 848; x_wconf 89' lang='lat' dir='ltr'><strong>ut</strong></span> <span class='ocrx_word' id='word_1_482' title='bbox 3265 796 3453 864; x_wconf 87' lang='lat' dir='ltr'><strong>ﬂagella</strong></span> <span class='ocrx_word' id='word_1_483' title='bbox 3482 798 3564 852; x_wconf 84' lang='lat' dir='ltr'><strong>Dei</strong></span> <span class='ocrx_word' id='word_1_484' title='bbox 3591 811 3690 871; x_wconf 60' lang='lat' dir='ltr'><strong>quo</strong></span> 
     </span>
    </p>
   </div>
   <div class='ocr_carea' id='block_1_67' title="bbox 2158 886 3687 957">
    <p class='ocr_par' dir='ltr' id='par_1_67' title="bbox 2158 886 3687 957">
     <span class='ocr_line' id='line_1_67' title="bbox 2158 886 3687 957; baseline 0.008 -20"><span class='ocrx_word' id='word_1_485' title='bbox 2158 895 2396 941; x_wconf 85' lang='lat' dir='ltr'><strong>metuere</strong></span> <span class='ocrx_word' id='word_1_486' title='bbox 2425 895 2643 940; x_wconf 87' lang='lat' dir='ltr'><strong>ventura</strong></span> <span class='ocrx_word' id='word_1_487' title='bbox 2674 886 2988 951; x_wconf 85' lang='lat' dir='ltr'><strong>debuimus,</strong></span> <span class='ocrx_word' id='word_1_488' title='bbox 3029 887 3216 942; x_wconf 84' lang='lat' dir='ltr'><strong>saltem</strong></span> <span class='ocrx_word' id='word_1_489' title='bbox 3248 895 3509 957; x_wconf 67' lang='lat' dir='ltr'><strong>praesentia</strong></span> <span class='ocrx_word' id='word_1_490' title='bbox 3536 905 3582 948; x_wconf 89' lang='lat' dir='ltr'><strong>et</strong></span> <span class='ocrx_word' id='word_1_491' title='bbox 3606 910 3687 949; x_wconf 76' lang='lat' dir='ltr'><strong>er-</strong></span> 
     </span>
    </p>
   </div>
   <div class='ocr_carea' id='block_1_68' title="bbox 2159 977 3695 1046">
    <p class='ocr_par' dir='ltr' id='par_1_68' title="bbox 2159 977 3695 1046">
     <span class='ocr_line' id='line_1_68' title="bbox 2159 977 3695 1046; baseline 0.008 -15"><span class='ocrx_word' id='word_1_492' title='bbox 2159 988 2306 1046; x_wconf 87' lang='lat' dir='ltr'><strong>perta</strong></span> <span class='ocrx_word' id='word_1_493' title='bbox 2348 977 2649 1034; x_wconf 82' lang='lat' dir='ltr'><strong>timeamus.</strong></span> <span class='ocrx_word' id='word_1_494' title='bbox 2705 980 3089 1035; x_wconf 85' lang='lat' dir='ltr'><strong>Conversiouis</strong></span> <span class='ocrx_word' id='word_1_495' title='bbox 3137 981 3286 1037; x_wconf 89' lang='lat' dir='ltr'><strong>nobis</strong></span> <span class='ocrx_word' id='word_1_496' title='bbox 3331 985 3515 1040; x_wconf 84' lang='lat' dir='ltr'><strong>aditum</strong></span> <span class='ocrx_word' id='word_1_497' title='bbox 3563 990 3695 1043; x_wconf 75' lang='lat' dir='ltr'><strong>uol-ir</strong></span> 
     </span>
    </p>
   </div>
   <div class='ocr_carea' id='block_1_69' title="bbox 2156 1069 3694 1147">
    <p class='ocr_par' dir='ltr' id='par_1_69' title="bbox 2156 1069 3694 1147">
     <span class='ocr_line' id='line_1_69' title="bbox 2156 1069 3694 1147; baseline 0.007 -25"><span class='ocrx_word' id='word_1_498' title='bbox 2156 1069 2393 1135; x_wconf 86' lang='lat' dir='ltr'><strong>aperiat,</strong></span> <span class='ocrx_word' id='word_1_499' title='bbox 2426 1079 2479 1123; x_wconf 92' lang='lat' dir='ltr'><strong>et</strong></span> <span class='ocrx_word' id='word_1_500' title='bbox 2514 1071 2696 1125; x_wconf 86' lang='lat' dir='ltr'><strong>cordis</strong></span> <span class='ocrx_word' id='word_1_501' title='bbox 2732 1071 2901 1125; x_wconf 90' lang='lat' dir='ltr'><strong>nostri</strong></span> <span class='ocrx_word' id='word_1_502' title='bbox 2940 1071 3188 1126; x_wconf 84' lang='lat' dir='ltr'><strong>duritiam</strong></span> <span class='ocrx_word' id='word_1_503' title='bbox 3221 1071 3328 1141; x_wconf 72' lang='lat' dir='ltr'><strong>ipsa</strong></span> <span class='ocrx_word' id='word_1_504' title='bbox 3356 1116 3370 1140; x_wconf 89' lang='lat'><strong>,</strong></span> <span class='ocrx_word' id='word_1_505' title='bbox 3402 1091 3546 1144; x_wconf 87' lang='lat' dir='ltr'><strong>quam</strong></span> <span class='ocrx_word' id='word_1_506' title='bbox 3568 1083 3694 1147; x_wconf 83' lang='lat' dir='ltr'><strong>pati-</strong></span> 
     </span>
    </p>
   </div>
   <div class='ocr_carea' id='block_1_70' title="bbox 2155 1163 3699 1236">
    <p class='ocr_par' dir='ltr' id='par_1_70' title="bbox 2155 1163 3699 1236">
     <span class='ocr_line' id='line_1_70' title="bbox 2155 1163 3699 1236; baseline 0.007 -22"><span class='ocrx_word' id='word_1_507' title='bbox 2155 1177 2305 1226; x_wconf 90' lang='lat' dir='ltr'><strong>mur,</strong></span> <span class='ocrx_word' id='word_1_508' title='bbox 2335 1177 2486 1230; x_wconf 72' lang='lat' dir='ltr'><strong>ptena</strong></span> <span class='ocrx_word' id='word_1_509' title='bbox 2522 1163 2775 1218; x_wconf 67' lang='lat' dir='ltr'><strong>dissolvat</strong></span> <span class='ocrx_word' id='word_1_510' title='bbox 2820 1182 2832 1216; x_wconf 91' lang='lat'>:</span> <span class='ocrx_word' id='word_1_511' title='bbox 2883 1173 2939 1217; x_wconf 88' lang='lat' dir='ltr'><strong>ut</strong></span> <span class='ocrx_word' id='word_1_512' title='bbox 2967 1164 3109 1218; x_wconf 92' lang='lat' dir='ltr'><strong>enim</strong></span> <span class='ocrx_word' id='word_1_513' title='bbox 3149 1165 3402 1233; x_wconf 86' lang='lat' dir='ltr'><strong>propheta</strong></span> <span class='ocrx_word' id='word_1_514' title='bbox 3430 1177 3557 1223; x_wconf 88' lang='lat' dir='ltr'><strong>teste</strong></span> <span class='ocrx_word' id='word_1_515' title='bbox 3583 1186 3699 1236; x_wconf 70' lang='lat' dir='ltr'><strong>pra-</strong></span> 
     </span>
    </p>
   </div>
   <div class='ocr_carea' id='block_1_71' title="bbox 2154 1254 3699 1327">
    <p class='ocr_par' dir='ltr' id='par_1_71' title="bbox 2154 1254 3699 1327">
     <span class='ocr_line' id='line_1_71' title="bbox 2154 1254 3699 1327; baseline 0.006 -22"><span class='ocrx_word' id='word_1_516' title='bbox 2154 1255 2350 1308; x_wconf 89' lang='lat' dir='ltr'><strong>dictum</strong></span> <span class='ocrx_word' id='word_1_517' title='bbox 2383 1265 2466 1310; x_wconf 89' lang='lat' dir='ltr'><strong>est</strong></span> <span class='ocrx_word' id='word_1_518' title='bbox 2490 1296 2506 1320; x_wconf 97' lang='lat'><strong>,</strong></span> <span class='ocrx_word' id='word_1_519' title='bbox 2556 1254 2792 1309; x_wconf 81' lang='lat' dir='ltr'><strong>Pervenit</strong></span> <span class='ocrx_word' id='word_1_520' title='bbox 2822 1256 3026 1326; x_wconf 77' lang='lat' dir='ltr'><strong>gladius</strong></span> <span class='ocrx_word' id='word_1_521' title='bbox 3071 1272 3228 1325; x_wconf 85' lang='lat' dir='ltr'><strong>usque</strong></span> <span class='ocrx_word' id='word_1_522' title='bbox 3265 1257 3330 1310; x_wconf 85' lang='lat' dir='ltr'><strong>ad</strong></span> <span class='ocrx_word' id='word_1_523' title='bbox 3360 1261 3566 1312; x_wconf 78' lang='lat' dir='ltr'><strong>animum</strong></span> <span class='ocrx_word' id='word_1_524' title='bbox 3603 1263 3699 1327; x_wconf 68' lang='grc' dir='ltr'><strong>με·</strong></span> 
     </span>
    </p>
   </div>
   <div class='ocr_carea' id='block_1_72' title="bbox 2151 1345 3700 1416">
    <p class='ocr_par' dir='ltr' id='par_1_72' title="bbox 2151 1345 3700 1416">
     <span class='ocr_line' id='line_1_72' title="bbox 2151 1345 3700 1416; baseline 0.008 -21"><span class='ocrx_word' id='word_1_525' title='bbox 2151 1361 2275 1398; x_wconf 86' lang='lat' dir='ltr'><strong>rem.</strong></span> <span class='ocrx_word' id='word_1_526' title='bbox 2304 1361 2382 1410; x_wconf 81' lang='lat' dir='ltr'><strong>tv,</strong></span> <span class='ocrx_word' id='word_1_527' title='bbox 2421 1345 2528 1416; x_wconf 84' lang='lat' dir='ltr'><strong>l0).</strong></span> <span class='ocrx_word' id='word_1_528' title='bbox 2584 1347 2721 1401; x_wconf 76' lang='lat' dir='ltr'><strong>Ecce</strong></span> <span class='ocrx_word' id='word_1_529' title='bbox 2745 1347 2941 1400; x_wconf 89' lang='lat' dir='ltr'><strong>etenim</strong></span> <span class='ocrx_word' id='word_1_530' title='bbox 2969 1355 3158 1401; x_wconf 89' lang='lat' dir='ltr'><strong>cuncta</strong></span> <span class='ocrx_word' id='word_1_531' title='bbox 3202 1347 3350 1416; x_wconf 88' lang='lat' dir='ltr'><strong>plebs</strong></span> <span class='ocrx_word' id='word_1_532' title='bbox 3377 1350 3598 1406; x_wconf 58' lang='lat' dir='ltr'><strong>caelestis</strong></span> <span class='ocrx_word' id='word_1_533' title='bbox 3621 1354 3700 1407; x_wconf 68' lang='lat' dir='ltr'><strong>itte</strong></span> 
     </span>
    </p>
   </div>
   <div class='ocr_carea' id='block_1_73' title="bbox 2153 1439 3703 1508">
    <p class='ocr_par' dir='ltr' id='par_1_73' title="bbox 2153 1439 3703 1508">
     <span class='ocr_line' id='line_1_73' title="bbox 2153 1439 3703 1508; baseline 0.003 -18"><span class='ocrx_word' id='word_1_534' title='bbox 2153 1451 2406 1492; x_wconf 91' lang='lat' dir='ltr'><strong>mucrone</strong></span> <span class='ocrx_word' id='word_1_535' title='bbox 2455 1439 2770 1506; x_wconf 79' lang='lat' dir='ltr'><strong>percutitur,</strong></span> <span class='ocrx_word' id='word_1_536' title='bbox 2804 1449 2857 1491; x_wconf 91' lang='lat' dir='ltr'><strong>et</strong></span> <span class='ocrx_word' id='word_1_537' title='bbox 2912 1439 3186 1507; x_wconf 73' lang='lat' dir='ltr'><strong>repentina</strong></span> <span class='ocrx_word' id='word_1_538' title='bbox 3231 1439 3421 1508; x_wconf 85' lang='lat' dir='ltr'><strong>singuli</strong></span> <span class='ocrx_word' id='word_1_539' title='bbox 3462 1442 3597 1496; x_wconf 67' lang='lat' dir='ltr'><strong>unde</strong></span> <span class='ocrx_word' id='word_1_540' title='bbox 3626 1457 3703 1495; x_wconf 74' lang='lat' dir='ltr'><strong>va-</strong></span> 
     </span>
    </p>
   </div>
   <div class='ocr_carea' id='block_1_74' title="bbox 2151 1526 3706 1599">
    <p class='ocr_par' dir='ltr' id='par_1_74' title="bbox 2151 1526 3706 1599">
     <span class='ocr_line' id='line_1_74' title="bbox 2151 1526 3706 1599; baseline 0.004 -19"><span class='ocrx_word' id='word_1_541' title='bbox 2151 1536 2388 1580; x_wconf 88' lang='lat' dir='ltr'><strong>stantur:</strong></span> <span class='ocrx_word' id='word_1_542' title='bbox 2410 1541 2507 1580; x_wconf 90' lang='lat' dir='ltr'><strong>nec</strong></span> <span class='ocrx_word' id='word_1_543' title='bbox 2539 1526 2762 1594; x_wconf 81' lang='lat' dir='ltr'><strong>languor</strong></span> <span class='ocrx_word' id='word_1_544' title='bbox 2795 1537 3022 1581; x_wconf 87' lang='lat' dir='ltr'><strong>mortem</strong></span> <span class='ocrx_word' id='word_1_545' title='bbox 3048 1527 3325 1593; x_wconf 72' lang='lat' dir='ltr'><strong>prtevenit,</strong></span> <span class='ocrx_word' id='word_1_546' title='bbox 3351 1529 3442 1584; x_wconf 87' lang='lat' dir='ltr'><strong>sed</strong></span> <span class='ocrx_word' id='word_1_547' title='bbox 3463 1531 3706 1599; x_wconf 75' lang='lat' dir='ltr'><strong>languoris</strong></span> 
     </span>
    </p>
   </div>
   <div class='ocr_carea' id='block_1_75' title="bbox 2151 1617 3710 1688">
    <p class='ocr_par' dir='ltr' id='par_1_75' title="bbox 2151 1617 3710 1688">
     <span class='ocr_line' id='line_1_75' title="bbox 2151 1617 3710 1688; baseline 0.004 -19"><span class='ocrx_word' id='word_1_548' title='bbox 2151 1632 2328 1670; x_wconf 88' lang='lat' dir='ltr'><strong>moras</strong></span> <span class='ocrx_word' id='word_1_549' title='bbox 2354 1659 2368 1680; x_wconf 94' lang='lat'><strong>,</strong></span> <span class='ocrx_word' id='word_1_550' title='bbox 2402 1625 2459 1670; x_wconf 91' lang='lat' dir='ltr'><strong>ut</strong></span> <span class='ocrx_word' id='word_1_551' title='bbox 2488 1617 2733 1680; x_wconf 87' lang='lat' dir='ltr'><strong>cernitis,</strong></span> <span class='ocrx_word' id='word_1_552' title='bbox 2768 1631 2911 1671; x_wconf 91' lang='lat' dir='ltr'><strong>mors</strong></span> <span class='ocrx_word' id='word_1_553' title='bbox 2940 1619 3241 1686; x_wconf 82' lang='lat' dir='ltr'><strong>pr:ecorrit.</strong></span> <span class='ocrx_word' id='word_1_554' title='bbox 3272 1618 3558 1674; x_wconf 83' lang='lat' dir='ltr'><strong>Percussus</strong></span> <span class='ocrx_word' id='word_1_555' title='bbox 3575 1623 3710 1688; x_wconf 76' lang='lat' dir='ltr'><strong>quis-</strong></span> 
     </span>
    </p>
   </div>
   <div class='ocr_carea' id='block_1_76' title="bbox 2148 1708 3708 1779">
    <p class='ocr_par' dir='ltr' id='par_1_76' title="bbox 2148 1708 3708 1779">
     <span class='ocr_line' id='line_1_76' title="bbox 2148 1708 3708 1779; baseline 0.006 -22"><span class='ocrx_word' id='word_1_556' title='bbox 2148 1721 2250 1776; x_wconf 89' lang='lat' dir='ltr'><strong>que</strong></span> <span class='ocrx_word' id='word_1_557' title='bbox 2278 1718 2400 1761; x_wconf 91' lang='lat' dir='ltr'><strong>ante</strong></span> <span class='ocrx_word' id='word_1_558' title='bbox 2431 1708 2654 1777; x_wconf 80' lang='lat' dir='ltr'><strong>rapitur,</strong></span> <span class='ocrx_word' id='word_1_559' title='bbox 2686 1725 2844 1778; x_wconf 87' lang='lat' dir='ltr'><strong>quam</strong></span> <span class='ocrx_word' id='word_1_560' title='bbox 2885 1711 2947 1762; x_wconf 87' lang='lat' dir='ltr'><strong>ad</strong></span> <span class='ocrx_word' id='word_1_561' title='bbox 2984 1712 3210 1763; x_wconf 77' lang='lat' dir='ltr'><strong>lamenta</strong></span> <span class='ocrx_word' id='word_1_562' title='bbox 3244 1712 3561 1779; x_wconf 64' lang='lat' dir='ltr'><strong>paenitentia</strong></span> <span class='ocrx_word' id='word_1_563' title='bbox 3595 1727 3708 1768; x_wconf 83' lang='lat' dir='ltr'><strong>cnn-</strong></span> 
     </span>
    </p>
   </div>
   <div class='ocr_carea' id='block_1_77' title="bbox 2148 1800 3712 1872">
    <p class='ocr_par' dir='ltr' id='par_1_77' title="bbox 2148 1800 3712 1872">
     <span class='ocr_line' id='line_1_77' title="bbox 2148 1800 3712 1872; baseline 0.003 -18"><span class='ocrx_word' id='word_1_564' title='bbox 2148 1812 2402 1856; x_wconf 84' lang='lat' dir='ltr'><strong>vertatur.</strong></span> <span class='ocrx_word' id='word_1_565' title='bbox 2455 1800 2684 1857; x_wconf 86' lang='lat' dir='ltr'><strong>Pensate</strong></span> <span class='ocrx_word' id='word_1_566' title='bbox 2725 1818 2884 1872; x_wconf 80' lang='lat' dir='ltr'><strong>ergo,</strong></span> <span class='ocrx_word' id='word_1_567' title='bbox 2918 1804 3089 1872; x_wconf 73' lang='lat' dir='ltr'><strong>qualis</strong></span> <span class='ocrx_word' id='word_1_568' title='bbox 3137 1802 3207 1857; x_wconf 85' lang='lat' dir='ltr'><strong>ad</strong></span> <span class='ocrx_word' id='word_1_569' title='bbox 3264 1813 3600 1872; x_wconf 84' lang='lat' dir='ltr'><strong>conspectum</strong></span> <span class='ocrx_word' id='word_1_570' title='bbox 3644 1806 3712 1860; x_wconf 78' lang='lat' dir='ltr'><strong>tli-</strong></span> 
     </span>
    </p>
   </div>
   <div class='ocr_carea' id='block_1_78' title="bbox 2147 1890 3709 1965">
    <p class='ocr_par' dir='ltr' id='par_1_78' title="bbox 2147 1890 3709 1965">
     <span class='ocr_line' id='line_1_78' title="bbox 2147 1890 3709 1965; baseline 0.004 -21"><span class='ocrx_word' id='word_1_571' title='bbox 2147 1891 2316 1945; x_wconf 89' lang='lat' dir='ltr'><strong>stricti</strong></span> <span class='ocrx_word' id='word_1_572' title='bbox 2364 1890 2568 1946; x_wconf 80' lang='lat' dir='ltr'><strong>Judicis</strong></span> <span class='ocrx_word' id='word_1_573' title='bbox 2620 1894 2885 1961; x_wconf 87' lang='lat' dir='ltr'><strong>pervenit,</strong></span> <span class='ocrx_word' id='word_1_574' title='bbox 2935 1893 3019 1946; x_wconf 90' lang='lat' dir='ltr'><strong>cui</strong></span> <span class='ocrx_word' id='word_1_575' title='bbox 3070 1908 3174 1947; x_wconf 91' lang='lat' dir='ltr'><strong>non</strong></span> <span class='ocrx_word' id='word_1_576' title='bbox 3229 1904 3382 1950; x_wconf 82' lang='lat' dir='ltr'><strong>vacat</strong></span> <span class='ocrx_word' id='word_1_577' title='bbox 3427 1895 3551 1950; x_wconf 89' lang='lat' dir='ltr'><strong>ﬂere</strong></span> <span class='ocrx_word' id='word_1_578' title='bbox 3587 1895 3709 1965; x_wconf 87' lang='lat' dir='ltr'><strong>quod</strong></span> 
     </span>
    </p>
   </div>
   <div class='ocr_carea' id='block_1_79' title="bbox 2150 1981 3714 2054">
    <p class='ocr_par' dir='ltr' id='par_1_79' title="bbox 2150 1981 3714 2054">
     <span class='ocr_line' id='line_1_79' title="bbox 2150 1981 3714 2054; baseline 0.004 -20"><span class='ocrx_word' id='word_1_579' title='bbox 2150 1981 2299 2038; x_wconf 86' lang='lat' dir='ltr'><strong>fecit.</strong></span> <span class='ocrx_word' id='word_1_580' title='bbox 2334 1984 2669 2039; x_wconf 84' lang='lat' dir='ltr'><strong>llab&#39;tatore‘s</strong></span> <span class='ocrx_word' id='word_1_581' title='bbox 2690 1986 2886 2054; x_wconf 72' lang='lat' dir='ltr'><strong>quithe</strong></span> <span class='ocrx_word' id='word_1_582' title='bbox 2911 2000 3014 2039; x_wconf 91' lang='lat' dir='ltr'><strong>non</strong></span> <span class='ocrx_word' id='word_1_583' title='bbox 3044 1999 3108 2039; x_wconf 78' lang='lat' dir='ltr'><strong>ex</strong></span> <span class='ocrx_word' id='word_1_584' title='bbox 3139 1996 3300 2054; x_wconf 86' lang='lat' dir='ltr'><strong>parte</strong></span> <span class='ocrx_word' id='word_1_585' title='bbox 3325 1986 3714 2050; x_wconf 65' lang='lat' dir='ltr'><strong>subtrahuntur,</strong></span> 
     </span>
    </p>
   </div>
   <div class='ocr_carea' id='block_1_80' title="bbox 2136 2070 3712 2148">
    <p class='ocr_par' dir='ltr' id='par_1_80' title="bbox 2136 2070 3712 2148">
     <span class='ocr_line' id='line_1_80' title="bbox 2136 2070 3712 2148; baseline 0.003 -20"><span class='ocrx_word' id='word_1_586' title='bbox 2136 2070 2238 2129; x_wconf 44' lang='lat' dir='ltr'><strong>&#39;sed</strong></span> <span class='ocrx_word' id='word_1_587' title='bbox 2292 2075 2491 2143; x_wconf 87' lang='lat' dir='ltr'><strong>pariter</strong></span> <span class='ocrx_word' id='word_1_588' title='bbox 2533 2084 2790 2130; x_wconf 85' lang='lat' dir='ltr'><strong>corruunt</strong></span> <span class='ocrx_word' id='word_1_589' title='bbox 2829 2093 2842 2129; x_wconf 90' lang='lat'><strong>:</strong></span> <span class='ocrx_word' id='word_1_590' title='bbox 2896 2077 3086 2130; x_wconf 86' lang='lat' dir='ltr'><strong>domus</strong></span> <span class='ocrx_word' id='word_1_591' title='bbox 3117 2092 3305 2133; x_wconf 71' lang='lat' dir='ltr'><strong>vacuae</strong></span> <span class='ocrx_word' id='word_1_592' title='bbox 3347 2079 3712 2148; x_wconf 84' lang='lat' dir='ltr'><strong>relinquuntur,</strong></span> 
     </span>
    </p>
   </div>
   <div class='ocr_carea' id='block_1_81' title="bbox 2145 2165 3716 2235">
    <p class='ocr_par' dir='ltr' id='par_1_81' title="bbox 2145 2165 3716 2235">
     <span class='ocr_line' id='line_1_81' title="bbox 2145 2165 3716 2235; baseline 0.003 -16"><span class='ocrx_word' id='word_1_593' title='bbox 2145 2166 2372 2220; x_wconf 85' lang='lat' dir='ltr'><strong>filiorum</strong></span> <span class='ocrx_word' id='word_1_594' title='bbox 2407 2165 2593 2221; x_wconf 88' lang='lat' dir='ltr'><strong>funera</strong></span> <span class='ocrx_word' id='word_1_595' title='bbox 2621 2177 2870 2234; x_wconf 85' lang='lat' dir='ltr'><strong>parentes</strong></span> <span class='ocrx_word' id='word_1_596' title='bbox 2899 2168 3157 2235; x_wconf 83' lang='lat' dir='ltr'><strong>aspiciunt</strong></span> <span class='ocrx_word' id='word_1_597' title='bbox 3193 2211 3208 2233; x_wconf 83' lang='lat'><strong>,</strong></span> <span class='ocrx_word' id='word_1_598' title='bbox 3243 2177 3303 2223; x_wconf 89' lang='lat' dir='ltr'><strong>et</strong></span> <span class='ocrx_word' id='word_1_599' title='bbox 3325 2171 3407 2224; x_wconf 88' lang='lat' dir='ltr'><strong>sui</strong></span> <span class='ocrx_word' id='word_1_600' title='bbox 3440 2185 3531 2222; x_wconf 78' lang='lat' dir='ltr'><strong>eos</strong></span> <span class='ocrx_word' id='word_1_601' title='bbox 3552 2170 3616 2224; x_wconf 83' lang='lat' dir='ltr'><strong>ad</strong></span> <span class='ocrx_word' id='word_1_602' title='bbox 3646 2171 3716 2222; x_wconf 85' lang='lat' dir='ltr'><strong>in-</strong></span> 
     </span>
    </p>
   </div>
   <div class='ocr_carea' id='block_1_82' title="bbox 2145 2257 3707 2330">
    <p class='ocr_par' dir='ltr' id='par_1_82' title="bbox 2145 2257 3707 2330">
     <span class='ocr_line' id='line_1_82' title="bbox 2145 2257 3707 2330; baseline -0.001 -18"><span class='ocrx_word' id='word_1_603' title='bbox 2145 2257 2353 2312; x_wconf 84' lang='lat' dir='ltr'><strong>teritum</strong></span> <span class='ocrx_word' id='word_1_604' title='bbox 2389 2257 2629 2311; x_wconf 67' lang='lat' dir='ltr'><strong>haeredes</strong></span> <span class='ocrx_word' id='word_1_605' title='bbox 2669 2257 2994 2324; x_wconf 62' lang='lat' dir='ltr'><strong>praecedunt.</strong></span> <span class='ocrx_word' id='word_1_606' title='bbox 3044 2257 3432 2328; x_wconf 84' lang='lat' dir='ltr'><strong>Unusquisque</strong></span> <span class='ocrx_word' id='word_1_607' title='bbox 3470 2275 3596 2330; x_wconf 80' lang='lat' dir='ltr'><strong>ergo</strong></span> <span class='ocrx_word' id='word_1_608' title='bbox 3624 2277 3707 2312; x_wconf 84' lang='lat' dir='ltr'><strong>no-</strong></span> 
     </span>
    </p>
   </div>
   <div class='ocr_carea' id='block_1_83' title="bbox 2141 2347 3722 2421">
    <p class='ocr_par' dir='ltr' id='par_1_83' title="bbox 2141 2347 3722 2421">
     <span class='ocr_line' id='line_1_83' title="bbox 2141 2347 3722 2421; baseline 0.001 -20"><span class='ocrx_word' id='word_1_609' title='bbox 2141 2356 2310 2401; x_wconf 87' lang='lat' dir='ltr'><strong>strnm</strong></span> <span class='ocrx_word' id='word_1_610' title='bbox 2360 2347 2426 2401; x_wconf 89' lang='lat' dir='ltr'><strong>ad</strong></span> <span class='ocrx_word' id='word_1_611' title='bbox 2476 2347 2806 2415; x_wconf 71' lang='lat' dir='ltr'><strong>pomitentia:</strong></span> <span class='ocrx_word' id='word_1_612' title='bbox 2851 2349 3078 2402; x_wconf 87' lang='lat' dir='ltr'><strong>lamenta</strong></span> <span class='ocrx_word' id='word_1_613' title='bbox 3112 2348 3419 2421; x_wconf 81' lang='lat' dir='ltr'><strong>confugiat,</strong></span> <span class='ocrx_word' id='word_1_614' title='bbox 3451 2350 3572 2404; x_wconf 89' lang='lat' dir='ltr'><strong>dum</strong></span> <span class='ocrx_word' id='word_1_615' title='bbox 3611 2352 3722 2404; x_wconf 65' lang='lat' dir='ltr'><strong>ﬂeri</strong></span> 
     </span>
    </p>
   </div>
   <div class='ocr_carea' id='block_1_84' title="bbox 2141 2436 3719 2506">
    <p class='ocr_par' dir='ltr' id='par_1_84' title="bbox 2141 2436 3719 2506">
     <span class='ocr_line' id='line_1_84' title="bbox 2141 2436 3719 2506; baseline 0.003 -18"><span class='ocrx_word' id='word_1_616' title='bbox 2141 2449 2265 2490; x_wconf 80' lang='lat' dir='ltr'><strong>ante</strong></span> <span class='ocrx_word' id='word_1_617' title='bbox 2316 2438 2719 2506; x_wconf 87' lang='lat' dir='ltr'><strong>percussionem</strong></span> <span class='ocrx_word' id='word_1_618' title='bbox 2769 2447 2941 2491; x_wconf 88' lang='lat' dir='ltr'><strong>vacat.</strong></span> <span class='ocrx_word' id='word_1_619' title='bbox 2995 2436 3344 2492; x_wconf 80' lang='lat' dir='ltr'><strong>Revocemus</strong></span> <span class='ocrx_word' id='word_1_620' title='bbox 3391 2450 3516 2494; x_wconf 89' lang='lat' dir='ltr'><strong>ante</strong></span> <span class='ocrx_word' id='word_1_621' title='bbox 3557 2440 3719 2493; x_wconf 85' lang='lat' dir='ltr'><strong>oculos</strong></span> 
     </span>
    </p>
   </div>
   <div class='ocr_carea' id='block_1_85' title="bbox 2142 2529 3724 2600">
    <p class='ocr_par' dir='ltr' id='par_1_85' title="bbox 2142 2529 3724 2600">
     <span class='ocr_line' id='line_1_85' title="bbox 2142 2529 3724 2600; baseline -0.002 -16"><span class='ocrx_word' id='word_1_622' title='bbox 2142 2531 2340 2584; x_wconf 77' lang='lat' dir='ltr'><strong>ruentis</strong></span> <span class='ocrx_word' id='word_1_623' title='bbox 2359 2529 2612 2599; x_wconf 88' lang='lat' dir='ltr'><strong>quidquid</strong></span> <span class='ocrx_word' id='word_1_624' title='bbox 2641 2531 2874 2584; x_wconf 76' lang='lat' dir='ltr'><strong>errando</strong></span> <span class='ocrx_word' id='word_1_625' title='bbox 2897 2529 3300 2594; x_wconf 81' lang='lat' dir='ltr'><strong>commisimus,</strong></span> <span class='ocrx_word' id='word_1_626' title='bbox 3325 2539 3382 2585; x_wconf 91' lang='lat' dir='ltr'><strong>et</strong></span> <span class='ocrx_word' id='word_1_627' title='bbox 3396 2532 3534 2600; x_wconf 89' lang='lat' dir='ltr'><strong>quod</strong></span> <span class='ocrx_word' id='word_1_628' title='bbox 3561 2529 3724 2600; x_wconf 85' lang='lat' dir='ltr'><strong>nequi-</strong></span> 
     </span>
    </p>
   </div>
   <div class='ocr_carea' id='block_1_86' title="bbox 2142 2619 3723 2691">
    <p class='ocr_par' dir='ltr' id='par_1_86' title="bbox 2142 2619 3723 2691">
     <span class='ocr_line' id='line_1_86' title="bbox 2142 2619 3723 2691; baseline -0.002 -18"><span class='ocrx_word' id='word_1_629' title='bbox 2142 2633 2220 2675; x_wconf 92' lang='lat' dir='ltr'><strong>ter</strong></span> <span class='ocrx_word' id='word_1_630' title='bbox 2242 2621 2447 2690; x_wconf 83' lang='lat' dir='ltr'><strong>egimus</strong></span> <span class='ocrx_word' id='word_1_631' title='bbox 2474 2620 2650 2674; x_wconf 83' lang='lat' dir='ltr'><strong>ﬂendo</strong></span> <span class='ocrx_word' id='word_1_632' title='bbox 2677 2621 2976 2688; x_wconf 75' lang='lat' dir='ltr'><strong>puniamus.</strong></span> <span class='ocrx_word' id='word_1_633' title='bbox 3012 2619 3407 2675; x_wconf 70' lang='lat' dir='ltr'><strong>Prwuent’amus</strong></span> <span class='ocrx_word' id='word_1_634' title='bbox 3433 2624 3607 2691; x_wconf 74' lang='lat' dir='ltr'><strong>faciem</strong></span> <span class='ocrx_word' id='word_1_635' title='bbox 3627 2635 3723 2688; x_wconf 66' lang='lat' dir='ltr'><strong>ejus</strong></span> 
     </span>
    </p>
   </div>
   <div class='ocr_carea' id='block_1_87' title="bbox 2139 2709 3722 2783">
    <p class='ocr_par' dir='ltr' id='par_1_87' title="bbox 2139 2709 3722 2783">
     <span class='ocr_line' id='line_1_87' title="bbox 2139 2709 3722 2783; baseline 0.001 -20"><span class='ocrx_word' id='word_1_636' title='bbox 2139 2713 2189 2763; x_wconf 86' lang='lat' dir='ltr'><strong>in</strong></span> <span class='ocrx_word' id='word_1_637' title='bbox 2231 2714 2546 2781; x_wconf 73' lang='lat' dir='ltr'><strong>confessione</strong></span> <span class='ocrx_word' id='word_1_638' title='bbox 2593 2709 2817 2783; x_wconf 80' lang='lat' dir='ltr'><strong>(Psalm.</strong></span> <span class='ocrx_word' id='word_1_639' title='bbox 2870 2727 3019 2778; x_wconf 69' lang='grc' dir='ltr'><strong>χειν,</strong></span> <span class='ocrx_word' id='word_1_640' title='bbox 3061 2713 3155 2780; x_wconf 71' lang='grc'><strong>2),</strong></span> <span class='ocrx_word' id='word_1_641' title='bbox 3209 2722 3268 2767; x_wconf 91' lang='lat' dir='ltr'><strong>et</strong></span> <span class='ocrx_word' id='word_1_642' title='bbox 3313 2714 3456 2768; x_wconf 83' lang='lat' dir='ltr'><strong>sicut</strong></span> <span class='ocrx_word' id='word_1_643' title='bbox 3485 2713 3722 2782; x_wconf 85' lang='lat' dir='ltr'><strong>propheta</strong></span> 
     </span>
    </p>
   </div>
   <div class='ocr_carea' id='block_1_88' title="bbox 2140 2802 3727 2867">
    <p class='ocr_par' dir='ltr' id='par_1_88' title="bbox 2140 2802 3727 2867">
     <span class='ocr_line' id='line_1_88' title="bbox 2140 2802 3727 2867; baseline -0.002 -11"><span class='ocrx_word' id='word_1_644' title='bbox 2140 2804 2418 2867; x_wconf 88' lang='lat' dir='ltr'><strong>admonet,</strong></span> <span class='ocrx_word' id='word_1_645' title='bbox 2453 2802 2698 2859; x_wconf 79' lang='lat' dir='ltr'><strong>Levemus</strong></span> <span class='ocrx_word' id='word_1_646' title='bbox 2725 2803 2882 2857; x_wconf 83' lang='lat' dir='ltr'><strong>corda</strong></span> <span class='ocrx_word' id='word_1_647' title='bbox 2911 2805 3083 2857; x_wconf 72' lang='lat' dir='ltr'><strong>nostra</strong></span> <span class='ocrx_word' id='word_1_648' title='bbox 3115 2819 3243 2858; x_wconf 73' lang='lat' dir='ltr'><strong>cum</strong></span> <span class='ocrx_word' id='word_1_649' title='bbox 3282 2805 3521 2858; x_wconf 74' lang='lat' dir='ltr'><strong>manibus</strong></span> <span class='ocrx_word' id='word_1_650' title='bbox 3548 2805 3612 2855; x_wconf 86' lang='lat' dir='ltr'><strong>nd</strong></span> <span class='ocrx_word' id='word_1_651' title='bbox 3640 2803 3727 2854; x_wconf 81' lang='lat' dir='ltr'><strong>Do-</strong></span> 
     </span>
    </p>
   </div>
   <div class='ocr_carea' id='block_1_89' title="bbox 2138 2893 3724 2965">
    <p class='ocr_par' dir='ltr' id='par_1_89' title="bbox 2138 2893 3724 2965">
     <span class='ocr_line' id='line_1_89' title="bbox 2138 2893 3724 2965; baseline -0.001 -18"><span class='ocrx_word' id='word_1_652' title='bbox 2138 2895 2333 2949; x_wconf 74' lang='lat' dir='ltr'><strong>minum</strong></span> <span class='ocrx_word' id='word_1_653' title='bbox 2375 2894 2588 2965; x_wconf 76' lang='lat' dir='ltr'><strong>(Thren.</strong></span> <span class='ocrx_word' id='word_1_654' title='bbox 2623 2909 2700 2954; x_wconf 88' lang='lat' dir='ltr'><strong>nt,</strong></span> <span class='ocrx_word' id='word_1_655' title='bbox 2730 2894 2844 2958; x_wconf 69' lang='grc'><strong>41).</strong></span> <span class='ocrx_word' id='word_1_656' title='bbox 2882 2894 2958 2948; x_wconf 83' lang='lat' dir='ltr'><strong>Ad</strong></span> <span class='ocrx_word' id='word_1_657' title='bbox 2996 2893 3166 2949; x_wconf 90' lang='lat' dir='ltr'><strong>Deum</strong></span> <span class='ocrx_word' id='word_1_658' title='bbox 3201 2896 3408 2964; x_wconf 82' lang='lat' dir='ltr'><strong>quippe</strong></span> <span class='ocrx_word' id='word_1_659' title='bbox 3430 2895 3588 2949; x_wconf 87' lang='lat' dir='ltr'><strong>corda</strong></span> <span class='ocrx_word' id='word_1_660' title='bbox 3619 2909 3724 2946; x_wconf 71' lang='lat' dir='ltr'><strong>cunt</strong></span> 
     </span>
    </p>
   </div>
   <div class='ocr_carea' id='block_1_90' title="bbox 2139 2984 3726 3057">
    <p class='ocr_par' dir='ltr' id='par_1_90' title="bbox 2139 2984 3726 3057">
     <span class='ocr_line' id='line_1_90' title="bbox 2139 2984 3726 3057; baseline -0.001 -18"><span class='ocrx_word' id='word_1_661' title='bbox 2139 2986 2388 3040; x_wconf 81' lang='lat' dir='ltr'><strong>manibus</strong></span> <span class='ocrx_word' id='word_1_662' title='bbox 2421 2987 2707 3040; x_wconf 86' lang='lat' dir='ltr'><strong>levare-est</strong></span> <span class='ocrx_word' id='word_1_663' title='bbox 2728 2984 2936 3057; x_wconf 49' lang='grc' dir='ltr'><strong>,ἣδε</strong></span> <span class='ocrx_word' id='word_1_664' title='bbox 2965 2987 3238 3042; x_wconf 88' lang='lat' dir='ltr'><strong>orationis</strong></span> <span class='ocrx_word' id='word_1_665' title='bbox 3273 2998 3482 3041; x_wconf 59' lang='lat' dir='ltr'><strong>nostra;</strong></span> <span class='ocrx_word' id='word_1_666' title='bbox 3513 2986 3726 3039; x_wconf 83' lang='lat' dir='ltr'><strong>studium</strong></span> 
     </span>
    </p>
   </div>
   <div class='ocr_carea' id='block_1_91' title="bbox 2139 3076 3729 3147">
    <p class='ocr_par' dir='ltr' id='par_1_91' title="bbox 2139 3076 3729 3147">
     <span class='ocr_line' id='line_1_91' title="bbox 2139 3076 3729 3147; baseline -0.004 -15"><span class='ocrx_word' id='word_1_667' title='bbox 2139 3077 2333 3132; x_wconf 88' lang='lat' dir='ltr'><strong>merito</strong></span> <span class='ocrx_word' id='word_1_668' title='bbox 2365 3077 2517 3132; x_wconf 73' lang='lat' dir='ltr'><strong>bona:</strong></span> <span class='ocrx_word' id='word_1_669' title='bbox 2551 3077 2876 3143; x_wconf 88' lang='lat' dir='ltr'><strong>operationis</strong></span> <span class='ocrx_word' id='word_1_670' title='bbox 2903 3078 3134 3147; x_wconf 80' lang='lat' dir='ltr'><strong>erigere.</strong></span> <span class='ocrx_word' id='word_1_671' title='bbox 3191 3078 3299 3131; x_wconf 88' lang='lat' dir='ltr'><strong>Dat</strong></span> <span class='ocrx_word' id='word_1_672' title='bbox 3331 3077 3572 3147; x_wconf 88' lang='lat' dir='ltr'><strong>profecto</strong></span> <span class='ocrx_word' id='word_1_673' title='bbox 3597 3118 3612 3144; x_wconf 90' lang='lat'><strong>,</strong></span> <span class='ocrx_word' id='word_1_674' title='bbox 3650 3076 3729 3128; x_wconf 80' lang='lat' dir='ltr'><strong>dat</strong></span> 
     </span>
    </p>
   </div>
   <div class='ocr_carea' id='block_1_92' title="bbox 2139 3163 3726 3236">
    <p class='ocr_par' dir='ltr' id='par_1_92' title="bbox 2139 3163 3726 3236">
     <span class='ocr_line' id='line_1_92' title="bbox 2139 3163 3726 3236; baseline -0.002 -16"><span class='ocrx_word' id='word_1_675' title='bbox 2139 3169 2357 3220; x_wconf 89' lang='lat' dir='ltr'><strong>tremori</strong></span> <span class='ocrx_word' id='word_1_676' title='bbox 2387 3172 2576 3220; x_wconf 82' lang='lat' dir='ltr'><strong>nostro</strong></span> <span class='ocrx_word' id='word_1_677' title='bbox 2602 3163 2871 3227; x_wconf 87' lang='lat' dir='ltr'><strong>fiduciam,</strong></span> <span class='ocrx_word' id='word_1_678' title='bbox 2896 3167 2981 3235; x_wconf 90' lang='lat' dir='ltr'><strong>qui</strong></span> <span class='ocrx_word' id='word_1_679' title='bbox 3016 3169 3478 3236; x_wconf 32' lang='lat' dir='ltr'><strong>per‘propltetam</strong></span> <span class='ocrx_word' id='word_1_680' title='bbox 3509 3169 3726 3222; x_wconf 63' lang='lat' dir='ltr'><strong>clatuat:</strong></span> 
     </span>
    </p>
   </div>
   <div class='ocr_carea' id='block_1_93' title="bbox 2141 3256 3728 3326">
    <p class='ocr_par' dir='ltr' id='par_1_93' title="bbox 2141 3256 3728 3326">
     <span class='ocr_line' id='line_1_93' title="bbox 2141 3256 3728 3326; baseline -0.004 -14"><span class='ocrx_word' id='word_1_681' title='bbox 2141 3258 2280 3312; x_wconf 79' lang='lat' dir='ltr'><strong>Nolo</strong></span> <span class='ocrx_word' id='word_1_682' title='bbox 2331 3266 2546 3312; x_wconf 81' lang='lat' dir='ltr'><strong>mortem</strong></span> <span class='ocrx_word' id='word_1_683' title='bbox 2586 3257 2906 3326; x_wconf 76' lang='lat' dir='ltr'><strong>peccatoris,</strong></span> <span class='ocrx_word' id='word_1_684' title='bbox 2949 3256 3039 3310; x_wconf 77' lang='lat' dir='ltr'><strong>sed</strong></span> <span class='ocrx_word' id='word_1_685' title='bbox 3077 3266 3132 3310; x_wconf 85' lang='lat' dir='ltr'><strong>ut</strong></span> <span class='ocrx_word' id='word_1_686' title='bbox 3178 3269 3516 3312; x_wconf 79' lang='lat' dir='ltr'><strong>convertatur</strong></span> <span class='ocrx_word' id='word_1_687' title='bbox 3544 3268 3588 3310; x_wconf 82' lang='lat' dir='ltr'><strong>et</strong></span> <span class='ocrx_word' id='word_1_688' title='bbox 3617 3257 3728 3310; x_wconf 71' lang='lat' dir='ltr'><strong>vim</strong></span> 
     </span>
    </p>
   </div>
   <div class='ocr_carea' id='block_1_94' title="bbox 2138 3345 3732 3421">
    <p class='ocr_par' dir='ltr' id='par_1_94' title="bbox 2138 3345 3732 3421">
     <span class='ocr_line' id='line_1_94' title="bbox 2138 3345 3732 3421; baseline -0.004 -19"><span class='ocrx_word' id='word_1_689' title='bbox 2138 3347 2353 3421; x_wconf 77' lang='lat' dir='ltr'><strong>(Ezech.</strong></span> <span class='ocrx_word' id='word_1_690' title='bbox 2387 3362 2573 3410; x_wconf 80' lang='lat' dir='ltr'><strong>xxxnl,</strong></span> <span class='ocrx_word' id='word_1_691' title='bbox 2601 3348 2710 3417; x_wconf 85' lang='grc' dir='ltr'><strong>Η).</strong></span> <span class='ocrx_word' id='word_1_692' title='bbox 2739 3345 2919 3400; x_wconf 80' lang='lat' dir='ltr'><strong>Nullus</strong></span> <span class='ocrx_word' id='word_1_693' title='bbox 2943 3356 3120 3400; x_wconf 84' lang='lat' dir='ltr'><strong>autem</strong></span> <span class='ocrx_word' id='word_1_694' title='bbox 3159 3348 3234 3402; x_wconf 90' lang='lat' dir='ltr'><strong>de</strong></span> <span class='ocrx_word' id='word_1_695' title='bbox 3267 3349 3610 3417; x_wconf 70' lang='lat' dir='ltr'><strong>iniquitatium</strong></span> <span class='ocrx_word' id='word_1_696' title='bbox 3635 3361 3732 3399; x_wconf 70' lang='lat' dir='ltr'><strong>sua-</strong></span> 
     </span>
    </p>
   </div>
   <div class='ocr_carea' id='block_1_95' title="bbox 2136 3437 3729 3508">
    <p class='ocr_par' dir='ltr' id='par_1_95' title="bbox 2136 3437 3729 3508">
     <span class='ocr_line' id='line_1_95' title="bbox 2136 3437 3729 3508; baseline -0.003 -14"><span class='ocrx_word' id='word_1_697' title='bbox 2136 3456 2253 3494; x_wconf 92' lang='lat' dir='ltr'><strong>rum</strong></span> <span class='ocrx_word' id='word_1_698' title='bbox 2284 3439 2617 3493; x_wconf 86' lang='lat' dir='ltr'><strong>immanitate</strong></span> <span class='ocrx_word' id='word_1_699' title='bbox 2645 3437 2892 3506; x_wconf 83' lang='lat' dir='ltr'><strong>desperet</strong></span> <span class='ocrx_word' id='word_1_700' title='bbox 2925 3455 2940 3491; x_wconf 90' lang='lat'><strong>:</strong></span> <span class='ocrx_word' id='word_1_701' title='bbox 2973 3451 3308 3495; x_wconf 84' lang='lat' dir='ltr'><strong>veternosas</strong></span> <span class='ocrx_word' id='word_1_702' title='bbox 3339 3456 3574 3508; x_wconf 85' lang='lat' dir='ltr'><strong>namque</strong></span> <span class='ocrx_word' id='word_1_703' title='bbox 3603 3438 3729 3491; x_wconf 79' lang='lat' dir='ltr'><strong>Nin-</strong></span> 
     </span>
    </p>
   </div>
   <div class='ocr_carea' id='block_1_96' title="bbox 2135 3527 3729 3600">
    <p class='ocr_par' dir='ltr' id='par_1_96' title="bbox 2135 3527 3729 3600">
     <span class='ocr_line' id='line_1_96' title="bbox 2135 3527 3729 3600; baseline -0.003 -17"><span class='ocrx_word' id='word_1_704' title='bbox 2135 3530 2360 3586; x_wconf 86' lang='lat' dir='ltr'><strong>vitarnm</strong></span> <span class='ocrx_word' id='word_1_705' title='bbox 2404 3529 2589 3597; x_wconf 66' lang='lat' dir='ltr'><strong>culjas</strong></span> <span class='ocrx_word' id='word_1_706' title='bbox 2642 3529 2886 3582; x_wconf 88' lang='lat' dir='ltr'><strong>triduana</strong></span> <span class='ocrx_word' id='word_1_707' title='bbox 2930 3529 3264 3597; x_wconf 76' lang='lat' dir='ltr'><strong>pmni&#39;entia</strong></span> <span class='ocrx_word' id='word_1_708' title='bbox 3313 3531 3573 3586; x_wconf 88' lang='lat' dir='ltr'><strong>abstersit</strong></span> <span class='ocrx_word' id='word_1_709' title='bbox 3599 3527 3729 3600; x_wconf 83' lang='lat' dir='ltr'><strong>(Jan.</strong></span> 
     </span>
    </p>
   </div>
   <div class='ocr_carea' id='block_1_97' title="bbox 2136 3621 3730 3693">
    <p class='ocr_par' dir='ltr' id='par_1_97' title="bbox 2136 3621 3730 3693">
     <span class='ocr_line' id='line_1_97' title="bbox 2136 3621 3730 3693; baseline -0.003 -16"><span class='ocrx_word' id='word_1_710' title='bbox 2136 3639 2216 3689; x_wconf 85' lang='grc' dir='ltr'>ιιι,</span> <span class='ocrx_word' id='word_1_711' title='bbox 2248 3623 2371 3690; x_wconf 75' lang='grc'><strong>10);</strong></span> <span class='ocrx_word' id='word_1_712' title='bbox 2411 3633 2464 3676; x_wconf 88' lang='lat' dir='ltr'><strong>et</strong></span> <span class='ocrx_word' id='word_1_713' title='bbox 2505 3635 2798 3677; x_wconf 74' lang='lat' dir='ltr'><strong>conversus</strong></span> <span class='ocrx_word' id='word_1_714' title='bbox 2841 3622 2977 3675; x_wconf 85' lang='lat' dir='ltr'><strong>latro</strong></span> <span class='ocrx_word' id='word_1_715' title='bbox 3013 3622 3142 3677; x_wconf 69' lang='lat' dir='ltr'><strong>vitae</strong></span> <span class='ocrx_word' id='word_1_716' title='bbox 3189 3625 3460 3693; x_wconf 70' lang='lat' dir='ltr'><strong>prazmia,</strong></span> <span class='ocrx_word' id='word_1_717' title='bbox 3509 3621 3730 3676; x_wconf 86' lang='lat' dir='ltr'><strong>etiamin</strong></span> 
     </span>
    </p>
   </div>
   <div class='ocr_carea' id='block_1_98' title="bbox 2135 3712 3734 3788">
    <p class='ocr_par' dir='ltr' id='par_1_98' title="bbox 2135 3712 3734 3788">
     <span class='ocr_line' id='line_1_98' title="bbox 2135 3712 3734 3788; baseline -0.001 -20"><span class='ocrx_word' id='word_1_718' title='bbox 2135 3716 2245 3783; x_wconf 87' lang='lat' dir='ltr'><strong>ipsa</strong></span> <span class='ocrx_word' id='word_1_719' title='bbox 2277 3715 2536 3769; x_wconf 86' lang='lat' dir='ltr'><strong>sententia</strong></span> <span class='ocrx_word' id='word_1_720' title='bbox 2587 3729 2697 3768; x_wconf 74' lang='lat' dir='ltr'><strong>suze</strong></span> <span class='ocrx_word' id='word_1_721' title='bbox 2742 3713 2930 3768; x_wconf 87' lang='lat' dir='ltr'><strong>mortis</strong></span> <span class='ocrx_word' id='word_1_722' title='bbox 2970 3718 3220 3770; x_wconf 86' lang='lat' dir='ltr'><strong>emeruit</strong></span> <span class='ocrx_word' id='word_1_723' title='bbox 3248 3716 3416 3788; x_wconf 85' lang='lat' dir='ltr'><strong>(Luc.</strong></span> <span class='ocrx_word' id='word_1_724' title='bbox 3455 3732 3607 3783; x_wconf 75' lang='lat' dir='ltr'><strong>nm,</strong></span> <span class='ocrx_word' id='word_1_725' title='bbox 3638 3712 3734 3783; x_wconf 66' lang='grc'><strong>45).</strong></span> 
     </span>
    </p>
   </div>
   <div class='ocr_carea' id='block_1_99' title="bbox 2135 3801 3736 3877">
    <p class='ocr_par' dir='ltr' id='par_1_99' title="bbox 2135 3801 3736 3877">
     <span class='ocr_line' id='line_1_99' title="bbox 2135 3801 3736 3877; baseline -0.002 -17"><span class='ocrx_word' id='word_1_726' title='bbox 2135 3806 2398 3860; x_wconf 78' lang='lat' dir='ltr'><strong>Mutemus</strong></span> <span class='ocrx_word' id='word_1_727' title='bbox 2427 3802 2534 3877; x_wconf 85' lang='grc' dir='ltr'><strong>[ΑΙ.</strong></span> <span class='ocrx_word' id='word_1_728' title='bbox 2565 3801 2820 3875; x_wconf 90' lang='lat' dir='ltr'><strong>levemus]</strong></span> <span class='ocrx_word' id='word_1_729' title='bbox 2849 3803 3010 3873; x_wconf 84' lang='lat' dir='ltr'><strong>igitur</strong></span> <span class='ocrx_word' id='word_1_730' title='bbox 3031 3806 3242 3874; x_wconf 88' lang='lat' dir='ltr'><strong>corda,</strong></span> <span class='ocrx_word' id='word_1_731' title='bbox 3275 3818 3333 3861; x_wconf 92' lang='lat' dir='ltr'><strong>et</strong></span> <span class='ocrx_word' id='word_1_732' title='bbox 3368 3817 3736 3874; x_wconf 64' lang='lat' dir='ltr'><strong>prtesumamns</strong></span> 
     </span>
    </p>
   </div>
   <div class='ocr_carea' id='block_1_100' title="bbox 2134 3895 3736 3968">
    <p class='ocr_par' dir='ltr' id='par_1_100' title="bbox 2134 3895 3736 3968">
     <span class='ocr_line' id='line_1_100' title="bbox 2134 3895 3736 3968; baseline -0.001 -19"><span class='ocrx_word' id='word_1_733' title='bbox 2134 3912 2232 3951; x_wconf 82' lang='lat' dir='ltr'><strong>nos</strong></span> <span class='ocrx_word' id='word_1_734' title='bbox 2259 3896 2367 3964; x_wconf 87' lang='lat' dir='ltr'><strong>jam</strong></span> <span class='ocrx_word' id='word_1_735' title='bbox 2398 3899 2702 3964; x_wconf 86' lang='lat' dir='ltr'><strong>percepisse</strong></span> <span class='ocrx_word' id='word_1_736' title='bbox 2732 3895 2872 3964; x_wconf 89' lang='lat' dir='ltr'><strong>quod</strong></span> <span class='ocrx_word' id='word_1_737' title='bbox 2905 3896 3163 3964; x_wconf 87' lang='lat' dir='ltr'><strong>petimus.</strong></span> <span class='ocrx_word' id='word_1_738' title='bbox 3201 3899 3388 3954; x_wconf 80' lang='lat' dir='ltr'><strong>Citius</strong></span> <span class='ocrx_word' id='word_1_739' title='bbox 3433 3899 3499 3954; x_wconf 88' lang='lat' dir='ltr'><strong>ad</strong></span> <span class='ocrx_word' id='word_1_740' title='bbox 3543 3912 3736 3968; x_wconf 74' lang='lat' dir='ltr'><strong>precem</strong></span> 
     </span>
    </p>
   </div>
   <div class='ocr_carea' id='block_1_101' title="bbox 2131 3985 3733 4060">
    <p class='ocr_par' dir='ltr' id='par_1_101' title="bbox 2131 3985 3733 4060">
     <span class='ocr_line' id='line_1_101' title="bbox 2131 3985 3733 4060; baseline -0.002 -19"><span class='ocrx_word' id='word_1_741' title='bbox 2131 3985 2300 4042; x_wconf 77' lang='lat' dir='ltr'><strong>Judex</strong></span> <span class='ocrx_word' id='word_1_742' title='bbox 2331 3987 2583 4052; x_wconf 89' lang='lat' dir='ltr'><strong>ﬂectitur,</strong></span> <span class='ocrx_word' id='word_1_743' title='bbox 2619 3987 2663 4040; x_wconf 88' lang='lat' dir='ltr'><strong>si</strong></span> <span class='ocrx_word' id='word_1_744' title='bbox 2696 4001 2722 4038; x_wconf 88' lang='lat' dir='ltr'><strong>a</strong></span> <span class='ocrx_word' id='word_1_745' title='bbox 2759 3986 3020 4057; x_wconf 84' lang='lat' dir='ltr'><strong>pravitate</strong></span> <span class='ocrx_word' id='word_1_746' title='bbox 3045 4002 3145 4039; x_wconf 88' lang='lat' dir='ltr'><strong>sua</strong></span> <span class='ocrx_word' id='word_1_747' title='bbox 3183 3991 3403 4060; x_wconf 84' lang='lat' dir='ltr'><strong>petitor</strong></span> <span class='ocrx_word' id='word_1_748' title='bbox 3433 3990 3733 4058; x_wconf 76' lang='lat' dir='ltr'><strong>corrigatur.</strong></span> 
     </span>
    </p>
   </div>
   <div class='ocr_carea' id='block_1_102' title="bbox 2134 4076 3741 4150">
    <p class='ocr_par' dir='ltr' id='par_1_102' title="bbox 2134 4076 3741 4150">
     <span class='ocr_line' id='line_1_102' title="bbox 2134 4076 3741 4150; baseline 0.004 -20"><span class='ocrx_word' id='word_1_749' title='bbox 2134 4076 2450 4132; x_wconf 80' lang='lat' dir='ltr'><strong>lmminente</strong></span> <span class='ocrx_word' id='word_1_750' title='bbox 2495 4093 2623 4146; x_wconf 85' lang='lat' dir='ltr'><strong>ergo</strong></span> <span class='ocrx_word' id='word_1_751' title='bbox 2671 4086 2833 4132; x_wconf 69' lang='lat' dir='ltr'><strong>tanta:</strong></span> <span class='ocrx_word' id='word_1_752' title='bbox 2871 4077 3384 4136; x_wconf 85' lang='lat' dir='ltr'><strong>animadversionis</strong></span> <span class='ocrx_word' id='word_1_753' title='bbox 3421 4081 3622 4150; x_wconf 85' lang='lat' dir='ltr'><strong>gladio,</strong></span> <span class='ocrx_word' id='word_1_754' title='bbox 3658 4091 3741 4132; x_wconf 76' lang='lat' dir='ltr'><strong>nos</strong></span> 
     </span>
    </p>
   </div>
   <div class='ocr_carea' id='block_1_103' title="bbox 2134 4170 3739 4244">
    <p class='ocr_par' dir='ltr' id='par_1_103' title="bbox 2134 4170 3739 4244">
     <span class='ocr_line' id='line_1_103' title="bbox 2134 4170 3739 4244; baseline -0.002 -20"><span class='ocrx_word' id='word_1_755' title='bbox 2134 4171 2453 4240; x_wconf 89' lang='lat' dir='ltr'><strong>importunis</strong></span> <span class='ocrx_word' id='word_1_756' title='bbox 2481 4170 2691 4224; x_wconf 86' lang='lat' dir='ltr'><strong>ﬂetibus</strong></span> <span class='ocrx_word' id='word_1_757' title='bbox 2719 4170 3049 4224; x_wconf 69' lang='lat' dir='ltr'><strong>insistemus.</strong></span> <span class='ocrx_word' id='word_1_758' title='bbox 3087 4170 3178 4225; x_wconf 86' lang='lat' dir='ltr'><strong>Ea</strong></span> <span class='ocrx_word' id='word_1_759' title='bbox 3216 4188 3494 4244; x_wconf 65' lang='lat' dir='ltr'><strong>namque,</strong></span> <span class='ocrx_word' id='word_1_760' title='bbox 3525 4177 3638 4240; x_wconf 77' lang='lat' dir='ltr'><strong>qua:</strong></span> <span class='ocrx_word' id='word_1_761' title='bbox 3668 4170 3739 4222; x_wconf 74' lang='grc' dir='ltr'><strong>ἰσιο</strong></span> 
     </span>
    </p>
   </div>
   <div class='ocr_carea' id='block_1_104' title="bbox 2129 4261 3743 4334">
    <p class='ocr_par' dir='ltr' id='par_1_104' title="bbox 2129 4261 3743 4334">
     <span class='ocr_line' id='line_1_104' title="bbox 2129 4261 3743 4334; baseline -0.002 -17"><span class='ocrx_word' id='word_1_762' title='bbox 2129 4273 2280 4332; x_wconf 85' lang='lat' dir='ltr'><strong>grata</strong></span> <span class='ocrx_word' id='word_1_763' title='bbox 2311 4277 2430 4318; x_wconf 91' lang='lat' dir='ltr'><strong>esse</strong></span> <span class='ocrx_word' id='word_1_764' title='bbox 2459 4263 2763 4317; x_wconf 90' lang='lat' dir='ltr'><strong>homini-bus</strong></span> <span class='ocrx_word' id='word_1_765' title='bbox 2791 4262 3183 4330; x_wconf 79' lang='lat' dir='ltr'><strong>importunitas</strong></span> <span class='ocrx_word' id='word_1_766' title='bbox 3216 4266 3395 4330; x_wconf 78' lang='lat' dir='ltr'><strong>Solet,</strong></span> <span class='ocrx_word' id='word_1_767' title='bbox 3430 4265 3632 4334; x_wconf 86' lang='lat' dir='ltr'><strong>judicio</strong></span> <span class='ocrx_word' id='word_1_768' title='bbox 3661 4261 3743 4314; x_wconf 75' lang='lat' dir='ltr'><strong>Ve-</strong></span> 
     </span>
    </p>
   </div>
   <div class='ocr_carea' id='block_1_105' title="bbox 2131 4348 3744 4422">
    <p class='ocr_par' dir='ltr' id='par_1_105' title="bbox 2131 4348 3744 4422">
     <span class='ocr_line' id='line_1_105' title="bbox 2131 4348 3744 4422; baseline -0.002 -14"><span class='ocrx_word' id='word_1_769' title='bbox 2131 4354 2302 4408; x_wconf 88' lang='lat' dir='ltr'><strong>ritatis</strong></span> <span class='ocrx_word' id='word_1_770' title='bbox 2335 4355 2504 4421; x_wconf 87' lang='lat' dir='ltr'><strong>placet</strong></span> <span class='ocrx_word' id='word_1_771' title='bbox 2536 4369 2552 4410; x_wconf 88' lang='lat'><strong>:</strong></span> <span class='ocrx_word' id='word_1_772' title='bbox 2581 4355 2705 4422; x_wconf 86' lang='lat' dir='ltr'><strong>quia</strong></span> <span class='ocrx_word' id='word_1_773' title='bbox 2732 4353 2847 4421; x_wconf 91' lang='lat' dir='ltr'><strong>pius</strong></span> <span class='ocrx_word' id='word_1_774' title='bbox 2876 4367 2938 4408; x_wconf 87' lang='lat' dir='ltr'><strong>ac</strong></span> <span class='ocrx_word' id='word_1_775' title='bbox 2966 4353 3307 4410; x_wconf 86' lang='lat' dir='ltr'><strong>misericors</strong></span> <span class='ocrx_word' id='word_1_776' title='bbox 3339 4356 3489 4411; x_wconf 86' lang='lat' dir='ltr'><strong>Deus</strong></span> <span class='ocrx_word' id='word_1_777' title='bbox 3522 4348 3627 4409; x_wconf 77' lang='lat' dir='ltr'><strong>vult</strong></span> <span class='ocrx_word' id='word_1_778' title='bbox 3647 4368 3673 4405; x_wconf 89' lang='lat' dir='ltr'><strong>a</strong></span> <span class='ocrx_word' id='word_1_779' title='bbox 3695 4365 3744 4404; x_wconf 86' lang='lat' dir='ltr'><strong>se</strong></span> 
     </span>
    </p>
   </div>
   <div class='ocr_carea' id='block_1_106' title="bbox 2132 4442 3746 4514">
    <p class='ocr_par' dir='ltr' id='par_1_106' title="bbox 2132 4442 3746 4514">
     <span class='ocr_line' id='line_1_106' title="bbox 2132 4442 3746 4514; baseline -0.002 -14"><span class='ocrx_word' id='word_1_780' title='bbox 2132 4445 2381 4514; x_wconf 72' lang='lat' dir='ltr'><strong>precibus</strong></span> <span class='ocrx_word' id='word_1_781' title='bbox 2423 4442 2633 4498; x_wconf 85' lang='lat' dir='ltr'><strong>veniam</strong></span> <span class='ocrx_word' id='word_1_782' title='bbox 2663 4444 2838 4513; x_wconf 82' lang='lat' dir='ltr'><strong>exigi,</strong></span> <span class='ocrx_word' id='word_1_783' title='bbox 2869 4444 2960 4514; x_wconf 87' lang='lat' dir='ltr'><strong>qui</strong></span> <span class='ocrx_word' id='word_1_784' title='bbox 3003 4455 3288 4513; x_wconf 81' lang='lat' dir='ltr'><strong>quantum</strong></span> <span class='ocrx_word' id='word_1_785' title='bbox 3347 4461 3627 4502; x_wconf 88' lang='lat' dir='ltr'><strong>meremur</strong></span> <span class='ocrx_word' id='word_1_786' title='bbox 3655 4457 3746 4498; x_wconf 79' lang='lat' dir='ltr'><strong>non</strong></span> 
     </span>
    </p>
   </div>
   <div class='ocr_carea' id='block_1_107' title="bbox 2130 4535 3747 4604">
    <p class='ocr_par' dir='ltr' id='par_1_107' title="bbox 2130 4535 3747 4604">
     <span class='ocr_line' id='line_1_107' title="bbox 2130 4535 3747 4604; baseline -0.001 -17"><span class='ocrx_word' id='word_1_787' title='bbox 2130 4536 2245 4589; x_wconf 80' lang='lat' dir='ltr'><strong>vult</strong></span> <span class='ocrx_word' id='word_1_788' title='bbox 2267 4536 2424 4590; x_wconf 83' lang='lat' dir='ltr'><strong>irasci</strong></span> <span class='ocrx_word' id='word_1_789' title='bbox 2453 4553 2468 4600; x_wconf 90' lang='lat'><strong>;</strong></span> <span class='ocrx_word' id='word_1_790' title='bbox 2504 4536 2586 4589; x_wconf 90' lang='lat' dir='ltr'><strong>hic</strong></span> <span class='ocrx_word' id='word_1_791' title='bbox 2613 4536 2812 4590; x_wconf 89' lang='lat' dir='ltr'><strong>etenim</strong></span> <span class='ocrx_word' id='word_1_792' title='bbox 2843 4549 2938 4604; x_wconf 91' lang='lat' dir='ltr'><strong>per</strong></span> <span class='ocrx_word' id='word_1_793' title='bbox 2961 4535 3330 4604; x_wconf 82' lang='lat' dir='ltr'><strong>psalmistam</strong></span> <span class='ocrx_word' id='word_1_794' title='bbox 3362 4539 3499 4594; x_wconf 84' lang='lat' dir='ltr'><strong>dicit</strong></span> <span class='ocrx_word' id='word_1_795' title='bbox 3529 4559 3542 4591; x_wconf 84' lang='lat'><strong><em>:</em></strong></span> <span class='ocrx_word' id='word_1_796' title='bbox 3577 4537 3747 4590; x_wconf 71' lang='lat' dir='ltr'><strong>[avoca</strong></span> 
     </span>
    </p>
   </div>
   <div class='ocr_carea' id='block_1_108' title="bbox 2128 4626 3747 4703">
    <p class='ocr_par' dir='ltr' id='par_1_108' title="bbox 2128 4626 3747 4703">
     <span class='ocr_line' id='line_1_108' title="bbox 2128 4626 3747 4703; baseline 0.002 -24"><span class='ocrx_word' id='word_1_797' title='bbox 2128 4645 2206 4682; x_wconf 89' lang='lat' dir='ltr'><strong>me</strong></span> <span class='ocrx_word' id='word_1_798' title='bbox 2234 4630 2287 4681; x_wconf 83' lang='lat' dir='ltr'><strong>in</strong></span> <span class='ocrx_word' id='word_1_799' title='bbox 2317 4629 2399 4681; x_wconf 62' lang='lat' dir='ltr'><strong>die</strong></span> <span class='ocrx_word' id='word_1_800' title='bbox 2427 4627 2772 4681; x_wconf 76' lang='lat' dir='ltr'><strong>tribulationis</strong></span> <span class='ocrx_word' id='word_1_801' title='bbox 2805 4635 2926 4691; x_wconf 74' lang='lat' dir='ltr'><strong>tute,</strong></span> <span class='ocrx_word' id='word_1_802' title='bbox 2951 4636 2998 4680; x_wconf 81' lang='lat' dir='ltr'><strong>et</strong></span> <span class='ocrx_word' id='word_1_803' title='bbox 3023 4628 3270 4692; x_wconf 72' lang='lat' dir='ltr'><strong>eripiam</strong></span> <span class='ocrx_word' id='word_1_804' title='bbox 3303 4641 3358 4685; x_wconf 84' lang='lat' dir='ltr'><strong>te</strong></span> <span class='ocrx_word' id='word_1_805' title='bbox 3393 4648 3411 4683; x_wconf 92' lang='lat'><em>:</em></span> <span class='ocrx_word' id='word_1_806' title='bbox 3437 4641 3489 4687; x_wconf 80' lang='lat' dir='ltr'><strong>et</strong></span> <span class='ocrx_word' id='word_1_807' title='bbox 3524 4626 3747 4703; x_wconf 71' lang='lat' dir='ltr'><strong>magniﬁ-</strong></span> 
     </span>
    </p>
   </div>
   <div class='ocr_carea' id='block_1_109' title="bbox 2129 4718 3744 4792">
    <p class='ocr_par' dir='ltr' id='par_1_109' title="bbox 2129 4718 3744 4792">
     <span class='ocr_line' id='line_1_109' title="bbox 2129 4718 3744 4792; baseline 0.003 -19"><span class='ocrx_word' id='word_1_808' title='bbox 2129 4721 2267 4773; x_wconf 77' lang='lat' dir='ltr'><strong>cabis</strong></span> <span class='ocrx_word' id='word_1_809' title='bbox 2295 4735 2371 4771; x_wconf 87' lang='lat' dir='ltr'><strong>me</strong></span> <span class='ocrx_word' id='word_1_810' title='bbox 2399 4718 2624 4789; x_wconf 79' lang='lat' dir='ltr'><strong>(Psalm.</strong></span> <span class='ocrx_word' id='word_1_811' title='bbox 2661 4735 2804 4784; x_wconf 72' lang='grc' dir='ltr'>χιιι,</span> <span class='ocrx_word' id='word_1_812' title='bbox 2841 4719 2955 4788; x_wconf 78' lang='grc'><strong>15).</strong></span> <span class='ocrx_word' id='word_1_813' title='bbox 2983 4718 3106 4788; x_wconf 88' lang='lat' dir='ltr'><strong>Ipse</strong></span> <span class='ocrx_word' id='word_1_814' title='bbox 3142 4736 3293 4792; x_wconf 87' lang='lat' dir='ltr'><strong>ergo</strong></span> <span class='ocrx_word' id='word_1_815' title='bbox 3327 4724 3438 4776; x_wconf 87' lang='lat' dir='ltr'><strong>sibi</strong></span> <span class='ocrx_word' id='word_1_816' title='bbox 3477 4729 3632 4778; x_wconf 82' lang='lat' dir='ltr'><strong>tests</strong></span> <span class='ocrx_word' id='word_1_817' title='bbox 3657 4731 3744 4778; x_wconf 75' lang='lat' dir='ltr'><strong>est.</strong></span> 
     </span>
    </p>
   </div>
   <div class='ocr_carea' id='block_1_110' title="bbox 2129 4809 3749 4884">
    <p class='ocr_par' dir='ltr' id='par_1_110' title="bbox 2129 4809 3749 4884">
     <span class='ocr_line' id='line_1_110' title="bbox 2129 4809 3749 4884; baseline -0.001 -22"><span class='ocrx_word' id='word_1_818' title='bbox 2129 4812 2251 4879; x_wconf 86' lang='lat' dir='ltr'><strong>quia</strong></span> <span class='ocrx_word' id='word_1_819' title='bbox 2278 4810 2646 4863; x_wconf 81' lang='lat' dir='ltr'><strong>invocantibus</strong></span> <span class='ocrx_word' id='word_1_820' title='bbox 2671 4810 2910 4864; x_wconf 85' lang='lat' dir='ltr'><strong>misereri</strong></span> <span class='ocrx_word' id='word_1_821' title='bbox 2935 4809 3260 4878; x_wconf 86' lang='lat' dir='ltr'><strong>desiderat,</strong></span> <span class='ocrx_word' id='word_1_822' title='bbox 3297 4813 3396 4884; x_wconf 83' lang='lat' dir='ltr'><strong>qui</strong></span> <span class='ocrx_word' id='word_1_823' title='bbox 3428 4812 3682 4869; x_wconf 85' lang='lat' dir='ltr'><strong>admonet</strong></span> <span class='ocrx_word' id='word_1_824' title='bbox 3706 4817 3749 4861; x_wconf 88' lang='lat' dir='ltr'><strong>nt</strong></span> 
     </span>
    </p>
   </div>
   <div class='ocr_carea' id='block_1_111' title="bbox 2066 4899 3750 4970">
    <p class='ocr_par' dir='ltr' id='par_1_111' title="bbox 2066 4899 3750 4970">
     <span class='ocr_line' id='line_1_111' title="bbox 2066 4899 3750 4970; baseline -0.002 -15"><span class='ocrx_word' id='word_1_825' title='bbox 2066 4918 2069 4921; x_wconf 86' lang='grc'><strong>·</strong></span> <span class='ocrx_word' id='word_1_826' title='bbox 2129 4903 2424 4956; x_wconf 85' lang='lat' dir='ltr'><strong>invocetur.</strong></span> <span class='ocrx_word' id='word_1_827' title='bbox 2451 4900 2700 4962; x_wconf 86' lang='lat' dir='ltr'><strong>Proinde,</strong></span> <span class='ocrx_word' id='word_1_828' title='bbox 2722 4900 2910 4954; x_wconf 80' lang='lat' dir='ltr'><strong>fratres</strong></span> <span class='ocrx_word' id='word_1_829' title='bbox 2931 4899 3291 4970; x_wconf 83' lang='lat' dir='ltr'><strong>charissimi,</strong></span> <span class='ocrx_word' id='word_1_830' title='bbox 3310 4907 3562 4959; x_wconf 73' lang='lat' dir='ltr'><strong>contrito</strong></span> <span class='ocrx_word' id='word_1_831' title='bbox 3584 4903 3750 4962; x_wconf 86' lang='lat' dir='ltr'><strong>corde,</strong></span> 
     </span>
    </p>
   </div>
   <div class='ocr_carea' id='block_1_112' title="bbox 2125 4991 3750 5068">
    <p class='ocr_par' dir='ltr' id='par_1_112' title="bbox 2125 4991 3750 5068">
     <span class='ocr_line' id='line_1_112' title="bbox 2125 4991 3750 5068; baseline -0.004 -18"><span class='ocrx_word' id='word_1_832' title='bbox 2125 5003 2178 5050; x_wconf 88' lang='lat' dir='ltr'><strong>et</strong></span> <span class='ocrx_word' id='word_1_833' title='bbox 2208 4995 2463 5049; x_wconf 89' lang='lat' dir='ltr'><strong>correctis</strong></span> <span class='ocrx_word' id='word_1_834' title='bbox 2491 4995 2760 5062; x_wconf 79' lang='lat' dir='ltr'><strong>Operibus,</strong></span> <span class='ocrx_word' id='word_1_835' title='bbox 2786 4994 2852 5046; x_wconf 85' lang='lat' dir='ltr'><strong>ab</strong></span> <span class='ocrx_word' id='word_1_836' title='bbox 2881 4993 2996 5061; x_wconf 86' lang='lat' dir='ltr'><strong>ipso</strong></span> <span class='ocrx_word' id='word_1_837' title='bbox 3029 4993 3191 5047; x_wconf 67' lang='lat' dir='ltr'><strong>feria:</strong></span> <span class='ocrx_word' id='word_1_838' title='bbox 3223 5007 3451 5064; x_wconf 77' lang='lat' dir='ltr'><strong>quarta:</strong></span> <span class='ocrx_word' id='word_1_839' title='bbox 3483 4995 3658 5068; x_wconf 88' lang='lat' dir='ltr'><strong>primo</strong></span> <span class='ocrx_word' id='word_1_840' title='bbox 3677 4991 3750 5045; x_wconf 84' lang='lat' dir='ltr'><strong>di-</strong></span> 
     </span>
    </p>
   </div>
   <div class='ocr_carea' id='block_1_113' title="bbox 2193 5101 3750 5177">
    <p class='ocr_par' dir='ltr' id='par_1_113' title="bbox 2193 5101 3750 5177">
     <span class='ocr_line' id='line_1_113' title="bbox 2193 5101 3750 5177; baseline 0.001 -20"><span class='ocrx_word' id='word_1_841' title='bbox 2193 5101 2221 5142; x_wconf 69' lang='grc' dir='ltr'><em>ά</em></span> <span class='ocrx_word' id='word_1_842' title='bbox 2253 5105 2351 5158; x_wconf 88' lang='lat' dir='ltr'><strong>Diu</strong></span> <span class='ocrx_word' id='word_1_843' title='bbox 2391 5118 2505 5177; x_wconf 72' lang='lat' dir='ltr'><strong>nios</strong></span> <span class='ocrx_word' id='word_1_844' title='bbox 2538 5103 2626 5157; x_wconf 86' lang='lat' dir='ltr'><strong>ille</strong></span> <span class='ocrx_word' id='word_1_845' title='bbox 2672 5103 3116 5177; x_wconf 19' lang='lat' dir='ltr'><strong>Romtedviguit,</strong></span> <span class='ocrx_word' id='word_1_846' title='bbox 3150 5116 3220 5160; x_wconf 89' lang='lat' dir='ltr'><strong>nt</strong></span> <span class='ocrx_word' id='word_1_847' title='bbox 3273 5110 3509 5163; x_wconf 83' lang='lat' dir='ltr'><strong>nonnisi</strong></span> <span class='ocrx_word' id='word_1_848' title='bbox 3562 5119 3750 5177; x_wconf 75' lang='lat' dir='ltr'><strong>septc&#39;u</strong></span> 
     </span>
    </p>
   </div>
   <div class='ocr_carea' id='block_1_114' title="bbox 2123 5174 3750 5244">
    <p class='ocr_par' dir='ltr' id='par_1_114' title="bbox 2123 5174 3750 5244">
     <span class='ocr_line' id='line_1_114' title="bbox 2123 5174 3750 5244; baseline -0.001 -14"><span class='ocrx_word' id='word_1_849' title='bbox 2123 5176 2356 5239; x_wconf 86' lang='lat' dir='ltr'><strong>diaconi,</strong></span> <span class='ocrx_word' id='word_1_850' title='bbox 2388 5176 2594 5228; x_wconf 78' lang='lat' dir='ltr'><strong>scilicet</strong></span> <span class='ocrx_word' id='word_1_851' title='bbox 2626 5174 2932 5244; x_wconf 86' lang='lat' dir='ltr'><strong>regionarii,</strong></span> <span class='ocrx_word' id='word_1_852' title='bbox 2961 5174 3326 5231; x_wconf 84' lang='lat' dir='ltr'><strong>haberentur</strong></span> <span class='ocrx_word' id='word_1_853' title='bbox 3351 5180 3411 5232; x_wconf 91' lang='lat' dir='ltr'><strong>in</strong></span> <span class='ocrx_word' id='word_1_854' title='bbox 3445 5174 3750 5235; x_wconf 70' lang='lat' dir='ltr'><strong>memoriam</strong></span> 
     </span>
    </p>
   </div>
   <div class='ocr_carea' id='block_1_115' title="bbox 2123 5244 3754 5321">
    <p class='ocr_par' dir='ltr' id='par_1_115' title="bbox 2123 5244 3754 5321">
     <span class='ocr_line' id='line_1_115' title="bbox 2123 5244 3754 5321; baseline 0.001 -23"><span class='ocrx_word' id='word_1_855' title='bbox 2123 5246 2706 5321; x_wconf 70' lang='lat' dir='ltr'><strong>septem-diaconorum</strong></span> <span class='ocrx_word' id='word_1_856' title='bbox 2725 5244 3092 5321; x_wconf 8' lang='lat' dir='ltr'><strong>abgapostot‘i‘s</strong></span> <span class='ocrx_word' id='word_1_857' title='bbox 3130 5245 3531 5321; x_wconf 82' lang='lat' dir='ltr'><strong>Jerosolymis</strong></span> <span class='ocrx_word' id='word_1_858' title='bbox 3561 5252 3754 5305; x_wconf 79' lang='lat' dir='ltr'><strong>institu-</strong></span> 
     </span>
    </p>
   </div>
   <div class='ocr_carea' id='block_1_116' title="bbox 2125 5315 3755 5376">
    <p class='ocr_par' dir='ltr' id='par_1_116' title="bbox 2125 5315 3755 5376">
     <span class='ocr_line' id='line_1_116' title="bbox 2125 5315 3755 5376; baseline 0.001 -7"><span class='ocrx_word' id='word_1_859' title='bbox 2125 5315 2321 5370; x_wconf 86' lang='lat' dir='ltr'><strong>torum.</strong></span> <span class='ocrx_word' id='word_1_860' title='bbox 2357 5317 2432 5369; x_wconf 87' lang='lat' dir='ltr'><strong>De</strong></span> <span class='ocrx_word' id='word_1_861' title='bbox 2465 5317 2546 5369; x_wconf 86' lang='lat' dir='ltr'><strong>his</strong></span> <span class='ocrx_word' id='word_1_862' title='bbox 2570 5316 2689 5369; x_wconf 87' lang='lat' dir='ltr'><strong>vide</strong></span> <span class='ocrx_word' id='word_1_863' title='bbox 2723 5315 2995 5369; x_wconf 81' lang='lat' dir='ltr'><strong>Mabillon.</strong></span> <span class='ocrx_word' id='word_1_864' title='bbox 3027 5315 3472 5376; x_wconf 40' lang='lat' dir='ltr'><strong>Contutentfin</strong></span> <span class='ocrx_word' id='word_1_865' title='bbox 3515 5323 3755 5376; x_wconf 82' lang='lat' dir='ltr'><strong>Ordinem</strong></span> 
     </span>
    </p>
   </div>
   <div class='ocr_carea' id='block_1_117' title="bbox 2128 5386 2518 5452">
    <p class='ocr_par' dir='ltr' id='par_1_117' title="bbox 2128 5386 2518 5452">
     <span class='ocr_line' id='line_1_117' title="bbox 2128 5386 2518 5452; baseline -0.008 -10"><span class='ocrx_word' id='word_1_866' title='bbox 2128 5387 2286 5452; x_wconf 85' lang='lat' dir='ltr'><strong>Rom,</strong></span> <span class='ocrx_word' id='word_1_867' title='bbox 2317 5401 2436 5452; x_wconf 88' lang='lat' dir='ltr'><strong>cap.</strong></span> <span class='ocrx_word' id='word_1_868' title='bbox 2465 5386 2518 5439; x_wconf 80' lang='grc'><strong>5.</strong></span> 
     </span>
    </p>
   </div>
   <div class='ocr_carea' id='block_1_118' title="bbox 2194 5456 3760 5524">
    <p class='ocr_par' dir='ltr' id='par_1_118' title="bbox 2194 5456 3760 5524">
     <span class='ocr_line' id='line_1_118' title="bbox 2194 5456 3760 5524; baseline 0.002 -18"><span class='ocrx_word' id='word_1_869' title='bbox 2194 5467 2215 5494; x_wconf 81' lang='grc' dir='ltr'><strong><em>ο</em></strong></span> <span class='ocrx_word' id='word_1_870' title='bbox 2250 5462 2378 5522; x_wconf 63' lang='lat' dir='ltr'><strong>Quae</strong></span> <span class='ocrx_word' id='word_1_871' title='bbox 2405 5464 2702 5524; x_wconf 85' lang='lat' dir='ltr'><strong>sequuntur</strong></span> <span class='ocrx_word' id='word_1_872' title='bbox 2728 5456 2794 5509; x_wconf 91' lang='lat' dir='ltr'><strong>ad</strong></span> <span class='ocrx_word' id='word_1_873' title='bbox 2827 5457 2984 5508; x_wconf 87' lang='lat' dir='ltr'><strong>finem</strong></span> <span class='ocrx_word' id='word_1_874' title='bbox 3028 5469 3163 5524; x_wconf 86' lang='lat' dir='ltr'><strong>cap.</strong></span> <span class='ocrx_word' id='word_1_875' title='bbox 3197 5471 3509 5518; x_wconf 67' lang='lat' dir='ltr'><strong>conti-act.</strong></span> <span class='ocrx_word' id='word_1_876' title='bbox 3563 5472 3680 5518; x_wconf 72' lang='lat' dir='ltr'><strong>sunt</strong></span> <span class='ocrx_word' id='word_1_877' title='bbox 3709 5464 3760 5514; x_wconf 84' lang='lat' dir='ltr'><strong>tn</strong></span> 
     </span>
    </p>
   </div>
   <div class='ocr_carea' id='block_1_119' title="bbox 2121 5527 3755 5598">
    <p class='ocr_par' dir='ltr' id='par_1_119' title="bbox 2121 5527 3755 5598">
     <span class='ocr_line' id='line_1_119' title="bbox 2121 5527 3755 5598; baseline -0.001 -17"><span class='ocrx_word' id='word_1_878' title='bbox 2121 5529 2335 5598; x_wconf 85' lang='lat' dir='ltr'><strong>Regm.,</strong></span> <span class='ocrx_word' id='word_1_879' title='bbox 2367 5528 2545 5594; x_wconf 89' lang='lat' dir='ltr'><strong>inquo</strong></span> <span class='ocrx_word' id='word_1_880' title='bbox 2595 5543 2691 5580; x_wconf 90' lang='lat' dir='ltr'><strong>nec</strong></span> <span class='ocrx_word' id='word_1_881' title='bbox 2740 5531 2906 5578; x_wconf 87' lang='lat' dir='ltr'><strong>sancti</strong></span> <span class='ocrx_word' id='word_1_882' title='bbox 2941 5527 3212 5592; x_wconf 74' lang='lat' dir='ltr'><strong>Gregorii</strong></span> <span class='ocrx_word' id='word_1_883' title='bbox 3272 5536 3469 5587; x_wconf 87' lang='lat' dir='ltr'><strong>oratio</strong></span> <span class='ocrx_word' id='word_1_884' title='bbox 3517 5536 3755 5587; x_wconf 73' lang='lat' dir='ltr'><strong>habet-ii.</strong></span> 
     </span>
    </p>
   </div>
   <div class='ocr_carea' id='block_1_120' title="bbox 2194 5597 3761 5675">
    <p class='ocr_par' dir='ltr' id='par_1_120' title="bbox 2194 5597 3761 5675">
     <span class='ocr_line' id='line_1_120' title="bbox 2194 5597 3761 5675; baseline -0.015 1"><span class='ocrx_word' id='word_1_885' title='bbox 2194 5597 2224 5635; x_wconf 48' lang='grc' dir='ltr'>Γ</span> <span class='ocrx_word' id='word_1_886' title='bbox 2262 5597 2480 5675; x_wconf 62' lang='grc' dir='ltr'><strong>ᾼίὲίιυοι</strong></span> <span class='ocrx_word' id='word_1_887' title='bbox 2519 5598 2653 5675; x_wconf 38' lang='lat' dir='ltr'><strong>fidum</strong></span> <span class='ocrx_word' id='word_1_888' title='bbox 2699 5613 2973 5675; x_wconf 59' lang='grc' dir='ltr'><strong>ςειζηιηζιασ</strong></span> <span class='ocrx_word' id='word_1_889' title='bbox 3013 5599 3140 5665; x_wconf 65' lang='lat' dir='ltr'><strong>eius</strong></span> <span class='ocrx_word' id='word_1_890' title='bbox 3166 5641 3184 5665; x_wconf 66' lang='grc' dir='ltr'><strong>ν</strong></span> <span class='ocrx_word' id='word_1_891' title='bbox 3246 5605 3422 5673; x_wconf 76' lang='lat' dir='ltr'><strong>Quasi</strong></span> <span class='ocrx_word' id='word_1_892' title='bbox 3484 5603 3761 5675; x_wconf 73' lang='lat' dir='ltr'><strong>pra-lectus</strong></span> 
     </span>
    </p>
   </div>
   <div class='ocr_carea' id='block_1_121' title="bbox 2119 5667 2942 5737">
    <p class='ocr_par' dir='ltr' id='par_1_121' title="bbox 2119 5667 2942 5737">
     <span class='ocr_line' id='line_1_121' title="bbox 2119 5667 2942 5737; baseline -0.005 -12"><span class='ocrx_word' id='word_1_893' title='bbox 2119 5669 2287 5725; x_wconf 85' lang='lat' dir='ltr'><strong>sancti</strong></span> <span class='ocrx_word' id='word_1_894' title='bbox 2313 5667 2554 5737; x_wconf 82' lang='lat' dir='ltr'><strong>Gregorii</strong></span> <span class='ocrx_word' id='word_1_895' title='bbox 2575 5667 2740 5721; x_wconf 66' lang='lat' dir='ltr'><strong>frater</strong></span> <span class='ocrx_word' id='word_1_896' title='bbox 2766 5667 2942 5721; x_wconf 88' lang='lat' dir='ltr'><strong>fuerit.</strong></span> 
     </span>
    </p>
   </div>
   <div class='ocr_carea' id='block_1_122' title="bbox 2194 5737 3758 5816">
    <p class='ocr_par' dir='ltr' id='par_1_122' title="bbox 2194 5737 3758 5816">
     <span class='ocr_line' id='line_1_122' title="bbox 2194 5737 3758 5816; baseline -0.005 -30"><span class='ocrx_word' id='word_1_897' title='bbox 2194 5751 2218 5786; x_wconf 82' lang='grc' dir='ltr'>ις</span> <span class='ocrx_word' id='word_1_898' title='bbox 2262 5739 2455 5816; x_wconf 61' lang='lat' dir='ltr'><strong>Paulus</strong></span> <span class='ocrx_word' id='word_1_899' title='bbox 2481 5740 2626 5816; x_wconf 64' lang='lat' dir='ltr'><strong>diae.</strong></span> <span class='ocrx_word' id='word_1_900' title='bbox 2657 5739 2709 5791; x_wconf 87' lang='lat' dir='ltr'><strong>itt</strong></span> <span class='ocrx_word' id='word_1_901' title='bbox 2745 5738 2857 5816; x_wconf 82' lang='lat' dir='ltr'><strong>\&#39;_ita</strong></span> <span class='ocrx_word' id='word_1_902' title='bbox 2889 5737 3058 5816; x_wconf 77' lang='lat' dir='ltr'><strong>sancti</strong></span> <span class='ocrx_word' id='word_1_903' title='bbox 3097 5739 3414 5816; x_wconf 72' lang='lat' dir='ltr'><strong>Gregorii,</strong></span> <span class='ocrx_word' id='word_1_904' title='bbox 3446 5763 3508 5800; x_wconf 83' lang='lat' dir='ltr'><strong>eo</strong></span> <span class='ocrx_word' id='word_1_905' title='bbox 3531 5742 3758 5816; x_wconf 71' lang='grc' dir='ltr'><strong>φιοάισ.</strong></span> 
     </span>
    </p>
   </div>
   <div class='ocr_carea' id='block_1_123' title="bbox 2121 5809 3152 5879">
    <p class='ocr_par' dir='ltr' id='par_1_123' title="bbox 2121 5809 3152 5879">
     <span class='ocr_line' id='line_1_123' title="bbox 2121 5809 3152 5879; baseline -0.001 -14"><span class='ocrx_word' id='word_1_906' title='bbox 2121 5826 2234 5865; x_wconf 87' lang='lat' dir='ltr'><strong>cum</strong></span> <span class='ocrx_word' id='word_1_907' title='bbox 2257 5810 2516 5879; x_wconf 74' lang='lat' dir='ltr'><strong>deferendi</strong></span> <span class='ocrx_word' id='word_1_908' title='bbox 2542 5811 2585 5863; x_wconf 71' lang='lat' dir='ltr'><strong>ei</strong></span> <span class='ocrx_word' id='word_1_909' title='bbox 2608 5809 2818 5863; x_wconf 76' lang='lat' dir='ltr'><strong>honoris</strong></span> <span class='ocrx_word' id='word_1_910' title='bbox 2845 5810 3152 5864; x_wconf 70' lang='lat' dir='ltr'><strong>repetisset.</strong></span> 
     </span>
    </p>
   </div>
  </div>
