3974 6174
258 430 360 487 529

1147 436 1463 491 HISTORIA
1509 434 1952 493 FRANCORUM.
1996 434 2193 489 LIBER
2237 435 2544 493 DECIMUS.

3405 441 3508 496 330

260 547 464 612 luoulo,
497 546 860 615 septiformem
895 549 1166 604 Letauiam
1198 552 1349 622 juxta
1391 555 1821 610 distributionem
1856 558 1898 618 Α
1928 555 2157 622 qualiter
2223 552 2558 620 imperatoris
2609 549 2948 618 praesentiam
2991 551 3138 607 adire
3205 551 3503 620 deberent,

261 640 480 696 inferius
507 637 859 710 designatam,
889 642 1078 697 devota
1107 645 1172 698 ad
1205 643 1465 715 lacrymas
1489 656 1512 682 η
1541 657 1717 704 mente
1738 660 1827 704 vo-

260 730 466 784 niamus
489 774 504 791 .
549 739 604 786 ut
631 731 906 786 districtus
937 732 1106 788 Judex
1134 748 1256 790 cum
1284 736 1470 802 culpas
1500 746 1711 792 nostras
1736 753 1834 794 nos

263 822 448 885 punire
497 821 822 884 considerat,
875 823 987 892 ipse
1031 839 1059 876 a
1108 827 1372 880 sententia
1411 827 1828 900 propositae[At.

263 910 554 982 proposita]
601 913 956 969 damnationis
997 925 1193 980 parcat.
1245 918 1433 973 Clerus
1480 920 1637 987 igitur
1675 935 1832 988 egre-

262 1002 436 1056 diatur
472 1003 540 1064 ab
575 1003 795 1056 ecclesia
841 1015 1146 1062 sanctorum
1192 1014 1487 1075 martyrum
1531 1007 1738 1062 Cosma:
1781 1019 1839 1064 et

1937 658 2071 696 unus
2101 657 2410 710 puerorum,
2443 643 2646 697 Evantii
2677 643 2898 712 scilicet,
2927 645 3016 713 qui
3043 658 3165 703 cum
3197 645 3386 698 eodem
3411 646 3507 700 ab-

1935 733 2092 800 ierat,
2125 733 2389 800 direptam
2445 735 2678 802 speciem
2721 733 2787 788 de
2831 749 2987 788 manu
3017 734 3289 803 cujusdam
3336 751 3506 805 nego-

1933 825 2135 876 tiatoris
2165 823 2230 876 ad
2282 833 2538 878 metatmn
2589 824 2798 878 detulit.
2848 825 3017 891 Quem
3063 826 3150 879 ille
3193 835 3508 894 prosecutus

1932 912 2083 981 cujus
2111 928 2196 966 res
2225 923 2400 975 erant,
2433 914 2581 967 reddi
2614 915 2715 967 sibi
2758 930 2868 968 rem
2900 917 3166 984 propriam
3199 916 3504 986 ﬂagitabat;

1932 1003 2026 1054 sed
2077 1002 2178 1054 isto
2225 1001 2526 1066 diifercnte,
2558 1018 2676 1056 cum
2707 1004 2772 1058 de
2803 1004 2892 1060 die
2940 1005 2992 1058 in
3041 1005 3182 1060 dictn
3215 1006 3314 1059 hoc
3343 1002 3508 1076 486

265 1094 526 1157 Damiani,
558 1111 676 1148 cum
701 1099 1023 1166 presbyteris
1046 1099 1273 1164 regionis
1289 1111 1471 1154 sextae.
1498 1102 1692 1156 Omnes
1709 1118 1836 1157 vero

1944 1090 2160 1157 iurgium
2198 1092 2249 1144 in
2279 1093 2452 1159 majus
2500 1103 2899 1164 propagaretur,
2932 1097 3156 1165 quadam
3205 1095 3292 1150 die
3341 1111 3506 1165 uego-

262 1183 479 1238 abbatcs
526 1200 645 1240 cum
687 1189 962 1241 monachis
989 1190 1100 1242 suis
1120 1233 1134 1255 ,
1166 1191 1238 1250 ab
1278 1193 1501 1246 ecclesia
1531 1205 1834 1248 sanc'orum

264 1283 555 1343 martyrum
597 1277 839 1331 Gervasii
869 1288 921 1331 et
947 1280 1168 1334 Protasii
1187 1323 1202 1346 ,
1238 1298 1357 1336 cum
1388 1285 1715 1356 presbyteris
1745 1302 1832 1340 re-

265 1369 436 1438 gionis
455 1379 676 1436 quarter.
722 1371 919 1425 Omnes
949 1372 1231 1428 abbatissae
1255 1390 1372 1429 cum
1403 1379 1834 1444 congregationi-

266 1459 359 1514 bus
389 1461 508 1515 suis
528 1503 543 1525 ,
573 1463 915 1526 egrediantur
944 1464 1010 1522 ab
1039 1466 1264 1520 ecclesia
1300 1476 1613 1522 sanctorum.
1639 1484 1838 1542 marty-

266 1565 378 1603 rum
411 1551 698 1607 Marrellini
749 1562 798 1606 et
842 1552 1017 1621 Petri,
1060 1569 1180 1610 cum
1223 1557 1544 1628 presbyteris
1592 1559 1832 1629 regionis

263 1641 466 1707 primm.
503 1642 701 1697 Omnes
730 1642 974 1708 inmites,
1007 1645 1074 1699 ab
1099 1644 1324 1707 ecclesia
1354 1658 1658 1709 sanctorum
1691 1667 1834 1706 mar-

267 1738 437 1795 tyrum
464 1729 684 1785 Joannis
711 1741 764 1785 et
793 1732 942 1787 Pauli
969 1749 1090 1791 cum
1125 1737 1449 1809 presbyteris
1478 1740 1713 1809 regionis
1747 1757 1834 1797 se-

264 1819 471 1872 cundre.
517 1821 715 1874 Omnes
754 1836 883 1878 vero
921 1824 1063 1893 laici,
1094 1828 1161 1882 ab
1186 1828 1410 1884 ecclesia
1441 1831 1611 1886 sancti
1651 1841 1832 1899 proto-

1936 1179 2093 1233 tiator
2124 1195 2346 1249 puerum
2379 1181 2530 1236 illmn
2565 1184 2616 1237 in
2648 1184 2821 1253 platea
2869 1186 3108 1253 reperit,
3141 1187 3505 1254 apprehenso-

1933 1287 2036 1342 que
2062 1273 2374 1328 vestimento
2403 1276 2538 1346 ejus,
2571 1286 2751 1338 tenere
2782 1278 2943 1344 cmpit
2974 1279 3157 1334 dicens
3187 1295 3200 1331 :
3226 1278 3361 1345 Quia
3395 1294 3501 1334 non

1935 1381 1966 1418 a
1998 1382 2082 1421 tne
2115 1366 2411 1430 laxaberis,
2465 1369 2768 1436 priusquam
2817 1385 2902 1424 res
2938 1386 3067 1439 quas
3096 1371 3353 1424 violenter
3381 1370 3509 1423 diri-

1937 1459 2090 1525 puisti
2112 1498 2128 1520 ,
2165 1473 2298 1512 mete
2328 1461 2522 1514 ditioni
2557 1463 2834 1516 restituas.
2867 1464 2932 1516 At
2964 1462 3050 1514 ille
3079 1472 3327 1514 excutere
3358 1477 3414 1514 se
3443 1462 3509 1515 du

1934 1549 2051 1614 ejus
2083 1549 2331 1602 manibus
2374 1562 2630 1615 conatus,
2666 1566 2770 1604 non
2805 1552 3064 1605 dubitavit
3107 1560 3292 1619 erepto
3335 1552 3509 1619 gladio

1937 1636 2203 1690 hominem
2238 1638 2526 1704 trucidare,
2560 1652 2612 1693 et
2642 1641 2818 1694 statim
2852 1641 2915 1693 ad
2942 1649 3195 1694 metatum
3230 1655 3509 1708 regri-ssus

1934 1737 2036 1793 est,
2069 1744 2165 1781 nec
2192 1731 2400 1797 aperuit
2419 1729 2578 1784 sociis
2607 1746 2722 1799 qua:
2747 1742 2891 1798 ge~ta
2919 1733 3142 1784 fuerant.
3180 1732 3341 1784 Erant
3366 1731 3508 1785 enim

1937 1815 2006 1869 ibi
2039 1829 2183 1884 tunc,
2219 1828 2276 1870 ut
2302 1817 2550 1882 diximus,
2579 1820 2770 1888 legati,
2808 1820 3140 1889 Boilegisilus
3175 1821 3312 1872 filius
3346 1822 3509 1872 Μιιιη-

266 1913 515 1979 ,υπητίε
569 1913 854 1983 Stephani,
891 1931 1014 1971 cum
1072 1920 1402 1989 presbyteris
1448 1925 1680 1990 regium-5
1713 1939 1834 1994 δερ,
1863 1907 1909 1967 Β
1940 1907 2131 1959 molcui
2188 1906 2207 1945 τ
2263 1909 2624 1974 Suessionici,
2673 1921 2724 1963 et
2783 1911 3038 1963 Evantius
3086 1911 3221 1962 filius
3270 1912 3510 1974 Dynamii

265 2002 426 2056 timaa.
476 2002 677 2059 Omnes
730 2006 980 2063 mulieres
1023 2009 1230 2074 viduae,
1263 2012 1331 2072 ab
1370 2012 1592 2079 ecclesia
1638 2025 1834 2071 sanciat

267 2091 523 2150 Eufemia;
564 2109 685 2150 cum
733 2098 1057 2169 presbyteris
1102 2103 1333 2172 regionis
1376 2104 1595 2172 quintae.
1637 2107 1834 2163 Omnes

263 2193 438 2238 autem
488 2184 740 2241 mulieres
787 2191 1081 2260 conjugatae
1126 2193 1467 2262 egrediantur
1505 2196 1575 2249 ab
1609 2197 1834 2252 ecclesia

265 2273 428 2325 sancti
452 2272 612 2343 483
637 2280 880 2344 martyris
906 2281 1212 2349 Clementis,
1242 2299 1362 2338 cum
1395 2285 1721 2356 pre~byteris
1743 2303 1833 2342 re-

266 2361 436 2430 gionis
489 2365 660 2419 tertia:
708 2365 754 2422 δ.
807 2367 874 2423 Ut
915 2369 982 2424 de
1025 2358 1251 2441 singulis
1294 2375 1536 2433 ecclesiis
1578 2388 1837 2436 exeuntes

264 2471 379 2514 cum
414 2456 660 2520 pretibus
701 2475 763 2523 ac
794 2461 1042 2532 lacrymis
1063 2507 1078 2524 .
1119 2465 1184 2520 ad
1217 2469 1386 2522 beata:
1415 2468 1588 2526 “urite
1623 2485 1838 2542 semper

265 2549 482 2616 virginis
508 2551 779 2620 genitricis
811 2555 1017 2612 Domini
1052 2558 1143 2613 Dei
1175 2563 1342 2616 nostri
1364 2563 1492 2619 Jesu
1521 2563 1717 2620 Christi
1747 2568 1839 2622 ba-

268 2639 466 2693 silicam
495 2655 898 2721 congregemur,
933 2655 990 2701 ut
1015 2647 1087 2702 ibi
1115 2648 1317 2705 diutius
1339 2665 1461 2706 cum
1497 2653 1624 2708 fletu
1651 2671 1712 2710 ac
1738 2672 1835 2726 ge-

269 2731 395 2782 mitu
438 2729 663 2786 Domino
701 2734 1093 2801 supplicantes,
1144 2749 1484 2807 peccatorum
1529 2756 1834 2800 nostrorum

271 2822 478 2873 veniam
509 2825 801 2890 promereri
829 2826 1117 2884 valeamus.
1149 2847 1169 2882 ι

338 2908 463 2964 Haec
491 2925 558 2966 eo
583 2911 814 2977 dicente,
846 2919 1175 2988 congregatis
1223 2920 1536 2978 clericorum
1578 2927 1835 2993 catervis,

273 3001 495 3067 psallere
520 3002 678 3068 jussit
703 3019 798 3074 per
826 3006 1079 3073 triduum,
1107 3025 1171 3066 ac
1191 3012 1463 3080 deprecari
1499 3016 1704 3072 Domini
1736 3019 1837 3073 mi-

269 3091 636 3147 sericordiam.
673 3095 745 3149 De
775 3095 905 3151 hora
942 3114 1152 3168 quoque
1195 3104 1352 3157 tertia
1382 3105 1664 3172 veniebant
1704 3111 1837 3169 utri-

270 3195 369 3246 que
397 3179 547 3235 chori
583 3184 920 3250 psallentium
964 3188 1030 3241 ad
1076 3189 1355 3244 ecclesiam
1377 3232 1392 3254 ,
1425 3193 1716 3249 clamantes
1747 3211 1840 3264 per

1936 1998 2288 2061 Arelatensis,
2321 2011 2376 2054 et
2410 2000 2493 2053 hic
2533 2001 2731 2068 Grippo
2767 2017 2962 2071 genere
2992 2001 3254 2066 Francus,
3287 2005 3375 2070 qui
3404 2005 3509 2058 ele-

1934 2100 2120 2144 vantes
2140 2091 2206 2144 de
2233 2092 2612 2160 epulo,sopori
2630 2107 2688 2146 se
2714 2092 2972 2146 dederint
2999 2108 3093 2160 pro
3114 2093 3312 2162 quiete.
3336 2095 3510 2159 Quare

1934 2194 2054 2254 cum
2084 2180 2280 2234 seniori
2310 2181 2454 2234 urbis
2481 2179 2979 2240 nuntiata,fuissent
3004 2197 3284 2253 quaepuer
3321 2183 3508 2236 borum

1937 2278 2204 2335 gesserat,
2233 2270 2475 2329 collectis
2505 2272 2784 2337 militibus,
2818 2274 2895 2328 vel
2928 2273 3069 2327 omni
3115 2274 3313 2343 populo
3342 2275 3510 2330 armis

1941 2360 2293 2425 circumdato,
2327 2362 2391 2414 ad
2428 2369 2681 2417 metatum
2733 2378 2919 2416 eorum
2952 2363 3149 2433 dirigit.
3185 2366 3255 2419 At
3297 2364 3368 2418 illi
3401 2366 3510 2418 ino.

1940 2452 2184 2518 pinantes
2212 2451 2594 2520 expergefacti,
2638 2452 3056 2522 obstupescunt,
3088 2464 3369 2509 cernentes
3400 2455 3511 2512 haec

1938 2553 2059 2606 qua!
2089 2539 2433 2606 gerebantur.
2465 2540 2615 2594 Tunc
2647 2541 2733 2595 ille
2760 2544 2845 2610 qui
2891 2549 3034 2610 prior
3069 2553 3211 2609 erat,
3247 2545 3512 2600 exclama-

1941 2628 2030 2681 bat
2060 2623 2246 2684 dicens
2274 2647 2285 2682 :
2313 2633 2471 2685 Arma
2521 2633 2789 2702 deponite,
2830 2643 2883 2688 et
2923 2635 2988 2687 ad
3022 2652 3118 2690 nos
3162 2636 3510 2704 egredimini,

1941 2727 1997 2770 ut
2027 2733 2412 2786 ciignoscamus
2445 2723 2663 2789 paciﬁce
2695 2725 2920 2790 qualiter
2952 2725 3292 2779 homicidium
3319 2725 3514 2782 factum

1942 2819 2045 2861 est.
2101 2803 2224 2864 Haec
2275 2811 2347 2864 illi
2399 2813 2711 2878 audientes,
2765 2816 2955 2869 timore
3005 2816 3310 2884 perterriti,
3341 2816 3511 2872 adhuc

1944 2897 2250 2963 ignorantes
2280 2916 2399 2969 qum
2449 2912 2595 2971 geSIa
2648 2903 2882 2972 fuerant,
2926 2904 3084 2959 fidem
3129 2915 3424 2973 expetunt,
3457 2919 3513 2960 ut

1941 2991 2112 3043 seettri
2147 2992 2261 3043 sine
2291 2995 2455 3044 armis
2480 2994 2883 3060 egrederentur.
2917 2995 3241 3048 Juraverunt
3272 2996 3512 3050 homines

1944 3081 2052 3145 illi,
2096 3083 2235 3151 quod
2275 3085 2541 3138 custodire
2589 3085 2918 3153 impatientia
2963 3103 3066 3140 non
3110 3089 3370 3157 permisit.
3407 3089 3511 3144 Sed

1944 3186 2062 3225 mox
2095 3173 2458 3241 egredienti-tn
2501 3174 2854 3240 Bodegisilum
2885 3177 3058 3247 gladio
3092 3181 3410 3245 percutiunt,
3443 3180 3512 3233 si-

273 3271 477 3339 “meas
510 3273 678 3339 urbis.
708 3275 869 3347 Kyrie
890 3278 1118 3333 eleison.
1149 3281 1437 3338 Asserebat
1464 3295 1639 3339 autem
1662 3287 1840 3341 ωηο,
1865 3280 1914 3342 c
1949 3263 2148 3317 militcr
2193 3275 2246 3318 et
2299 3266 2598 3320 Evantium.
2630 3267 2829 3334 Quibus
2879 3279 3002 3321 autc
3039 3271 3230 3324 OStium
3286 3280 3512 3325 metatus

276 3378 370 3416 nus
403 3373 590 3419 noster
617 3367 706 3434 qui
739 3366 958 3431 aderat,
991 3371 1042 3424 in
1091 3373 1246 3428 unius
1285 3373 1431 3434 hora:
1476 3379 1648 3446 spatio
1670 3419 1685 3443 ,
1716 3378 1838 3434 dum

273 3466 432 3508 voces
463 3455 614 3522 plebs
642 3456 706 3510 ad
739 3458 1015 3514 Dominum
1041 3464 1446 3531 supplicationis
1471 3468 1668 3532 emisit,
1696 3482 1841 3524 octo-

271 3543 408 3611 ginta
441 3545 682 3599 homines
711 3547 773 3599 ad
820 3558 1014 3602 terrain
1047 3554 1346 3619 corruisse,
1382 3565 1436 3610 et
1464 3558 1708 3624 spiritum
1745 3574 1842 3614 ex-

274 3633 501 3690 halasse.
535 3637 642 3691 Sed
673 3654 775 3706 non
808 3639 1010 3696 destitit
1036 3645 1288 3700 sacerdos
1329 3656 1505 3703 tantus
1555 3653 1844 3718 praedicare

273 3726 488 3794 populo,
522 3742 588 3781 ne
614 3729 679 3782 ab
704 3730 944 3786 oratione
974 3744 1271 3790 cessarent.
1305 3737 1385 3791 Ab
1412 3737 1514 3793 hoc
1545 3740 1704 3796 etiam
1730 3743 1845 3796 dia-

270 3831 433 3871 conus
464 3827 648 3872 no:ter
680 3820 932 3889 reliquias
964 3835 1298 3888 sanctorum,
1325 3834 1380 3880 ut
1407 3828 1662 3895 diximus,
1694 3846 1844 3885 sum-

272 3909 392 3973 psit,
427 3907 555 3962 dum
583 3910 755 3965 adhuc
785 3912 837 3965 iu
867 3911 1144 3968 diaconatu
1171 3915 1407 3985 degeret.
1440 3919 1679 3989 Cumque
1721 3921 1842 3976 lati-

273 3995 390 4052 bula
424 3998 563 4068 fugze
589 4015 927 4070 praepararet,
959 4005 1183 4072 capitur,
1238 4007 1488 4075 trahitur,
1516 4021 1570 4063 et
1608 4012 1674 4066 ad
1705 4011 1846 4066 beati

273 4092 498 4155 apostoli
532 4092 672 4148 Petri
703 4095 976 4150 basilicam
1017 4097 1319 4163 deducitur,
1353 4101 1528 4169 ibique
1559 4103 1623 4155 ad
1669 4103 1845 4170 ponti-

277 4180 440 4234 ficalis
488 4184 672 4249 gratia:
711 4186 944 4241 officium
989 4204 1339 4245 consecratus
1372 4208 1502 4261 papa
1547 4194 1660 4246 urbi
1692 4194 1846 4248 datus

279 4279 378 4325 est.
411 4271 518 4325 Sed
550 4289 649 4326 nec
680 4275 884 4330 destitit
905 4278 1162 4333 diaconus
1191 4291 1393 4348 noster,
1427 4284 1525 4335 nisi
1549 4284 1613 4336 ad
1643 4283 1848 4352 episco-

277 4372 453 4427 patum
484 4362 604 4431 ejus
633 4365 698 4419 de
739 4367 898 4420 Porto
928 4378 952 4406 ε
987 4369 1202 4437 rediret,
1235 4380 1286 4425 et
1316 4373 1542 4441 qualiter
1571 4374 1847 4441 ordinatus

278 4452 456 4518 tuerit,
493 4457 740 4520 prtescnti
771 4460 1222 4528 contemplatione
1249 4464 1563 4531 suspiceret.

346 4543 412 4598 ll.
453 4544 654 4615 Grippo
692 4544 720 4583 ά
766 4557 941 4603 autem
984 4550 1050 4604 ab
1095 4553 1414 4621 imperatore
1461 4555 1714 4611 Mauricio
1758 4575 1845 4612 re-

1948 3356 2252 3423 prostratis,
2295 3356 2496 3425 Grippo
2545 3359 2770 3427 arreptis
2817 3359 2981 3412 armis
3029 3375 3146 3413 cum
3198 3362 3375 3428 pueris
3423 3363 3510 3429 qui

1944 3457 2123 3498 s-‘cum
2157 3455 2346 3508 crant,
2382 3445 2643 3514 processit
2678 3447 2742 3500 ad
2784 3463 2874 3501 eos
2901 3489 2915 3511 ,
2961 3449 3186 3503 dicens:
3211 3451 3338 3515 Quae
3366 3462 3513 3520 gesta

1945 3535 2156 3588 fuerunt
2181 3550 2282 3588 non
2316 3535 2620 3604 iguora‘mus
2646 3578 2660 3600 ,
2705 3549 2756 3591 et
2789 3553 2915 3590 ecce
2951 3540 3076 3592 socii
3127 3539 3332 3594 itineris
3362 3541 3461 3594 mei
3489 3585 3504 3609 ,

1946 3627 2034 3693 qui
2067 3625 2130 3678 ad
2165 3626 2540 3693 imperatorem
2571 3627 2758 3682 directi
2795 3629 3016 3690 fuerant,
3043 3629 3217 3697 gladio
3247 3641 3368 3682 sunt
3395 3646 3513 3697 prn-

1945 3716 2116 3768 strati.
2146 3714 2417 3769 Judicabit
2445 3716 2582 3770 Deus
2613 3717 2860 3786 injuriam
2891 3730 3151 3779 nostram,
3190 3729 3243 3775 et
3289 3731 3510 3774 mortem

1947 3806 2158 3860 illorum
2188 3806 2255 3860 de
2287 3806 2506 3860 interitu
2538 3816 2735 3872 vestro,
2763 3810 2882 3875 quia
2914 3823 3010 3862 nos
3041 3809 3352 3865 innocentes
3382 3820 3433 3864 ct
3458 3812 3508 3864 iu

1949 3910 2079 3963 pace
2114 3897 2386 3950 venientes
2431 3897 2606 3950 taliter
2636 3899 2947 3952 trucidatis:
2975 3914 3071 3953 nec
3112 3902 3244 3953 ultra
3282 3905 3381 3954 erit
3417 3917 3514 3967 pax

1947 3987 2086 4040 inter
2132 4002 2282 4054 reges
2325 3999 2538 4042 nostros
2587 3989 3066 4058 imperatoremque
3113 4001 3365 4046 vestrum.
3405 3994 3511 4047 Nos

1948 4077 2088 4130 enim
2123 4091 2217 4143 pro
2248 4090 2375 4142 pace
2408 4077 2672 4142 venimus,
2702 4088 2754 4132 et
2785 4094 2879 4146 pro
2908 4079 3172 4145 adjutorio
3201 4082 3511 4147 reipublicae

1950 4165 2228 4232 inipertien
2254 4183 2323 4217 'o.
2345 4167 2556 4220 'l‘eSIem
2584 4167 2740 4220 hodie
2768 4167 2954 4221 invoco
2985 4169 3170 4236 Detur),
3194 4170 3315 4238 quia
3343 4178 3514 4224 vestra

1946 4257 2195 4314 excitavit
2224 4275 2380 4321 noxa,
2414 4270 2470 4311 ut
2511 4274 2614 4311 non
2648 4257 2805 4330 485
2837 4259 3168 4314 custodiatur
3191 4246 3343 4314 .inter
3374 4262 3514 4330 priu-

1947 4360 2094 4426 cipes
2120 4373 2220 4428 pax
2252 4359 2532 4428 promissa.
2580 4360 2702 4414 llarc
2742 4370 2796 4413 et
2839 4360 3201 4428 hujuscemodi
3250 4361 3515 4429 Gripponc

1948 4463 2104 4514 verba
2138 4461 2464 4529 proferente,
2510 4462 2684 4515 soluto
2713 4461 3146 4532 Carthaginensis
3179 4473 3204 4511 8
3236 4463 3356 4518 belli
3384 4477 3509 4530 pro-

1951 4561 2148 4623 cinctu,
2180 4573 2460 4630 regressus
2502 4569 2584 4614 est
2615 4561 2974 4628 unusquisque
3009 4561 3073 4614 ad
3109 4561 3340 4631 propria.
3373 4561 3516 4616 Prat-

280 4631 448 4696 diens,
479 4635 594 4689 haec
621 4639 898 4704 nuntiavit,
929 4641 1070 4710 quod
1102 4657 1240 4696 anno
1269 4645 1546 4712 superiore
1575 4662 1696 4702 cum
1723 4649 1848 4702 ad.--
1877 4642 1925 4702 D
1954 4649 2125 4703 fectus
2151 4663 2282 4703 vero
2310 4648 2377 4702 ad
2406 4649 2729 4717 Gripponem
2767 4649 3047 4714 accedens,
3083 4651 3318 4707 mulcere
3357 4653 3518 4722 coepit

279 4735 368 4792 pto
390 4726 606 4798 navigio
640 4743 760 4784 cum
785 4732 946 4786 sociis
969 4734 1078 4787 suis
1103 4734 1293 4789 Africa.-
1327 4745 1534 4804 portum
1563 4741 1842 4807 attigisset,

279 4815 648 4884 Carthaginem
675 4834 919 4889 magnam
948 4821 1171 4892 ingressi
1204 4832 1347 4879 sunt.
1384 4825 1482 4880 Ubi
1514 4826 1639 4879 dum
1674 4844 1848 4881 mora-

283 4915 482 4965 rentur,
511 4908 800 4975 jussiunem
829 4913 1166 4980 opperientes
1197 4915 1430 4984 pratfecti
1461 4918 1548 4985 qui
1581 4918 1766 4972 aderat
1796 4930 1845 4992 ο,

353 5088 377 5156 ξι
416 5079 525 5156 aL,
557 5093 716 5136 mente
735 5101 849 5136 cum
869 5086 1125 5156 lacrymis.

354 5146 378 5184 δ
417 5149 772 5231 Personarum:
820 5146 1163 5231 locorumque
1209 5161 1453 5216 ordinem
1506 5163 1662 5231 paulo
1691 5165 1847 5219 aliter

285 5220 533 5299 exprimit
563 5221 676 5299 ipse
707 5222 994 5299 Gregorius
1024 5220 1117 5282 lib.
1159 5245 1218 5292 tt,
1247 5234 1404 5299 epist.
1437 5220 1588 5297 2,'et
1613 5234 1846 5288 Joannes

286 5290 558 5371 diaconus,
591 5291 682 5371 lib.
716 5308 732 5346 t
761 5290 892 5371 vita:
926 5299 1092 5371 saneti
1121 5290 1360 5371 Gregorii
1394 5290 1541 5354 num.
1571 5303 1675 5366 42,
1707 5304 1843 5371 quod

286 5357 417 5436 torte
444 5361 747 5436 complnres
779 5364 1037 5430 ejusmodi
1073 5357 1265 5421 luerinvt
1294 5370 1510 5436 litauite,
1547 5373 1619 5424 uti
1660 5357 1847 5426 ceriset

288 5428 564 5497 baronius.
616 5428 820 5486 Paulus
852 5450 978 5488 vero
1022 5437 1277 5490 diaconus
1324 5439 1415 5494 lib.
1453 5428 1510 5494 ni
1557 5441 1625 5496 de
1671 5444 1844 5497 Gestis

289 5496 840 5576 Langobardanostro
871 5502 1127 5574 Gl't'gulio
1157 5507 1444 5576 conformis
1473 5521 1574 5564 est.

359 5578 380 5605 ε
426 5569 574 5646 Bec.,
607 5570 892 5646 εἰεῇΡοι-ιιι.Δ
914 5569 1030 5640 ΙιίΙῖ,
1065 5578 1133 5646 de_
1155 5573 1319 5646 portu.
1353 5580 1431 5632 Au
1476 5581 1560 5635 hic
1591 5583 1852 5635 iudicatur

290 5636 516 5718 lucus_in
547 5655 652 5718 qno
675 5639 963 5718 Gregorius
993 5636 1352 5718 pontificatum
1388 5648 1595 5718 fugiens
1625 5651 1856 5705 latebras

287 5708 604 5776 quaesierat?
631 5720 721 5765 aut
739 5708 814 5786 de
843 5708 1207 5786 ipsoGregorii
1241 5715 1368 5786 Tur.
1395 5708 1643 5785 diacono,
1670 5723 1759 5786 qui
1789 5721 1856 5772 ad

289 5786 508 5905 ροηυὲιὲ
526 5793 691 5848 usque
720 5781 978 5838 deductus
1004 5781 1197 5841 dicitur
1229 5785 1319 5841 lib.
1350 5788 1460 5844 ide
1492 5781 1640 5845 GlorL
1675 5781 1858 5856 M.Ifl.,

289 5863 406 5905 can.
512 5889 526 5905 .

289 5863 406 5905 (ιδυ.
438 5863 526 5906 δῦ.

1951 4740 2159 4791 animos
2183 4740 2301 4804 ejus
2330 4738 2396 4792 de
2425 4737 2490 4791 iis
2519 4753 2637 4807 qua:
2664 4747 2813 4805 gesta
2847 4740 3073 4807 fuerant,
3108 4742 3359 4798 ordinans
3389 4761 3520 4812 qua-

1950 4829 2073 4883 liter
2101 4829 2165 4881 ad
2207 4829 2545 4897 praesentiam
2596 4829 2933 4898 imperatoris
2969 4833 3263 4886 accederet.
3294 4835 3390 4899 Qui
3429 4851 3511 4889 ve-

1951 4921 2102 4975 niens
2131 4931 2338 4974 narrata
2369 4919 2630 4989 legatione
2662 4935 2752 4988 pro
2780 4936 2882 4990 qua
2910 4921 3142 4977 directus
3175 4925 3362 4990 fuerat,
3394 4925 3510 4978 cxi-

2024 5092 2050 5130 ἀ
2083 5094 2229 5148 Colb.
2265 5107 2340 5160 a.,
2361 5093 2645 5159 Gripho,et
2665 5092 2739 5146 sic
2764 5093 2918 5147 infra.
2943 5094 3053 5148 Hoc
3074 5101 3230 5162 caput
3251 5094 3302 5146 in
3331 5095 3526 5148 eodem

1953 5163 2074 5218 cod.
2109 5164 2410 5218 immediate
2438 5163 2772 5232 subjungitur
2793 5165 2951 5229 capiti
2980 5164 3049 5218 36
3077 5163 3422 5228 praecedentis
3447 5165 3512 5229 li-

1955 5235 2035 5287 bri
2053 5278 2065 5299 ,
2091 5235 2302 5288 omiSsis
2327 5233 2680 5296 interinediis,
2705 5236 2774 5285 ita
2799 5248 2851 5286 ut
2875 5235 3012 5286 nulla
3037 5235 3105 5286 sit
3127 5235 3176 5298 in
3203 5233 3304 5285 isto
3329 5233 3516 5288 codice

1953 5304 2210 5357 librorum
2241 5318 2289 5355 ts
2310 5312 2363 5356 et
2395 5319 2421 5354 x
2451 5303 2715 5356 distinctio
2740 5319 2754 5354 :
2778 5304 2916 5369 quod
2948 5314 2998 5355 et
3021 5317 3104 5355 am
3137 5303 3193 5354 fit
3224 5302 3274 5354 in
3301 5302 3439 5366 Vat.,
3467 5305 3517 5357 in

1953 5387 2060 5440 quo
2090 5383 2263 5425 tamen
2299 5372 2384 5423 hic
2410 5381 2465 5425 et
2492 5371 2546 5425 in
2573 5372 2924 5441 capitulorum
2959 5372 3130 5424 indice
3160 5386 3327 5424 novus
3357 5372 3515 5427 habe-

1956 5452 2039 5495 tur
2069 5456 2407 5494 numerorum
2458 5442 2624 5505 ordo,
2658 5443 2730 5495 ita
2762 5452 2816 5494 ut
2849 5442 2948 5493 hoc
2992 5452 3184 5507 caput,
3230 5443 3366 5494 trulla
3401 5445 3509 5497 licet

1955 5511 2076 5564 libri
2104 5527 2134 5563 x
2164 5512 2300 5563 facta
2331 5511 2597 5564 mentione
2623 5550 2638 5574 ,
2666 5512 2874 5564 dicatur
2899 5521 3053 5578 caput
3074 5512 3136 5571 tl,
3169 5521 3224 5565 et
3251 5513 3326 5565 sic
3363 5513 3504 5567 dein-

1957 5595 2111 5663 ceps:
2141 5580 2196 5631 In
2230 5593 2462 5663 utroque.
2482 5590 2598 5660 post
2612 5581 2765 5663 Ilutulc
2794 5579 2985 5663 libri-rm
3011 5580 3232 5663 habetur
3261 5581 3521 5663 Fredega.

1959 5649 2022 5704 rii
2054 5646 2659 5721 Cbrou‘icmi’sub’titulo
2687 5648 2805 5721 libri
2903 5646 3146 5704 Historia:
3178 5646 3448 5721 Gregorii:

2035 5727 2058 5754 ο
2097 5721 2183 5770 Sic
2211 5717 2360 5772 Colb.
2384 5735 2397 5784 ;
2424 5717 2632 5778 cieteri,
2663 5718 2748 5784 qui
2773 5717 3001 5772 aderant.

2042 5785 2060 5825 ί
2085 5786 2683 5859 Mtimtnolennmlaudat
2699 5787 3035 5858 Fortunatus,
3056 5792 3418 5859 lib.v.'t,carm.
3436 5789 3507 5844 Mt

2039 5868 2060 5906 κ
2093 5857 2245 5925 Βαάη
2272 5857 2710 5926 Carthaginem“.
