3974 6174
465 388 589 451 ειη

1458 395 1517 452 S.
1558 395 1881 455 GRECURII
1928 394 2232 450 EI‘ISCOPI
2272 393 2709 456 TURJNENSIS

3597 398 3686 456 τμἹὶ

463 511 598 569 tium
644 512 911 567 sociorum
956 494 1224 579 exposuit.
1272 510 1386 579 Qua
1431 512 1500 569 de
1544 527 1705 569 causa
1759 515 2047 582 imperator
2073 514 2125 573 Δ
2152 510 2373 581 intelligi
2403 510 2581 576 datur,
2619 510 2721 563 hoc
2750 509 2961 577 signum
2991 506 3094 562 sibi
3123 507 3484 579 Langobardos
3508 528 3685 582 ιιι-πει.

464 603 622 657 valde
652 602 929 669 molestus,
957 602 1229 673 pollicitus
1259 615 1343 661 est
1371 605 1555 662 ulcisci
1584 617 1810 664 mortem
1835 623 2046 676 eorum,

462 694 614 767 juxta
642 697 692 749 id
730 696 874 765 quod
911 696 1241 754 Childeherti
1286 700 1425 769 regis
1451 700 1715 769 judicium
1748 702 2052 773 promulga-

465 796 569 841 ret.
603 783 753 840 Tune
782 786 850 841 ab
879 788 1202 858 imperatore
1246 802 1591 856 muneratus,
1625 806 1744 845 cum
1792 805 1918 860 pace
1963 808 2049 845 re-

465 892 683 947 gressus
710 887 793 933 est
821 888 870 934 ⁸.

539 972 623 1026 III.
658 972 749 1027 liis
774 970 803 1010 δ
829 988 860 1027 a
885 971 1158 1044 Grippone
1186 971 1532 1031 Cltildeberto
1559 976 1670 1046 regi
1698 975 1897 1040 relatis,
1923 991 2053 1030 con-

468 1062 643 1116 fe~tim
674 1064 975 1118 exercitum
999 1065 1050 1117 in
1082 1065 1284 1119 Italiam
1320 1068 1650 1122 eommOveri
1686 1066 1844 1135 jubet
1884 1081 1946 1121 ac
1977 1070 2055 1122 vi-

464 1154 598 1223 ginti
625 1154 790 1209 duces
818 1155 885 1209 ad
921 1155 1395 1227 Langobardorum
1422 1166 1634 1227 gentem
1670 1158 2044 1213 debellandam

465 1244 668 1314 dirigit.
691 1245 928 1314 Quorum
959 1248 1170 1302 nomina
1206 1263 1309 1303 non
1336 1250 1510 1318 putavi
1537 1250 1748 1305 lectioni
1772 1266 1836 1306 ex
1859 1250 2050 1305 ordine

465 1340 774 1393 necessario
822 1340 1125 1399 inserenda.
1177 1343 1523 1397 Audoualdns
1556 1356 1577 1379 ο
1622 1359 1749 1399 vero
1792 1346 1896 1398 dux
1927 1359 2048 1398 cum

468 1428 788 1487 Vinthrione
810 1442 1080 1487 commoto
1110 1432 1415 1502 Campaniae
1440 1434 1654 1504 populo,
1680 1449 1802 1488 cum
1827 1435 1893 1488 ad
1923 1434 2051 1487 Met-

469 1532 672 1576 tensem
707 1523 917 1590 urbem,
940 1540 1058 1593 qua:
1080 1526 1127 1580 ei
1147 1528 1196 1579 in
1221 1526 1413 1580 itinere
1435 1528 1537 1580 sita
1559 1535 1691 1591 erat,
1714 1527 2049 1593 accessisset,

466 1620 641 1667 tantas
672 1614 878 1681 prazdas
907 1622 1160 1685 tantaque
1206 1615 1491 1671 homicidia
1533 1631 1595 1671 ac
1634 1616 1811 1673 caedes
1855 1632 2049 1685 perpe-

466 1704 646 1767 travit,
680 1714 735 1758 ut
766 1706 972 1761 hostem
1007 1706 1234 1775 propriae
1276 1706 1477 1775 regioni
1518 1716 1793 1777 putaretur
1829 1707 2050 1766 inferre.

467 1795 572 1851 Sed
604 1809 656 1850 et
685 1796 771 1849 alii
796 1814 1005 1867 quoque
1026 1799 1188 1853 duces
1215 1800 1463 1858 similiter
1483 1816 1605 1855 cum
1631 1801 1910 1871 phalangis
1934 1804 2051 1858 suis

2154 601 2379 657 ravisse.
2391 602 2544 657 Tune
2558 601 2711 672 pauci
2732 608 3094 666 transeuntes,
3110 610 3295 656 contra
3318 603 3685 671 Langobardum

2153 695 2295 753 hunc
2321 698 2686 760 decertantes,
2711 703 3119 765 prostraverunt
3146 711 3265 752 eum
3288 713 3301 761 ;
3325 705 3378 752 et
3402 713 3519 755 ecce
3536 701 3690 757 omnis

2152 792 2420 843 exercitus
2449 786 2920 853 Langobardorum
2951 787 3004 840 in
3036 786 3209 857 fugam
3241 802 3421 844 versus
3443 792 3692 859 praeteriit.

2155 880 2215 934 lli
2242 894 2453 949 quoque
2483 888 2822 934 transeuntes
2853 878 3049 933 ﬂumen
3074 921 3087 945 ,
3128 880 3327 934 nullum
3366 880 3431 937 de
3456 882 3515 937 iis
3546 898 3686 953 repe-

2153 972 2321 1036 riunt,
2348 971 2447 1026 nisi
2482 981 2685 1025 tantum
2713 980 3162 1041 recognoscentes
3190 982 3494 1039 apparatum
3521 985 3701 1030 castro-

2153 1079 2294 1128 rum,
2320 1064 2405 1118 ubi
2438 1064 2517 1117 vel
2552 1063 2702 1118 focos
2734 1064 3068 1129 habuerant,
3097 1064 3181 1117 vel
3213 1065 3431 1117 tentoria
3474 1065 3696 1122 ﬁxerant.

2160 1152 2403 1223 Cumque
2432 1154 2635 1209 nullum
2664 1156 2731 1210 de
2756 1156 2821 1210 iis
2843 1154 3340 1224 deprehettdissent,
3359 1156 3420 1209 ad
3441 1168 3600 1212 castra
3622 1175 3704 1214 sua

2154 1247 2384 1316 regressi
2409 1256 2549 1310 sunt,
2582 1247 2759 1315 ibique
2789 1247 2855 1300 ad
2883 1261 2977 1302 eos
3008 1248 3346 1315 imperatoris
3380 1249 3531 1318 legati
3556 1265 3702 1306 vene-

2153 1348 2273 1391 runt
2301 1345 2348 1399 tt,
2377 1338 2682 1390 nuntiantes
2717 1336 2909 1391 adesse
2953 1336 3252 1390 exercitum
3283 1337 3334 1390 in
3374 1338 3604 1392 solatium
3631 1355 3710 1394 eo-

2154 1440 2296 1491 rum,
2321 1426 2705 1496 dicentesque:
2740 1428 2875 1494 Quia
2915 1434 3036 1493 post
3081 1425 3317 1481 triduum
3368 1442 3486 1481 cum
3526 1429 3707 1485 eisdem

2154 1520 2459 1584 veniemus,
2487 1531 2541 1575 et
2571 1519 2674 1574 hoc
2702 1519 2856 1573 vobis
2895 1520 2997 1573 erit
3037 1519 3253 1588 signum
3281 1538 3293 1571 τ
3325 1517 3455 1574 Cum
3491 1519 3713 1575 videritis

2154 1610 2294 1664 villa:
2322 1610 2498 1680 hujus,
2513 1626 2631 1680 qua;
2646 1610 2697 1664 in
2713 1622 2894 1665 monte
2915 1610 3014 1665 sita
3037 1621 3139 1674 est,
3163 1611 3354 1665 domus
3376 1612 3503 1683 [Pro
3523 1613 3712 1686 domos]

2154 1700 2401 1756 incendio
2446 1703 2819 1766 concremari,
2870 1710 2924 1756 et
2972 1703 3173 1756 fumum
3218 1703 3451 1758 incendii
3481 1705 3545 1783 ad
3568 1704 3717 1760 etelos

2154 1807 2324 1860 usque
2349 1793 2580 1858 sustolli,
2606 1795 2861 1849 noveritis
2882 1792 3041 1865 487
3066 1810 3163 1849 nos
3184 1808 3307 1849 eum
3329 1795 3558 1850 exercitu
3578 1810 3716 1865 quem

464 1885 664 1949 fecere,
698 1891 768 1939 ita
797 1898 853 1941 ut
887 1889 1033 1955 prius
1061 1889 1333 1958 regionem
1364 1893 1634 1960 prapviam
1668 1904 1759 1947 aut
1795 1894 2046 1962 pepulnm

2165 1882 2471 1950 pollicemur
2514 1883 2724 1937 adesse.
2758 1882 2863 1938 Sed
2895 1892 3271 1952 exspectantes
3309 1882 3458 1952 juxta
3489 1884 3719 1951 placitum

465 1990 896 2035 commanentem
927 1980 1228 2046 afﬁcerent,
1258 1997 1417 2051 quam
1446 1984 1697 2050 quiddam
1728 1984 1963 2039 victoria:
1988 1985 2057 2039 de

465 2069 689 2127 inimica.
711 2079 869 2138 gente
899 2079 1192 2140 patt'arent.
1228 2073 1739 2141 ApprOpinqttanles
1779 2084 1953 2129 autem
1988 2073 2054 2129 ad

466 2161 751 2215 terminum
774 2162 954 2229 Italiae,
981 2163 1326 2217 Audoualdus
1348 2179 1467 2217 cum
1495 2177 1588 2217 sex
1615 2164 1841 2218 dmibus
1862 2164 2053 2219 dexte-

466 2265 580 2307 ram
610 2253 780 2320 petiit,
813 2262 972 2321 atque
1002 2253 1066 2308 ad
1094 2253 1543 2308 Mediolauensem
1572 2254 1759 2307 urbem
1790 2254 2044 2319 advenit,

467 2342 647 2410 ibique
691 2344 902 2398 eminus
934 2345 985 2398 in
1018 2345 1339 2416 campestria
1387 2354 1564 2400 castra
1611 2354 1925 2414 posuerunt.
1957 2346 2059 2401 Olo

470 2443 536 2483 au
561 2445 646 2484 em
677 2431 782 2484 dux
815 2433 878 2484 ad
905 2432 1209 2486 Bilitionem
1237 2434 1393 2503 hujus
1433 2435 1578 2489 urbis
1607 2444 1863 2501 castrum,
1894 2434 2057 2509 486

476 2520 529 2575 in
560 2524 763 2590 campis
793 2524 952 2577 situm
985 2524 1200 2579 Cauinis
1226 2521 1286 2594 ά,
1317 2526 1618 2595 importune
1647 2527 1943 2595 accedens,
1970 2528 2057 2595 ja-

471 2611 595 2666 Culo
616 2617 714 2669 sub
746 2614 941 2684 papilla
968 2624 993 2652 ο
1022 2618 1324 2683 siueiatus,
1357 2619 1552 2673 cecidit
1581 2627 1638 2673 et
1673 2630 1921 2674 mortuus
1946 2632 2050 2685 est,

470 2699 532 2757 lii
561 2712 738 2759 autem
770 2720 893 2758 cum
916 2706 1119 2782 egressi
1153 2706 1382 2763 fuissent
1412 2707 1462 2761 in
1488 2708 1742 2779 praedam,
1773 2716 1831 2765 ut
1851 2709 2053 2780 aliquid

470 2790 647 2847 victus
676 2793 1018 2871 acquirerem
1042 2835 1057 2857 ,
1092 2811 1121 2850 a
1149 2794 1518 2869 Langobardis
1557 2799 1887 2855 irruentibus
1934 2816 2054 2868 pas-

467 2882 565 2945 sim
600 2900 695 2952 per
723 2887 836 2941 loca
870 2890 1375 2957 prosteruebantur.
1410 2893 1540 2945 Erat
1581 2903 1759 2949 autem
1805 2901 2051 2964 stagnum

467 2977 734 3040 quoddam
763 2980 814 3034 in
846 2980 962 3049 ipso
987 2983 1399 3039 Mediolanensis
1422 2986 1569 3039 urbis
1592 2987 1887 3056 territorio,
1911 2988 2052 3057 quod

468 3068 747 3133 Coresium
776 3069 796 3112 τ
825 3076 1085 3143 vocitant,
1113 3093 1177 3135 cx
1207 3092 1315 3147 quo
1337 3093 1532 3147 parvus
1568 3080 1784 3150 quidam
1823 3080 2050 3149 ﬂuvius,

468 3159 561 3214 sed
590 3160 882 3229 profundus
903 3165 1205 3233 egreditur;
1229 3181 1390 3237 super
1421 3168 1577 3237 hujus
1610 3171 1709 3225 laci
1744 3172 1890 3225 littus
1904 3171 2049 3226 Lan-

2161 1975 2278 2030 dies
2328 1988 2456 2037 sex,
2510 1975 2712 2029 nullum
2759 1991 2825 2030 ex
2867 1976 2934 2029 iis
2976 1977 3189 2031 venisse
3221 1978 3563 2043 contemplati
3589 1987 3719 2032 sunt.

2162 2063 2397 2119 Cedinus
2447 2061 2477 2101 ¹ι
2530 2074 2709 2119 autem
2790 2079 2910 2118 cum
2965 2066 3225 2121 tredecim
3278 2066 3503 2122 ducibus
3552 2067 3722 2121 lazvam

2162 2155 2324 2208 Italiae
2372 2156 2672 2224 ingressus,
2732 2157 2965 2225 quinque
3011 2158 3230 2211 castella
3272 2159 3445 2225 cepit,
3491 2173 3519 2211 a
3548 2159 3723 2227 quibus

2160 2244 2319 2298 etiam
2377 2254 2713 2300 sacramenta
2777 2246 2978 2315 exegit.
3037 2246 3258 2303 Morbus
3324 2248 3485 2302 etiam
3551 2248 3725 2321 dysen-

2163 2335 2311 2390 te'ize
2356 2336 2590 2405 graviter
2636 2336 2928 2391 exercitum
2974 2336 3281 2404 afllciebat,
3322 2355 3388 2394 eo
3426 2341 3559 2409 quod
3594 2354 3728 2394 acres

2159 2425 2435 2491 iucongrui
2478 2426 2775 2497 insuetique
2806 2427 2871 2482 iis
2906 2429 3213 2484 hominibus
3256 2438 3476 2498 essent,
3527 2446 3589 2486 ex
3634 2444 3728 2498 quo

2160 2516 2401 2586 plerique
2441 2516 2781 2573 interierunt.
2816 2506 3101 2576 Commota
3147 2531 3334 2578 autem
3364 2532 3521 2577 vento
3547 2533 3597 2579 et
3623 2523 3731 2576 data

2161 2608 2358 2677 pluvia,
2406 2626 2527 2665 cum
2562 2612 2831 2681 paulisper
2862 2612 3215 2683 refrigescere
3243 2630 3338 2672 aer
3368 2618 3560 2686 cmpit,
3586 2618 3635 2670 in
3661 2615 3732 2669 iu-

2160 2700 2408 2757 lirmitate
2433 2704 2803 2762 salubritatem
2829 2708 3081 2762 contulit.
3111 2709 3253 2777 Quid
3286 2711 3481 2779 plura?
3512 2726 3601 2781 per
3636 2719 3734 2766 tres

2159 2794 2269 2848 fere
2301 2810 2514 2850 menses
2547 2797 2749 2850 Italiam
2788 2811 3170 2871 pervagantes,
3201 2818 3330 2859 cum
3370 2804 3503 2858 nihil
3533 2804 3735 2874 proli-e-

2156 2896 2274 2940 rent
2298 2928 2312 2951 ,
2348 2901 2529 2957 neque
2558 2902 2618 2943 se
2648 2889 2715 2943 de
2748 2889 2976 2946 inimicis
3011 2892 3203 2947 ulcisci
3238 2906 3494 2964 possent,
3523 2911 3585 2950 eo
3613 2894 3738 2963 quod

2155 2993 2216 3033 se
2260 2979 2312 3033 in
2345 2980 2473 3036 locis
2500 2984 2924 3037 communissent
2966 2984 3331 3053 ﬁrmissimis;
3370 3001 3545 3057 neque
3579 3001 3738 3055 regem

2153 3086 2345 3140 capere
2366 3113 2381 3136 ,
2409 3072 2477 3127 de
2517 3089 2624 3143 quo
2655 3075 2786 3128 ultio
2826 3056 3019 3141 fieret,
3046 3078 3135 3147 qui
3165 3094 3228 3133 se
3269 3079 3412 3134 infra
3445 3056 3741 3135 Ticinenses

2156 3164 2424 3218 munierat
2452 3180 2663 3229 muros;
2693 3166 2996 3222 infirmatus
3020 3208 3035 3231 ,
3063 3178 3120 3221 ut
3151 3170 3423 3237 diximus,
3460 3186 3636 3224 aerum
3665 3172 3738 3221 in-

469 3250 734 3317 gobardos
762 3254 996 3310 residere
1024 3257 1324 3313 audieram.
1376 3259 1454 3312 Ad
1495 3276 1651 3329 quem
1698 3276 1816 3315 cum
1856 3277 2053 3331 appro.
2081 3245 2127 3307 C
2162 3256 2513 3320 temperantia
2560 3256 2826 3310 exercitus
2850 3298 2865 3322 ,
2904 3272 2967 3311 ac
3000 3257 3140 3313 fame
3183 3263 3446 3327 attritus,
3477 3261 3649 3315 redire
3687 3256 3745 3313 ad

475 3346 844 3423 pinquassent,
871 3349 1178 3419 priusquam
1205 3350 1421 3415 llutnen,
1442 3352 1583 3421 quod
1606 3353 1857 3419 diximus,
1889 3366 2056 3410 trans-

471 3432 633 3503 lrent,
665 3452 696 3490 a
727 3436 904 3497 littore
936 3439 1027 3495 illo
1051 3457 1187 3503 unus
1214 3442 1683 3512 Langobardorum
1712 3456 1861 3501 stans
1886 3445 2054 3501 lorica

470 3537 745 3597 protectus
776 3536 832 3584 et
855 3529 1024 3598 galea,
1049 3542 1262 3587 contum
1296 3549 1454 3588 manu
1479 3544 1694 3605 gestans
1716 3577 1731 3601 ,
1752 3552 1939 3593 vocem
1961 3539 2057 3595 de-

474 3618 551 3680 dit
573 3629 760 3674 contra
786 3620 1112 3677 Francorum
1145 3626 1440 3680 exercitum
1463 3667 1478 3689 ,
1510 3627 1698 3683 dicens
1724 3646 1738 3682 :
1767 3630 1936 3685 Hodie
1961 3648 2055 3701 ap-

475 3708 687 3786 parebit
704 3709 789 3765 cui
808 3710 1061 3771 divinitas
1083 3714 1327 3775 obtinere
1349 3716 1625 3778 victoriam
1652 3730 1887 3791 prmstet.
1906 3720 2059 3778 Unde

555 3897 582 3926 ι
610 3887 807 3965 Deliae
834 3890 1099 3965 legatione
1114 3896 1221 3960 egit
1242 3893 1530 3963 Gregorius
1552 3912 1709 3965 supra
1736 3898 1826 3953 lib.
1848 3915 1919 3965 ix,
1938 3915 2053 3962 cap.

476 3958 575 4034 255
607 3961 825 4034 multum
852 3958 980 4017 vero
1005 3958 1300 4018 illustratur
1329 3958 1392 4019 οἱ
1423 3970 1586 4021 variis
1619 3958 1867 4034 epistolis
1904 3958 1981 4024 Cb
2007 3958 2058 4024 I-

476 4030 684 4084 uli-berti
709 4041 760 4086 et
790 4032 1158 4088 Brunecllildis
1184 4050 1212 4088 a
1244 4036 1480 4091 Frehero
1530 4048 1582 4093 et
1615 4030 1849 4093 Chesnio
1873 4043 2058 4096 tomol

478 4100 661 4165 editis,
684 4116 818 4170 quas
842 4101 1044 4170 Grippo
1057 4104 1571 4172 Constantinpolim
1589 4109 1879 4165 detulerat.
1902 4111 1954 4165 In
1978 4113 2059 4167 his

479 4172 622 4229 enim
645 4213 662 4235 ,
689 4187 823 4241 quas
850 4190 955 4227 non
984 4175 1157 4229 solum
1188 4176 1499 4243 imperatori
1529 4190 1583 4234 et
1616 4182 1909 4235 Anastasitn
1945 4188 2055 4235 Au-

486 4243 801 4318 gt_ust:e_,_r.~ed_
827 4244 985 4318 etiam
1014 4246 1324 4313 patriarchae
1346 4249 1573 4317 aliisque
1601 4248 1812 4317 imperii
1835 4252 2061 4318 optima-

484 4313 1029 4389 tilms_Cbildelwrtus
1061 4332 1153 4369 rex
1173 4359 1187 4381 ,
1220 4313 1499 4387 materque
1539 4319 1658 4389 ejus
1684 4313 2009 4376 'Bruueehild
2035 4339 2058 4379 s

482 4383 707 4439 aeorsim
734 4386 1084 4450 scripserunt,
1118 4396 1381 4441 testantur
1408 4383 1466 4442 se
1498 4383 1626 4443 nihil
1657 4394 1874 4445 omnino
1899 4393 2067 4447 omis-

481 4467 659 4532 suros,
692 4463 747 4507 ut
772 4472 867 4532 pax
891 4456 1028 4510 inter
1053 4456 1325 4517 Romanos
1342 4466 1398 4511 et
1415 4458 1652 4532 Francos
1674 4465 1822 4514 lirma
1848 4477 2063 4532 semper

481 4535 533 4575 et
564 4525 871 4578 inconvul~a
902 4538 1232 4590 perm-ineat.
1258 4534 1446 4584 Actum
1471 4540 1555 4584 est
1584 4531 1744 4585 etiam
1775 4533 1826 4586 in
1852 4532 1949 4587 hac
1968 4525 2062 4587 Ἰε-

481 4595 696 4671 gatione
717 4597 784 4671 de
808 4598 1011 4671 auxilio
1042 4599 1294 4671 Humanis
1316 4600 1571 4656 adversus
1592 4600 1974 4671 Langobardos
2004 4606 2057 4657 iu

486 4663 688 4741 Italiam
722 4664 977 4741 ferendo:
1009 4670 1151 4737 quod
1181 4685 1209 4722 a
1234 4671 1581 4726 Childeherto
1616 4663 1913 4741 praestitum
1941 4689 2062 4730 csse

483 4749 546 4811 ex
574 4734 830 4811 Gregorio
859 4745 913 4791 et
944 4734 1109 4791 Paulo
1143 4742 1287 4793 Diae.
1323 4734 1727 4805 discimusfsed
1748 4784 1764 4809 ,
1793 4746 1842 4797 ni
1863 4742 2056 4811 fallor,

494 4806 595 4885 hoc
646 4805 980 4879 potissimum
1024 4810 1212 4885 agebat
1239 4811 1645 4885 Cbildebertus,
1672 4814 1728 4866 ut
1751 4805 2062 4885 Athanagil;

482 4874 610 4928 dum
639 4889 710 4953 εξ
732 4874 926 4953 sorore
955 4874 1316 4953 suajlngunde
1346 4891 1593 4949 nepotem
1615 4874 1742 4951 ,qui
1776 4896 1899 4953 post
1930 4874 2063 4941 υἷι-ο

481 4947 768 5020 menegildi
800 4962 983 5001 necem
1016 4947 1532 5020 Constantinopolim
1563 4947 1825 5007 abductus
1856 4957 2055 5020 fuerat,

480 5033 546 5091 ex
574 5017 909 5086 imperatoris
934 5035 1092 5073 manu
1116 5017 1385 5088 eriperet,
1409 5023 1549 5091 quod
1571 5039 1635 5078 ex
1663 5024 1890 5080 laudatis
1923 5017 2063 5081 lium

483 5086 569 5205 risl
589 5098 753 5170 patet.
787 5091 868 5143 An
904 5105 1030 5144 vero
1068 5092 1119 5145 id
1153 5086 1382 5161 unquam
1426 5086 1717 5150 obtinuetit
1743 5132 1759 5159 ,
1801 5096 2062 5153 incertum

483 5174 553 5205 Ill)
578 5175 636 5205 "Si
665 5170 766 5205 ρει-

482 5170 636 5215 Italus
665 5170 766 5215 est.

557 5230 582 5265 δ
601 5229 757 5301 γνειιη
793 5229 843 5284 11
848 5247 921 5286 ωε
941 5248 972 5285 α
992 5232 1255 5297 (.‘rt'plwne
1278 5235 1387 5301 regi
1409 5234 1709 5291 Hildeberto
1735 5240 1915 5292 re'ata.
1933 5239 2063 5291 Con.

483 5299 697 5419 i'erchoc
725 5314 884 5371 caput
912 5316 1034 5357 eum
1067 5317 1186 5367 cap.
1220 5302 1291 5357 32
1316 5299 1437 5360 libri
1465 5322 1519 5365 Ill
1553 5309 1687 5361 llist.
1725 5308 1886 5379 Lang.
1916 5311 2063 5365 Pauli

532 5386 575 5419 Iil
619 5408 631 5419 .

513 5376 631 5420 bac.

557 5447 579 5475 ε
618 5438 1156 5516 Paulusudndualdum
1198 5446 1451 5513 appellat.
1501 5448 1562 5501 Et
1595 5446 1730 5502 infra
1771 5450 1923 5504 Colb.
1959 5467 2059 5516 tn.,

482 5506 674 5590 Ilrgm.
702 5521 758 5564 et
795 5514 991 5590 Cltesn.
1037 5517 1108 5571 al.
1149 5506 1437 5580 Victrione,
1480 5519 1547 5571 de
1582 5534 1689 5588 quo
1726 5521 1846 5574 vide
1896 5506 2057 5590 supra

481 5578 579 5648 lii);
614 5595 724 5643 vttt,
756 5597 875 5648 cap.
910 5586 994 5639 I8.
1200 5636 1203 5637 ,

552 5646 579 5687 ⁸
610 5646 840 5719 Campos
869 5654 1101 5711 Caninos
1128 5658 1343 5711 laudant
1370 5658 1683 5711 Ammianus
1718 5660 2058 5715 Marcellinus

480 5720 577 5797 lib.
605 5737 701 5797 xv,
732 5731 785 5797 et
815 5724 1134 5787 Apollinaris
1163 5728 1411 5783 Sidonius
1442 5742 1610 5782 carm.
1636 5732 1702 5794 5,
1736 5747 1892 5785 γει-ιι
1928 5733 2055 5797 I77;

482 5795 577 5865 sed
608 5796 661 5865 in
690 5794 913 5865 libantia,
935 5809 1009 5865 eo
1036 5798 1175 5863 quod
1202 5798 1375 5865 reipsa
1406 5801 1513 5852 sint
1552 5801 1688 5854 inter
1718 5802 1976 5855 lllnetiam
2005 5794 2059 5856 et

484 5861 789 5950 Liguriam,
813 5864 895 5919 ub:
931 5861 1196 5938 hodieque
1228 5861 1406 5932 viSitut
1454 5872 1669 5942 Bilnio,
1702 5885 1756 5929 ut
1784 5888 1905 5939 cum
1936 5875 2057 5941 Cre-

2160 3348 2375 3418 propria
2404 3347 2710 3403 destinavit.
2743 3348 2990 3404 Subdens
3019 3352 3181 3405 etiam
3222 3354 3389 3416 illud,
3422 3352 3648 3419 acceptis
3670 3364 3745 3403 sa-

2160 3442 2479 3505 cramentis,
2523 3442 2663 3511 regis
2691 3441 2984 3497 ditionibus
3014 3443 3153 3512 quod
3204 3457 3367 3512 pater
3406 3448 3524 3511 ejus
3567 3443 3581 3482 ί
3616 3444 3748 3513 prius

2163 3532 2439 3601 habuerat,
2493 3532 2561 3587 de
2612 3532 2804 3603 quibus
2862 3521 2992 3587 locis
3048 3543 3103 3589 et
3130 3537 3404 3605 captivos,
3438 3544 3494 3590 et
3516 3536 3642 3589 alias
3666 3533 3747 3586 ab-

2161 3623 2365 3679 duxere
2396 3624 2622 3693 prtedas.
2650 3624 2717 3678 Et
2741 3625 2818 3678 sic
2848 3622 3215 3691 regredientes
3253 3626 3326 3681 ita
3362 3628 3501 3680 fame
3516 3624 3749 3681 conﬁcic-

2161 3715 2378 3780 bantur,
2410 3723 2469 3769 ut
2498 3716 2644 3785 prius
2665 3725 2715 3770 et
2743 3730 2891 3769 arma
2933 3726 2985 3769 et
3033 3717 3362 3772 vestimenta
3396 3718 3463 3772 ad
3513 3730 3749 3772 coemen-

2162 3908 2314 3977 μοι·ῑο
2344 3908 2502 3963 habet
2529 3909 2744 3973 Paulus,
2767 3923 2858 3964 seu
2886 3910 3121 3965 {Mincio
3143 3920 3240 3965 aut
3269 3912 3597 3973 Berinzona,
3622 3906 3748 3978 quod

2164 3990 2247 4033 e~t
2286 3990 2518 4051 rastrum
2553 3978 3366 4051 ΙΑιυιώιιιιίἰενττειιιειιειιίλιιιε,
3402 3984 3562 4051 vulgo
3593 3979 3751 4033 Belin-

2164 4066 2298 4123 :tona
2339 4050 2560 4103 dictum.
2601 4050 2753 4104 Colb.
2798 4067 2871 4104 tn.
2903 4050 3099 4119 habet,
3129 4053 3184 4106 in
3219 4054 3428 4123 campis
3457 4050 3608 4107 situm
3644 4064 3755 4102 com-

2166 4122 2351 4174 "tinus.

2240 4201 2263 4228 °
2297 4192 2394 4243 Alii
2427 4204 2545 4243 cum
2576 4188 2760 4254 Paulo,
2794 4193 3044 4245 mamilla.

2243 4258 2261 4299 τ
2296 4261 2481 4323 Begm.
2512 4270 2563 4331 et
2592 4261 2745 4313 Colb.
2781 4277 2877 4325 ιιι..
2910 4261 3209 4323 Ceremtm:
3238 4264 3399 4331 Bec.,
3429 4261 3708 4317 Cerasium.

2241 4340 2265 4377 ις
2296 4332 2487 4383 ΙιηιιΙιιε
2511 4330 2583 4383 ait
2612 4348 2707 4386 eos
2732 4332 2797 4385 ad
2830 4333 3201 4386 Audouablum
3232 4338 3458 4388 Venisse
3479 4348 3601 4386 cum
3629 4333 3757 4382 esset

2169 4417 2349 4481 prope.
2367 4401 2742 4481 Mediolanum.
2780 4403 3257 4481 Ediditnif‘relterus
3284 4404 3586 4481 epistolam
3618 4399 3761 4481 ducis

2167 4470 2442 4527 exercitus
2468 4470 2827 4526 Romanorum
2854 4473 2917 4526 ad
2943 4474 3388 4542 Childehertum,
3417 4477 3470 4528 in
3499 4488 3599 4535 uua
3618 4470 3761 4538 hujus

2170 4541 2535 4615 expeditionis
2568 4545 2825 4615 rationem
2876 4544 3081 4607 reddit,
3113 4541 3462 4615 accusatque
3506 4543 3723 4615 Cltgnum
3745 4577 3757 4597 .

2095 4635 2143 4693 ι)
2171 4606 2327 4693 quem
2350 4613 2612 4693 Cedittum
2646 4614 2777 4667 infra
2808 4606 3171 4693 memorantur
3195 4630 3330 4671 CSse
3364 4606 3653 4693 existimo,
3682 4623 3763 4678 ρει

2167 4685 2244 4736 eis
2295 4686 2438 4737 initae
2487 4698 2606 4736 cum
2652 4699 2779 4752 rege
2826 4686 3345 4752 Langobardorum.
3394 4688 3456 4741 In
3502 4685 3605 4739 alia
3652 4694 3760 4733 vero

2168 4754 2514 4833 Cbildeberto
2559 4755 2804 4833 espoiiit.
2834 4767 3090 4822 quantum
3140 4758 3462 4833 profecerit
3519 4756 3761 4833 adversus

2170 4823 2577 4896 Langobardos.
2599 4826 2974 4879 Cbildebertus
3006 4822 3184 4879 tamen
3221 4829 3447 4888 nullam
3477 4822 3763 4896 expeditio:

2170 4910 2289 4950 nem
2341 4906 2524 4961 postea
2569 4895 2618 4967 in
2657 4896 2859 4949 Italiam
2898 4898 3207 4967 suscepisse
3258 4899 3526 4960 traditur,
3556 4893 3762 4967 quodet

2168 4967 2497 5033 exprobrare
2520 4966 2733 5021 videtur
2751 4965 3037 5020 Mauricius
3065 4968 3114 5019 in
3141 4968 3393 5030 epistola
3413 4969 3481 5021 ad
3510 4983 3630 5021 eum
3653 4965 3767 5016 scre

2171 5050 2275 5101 pta.
2327 5040 2457 5103 Qua:
2505 5053 2569 5090 ex
2614 5034 2694 5089 bis
2740 5037 2983 5103 epistolis
3031 5037 3096 5090 ad
3141 5033 3493 5105 Gregorium
3545 5043 3765 5090 nostrum

2167 5107 2542 5162 illustrandum
2586 5106 2892 5162 condu'Cunt
2930 5108 2994 5160 in
3037 5108 3372 5176 Appendice
3418 5106 3762 5176 proferentur.

2234 5195 2382 5276 h__Sic
2411 5196 2874 5276 Bec._cum"["aul_o.
2903 5197 3054 5276 ποι-ι),
3074 5212 3159 5276 _a.,
3189 5197 3527 5276 Chedinius,
3558 5198 3760 5276 Βεειιι.Ἴ

2167 5267 2441 5327 Cedinins:
2479 5268 2629 5330 editi,
2662 5266 2938 5321 Chedimts.
2991 5268 3448 5333 Ea?00casic:ne,
3498 5280 3554 5322 ut
3608 5266 3771 5324 narrat

2169 5340 2392 5401 Paulus,
2427 5338 2614 5410 Franci
2650 5336 2911 5410 Veronam
2958 5353 3125 5410 usque
3178 5341 3583 5410 pertigerunt,
3614 5336 3702 5410 qui
3725 5340 3801 5407 et‘

2167 5418 2464 5462 castrorum
2495 5408 2562 5460 ab
2585 5408 2714 5475 ipsis
2738 5409 3036 5462 dirutorum
3069 5409 3120 5461 in
3144 5408 3448 5467 territo—rio
3467 5408 3773 5467 Tridentino

2171 5482 2386 5533 nomina
2419 5489 2685 5535 recrttset.

2246 5568 2261 5606 ί
2302 5569 2379 5641 Es
2410 5568 2511 5621 hoc
2539 5568 2698 5621 etiam
2734 5567 2853 5621 loco
2885 5566 3085 5641 inferre
3111 5565 3245 5641 licet
3270 5610 3284 5630 ,
3315 5567 3372 5623 Si
3394 5616 3399 5619 .
3419 5572 3657 5627 lberi-tum
3687 5564 3777 5641 ali-

2166 5657 2324 5707 quam
2366 5640 2531 5694 Italite
2574 5652 2800 5716 parit:th
2826 5638 3159 5716 possedisse,
3192 5638 3246 5691 id
3283 5653 3372 5693 est
3411 5638 3776 5716 locztllhnzjzc

2169 5712 2432 5779 proxima,
2463 5722 2519 5764 ut
2547 5720 2733 5785 genset
2767 5708 3008 5763 Valesius
3042 5710 3127 5785 lib.
3165 5723 3240 5785 xv
3282 5726 3479 5785 rerum
3515 5708 3774 5785 Francus”

2168 5778 2305 5835 circa
2338 5798 2522 5849 agrum
2547 5780 2917 5836 'l‘rideutinum
2945 5791 2998 5836 ct
3031 5778 3293 5835 Athesim
3341 5781 3574 5845 fluvium
3604 5782 3657 5836 in
3692 5778 3777 5839 γῆ·

2167 5863 2331 5917 netia.
