3974 6174
459 401 564 459 535

1459 405 1517 463 S.
1559 405 1885 467 GREGORII
1929 406 2232 462 EPISCOI‘I
2273 398 2704 459 TURONENSIS

3617 413 3716 466 536

457 524 620 564 onme
649 511 905 567 tributum
952 521 1060 568 tam
1092 513 1334 569 ecclesiis
1363 527 1532 585 quam
1553 516 1920 583 monasteriis,
1953 532 2037 572 vei
2067 520 2118 577 Α
2143 524 2326 571 scorto
2367 523 2751 582 reverteretur,
2793 514 3123 585 gravissimis
3165 529 3283 571 eam
3329 515 3501 590 plagis
3529 525 3719 591 saepius

455 599 671 669 reliquis
714 601 944 666 clericis,
997 605 1086 672 qui
1126 604 1194 658 ad
1241 605 1534 658 ls‘ceieeiam
1584 606 1856 672 pertinere
1898 606 2042 660 vide.

455 689 668 750 bantur,
698 700 788 745 aut
817 697 1117 764 quicunque
1145 694 1400 749 Ecclesiae
1429 695 1666 750 ofﬁcium
1695 696 2040 762 excolebant,

454 779 598 849 larga
634 782 832 850 pietate
856 787 1140 839 concessit.
1188 786 1406 843 Multum
1437 789 1581 840 etiim
1617 786 1731 854 jam
1757 796 2043 840 exactores

436 871 615 946 hujus
658 875 840 929 tributi
870 877 1151 944 exspoliati
1198 887 1372 944 erant,
1417 892 1483 932 eo
1526 878 1667 946 quod
1699 892 1794 947 per
1824 877 2038 944 longum

457 973 667 1032 tempus
695 975 747 1020 et
791 966 1189 1022 succedentium
1239 969 1642 1038 generationes,
1673 982 1736 1022 ac
1770 967 1955 1022 divisis
1987 968 2038 1022 in

454 1056 651 1109 inultas
678 1066 851 1124 partes
881 1059 1010 1127 ipsis
1039 1059 1487 1126 possessionibus,
1512 1058 1688 1128 colligi
1719 1059 1804 1111 vix
1831 1068 2040 1124 poterat

456 1147 560 1202 hoc
588 1148 860 1203 tributum.
886 1150 1035 1217 Quod
1067 1151 1176 1213 hic,
1209 1151 1316 1204 Deo
1345 1151 1659 1219 inspirante,
1691 1151 1761 1206 ita
1787 1154 2038 1221 praecepit

455 1237 750 1306 emendari,
784 1248 840 1292 ut
883 1241 1024 1308 quod
1071 1254 1232 1308 super
1274 1240 1386 1293 hinc
1415 1239 1544 1294 fisco
1575 1239 1898 1306 deberetur,
1939 1257 2037 1295 nec

452 1342 756 1386 exactorem
779 1332 972 1386 damna
1001 1342 1360 1401 pereuterent,
1386 1348 1483 1388 nec
1507 1334 1761 1389 Ecclesiae
1778 1333 2034 1388 cultorem

449 1422 671 1474 tarditas
697 1422 765 1476 de
785 1422 963 1478 ofﬁcio
993 1425 1165 1493 aliqua
1194 1435 1489 1478 revocaret.

528 1512 655 1566 \‘Ill.
705 1513 764 1566 In
793 1524 818 1551 ι
848 1514 1083 1569 confinio
1109 1528 1237 1569 vero
1268 1513 1478 1568 termini
1523 1513 1772 1579 Arverni,
1822 1513 2036 1567 Gabali-

450 1605 558 1657 tani
591 1614 748 1674 atque
790 1604 1047 1671 Rutheni,
1092 1606 1329 1677 synodus
1373 1605 1745 1676 episcoporum
1778 1606 1914 1660 facta
1952 1617 2033 1660 est

446 1706 630 1750 contra
675 1698 999 1762 Tetradiam,
1033 1699 1273 1752 relictam
1323 1698 1590 1768 quondam
1634 1697 1912 1763 Desiderii,
1967 1714 2032 1752 eo

446 1786 588 1849 quod
631 1794 898 1854 repeteret
923 1786 990 1838 ab
1037 1800 1100 1840 ea
1132 1786 1369 1842 Eulalius
1409 1802 1590 1841 comes
1619 1801 1707 1841 res
1745 1783 1772 1824 δ
1799 1802 1931 1856 quas
1961 1788 2030 1839 ab

2147 606 2434 661 alliciebat.
2467 606 2572 662 Sed
2601 614 2656 659 et
2683 619 2778 674 pro
2808 605 2984 658 multis
3035 607 3330 662 sceleribus
3367 609 3542 664 debita
3589 627 3719 665 non-

2146 695 2286 749 nulla
2337 705 2698 760 contraxerat,
2752 695 2803 748 in
2855 695 3044 764 quibus
3094 709 3408 752 ornamenta
3439 708 3494 754 et
3534 715 3717 756 aurutu

2146 786 2330 841 uxoris
2376 786 2675 854 szepissime
2703 786 2999 840 evertebat.
3051 785 3288 855 Denique
3321 790 3459 844 inter
3489 791 3584 845 has
3628 807 3717 846 au-

2142 879 2344 947 gustias
2387 877 2585 933 mulier
2634 878 2910 944 collocata,
2966 893 3085 933 cum
3144 883 3399 936 honorem
3454 897 3716 951 omnem,

2141 982 2298 1036 quem
2331 967 2382 1020 in
2413 965 2575 1021 domo
2605 967 2701 1021 viri
2732 968 2988 1022 habuerat
3019 969 3359 1037 perdidisset,
3389 980 3443 1027 et
3464 974 3550 1028 ille
3576 976 3716 1030 abis-

2141 1069 2223 1114 set
2249 1060 2316 1113 ad
2366 1074 2569 1129 regem,
2603 1059 2717 1114 hac
2761 1076 2788 1112 a
2826 1060 2952 1114 Viro
2977 1061 3086 1135 [AL
3122 1060 3302 1135 Veto],
3332 1065 3409 1119 sic
3432 1066 3576 1120 enim
3607 1075 3720 1122 erat

2141 1164 2338 1204 nomen
2387 1149 2638 1216 hominis,
2694 1150 2872 1204 mariti
2924 1154 3003 1205 sui
3059 1163 3253 1220 nepote
3303 1156 3716 1224 concupiscitur,

2140 1240 2349 1294 scilicet
2378 1249 2436 1294 ut
2465 1242 2586 1310 quia
2618 1241 2705 1295 ille
2735 1241 3039 1312 perdiderat
3075 1245 3378 1316 conjugetu,
3414 1247 3571 1315 hujus
3611 1265 3718 1302 ma-

2141 1333 2392 1387 trimonio
2416 1333 2754 1401 jungeretur.
2792 1335 2948 1388 Virus
2979 1346 3156 1391 autem
3190 1340 3384 1394 timens
3417 1340 3717 1397 inimicitias

2140 1420 2405 1486 avunculi,
2439 1422 2714 1476 mulierem
2768 1422 3044 1478 Desiderio
3073 1424 3192 1480 duci
3226 1429 3535 1496 transmisit,
3569 1431 3716 1485 vide-

2137 1514 2261 1568 licet
2307 1521 2365 1568 ut
2418 1514 2739 1568 succedente
2786 1525 3026 1584 tempore
3071 1517 3415 1586 capularetur
3442 1521 3492 1575 ei
3537 1541 3552 1577 :
3602 1537 3716 1592 qua:

2136 1618 2349 1656 onmem
2391 1604 2742 1658 substantiam
2777 1605 2873 1657 viri
2918 1605 3022 1669 sui,
3059 1615 3163 1659 tam
3214 1611 3265 1662 in
3293 1623 3422 1662 auro
3465 1625 3622 1679 quam
3669 1612 3717 1665 in

2134 1704 2374 1763 argento,
2400 1704 2454 1748 et
2480 1694 2831 1758 vestimentis,
2855 1705 2909 1750 et
2935 1711 3052 1764 qua:
3081 1699 3280 1751 moveri
3312 1708 3578 1767 poterant,
3598 1717 3716 1753 cum

2133 1787 2347 1839 seniore
2378 1784 2488 1838 lilio
2517 1800 2699 1840 secum
2730 1785 2967 1854 sustulit,
2999 1788 3187 1842 relicto
3231 1789 3284 1842 in
3313 1790 3476 1843 domo
3495 1791 3600 1845 alio
3636 1793 3718 1859 ju-

445 1890 511 1928 eo
544 1875 749 1946 fugiens
779 1891 960 1932 secum
988 1876 1212 1932 tulisset.
1241 1877 1345 1932 Sed
1374 1876 1511 1932 hanc
1530 1892 1767 1942 causam,
1793 1878 1876 1931 vel
1898 1893 2027 1946 qua-
2063 1885 2107 1942 Β
2135 1876 2305 1930 niore.
2364 1877 2593 1930 ltediens
2638 1890 2770 1930 vero
2801 1877 3038 1932 Eulalius
3084 1895 3148 1933 ex
3191 1879 3406 1946 itinere,
3458 1883 3717 1951 comperit

445 1963 570 2019 liter
598 1966 856 2020 Eulalium
881 1966 1178 2035 reliquerit,
1203 1968 1283 2022 vel
1307 1968 1759 2038 quemadmodum
1787 1968 1852 2022 ad
1886 1968 2034 2022 Desi-

443 2058 648 2113 derium
677 2057 975 2126 confugerit
1004 2060 1165 2114 altius
1195 2060 1599 2114 memorandum
1637 2061 1837 2127 putavi.
1874 2059 2035 2114 Eula-

443 2149 544 2204 lius
570 2159 769 2215 autem,
803 2160 859 2203 ut
901 2150 1153 2217 juvenilis
1182 2159 1311 2206 tetas
1344 2150 1521 2216 habet,
1553 2150 1738 2215 agebat
1768 2149 2030 2219 qnzepiam

444 2240 888 2295 irrationabiliter
916 2254 931 2295 :
966 2241 1106 2294 unde
1133 2240 1329 2294 factum
1361 2249 1466 2307 est,
1494 2251 1549 2294 ut
1579 2255 1608 2293 a
1642 2249 1814 2294 matre
1834 2242 2030 2308 saepius

442 2331 754 2400 increpitus,
789 2330 1010 2386 haberet
1042 2332 1093 2384 in
1121 2344 1240 2386 eam
1269 2331 1450 2385 odium
1497 2345 1659 2401 quam
1710 2345 1893 2385 amare
1933 2330 2030 2388 de—

445 2424 658 2476 buerat.
695 2422 931 2491 Denique
961 2436 1080 2476 cum
1107 2421 1162 2476 iu
1201 2422 1436 2476 oratorio
1462 2423 1654 2477 domus
1687 2435 1796 2474 sua:
1824 2422 1936 2476 hare
1975 2423 2028 2476 in

444 2513 692 2569 Oratione
738 2513 1042 2583 frequenter
1073 2514 1429 2580 incumberet,
1476 2523 1529 2568 et
1578 2523 1868 2567 nocturnas
1896 2513 2031 2581 vigi-

445 2603 545 2657 lias
576 2618 816 2672 persaepe
861 2603 1252 2658 dormientibus
1279 2601 1510 2668 famulis,
1545 2605 1596 2655 iu
1627 2599 1871 2656 oratione
1909 2617 2029 2656 cum

443 2694 691 2767 lacrymis
721 2694 985 2764 expleret,
1013 2696 1063 2748 in
1091 2692 1267 2748 cilicio
1296 2708 1402 2761 quo
1429 2692 1612 2748 orabat
1641 2690 1921 2764 suggillata
1945 2709 2029 2747 re-

443 2787 663 2856 peritnr.
697 2785 803 2842 Sed
834 2787 1196 2841 nescientibus
1225 2784 1433 2840 cunctis
1476 2785 1597 2854 quis
1629 2784 1741 2839 haec
1773 2784 2027 2852 fecisset,

442 2878 648 2934 crimen
681 2888 856 2934 tamen
888 2878 1157 2949 parricidii
1188 2876 1419 2932 refertur
1443 2877 1509 2930 ad
1543 2876 1731 2931 tilium.
1759 2875 1883 2931 Hatc
1904 2891 2024 2930 cum

443 2973 703 3029 Cautinus
729 2973 1016 3042 episc0pus
1044 2978 1300 3028 Arvernae
1333 2973 1478 3026 urbis
1505 2973 1877 3042 comperisset,
1902 2989 2022 3029 eum

443 3079 475 3118 a
505 3065 881 3119 communione
906 3062 1199 3118 submovit.
1250 3063 1706 3118 Convenientibus
1737 3073 1915 3118 autem
1945 3065 2025 3118 ci-

440 3154 598 3209 vihus
619 3153 778 3225 49],
805 3169 923 3208 cum
955 3153 1235 3207 sacerdote
1261 3153 1326 3206 ad
1359 3152 1698 3206 festivitatem
1725 3153 1860 3208 beati
1888 3169 2028 3206 mar-

2135 1983 2252 2035 qua:
2284 1966 2608 2020 acciderant.
2643 1966 2747 2022 Sed
2779 1982 2898 2021 cum
2933 1966 3173 2038 mitigato
3212 1970 3400 2024 dolore
3447 1971 3716 2038 paululum

2134 2060 2448 2129 quievisset,
2478 2074 2641 2128 super
2672 2057 2852 2113 Virum
2882 2069 3131 2126 nepotem
3173 2075 3328 2114 suum
3359 2061 3530 2128 irruit,
3562 2077 3716 2117 eum.

2133 2169 2236 2222 que
2275 2154 2417 2208 inter
2445 2163 2593 2210 arcta
2619 2153 2830 2206 vallium
2877 2154 3233 2207 Arveruarum
3265 2152 3557 2208 interemit.
3602 2155 3714 2209 Au-

2133 2245 2286 2299 diens
2327 2254 2501 2298 autem
2532 2243 2694 2316 5.92
2746 2242 3085 2308 Desiderius,
3116 2244 3204 2313 qui
3251 2251 3306 2297 et
3351 2242 3465 2313 ipse
3492 2259 3713 2299 uxorein

2135 2348 2304 2404 nuper
2325 2334 2654 2404 perdiderat,
2677 2335 2820 2404 quod
2850 2332 3054 2389 scilicet
3077 2333 3235 2388 Virus
3251 2335 3564 2390 interfectus
3585 2334 3714 2390 fuis-

2131 2435 2234 2490 set,
2281 2424 2531 2495 conjugio
2559 2439 2657 2480 suo
2685 2424 2989 2480 Tetradiain
3023 2424 3265 2478 sociavit.
3317 2424 3558 2497 Eulalius
3584 2439 3712 2479 vero

2134 2517 2363 2586 puellam
2387 2517 2455 2572 de
2481 2516 2805 2571 monaSIerio
2833 2515 3174 2585 Lugdunensi
3205 2515 3448 2582 diripuit.
3489 2530 3712 2585 eamque

2132 2610 2358 2678 arcepit.
2407 2608 2513 2664 Sed
2543 2607 2855 2663 concubinae
2887 2607 3022 2677 ers,
3072 2609 3378 2678 instigante,
3411 2617 3466 2660 ut
3492 2609 3712 2676 quidam

2131 2707 2401 2766 asserunt,
2446 2698 2670 2765 invidia,
2717 2699 2994 2754 maleficiis
3042 2715 3258 2755 sensum
3289 2700 3406 2768 ejus
3435 2701 3708 2768 oppilare-

2131 2798 2277 2844 runt.
2311 2789 2437 2843 Post
2459 2790 2684 2843 multum
2708 2803 2837 2843 vero
2867 2793 3142 2858 temporis,
3173 2788 3413 2845 Eulalius
3443 2789 3711 2845 Emerium

2134 2880 2289 2949 hujus
2321 2880 2513 2950 puellae
2540 2880 2920 2934 consobrinum
2951 2880 3088 2934 clam
3125 2882 3367 2950 appetiit,
3388 2881 3710 2951 occiditque.

2133 2970 2389 3026 Similiter
2412 2969 2710 3025 Socratium
2741 2970 2956 3024 fratrem
2988 2970 3188 3024 sororis
3215 2984 3328 3025 sua:
3360 2978 3384 3008 ο
3428 2985 3586 3040 quem
3619 2987 3715 3041 pa.

2133 3072 2216 3115 ter
2251 3077 2314 3116 ex
2344 3062 2639 3116 concubina
2682 3061 2960 3128 habuerat,
2996 3064 3285 3118 interemit.
3320 3063 3386 3119 Et
3412 3065 3516 3120 alia
3543 3067 3712 3120 multa

2135 3154 2272 3208 mala
2301 3152 2450 3220 fecit,
2481 3169 2601 3221 qua:
2628 3168 2880 3208 enarrare
2911 3154 3218 3224 perlongum
3250 3163 3352 3210 est.
3394 3155 3629 3210 Joannes
3651 3156 3711 3208 fi-

440 3246 574 3313 tyris
603 3243 822 3309 Juliani,
855 3244 919 3296 ad
950 3243 1112 3312 pedes
1141 3259 1188 3307 ei
1211 3242 1376 3310 iscopi
1405 3242 1642 3296 Eulalius
1673 3242 1761 3297 ille
1787 3252 2019 3311 proster-
2053 3243 2098 3302 C
2135 3247 2234 3299 lius
2258 3247 2397 3314 ejus,
2425 3247 2516 3315 qu’l
2544 3259 2663 3300 cum
2692 3259 2784 3300 sua
2815 3244 3136 3301 discesserat
3165 3247 3444 3314 genitrice,
3482 3259 3514 3298 ι
3544 3245 3712 3300 domo

439 3338 606 3400 nitur,
654 3351 884 3406 querens
913 3351 971 3390 se
1018 3335 1314 3389 inauditum
1363 3349 1393 3386 a
1439 3336 1818 3388 communione
1848 3349 2025 3388 remo-

439 3437 576 3482 tum.
609 3427 758 3482 Tunc
788 3428 1071 3496 episcOpus
1098 3425 1341 3495 permisit
1365 3440 1484 3478 eum
1515 3439 1637 3478 cum
1668 3425 1876 3480 caneris
1899 3425 2024 3480 Mis-

441 3538 623 3576 sarum
645 3531 889 3589 spectare
920 3530 941 3557 ε
973 3519 1260 3575 solemnia.
1294 3518 1484 3572 Verum
1529 3519 1618 3572 ubi
1668 3519 1733 3572 ad
1776 3535 2019 3573 commu-

442 3614 729 3668 nit-alidum
757 3625 971 3668 ventum
1001 3622 1104 3676 est,
1135 3622 1188 3664 rt
1217 3611 1447 3664 Eulalius
1477 3611 1542 3664 ad
1573 3611 1816 3664 altarium
1843 3627 2023 3666 acces-

442 3706 623 3770 sisset,
653 3704 729 3758 ait
775 3703 1055 3772 episcopus
1097 3720 1109 3754 :
1146 3702 1346 3754 llmnor
1387 3703 1564 3770 populi
1602 3702 1919 3770 parricidam
1971 3712 2022 3754 te

439 3799 737 3868 proclamat
775 3810 913 3850 esse.
949 3797 1058 3864 Ego
1102 3810 1228 3848 vero
1278 3807 1454 3847 utrum
1486 3793 1878 3864 perpetraveris
1921 3794 2022 3847 hoc

437 3891 636 3956 rcclus,
668 3905 734 3944 an
781 3903 908 3952 non,
942 3889 1126 3959 ignoro
1170 3906 1181 3938 :
1220 3888 1420 3941 idcircv
1450 3887 1514 3944 in,
1537 3886 1628 3940 Dei
1659 3887 1762 3940 boc
1800 3895 1853 3940 et
1882 3886 2020 3941 beati

439 3981 694 4052 martyris
722 3979 919 4034 Juliani
960 3989 1137 4032 statuo
1160 3978 1384 4047 judicio.
1430 3978 1506 4031 Tu
1539 3991 1689 4046 vero,
1719 3978 1766 4031 si
1799 3977 2020 4031 idoneus

437 4090 520 4139 es,
555 4082 610 4126 ut
647 4073 868 4137 asseri,
899 4071 1093 4128 accede
1143 4069 1381 4139 propius,
1428 4077 1482 4123 et
1510 4082 1662 4124 sume
1690 4068 1779 4121 tibi
1813 4067 2018 4122 Eucha—

435 4168 601 4219 i-istiae
633 4164 965 4232 particulam,
999 4171 1158 4230 atque
1190 4161 1402 4228 impone
1430 4159 1508 4213 ori
1539 4168 1628 4213 tuo
1650 4156 1698 4211 ά.
1735 4157 1850 4212 Erit
1875 4157 2019 4211 enim

435 4257 574 4311 Deus
605 4263 880 4324 respector
905 4251 1248 4306 conscientia:
1278 4263 1400 4304 tuae.
1431 4252 1498 4304 At
1529 4249 1620 4303 ille
1645 4256 1863 4316 accepta
1910 4247 2020 4299 En-

434 4348 707 4411 eharistia,
775 4347 1176 4399 communicatis
1236 4341 1516 4394 ahsct-ssit.
1581 4339 1819 4393 Habebat
1875 4339 2017 4390 enim

431 4458 659 4498 uxorem
686 4438 996 4495 'l‘etradiam
1027 4436 1256 4490 nobilem
1307 4450 1371 4488 ex
1403 4442 1592 4496 matre,
1627 4443 1774 4500 patre
1804 4432 2018 4486 inferio-

430 4549 566 4588 rem.
594 4530 701 4588 Sed
730 4544 849 4584 cum
880 4529 931 4581 in
973 4528 1132 4580 domo
1161 4540 1257 4579 sua
1287 4525 1366 4578 vir
1387 4523 1697 4577 ancillarum
1726 4525 2013 4577 concubitu

2131 3337 2387 3392 Desiderii
2439 3336 2708 3405 dilapsus,
2760 3337 3060 3390 Arvernum
3108 3335 3273 3390 venit.
3323 3336 3562 3403 Cumque
3595 3337 3708 3405 jam

2127 3429 2469 3484 Innocentius
2515 3429 2882 3496 episcopatum
2935 3425 3197 3480 Ruthenze
3229 3426 3376 3480 urbis
3411 3428 3708 3489 ambisset,

2127 3519 2434 3574 mandatum
2465 3520 2512 3573 ei
2533 3517 2694 3570 mittit
2725 3515 2981 3580 Enlalius,
3015 3529 3067 3568 ut
3091 3531 3177 3569 res
3199 3531 3315 3584 que
3347 3516 3442 3584 ipsi
3467 3517 3517 3570 in
3550 3515 3714 3584 hujus

2124 3610 2353 3666 civitatis
2388 3609 2660 3664 territorio
2702 3608 3056 3672 debebantur,
3102 3622 3195 3676 per
3245 3607 3400 3675 hujus
3445 3609 3712 3663 auxilium

2125 3701 2363 3768 recipere
2393 3709 2592 3767 posset.
2626 3698 2732 3755 Sed
2755 3699 3095 3753 Innocentius
3126 3700 3197 3752 ait
3224 3716 3237 3751 :
3270 3699 3327 3753 Si
3355 3699 3424 3754 de
3456 3699 3578 3754 filiis
3605 3702 3715 3755 tuis

2125 3805 2283 3843 unum
2324 3789 2547 3857 accipio,
2578 3804 2735 3858 quem
2770 3790 3020 3842 c'ericum
3051 3789 3245 3843 factum
3279 3789 3331 3844 in
3363 3791 3551 3845 solatio
3585 3806 3714 3846 meo

2124 3883 2406 3943 retineam,
2457 3879 2642 3934 faciam
2691 3893 2808 3947 qua:
2856 3879 3112 3946 p'ecaris.
3164 3878 3228 3931 At
3271 3879 3364 3932 ille
3413 3880 3715 3933 tranSinisit

2123 3986 2368 4041 puerum,
2399 3971 2655 4025 Joannem
2684 3970 2920 4032 nomine,
2970 3971 3273 4038 recepitque
3313 3983 3400 4024 res
3428 3983 3572 4022 suas.
3606 3972 3715 4024 Su-

2123 4074 2416 4133 sceptoque
2446 4062 2785 4116 innocentius
2812 4060 3098 4130 episcopus
3132 4074 3316 4128 puero,
3361 4061 3590 4114 totondit
3621 4075 3717 4115 cn-

2123 4173 2263 4212 mam
2294 4155 2484 4224 capitis
2515 4155 2651 4224 cjns,
2684 4152 2936 4222 deditque
2964 4166 3086 4206 eum
3116 4152 3496 4207 archiiiacono
3524 4153 3716 4206 eccle-

2123 4248 2218 4302 sia:
2246 4262 2386 4310 suae;
2418 4246 2508 4314 qui
2540 4246 2592 4298 in
2625 4253 2768 4298 tanta
2799 4258 2857 4297 se
2886 4243 3208 4297 abstinentia
3248 4241 3499 4305 subdidit,
3529 4251 3588 4295 ut
3613 4257 3719 4309 pro

2123 4341 2297 4393 tritico
2328 4336 2582 4392 hordeum
2611 4343 2867 4402 sumeret,
2908 4351 3004 4404 pro
3041 4337 3166 4389 vino
3198 4351 3388 4405 aquam
3443 4337 3716 4400 hauriret,

2122 4437 2177 4484 et
2201 4445 2295 4498 pro
2323 4442 2460 4496 equo
2504 4426 2655 4481 asino
2685 4435 2941 4492 uteretur,
2967 4426 3281 4479 vestimenta
3315 4427 3569 4480 vilissima
3613 4429 3718 4479 ln-

2122 4521 2275 4574 bens.
2327 4518 2487 4587 Ig‘tur
2518 4515 2840 4585 conjunctis,
2875 4523 2929 4569 nt
2957 4516 3211 4579 diximus,
3255 4517 3628 4571 sacer-dntibus
3660 4529 3721 4576 «ιι

434 4625 773 4686 misceretur,
806 4618 1086 4690 conjugetn
1140 4618 1409 4686 negligere
1456 4617 1653 4686 coepit,
1686 4623 1743 4669 et
1784 4629 1904 4669 cum
1953 4616 2019 4670 ab
2051 4605 2101 4662 D
2128 4611 2254 4667 viris
2283 4609 2579 4682 magnificis
2628 4614 2681 4664 in
2732 4608 2965 4663 conlinio
3014 4608 3436 4678 supradictarum
3468 4609 3714 4664 urbium.

431 4785 736 4842 celebratur
775 4799 788 4833 :
820 4780 1056 4848 sepultus
1102 4785 1185 4832 est
1238 4777 1303 4848 in,
1342 4774 1566 4848 ecclesia
1618 4773 1786 4848 beatae
1823 4772 2006 4848 blarize

433 4841 765 4922 l’rincipalis,
793 4841 1141 4922 tit-habetur
1187 4849 1243 4922 in_
1296 4845 1794 4922 |ihro__de_eccles._\
1815 4841 2005 4921 Claro.

433 4913 760 4991 tinnitu-cap.
787 4920 841 4980 2,
869 4934 987 4986 quae
1014 4921 1204 4991 dicitur
1232 4917 1397 4969 bene:
1430 4914 1628 4991 Merito
1650 4915 1716 4965 ατε
1758 4913 1927 4991 Ροινιιι.
1954 4913 2004 4964 in

431 4981 670 5068 ejusdem
702 4981 1017 5068 'saucti'viri
1073 4988 1206 5049 Vita,
1255 4983 1720 5068 quamet-clesiim
1744 4981 2008 5068 ancathc:

433 5052 568 5124 d'rali
617 5060 1042 5128 distinguendam
1090 5069 1209 5110 esse
1249 5061 1431 5128 monet
1480 5055 1700 5128 Savaro.
1735 5052 1880 5128 alios
1924 5060 2009 5128 est

434 5122 640 5202 Λᾶίιυε,
672 5134 761 5203 qui
785 5122 845 5186 in
875 5128 1098 5203 ecclesia
1131 5135 1302 5203 sancti
1336 5123 1635 5203 νει-κίνειιὼ
1669 5122 1914 5191 quiescit,
1956 5123 2006 5173 in

433 5193 765 5264 mulso-dato
793 5216 910 5270 cap.
949 5201 1035 5263 li),
1065 5197 1234 5250 sancti
1267 5193 1437 5246 Boniti
1467 5195 1652 5270 frater.

508 5260 531 5314 ἱι
557 5260 666 5331 [loc
694 5260 1031 5339 cal-ttt'ileest
1055 5270 1103 5320 in
1135 5274 1358 5339 utroque
1382 5263 1501 5315 rod.
1535 5261 1687 5314 Coll).
1719 5270 1770 5314 et
1801 5260 1903 5313 Vat

509 5348 531 5384 δ
559 5333 772 5415 ιιι-ειυς
798 5349 1033 5412 repeteret
1066 5353 1174 5391 eam
1201 5333 1433 5415 [futatim
1461 5347 1625 5414 comet
1649 5340 1695 5384 et
1724 5347 1822 5384 res.

510 5401 665 5472 clla;
723 5401 1048 5466 vot-e'ntiur
1097 5406 1288 5475 saepius
1343 5403 1818 5475 Gt'egoritlskqna:
1849 5401 2008 5475 etiam

438 5471 664 5539 habetur
694 5485 745 5536 in
772 5498 892 5537 ean.
923 5482 990 5534 Ξῖ)
1017 5471 1224 5532 concilii
1256 5489 1317 5528 ιιι
1351 5475 1623 5526 Aurelian.
1657 5471 1760 5525 Sed
1801 5485 1863 5521 ex
1911 5472 2011 5522 isto

437 5556 694 5622 Gregorii
718 5555 834 5606 loco
862 5552 1368 5622 suspiczrtnrttoster
1399 5543 1738 5622 Mabillontus
1766 5540 1859 5592 lib.
1894 5556 1906 5592 I
1939 5543 2004 5592 de

437 5613 639 5692 Lituvrg.
665 5621 881 5683 Gallic.,
905 5613 1024 5685 ca'p.
1055 5617 1107 5692 6,
1141 5615 1242 5692 ubi.
1262 5615 1406 5692 plura
1437 5617 1592 5664 lta'iet
1623 5625 1684 5664 ea
1708 5613 1774 5664 de
1804 5626 1881 5692 re,
1910 5624 1942 5662 e
1965 5625 2002 5661 ni

434 5682 626 5752 missas
683 5682 986 5757 spectas$e,'
1017 5687 1104 5754 qui
1157 5683 1367 5754 quidem
1418 5691 1711 5749 praesentes
1758 5682 2001 5744 aderant,

431 5770 526 5824 Sed
556 5782 658 5818 inm
684 5758 1165 5815 conituunicabattt.

506 5833 531 5872 ὀ
549 5841 769 5904 ρηςιιιιοε
805 5843 868 5883 ex
895 5827 990 5880 hoc
1008 5822 1240 5890 Grcgmii
1259 5823 1337 5874 loc
1362 5844 1369 5869 l
1396 5819 1602 5889 co'legit
1629 5818 2002 5874 noster-\Ialiil-

2113 4773 2286 4826 Ionius
2316 4772 2351 4826 Ι.
2377 4770 2482 4827 tde
2508 4769 2711 4839 Liturg.
2737 4769 2877 4826 Gal..
2900 4783 2950 4823 c.
2968 4768 3030 4822 5:
3053 4768 3111 4839 1ο
3129 4767 3474 4839 Encharistim
3489 4769 3717 4822 nomine

2111 4846 2278 4896 solam
2309 4843 2458 4911 panis
2471 4838 2702 4908 speciem
2719 4839 3014 4905 designari;
3044 4838 3108 4911 2ο
3132 4855 3198 4892 ex
3217 4838 3495 4911 particula,
3513 4853 3626 4890 non
3646 4857 3713 4892 ex

2112 4907 2323 4981 integra
2343 4907 2566 4965 formula
2597 4911 3023 4981 communionem
3039 4907 3328 4981 datam;3°
3367 4912 3718 4960 communio-

2113 4979 2352 5036 nem—sub
2369 4983 2480 5034 sola
2505 4981 2652 5046 panis
2673 4981 2852 5046 specie
2875 4995 2888 5042 ;
2920 4979 3262 5047 [antiquum
3293 4992 3496 5030 morem
3526 4994 3716 5047 usque

2112 5054 2176 5105 ad
2200 5051 2444 5122 Gregorii
2469 5061 2708 5122 tempora
2760 5062 3152 5122 perSeVerasse,
3180 5055 3237 5098 ut
3266 5047 3364 5122 viri
3387 5058 3609 5113 accepta
3659 5067 3714 5104 in

2115 5117 2360 5175 manibus
2393 5125 2414 5171 l-
2435 5119 2745 5182 ucharistia,
2791 5118 2959 5183 ipsam
2990 5117 3088 5169 sibi
3121 5117 3172 5169 in
3199 5131 3293 5170 ore
3339 5117 3715 5183 imponerent.

2118 5193 2368 5245 Mulieres
2398 5202 2595 5252 tamen,
2627 5197 2678 5240 ut
2710 5203 2774 5241 ex
2803 5202 3013 5240 canone
3057 5185 3128 5240 42
3156 5187 3448 5240 Autissiod.
3484 5188 3712 5241 c-nieilii

2117 5271 2280 5327 patet,
2315 5277 2418 5314 non
2449 5261 2586 5312 nuda
2619 5273 2799 5321 manu,
2831 5259 2923 5310 sed
2949 5257 2999 5308 in
3033 5257 3198 5327 linteo
3231 5256 3541 5327 Dominicali
3577 5272 3708 5309 eam

2115 5325 2462 5396 recipiebant.
2508 5332 2582 5382 Ex
2613 5332 2802 5382 eodem
2837 5335 2982 5380 textu
3014 5325 3271 5380 discimus
3320 5325 3472 5379 laicis
3510 5328 3580 5378 ad
3619 5328 3712 5377 al-

2115 5411 2228 5454 tare
2257 5402 2576 5470 permissum
2607 5396 2770 5451 fuisse
2799 5409 3075 5470 accessum
3120 5411 3215 5463 pro
3259 5409 3410 5449 sacra
3455 5410 3720 5470 cominu-

2113 5466 2293 5525 nione.
2330 5470 2405 5523 De
2455 5471 2612 5520 modo
2666 5467 2956 5532 recipiendi
3000 5479 3208 5520 sacram
3263 5466 3720 5519 communionem

2113 5542 2297 5610 primis
2325 5539 2573 5610 Ecclesiae
2601 5537 2810 5610 saeculis
2841 5538 3034 5610 usitato
3071 5535 3306 5610 pluribus
3334 5533 3550 5589 disserit
3589 5550 3718 5610 μο-

2110 5604 2221 5664 ἑιωι
2260 5610 2409 5678 Hugo
2463 5609 2740 5678 Menar‘dus
2791 5608 2842 5658 in
2867 5604 3160 5678 _uotis_ad
3209 5604 3718 5659 Sarramentariutu

2113 5674 2519 5749 Gregoriauum.
2552 5692 2669 5746 pag.
2701 5677 2826 5749 578,
2866 5674 2992 5740 579,
3025 5674 3150 5728 391.

2188 5747 2322 5802 eI—tli
2346 5759 2451 5819 ιιιιιι
2481 5750 2605 5802 editi
2637 5763 2756 5801 cum
2788 5747 2934 5811 liec.,
2963 5760 3144 5798 socero:
3171 5758 3275 5796 sua:
