3974 6174
414 335 506 391 5ῗε7

1297 327 1611 385 HISTORIA
1657 324 2104 381 FR\.\'CORl‘M.
2150 317 2349 379 LIBER
2389 323 2712 381 DECIMUS.

411 451 656 507 Tetradta
707 447 776 502 ab
821 446 990 515 Agiuo
1047 453 1477 513 repraesentetur,
1532 453 1691 514 atque
1746 440 1982 495 Eutalius
2008 438 2307 499 Anavibus
2334 439 2568 493 oneratis
2597 452 2752 502 auro,
2781 445 3106 508 argentoque
3147 444 3204 493 et
3245 436 3466 509 reliquis
3503 441 3668 496 rebus

410 549 591 596 contra
620 553 737 593 eam
767 545 1082 592 causaturus
1109 535 1355 589 accessit.
1388 533 1627 601 Cumque
1653 545 1748 586 res
1763 544 1898 600 quas
1921 528 1992 583 de

412 633 550 700 ejus,
583 630 769 683 abiens
796 628 862 682 ad
899 627 1257 691 Desiderium,
1289 626 1448 680 domo
1477 623 1786 690 abstulerat,
1818 622 1993 689 inqui-

411 732 572 784 reret,
600 719 890 789 judicatum
925 727 1008 772 est
1039 717 1289 772 Tetradia
1317 725 1367 780 ι,
1412 725 1468 769 ut
1506 713 1799 784 quadrupla
1837 713 1993 767 satis-

411 811 641 867 factione
670 814 844 865 ablata
875 812 1204 874 restitueret.
1241 811 1488 877 ﬁliosque
1513 823 1649 877 quos
1678 806 1747 861 de
1773 805 1990 860 Deside-

409 904 498 959 rio
523 911 867 972 conceperat,
899 903 1132 957 incertos
1172 901 1200 940 δ
1236 901 1418 956 haberi
1453 917 1467 951 :
1500 898 1626 953 illud
1656 899 1813 952 etiam
1843 895 1992 951 ordi-

411 1005 622 1059 nantes,
650 1002 708 1047 ut
736 995 780 1047 si
811 994 924 1047 bzec
952 1009 1071 1062 qua:
1105 993 1316 1046 Eulalia
1341 1002 1422 1047 est
1464 992 1611 1061 jussa
1641 991 1988 1054 dissolveret,

410 1084 704 1138 accedendi
747 1084 798 1137 in
828 1084 1125 1138 Arvernum
1168 1083 1382 1138 licentia
1425 1083 1776 1152 prmberetur,
1808 1081 1994 1135 rebus-

413 1189 518 1240 que
545 1174 678 1237 suis,
709 1187 830 1242 quae
856 1174 902 1227 ei
935 1188 999 1228 ex
1032 1182 1250 1242 paterna
1277 1173 1616 1227 successione
1639 1170 1800 1240 E93
1829 1168 1992 1223 obve-

413 1274 599 1318 nerant
640 1265 840 1334 absque
865 1265 1128 1320 calumnia
1160 1265 1427 1320 frueretur
1454 1281 1468 1317 :
1503 1262 1644 1324 quod
1675 1263 1746 1316 ita
1789 1261 1989 1315 factum

410 1366 514 1412 est.
543 1367 546 1372 ’

485 1447 576 1502 IX.
615 1445 748 1500 Cum
786 1445 902 1500 haec
929 1454 1233 1515 agerentur,
1275 1452 1329 1497 et
1358 1443 1592 1497 Britanni
1622 1441 1762 1496 circa
1794 1440 1976 1504 urbes,

409 1537 776 1594 Namneticam
801 1538 980 1606 utique
1009 1546 1060 1591 et
1103 1534 1490 1598 Bltedonicam,
1536 1533 1690 1587 valde
1717 1533 1989 1596 saevirent,

408 1630 843 1683 Guntcbramnus
874 1642 966 1681 rex
995 1627 1286 1681 exercitum
1315 1634 1501 1679 contra
1539 1639 1632 1676 eos
1659 1623 1988 1676 commoveri

402 1717 607 1788 jussit;
651 1718 701 1771 in
734 1732 957 1785 quorum
987 1716 1159 1784 capite
1207 1714 1569 1782 Beppolenum
1611 1720 1668 1766 et
1716 1713 1986 1765 Ebracba-

2092 527 2230 597 ejus,
2261 543 2381 582 cum
2429 529 2536 582 alta
2580 528 2740 582 maris
2769 528 3024 596 cepisset,
3065 538 3335 584 commoto
3365 543 3544 595 vento,
3573 532 3672 586 de-

2093 626 2285 679 mersis
2315 625 2558 686 navibus,
2612 639 2699 678 res
2743 638 2875 692 quas
2903 624 3249 693 imposuerat,
3300 622 3666 692 perdidisset:

2093 725 2266 771 tamen
2295 716 2364 770 ad
2392 716 2773 771 Ebracltarium
2821 716 3059 778 veniens,
3087 731 3270 784 pacem
3303 715 3472 783 petiit,
3525 715 3671 768 obsi-

2092 808 2296 877 desque
2322 823 2442 862 cum
2486 808 2665 862 multis
2712 807 3020 861 muneribus
3061 806 3299 870 tradidit,
3348 807 3674 875 promittens.

2092 915 2152 955 se
2195 915 2465 968 nunquam
2524 909 2709 953 contra
2763 901 3039 954 utilitatem
3093 899 3477 954 Guntchrarnni
3533 900 3674 968 regis

2092 1004 2213 1044 esse
2242 999 2543 1044 venturum.
2578 990 2694 1057 Quo
2716 990 3018 1053 recedente,
3054 1000 3108 1044 et
3154 990 3349 1060 regalis
3385 990 3675 1058 cpiscopus

2091 1095 2211 1135 cum
2236 1083 2445 1136 clericis
2475 1093 2528 1137 et
2557 1082 2878 1152 pagensibus
2910 1083 3055 1136 urbis
3084 1097 3213 1147 sum,
3260 1082 3453 1136 similia
3490 1097 3673 1136 sacra-

2092 1181 2269 1227 menta
2296 1173 2464 1236 dedit,
2498 1173 2682 1227 dicens
2711 1191 2724 1225 :
2759 1173 2892 1240 Quia
2919 1172 3044 1227 nihil
3093 1189 3190 1226 ttos
3219 1173 3446 1226 dominis
3478 1174 3676 1228 noStris

2093 1266 2304 1334 regibus
2325 1265 2611 1333 culpabiles
2641 1280 2848 1326 sumus,
2880 1281 2976 1320 nec
3003 1282 3231 1334 unquam
3253 1276 3438 1320 centra
3468 1267 3672 1319 utilita—

2093 1363 2198 1408 tem
2249 1369 2434 1409 eorum
2481 1355 2697 1424 superbi
2745 1356 3069 1420 exstitimus,
3125 1357 3216 1408 sed
3265 1357 3316 1408 in
3374 1357 3677 1423 captivitate

2092 1442 2461 1497 Britannorum
2504 1444 2685 1513 positi,
2712 1446 2856 1514 gravi
2886 1445 3012 1512 jugo
3033 1445 3230 1497 subditi
3279 1459 3483 1498 sumus.
3537 1443 3674 1498 l’ace

2092 1533 2251 1599 igitur
2278 1534 2543 1588 celebrata
2575 1536 2710 1588 inter
2735 1534 3054 1591 Waroehum
3082 1545 3238 1603 atque
3267 1534 3671 1602 Ebracbarium,

2089 1623 2226 1677 dixit
2266 1624 2562 1679 Warochus
2592 1642 2604 1678 :
2639 1625 2902 1682 Discedite
2929 1641 3069 1681 nunc
3096 1639 3148 1680 et
3199 1628 3518 1692 renuntiate,
3548 1628 3676 1697 quia

2089 1715 2266 1768 omnia
2318 1731 2435 1784 quae
2476 1716 2698 1784 jusserit
2746 1733 2864 1782 rex,
2913 1728 3104 1786 sponte
3160 1718 3382 1788 implere
3423 1720 3671 1774 curabo:

403 1811 544 1863 rium
574 1808 735 1861 duces
754 1807 968 1878 delegit.
998 1807 1102 1863 Sed
1128 1805 1474 1860 Ebracbarius
1503 1813 1808 1870 suspectus,
1837 1802 1980 1872 quod
2015 1801 2063 1862 Β
2090 1805 2228 1874 quod
2260 1814 2316 1857 ut
2347 1806 2552 1873 plenius
2601 1807 2826 1861 credere
2867 1807 3128 1872 debeatis,
3184 1818 3434 1876 nepotem
3495 1824 3670 1862 meum

402 1902 449 1956 si
483 1901 701 1955 victoria
737 1915 856 1954 cum
889 1899 1191 1968 Beppoleno
1220 1907 1537 1967 patraretur,
1584 1898 1697 1965 ipse
1725 1897 1976 1950 ducatum

402 1992 526 2062 ejus
559 1993 876 2061 acquirerct,
908 1991 1211 2045 inimicitias
1237 2005 1357 2044 cum
1396 1990 1584 2044 eodem
1612 2005 1815 2044 connvc
1842 1992 1898 2050 it,
1926 2004 1986 2045 :-c

407 2100 506 2150 per
533 2084 668 2136 viam
705 2092 866 2136 totam
919 2096 977 2135 se
1007 2081 1368 2149 blaspltetniis,
1404 2082 1660 2135 conviciis
1688 2090 1845 2150 atque
1866 2096 1978 2134 ma-

405 2175 780 2228 ledictionibus
808 2173 1091 2227 lacessunt.
1136 2170 1331 2227 Verum
1372 2186 1466 2241 per
1513 2174 1650 2226 v’am
1693 2187 1794 2241 qua
1839 2171 1986 2224 abiv-

407 2277 559 2329 runt,
608 2266 870 2332 incendia,
908 2264 1209 2329 homicidia,
1241 2265 1411 2332 spolia
1456 2279 1517 2318 ac
1565 2264 1726 2317 multa
1780 2265 1982 2318 scelera

403 2367 650 2426 egerunt.
685 2357 888 2410 Interea
934 2364 1194 2410 venerunt
1245 2354 1311 2409 ad
1359 2354 1689 2409 Vicinoniam
1745 2370 1979 2420 amnem,

405 2461 566 2513 quam
597 2445 916 2509 transmissi,
948 2445 1014 2499 ad
1049 2444 1237 2504 Uldam
1267 2443 1481 2497 ﬂuvium
1515 2453 1537 2482 ο
1593 2455 1977 2511 pervenerunt;

405 2537 584 2604 ibique
613 2535 883 2605 dissipatis
910 2535 1191 2589 vicinitatis
1217 2535 1374 2600 casis,
1396 2543 1583 2603 pontes
1616 2535 1845 2601 desuper
1871 2543 1983 2586 sta-

404 2635 586 2691 tuunt,
629 2626 814 2694 sicque
856 2626 1125 2680 exercitus
1152 2623 1326 2678 omnis
1359 2624 1619 2677 transivit.
1653 2623 1981 2692 Coniunctus

403 2718 548 2771 enim
573 2715 746 2771 fuerat
765 2730 830 2770 eo
851 2726 1088 2784 tempore
1115 2701 1416 2782 Beppoleno
1437 2716 1716 2784 presbyter
1737 2715 1977 2783 quidam,

404 2808 595 2862 dicens
629 2824 643 2860 :
688 2807 743 2862 Si
769 2814 986 2860 secutus
1035 2819 1122 2860 me
1146 2803 1327 2869 fuerts,
1361 2820 1459 2874 ego
1503 2817 1554 2859 to
1583 2819 1749 2872 usque
1788 2803 1979 2858 Waro-

405 2901 565 2955 chum
596 2899 806 2960 ducam,
838 2912 900 2951 ac
951 2897 1228 2950 Britannos
1275 2894 1367 2950 tibi
1411 2896 1463 2950 iu
1511 2910 1673 2949 unum
1721 2895 1976 2948 collectos

407 2988 707 3044 ostendam.
751 2986 1108 3053 Fredegundis
1129 2986 1271 3040 enim
1300 3001 1420 3039 cum
1465 2986 1719 3051 audssset,
1753 2985 1890 3053 quod
1925 2987 1977 3038 in

412 3079 518 3132 hoc
547 3079 815 3145 procinctu
847 3076 1174 3142 Beppolenus
1205 3075 1392 3137 abiret,
1419 3078 1540 3142 qtt'a
1571 3075 1619 3128 ei
1645 3077 1752 3143 jam
1781 3089 1846 3128 ex
1879 3091 1974 3127 an-

2086 1896 2326 1949 obsidem
2355 1898 2604 1950 tribuam.
2670 1898 2736 1953 Et
2785 1899 2853 1950 ita
2906 1897 3053 1961 fecit,
3100 1906 3476 1968 cessatumque
3505 1907 3588 1954 est
3637 1913 3670 1952 ι

2085 1986 2227 2042 bello
2257 1995 2304 2038 ο.
2335 1987 2712 2040 Verumtamen
2757 1986 3040 2042 multitudo
3070 2003 3281 2058 magna,
3310 1989 3450 2043 sicut
3475 1989 3542 2044 de
3581 2005 3670 2043 re-

2083 2078 2185 2148 guli
2207 2079 2465 2142 exercitu,
2491 2079 2560 2132 ita
2582 2087 2636 2132 et
2665 2079 2732 2132 de
2763 2079 3026 2135 Britannis
3048 2093 3186 2134 caesa
3207 2088 3309 2134 est.
3341 2081 3667 2149 Egrediente

2083 2179 2261 2223 autem
2292 2170 2534 2224 exercitu
2563 2184 2593 2223 a
2647 2169 2960 2232 Britanniis,
3006 2185 3068 2225 ac
3114 2174 3511 2226 transeuntibus
3557 2187 3672 2226 am-

2085 2277 2206 2316 nem
2240 2261 2650 2326 robustioribus,
2703 2260 2979 2315 lnl’eriores
3021 2271 3074 2315 et
3123 2275 3384 2331 pauperes
3425 2261 3670 2331 quicum

2084 2355 2167 2409 his
2192 2365 2347 2410 erant
2367 2356 2524 2408 simul
2570 2355 2795 2408 transire
2822 2367 2926 2407 non
2959 2361 3263 2422 potuerunt.
3315 2353 3556 2422 Cumque
3606 2355 3660 2407 in

2084 2442 2233 2498 littus
2263 2444 2391 2498 illud
2434 2443 2728 2498 Vieinoniae
2764 2445 2939 2497 amnis
2978 2443 3322 2510 restitissent,
3368 2443 3671 2498 Warochus

2081 2532 2277 2587 oblitus
2297 2535 2616 2588 sacramenti
2644 2542 2804 2603 atque
2831 2534 3074 2587 obsidum
3105 2549 3240 2603 quos
3287 2534 3529 2602 dederat,
3563 2535 3668 2588 mi-

2080 2626 2148 2682 sit
2181 2627 2488 2680 Canaonem
2521 2625 2688 2680 lilium
2730 2640 2884 2680 suum
2927 2639 3048 2681 cum
3077 2626 3338 2689 exercitu,
3374 2625 3670 2695 apprehen-

2081 2717 2261 2786 sisque
2280 2717 2409 2772 viris
2437 2732 2571 2786 quos
2601 2718 2652 2771 in
2687 2717 2866 2771 littore
2892 2719 2982 2771 illo
3011 2719 3233 2786 reperit,
3280 2718 3509 2772 vinculis
3534 2717 3660 2771 alli-

2080 2813 2189 2875 gat,
2223 2807 2533 2862 resistentes
2561 2806 2829 2871 interﬁcit,
2860 2807 3126 2863 nonnullis
3165 2807 3252 2875 qui
3281 2821 3400 2861 eum
3446 2807 3669 2861 caballis

2081 2905 2370 2953 torrentem
2399 2905 2728 2952 transmeare
2755 2889 3059 2962 voluerunt,
3088 2897 3160 2951 ab
3202 2898 3365 2966 ipsius
3407 2897 3666 2951 torrentis

2081 2989 2277 3057 impetu
2307 2989 2358 3042 itt
2392 3003 2537 3043 mare
2564 2986 2804 3056 dejectis.
2841 2988 3050 3042 Dimissi
3079 2996 3204 3041 sunt
3237 2999 3419 3056 postea
3455 2988 3605 3041 tnulti
3637 2985 3659 3026 ί

2081 3097 2109 3136 a
2135 3074 2360 3151 conjuge
2391 3079 2639 3134 Waroebi
2664 3095 2782 3134 cum
2813 3080 2985 3134 cereis
3005 3088 3059 3134 et
3088 3079 3281 3135 tabulis
3305 3080 3455 3147 quasi
3484 3079 3662 3142 liberi,

411 3171 876 3235 terioretempore
905 3166 1106 3219 invisus
1134 3174 1268 3232 erat,
1313 3165 1678 3233 Bajocassiuos
1715 3164 1974 3231 Saxones,

2093 3189 2135 3230 et
2162 3175 2226 3228 ad
2256 3173 2462 3243 propria
2486 3180 2610 3226 sunt
2646 3170 2899 3242 regressi.
2929 3172 3208 3226 Exercitus
3237 3186 3364 3227 vero
3387 3172 3551 3242 ipsius
3575 3175 3666 3242 qui

411 3260 559 3333 juxta
582 3258 738 3312 ritum
769 3254 1138 3311 Britannorum
1167 3266 1347 3311 tonsus
1376 3254 1402 3293 (ι
1428 3298 1442 3320 ,
1468 3267 1628 3325 atque
1655 3258 1799 3312 cultu
1827 3257 1992 3312 vesti-

415 3354 580 3408 menti
625 3353 974 3421 compositos,
1021 3351 1072 3405 in
1104 3353 1347 3406 solatium
1395 3351 1645 3406 Warocbi
1674 3351 1821 3408 abire
1851 3367 1988 3420 pra:-

414 3444 574 3512 cepit.
605 3442 930 3498 Advenieute
954 3451 1128 3497 autem
1161 3443 1462 3512 Beppoleuo
1489 3459 1608 3498 cum
1651 3444 1715 3498 iis
1746 3445 1834 3512 qui
1866 3457 1987 3497 cum

415 3533 565 3603 sequi
596 3535 896 3600 voluerunt,
927 3542 1196 3588 certamen
1246 3534 1384 3601 iniit,
1442 3535 1741 3605 multosque
1788 3550 1884 3603 per
1914 3537 1993 3588 bi-

416 3622 578 3675 duum
609 3621 676 3676 de
707 3622 968 3676 Britannis
994 3637 1056 3676 ac
1085 3623 1381 3678 Saxonibus
1408 3623 1785 3691 suprascriptis
1826 3623 1991 3676 inter-

363 3701 396 3722 ⁸
421 3715 570 3766 emit.
625 3713 936 3767 accesserat
974 3715 1115 3767 enim
1157 3713 1224 3768 ab
1252 3729 1317 3768 eo
1344 3713 1704 3769 Ebracbarius
1733 3729 1853 3768 cum
1885 3727 1994 3767 ma-

416 3801 518 3877 jori
547 3817 705 3856 manu
727 3844 741 3868 ,
784 3817 882 3856 nec
906 3802 969 3856 ad
1001 3816 1121 3856 eum
1150 3803 1405 3857 accedere
1447 3803 1634 3869 voluit,
1657 3803 1830 3859 donec
1859 3805 1995 3858 inte-

420 3904 681 3965 remptum
710 3893 934 3948 audiret.
969 3894 1060 3948 Die
1083 3902 1259 3948 autem
1292 3894 1448 3948 tertio
1473 3909 1592 3947 cum
1617 3893 1728 3964 jam
1752 3895 1841 3962 qui
1871 3910 1991 3948 cum

417 4000 481 4039 eo
501 3995 653 4040 erant
679 3985 1124 4050 interﬁcerentur,
1149 3991 1308 4050 atque
1355 3986 1465 4053 ipse
1500 3985 1769 4039 sauciatus
1802 3985 1988 4041 lancea

419 4087 750 4144 repugnaret,
797 4076 1119 4130 irruentibus
1170 4091 1328 4144 super
1373 4091 1494 4129 eum
1550 4075 1815 4130 Waroclto
1863 4090 1985 4130 cum

419 4165 762 4233 supradictis,
801 4163 1182 4220 interfecerunt
1208 4179 1367 4219 eum:
1409 4165 1695 4218 incluserat
1723 4165 1863 4218 enim
1895 4179 1989 4220 eos

419 4258 557 4312 inter
583 4258 853 4327 angustias
881 4257 1079 4310 viarum
1103 4265 1258 4323 atque
1295 4255 1532 4323 paludes,
1565 4254 1617 4309 in
1647 4255 1838 4324 quibus
1867 4271 1983 4309 ma-

418 4355 494 4423 gis
523 4355 632 4407 luto
658 4353 813 4416 necti,
839 4365 996 4419 quam
1024 4349 1197 4419 gladio
1222 4347 1468 4402 trucidati
1515 4355 1668 4404 sunt.
1717 4347 1991 4402 Ebracln-

419 4444 528 4497 rius
574 4457 702 4496 vero
743 4455 914 4509 usque
948 4439 1182 4494 Venetos
1225 4438 1412 4492 urbem
1463 4436 1729 4491 accessit:
1777 4439 1991 4492 miserat

2091 3271 2236 3342 prius
2268 3271 2568 3336 transierat,
2602 3281 2846 3323 metuens
2876 3284 2970 3340 per
2992 3269 3127 3322 viam
3157 3269 3298 3322 illam
3326 3283 3427 3337 qua
3452 3261 3670 3324 venerat

2091 3343 2323 3431 regredi,
2355 3375 2422 3414 ne
2449 3359 2582 3414 forte
2608 3359 2742 3412 mala
2767 3375 2884 3430 quae
2927 3360 3123 3414 fecerat
3152 3367 3441 3428 pateretur,
3469 3358 3533 3413 ad
3564 3357 3671 3411 Au-

2090 3452 2341 3521 degavam
2370 3451 2556 3507 urbem
2586 3452 2789 3522 dirigit,
2823 3451 3097 3506 Meduante
3147 3451 3399 3505 torrentis
3440 3459 3464 3495 κ
3499 3467 3669 3518 expe-

2091 3552 2209 3598 tens
2243 3543 2403 3614 495
2443 3556 2700 3612 potitem:
2746 3545 2838 3598 sed
2887 3558 3044 3611 parva
3100 3559 3219 3612 qua:
3265 3544 3409 3612 prius
3467 3543 3672 3597 transiit

2091 3651 2298 3699 manus,
2331 3635 2395 3688 ad
2420 3636 2590 3703 ipsum
2619 3651 2775 3705 quem
2819 3633 3020 3704 praelati
3065 3649 3248 3690 sumus
3280 3646 3519 3705 pontem,
3548 3649 3672 3704 spo-

2091 3723 2224 3792 liati,
2249 3726 2373 3779 caesi
2403 3733 2458 3779 et
2486 3726 2550 3778 ad
2583 3740 2742 3781 omne
2767 3725 2998 3781 dedecus
3027 3735 3152 3781 sunt
3175 3727 3396 3782 redacti.
3431 3726 3531 3780 Per
3565 3727 3672 3780 Tu-

2093 3815 2332 3869 ronicum
2361 3829 2491 3870 vero
2535 3824 2893 3881 transeuntes,
2953 3819 3159 3885 prsetlas
3204 3826 3425 3886 agentes
3478 3817 3672 3870 multos

2091 3904 2552 3971 exspoliaverunt;
2591 3905 2932 3974 inopinantes
2958 3908 3098 3960 enim
3127 3915 3442 3975 repererant
3469 3904 3673 3960 incolas

2095 3993 2218 4047 loci.
2253 3994 2397 4048 Multi
2426 4004 2601 4050 tamen
2634 3995 2701 4049 de
2731 3997 2829 4050 hoc
2852 3997 3090 4050 exercitu
3123 3996 3187 4049 atl
3213 3995 3670 4049 Guntrltramnum

2093 4097 2274 4152 regem
2323 4095 2686 4150 accesserunt,
2721 4085 2960 4141 dicentes
2989 4087 3112 4154 quia
3163 4087 3520 4141 Ebracbarius
3568 4087 3672 4140 dux

2092 4188 2155 4226 ac
2184 4173 2567 4230 Uviliacharius
2607 4191 2810 4240 comes,
2855 4187 3071 4246 accepta
3115 4176 3338 4242 pecunia
3378 4177 3446 4230 ab
3478 4175 3672 4229 Waro-

2092 4270 2215 4331 cbo,
2239 4267 2531 4322 exercitum
2567 4267 2742 4337 perire
2777 4267 3051 4323 fecissent.
3083 4266 3195 4334 Qua
3227 4267 3298 4324 de
3322 4282 3483 4323 causa
3511 4267 3673 4320 Ebra-

2093 4357 2308 4414 cbarius
2341 4368 2713 4426 praesentatus,
2750 4359 2972 4413 multum
3002 4359 3259 4413 conviciis
3281 4366 3430 4413 actus
3470 4372 3500 4412 a
3524 4372 3673 4426 rege,

2091 4463 2122 4513 a
2157 4451 2436 4517 praesentia
2464 4450 2579 4519 ejus
2611 4451 2890 4506 discedere
2930 4451 3110 4521 jussus
3157 4461 3259 4516 est,
3314 4448 3674 4505 Uviliachario

419 4536 557 4588 enim
588 4535 652 4586 ad
679 4548 798 4586 eum
829 4532 1036 4584 obviam
1069 4531 1350 4599 episcotius
1392 4530 1584 4599 regalis
1614 4529 1840 4584 clericos
1868 4545 1995 4584 suos
2019 4521 2075 4583 D
2101 4542 2294 4595 comite
2326 4556 2420 4610 ρει»
2447 4542 2594 4612 rugas
2635 4542 2897 4597 tuumne,

421 4640 538 4679 cum
567 4623 728 4694 494
772 4623 1019 4676 crucibus
1063 4631 1116 4675 et
1146 4621 1443 4691 psallentio,
1496 4637 1584 4691 qut
1615 4636 1708 4676 eos
1733 4636 1903 4691 usque
1928 4623 1992 4675 ad

422 4715 602 4768 urbem
645 4713 998 4766 deduxerunt.
1032 4711 1298 4765 [terebant
1334 4713 1496 4766 etiam
1526 4712 1742 4779 quidam
1770 4727 1835 4766 eo
1858 4721 1994 4767 tem-

425 4818 570 4871 pore,
602 4801 739 4870 quod
773 4799 1072 4854 Warocbus
1100 4801 1152 4853 in
1189 4799 1386 4853 insulas
1417 4800 1599 4868 lugere
1627 4800 1847 4869 cupiens
1872 4817 1993 4857 cum

494 4963 516 5024 ξ
547 4955 694 5019 Bec.,
715 4953 1011 5024 judicatum
1036 4963 1108 5008 est
1136 4953 1404 5009 Tenedia.

496 5021 522 5060 ιι
549 5025 671 5077 Bec.
703 5021 758 5077 et
787 5024 997 5090 Regnu,
1027 5025 1261 5081 incestas.
1292 5025 1439 5082 Colb.
1474 5041 1570 5090 m.,
1599 5029 1793 5084 incesti.
1820 5033 1994 5089 lucet.-

429 5102 527 5148 tos.
563 5093 612 5144 id
639 5104 718 5146 est
744 5093 973 5161 spurios.

499 5172 521 5199 ⁸
560 5163 744 5242 Uritur
765 5177 928 5242 prope
974 5161 1301 5217 Rohanniam
1328 5163 1384 5242 in
1415 5163 1702 5242 Xenetensi
1749 5171 1988 5242 dimcesi.

427 5241 581 5311 atque
609 5232 659 5313 in
689 5231 1038 5313 Vicinoniam,
1061 5245 1187 5313 seu,
1227 5242 1302 5313 ut.
1327 5234 1482 5313 hodie
1529 5234 1738 5313 dicitur,
1768 5231 1992 5313 vegeta:

430 5301 589 5384 niani,
623 5301 760 5384 haud
797 5302 1024 5384 procula
1057 5301 1224 5355 Ponte
1262 5301 1494 5384 gorbino
1521 5301 1989 5384 deﬂuit,’etv'ulgo

430 5371 618 5423 dicitur
646 5370 856 5424 PAoust.
903 5369 1052 5450 Unde
1080 5371 1323 5450 nonnulli
1363 5378 1687 5450 recentiores
1712 5369 1984 5450 antiqutiin

431 5455 620 5492 nomen
671 5449 1033 5506 mutaverunt,
1080 5440 1219 5494 hunc
1261 5441 1480 5496 ﬂuvium
1516 5444 1799 5518 Augustum
1842 5440 1989 5509 'voci-

428 5518 620 5562 tantes.

491 5575 534 5658 4|_
563 5580 714 5658 Quod
763 5578 964 5632 scilicet
1005 5578 1276 5658 primojin
1332 5579 1651 5658 Britanniam
1708 5589 1980 5658 majorem,

446 5644 568 5727 ille
601 5649 738 5700 hunc
768 5661 968 5702 morem
988 5644 1218 5727 mutuati
1241 5644 1819 5727 fuerantnirrupissent'.
1847 5644 1982 5727 Quin

439 5716 772 5794 ςιεηιοηεε,
813 5727 870 5772 ut
913 5726 1056 5788 patet
1079 5732 1144 5774 ex
1175 5721 1331 5788 epist.
1355 5720 1388 5773 9
1417 5719 1509 5777 lib.
1543 5716 1631 5777 νιίι
1667 5716 1983 5797 Αροιιίιῖειτίέ

2171 4629 2235 4683 Χ.
2279 4633 2433 4684 Anno
2460 4628 2489 4667 h
2515 4631 2673 4700 igitur
2698 4633 2906 4685 decimo
2934 4631 3121 4702 quinto
3141 4629 3472 4686 Childeberti
3503 4629 3671 4700 regis,

2097 4721 2297 4792 quiest
2324 4720 2708 4776 Guntcltramni
2762 4737 2933 4777 nonus
2987 4733 3144 4790 atque
3192 4723 3494 4786 vicesimus,
3547 4720 3676 4775 dum

2099 4809 2212 4879 ipse
2239 4808 2671 4865 Gtmtchramnus
2713 4826 2805 4865 rex
2848 4827 2943 4882 per
2974 4812 3236 4883 Vosagum
3285 4814 3474 4869 silvam
3514 4827 3675 4867 vena-

2098 4964 2322 5030 Sidonii.
2349 4981 2500 5022 mone
2531 4968 2824 5022 Brittonum
2854 4970 2990 5025 tonsi
3029 4980 3201 5024 erant.
3254 4971 3329 5025 De
3372 4971 3668 5024 Brittonum

2097 5045 2313 5108 tonsura
2343 5037 2430 5102 adi
2462 5038 2727 5106 Mabillon.
2763 5040 2813 5094 in
2847 5040 2992 5102 praef.
3026 5054 3151 5108 sai-c.
3185 5056 3242 5094 tu
3273 5042 3390 5094 Act.
3423 5040 3517 5094 SS.
3549 5040 3668 5093 ord.

2097 5103 2448 5176 nostri,‘part.
2478 5103 2494 5161 t
2513 5151 2528 5175 ,
2572 5124 2631 5162 ea
2661 5109 2726 5162 de
2753 5126 2810 5163 re
2836 5108 3002 5164 fusius
3023 5103 3396 5162 disserentem.

2129 5186 2190 5298 b°
2232 5179 2322 5232 Sic
2343 5177 2522 5233 Casin.
2545 5195 2558 5243 ;
2581 5180 2782 5243 catteri,
2811 5190 3160 5247 cenatumque
3189 5188 3262 5230 est
3289 5177 3482 5230 abillo.
3518 5179 3670 5245 Bec.,

2183 5262 2261 5298 eo.

2092 5261 2155 5298 an
2183 5262 2261 5301 eo.

2169 5314 2186 5354 τ
2230 5316 2284 5370 In
2308 5316 2494 5387 Regni.
2521 5318 2694 5382 deest,
2724 5319 2871 5372 multi

2169 5394 2197 5458 ε
2235 5385 2512 5452 Meduana,
2554 5389 2604 5442 la
2637 5388 2905 5458 Mayenne,
2941 5385 3128 5440 ﬂuvius
3154 5396 3256 5452 est,
3284 5402 3438 5458 quem
3481 5389 3551 5442 ob
3580 5405 3668 5443 ra-

2095 5455 2366 5525 piditatem
2416 5458 2703 5524 Gregorius
2726 5455 3034 5511 'torrentem
3083 5455 3334 5525 appellat.
3378 5461 3558 5512 Uritur
3609 5463 3662 5512 iu

2091 5524 2433 5596 Cenomanis,
2477 5536 2530 5581 et
2569 5529 2770 5596 aliquot
2797 5527 2914 5581 aliis
2945 5527 3120 5584 ﬂuviis
3149 5524 3359 5592 auctus,
3390 5527 3523 5581 inl‘ra
3555 5531 3665 5582 An-

2094 5595 2354 5701 deﬁavutn
2380 5597 2551 5664 Ligeri
2583 5595 2858 5652 miscetur.

2210 5665 2275 5701 .Ia
2303 5675 2381 5701 ne!
2413 5681 2476 5701 an
2533 5667 2636 5701 non
2711 5666 2858 5701 nnncl

2099 5665 2276 5788 γειζξιε
2303 5675 2388 5722 est
2411 5681 2499 5730 an.
2531 5667 2656 5723 590.
2711 5666 2869 5724 Deest
2913 5667 3028 5725 hoc
3052 5677 3208 5739 caput
3251 5668 3301 5728 itt
3345 5667 3498 5730 Colb.
3533 5680 3585 5736 ξς
3612 5673 3669 5739 g

2069 5765 2073 5768 -
2102 5743 2213 5790 Vat.
