3920 6188
377 364 483 425 839

1333 372 1392 429 Β.
1426 369 1752 428 GREGOBll
1796 364 2100 424 EPISCOPI
2142 369 2569 429 TURONENSIS
3505 388 3592 444 Sili

375 488 571 537 tionem
596 492 891 550 exerceret,
923 474 1140 556 vestigia
1162 485 1325 540 occisi
1356 486 1532 540 bubali
1571 483 1945 554 deprehendit:
1977 485 2025 541 A
2055 482 2167 537 lans
2198 492 2251 538 ut
2280 484 2328 537 ei
2360 482 2544 541 liceret
2573 488 2623 541 in
2667 488 2840 543 locum
2884 490 3071 545 matris
3097 505 3205 547 sne
3244 500 3596 556 monasterium

373 572 612 641 Cumque
640 573 916 627 custodem
966 575 1116 630 silva:
1164 578 1363 630 arctius
1418 577 1780 645 distringeret,
1829 574 1950 646 quis

374 662 487 717 hac
517 666 567 717 in
601 664 761 733 regali
799 667 938 719 silva
983 681 1168 735 gerere
1211 669 1657 735 pra-sumpsisset,
1696 667 1951 722 Chundo-

370 768 491 805 nem
524 753 901 809 cubicularium
936 758 1074 824 regis
1108 758 1338 824 prodidit
1388 762 1504 822 Quo
1539 760 1651 811 h:ec
1677 760 1949 826 loquente,

367 844 521 910 jussit
586 860 705 897 eum
751 847 1101 914 apprehendi,
1131 859 1185 902 et
1234 850 1567 903 Cabillonum
1609 861 1950 917 compactum

366 936 417 986 in
473 936 699 989 vinculis
747 938 889 992 duci.
942 939 1185 1007 Cum-itte
1249 950 1473 1009 uterque
1541 943 1592 994 in
1650 941 1940 1010 praesentia

366 1027 505 1092 regis
536 1027 938 1089 intendere-nu.
967 1039 1021 1082 et
1042 1030 1264 1083 Chtmdo
1288 1030 1513 1094 diceret,
1540 1046 1809 1098 nunquam
1836 1044 1946 1085 ase

369 1115 485 1169 haec
531 1130 849 1185 praesumpta
881 1136 999 1187 qua:
1045 1121 1451 1188 objiciebantur,
1507 1136 1597 1175 rex
1647 1136 1890 1190 campum
1921 1120 1945 1158 δ

363 1206 639 1273 dijudicat.
674 1207 822 1262 Tunc
850 1209 1208 1264 cubicularius
1237 1210 1326 1264 ille
1365 1212 1489 1265 dato
1520 1218 1710 1278 nepote
1740 1226 1836 1279 pro
1863 1225 1944 1276 se,

366 1298 454 1363 qui
490 1300 587 1349 hoc
631 1311 902 1352 certamen
949 1301 1143 1365 adiret,
1179 1300 1231 1353 in
1274 1315 1465 1368 campo
1508 1311 1734 1369 uterque
1784 1311 1942 1354 stete-

363 1398 515 1448 runt;
539 1388 784 1457 jamaqtie
807 1405 935 1455 puer
957 1391 1041 1443 ille
1070 1392 1249 1443 lancem
1279 1406 1439 1459 super
1467 1391 1742 1444 custodem
1771 1391 1942 1450 silvae,

363 1478 550 1545 pedem
582 1478 697 1545 ejus
731 1482 1007 1547 transfigit,
1054 1497 1285 1551 moxque
1331 1498 1450 1537 resu
1492 1482 1612 1535 inus
1640 1484 1760 1536 ruit.
1808 1485 1943 1536 l’uer

362 1584 490 1625 vero
516 1582 757 1625 extracto
782 1576 953 1627 cuitro
977 1575 1063 1641 qui
1089 1574 1156 1627 de
1185 1577 1400 1642 cingulo
1428 1574 1782 1643 dependebat,
1813 1576 1937 1626 dum

362 1665 557 1718 collum
589 1668 790 1719 ruentis
813 1666 1046 1719 inridere
1078 1675 1265 1732 tentat,
1297 1667 1470 1719 cultro
1498 1666 1715 1720 sauciati
1758 1676 1940 1721 ventre

363 1754 749 1807 transfodttur:
781 1755 1201 1823 cecideruntque
1240 1756 1420 1819 ambo,
1467 1765 1520 1809 et
1566 1756 1760 1808 mortui
1791 1766 1935 1808 sunt.

2054 583 2262 639 regere.
2295 572 2405 628 Rex
2437 589 2564 629 vero
2591 576 2789 632 oblitus
2810 577 2997 647 judicii
3024 581 3160 649 quod
3202 585 3349 637 matri
3376 585 3484 653 ejus
3526 589 3595 642 fe-

2053 674 2222 730 cerat,
2259 665 2380 719 huic
2405 668 2565 721 aliam
2598 672 3008 738 praeceptionem
3049 688 3232 727 manus
3262 690 3367 730 sua
3402 678 3599 734 robora-

2054 764 2160 809 tam
2198 758 2590 826 subscriptione
2629 761 2848 830 largitus
2891 774 2994 830 est,
3039 765 3149 819 hasc
3180 767 3521 822 continentem
3548 781 3599 825 ut

2052 862 2138 902 res
2166 863 2353 904 omnes
2382 866 2515 920 quas
2540 862 2711 907 mater
2733 854 2811 907 vel
2846 864 2996 922 pater
3022 855 3139 925 ejus
3183 857 3485 925 habuerant,
3512 874 3599 915 suo

2050 936 2287 994 dominio
2312 940 2635 1009 .cttbjugaret,
2659 951 2713 995 et
2740 943 2992 1012 quidquid
3025 948 3342 999 monasterio
3369 946 3601 1016 lngeltru-

2049 1026 2132 1080 dis
2181 1028 2474 1096 reliquerat
2524 1032 2841 1086 auferretur.
2890 1034 3020 1087 Cum
3067 1050 3173 1102 qno
3222 1046 3475 1104 praecepto
3520 1054 3601 1093 ve-

2050 1115 2220 1180 niens,
2254 1118 2323 1170 ita
2352 1129 2593 1171 cunctam
2622 1122 3001 1188 supellectilem
3031 1125 3337 1177 monasterii
3366 1126 3597 1193 abstulit,

2048 1215 2108 1261 ut
2136 1206 2267 1260 nihil
2318 1208 2452 1262 infra
2514 1218 2702 1276 pra-ter
2753 1227 2948 1265 vacuos
3000 1213 3317 1281 relinqueret
3366 1217 3595 1281 parietes,

2046 1296 2303 1365 cnlligens
2347 1312 2528 1352 secum
2569 1299 2898 1355 diversorum
2939 1303 3219 1355 criminum
3269 1318 3406 1367 reos,
3453 1314 3598 1373 atque

2047 1386 2100 1439 in
2130 1388 2482 1443 seditionibus
2514 1399 2877 1457 praeparatos:
2909 1393 2997 1460 qui
3041 1395 3085 1446 si
3126 1395 3250 1460 quid
3281 1406 3390 1446 erat
3423 1395 3487 1451 de
3512 1398 3601 1450 vil-

2044 1477 2107 1543 lis
2132 1475 2157 1514 ἀ
2182 1479 2397 1547 reliquis
2422 1486 2562 1546 quod
2585 1482 3060 1561 devotiodederat,
3086 1485 3597 1541 fructutnauferrent.

2042 1567 2317 1637 Tantaque
2344 1570 2413 1624 ibi
2454 1571 2612 1641 497
2643 1574 2779 1627 mala
2824 1578 3006 1646 gessit,
3049 1592 3165 1644 qua:
3214 1576 3299 1630 vix
3330 1595 3391 1631 ex
3422 1579 3597 1635 ordine

2040 1670 2261 1727 possent
2301 1663 2524 1715 narrari.
2579 1662 2702 1717 llrec
2739 1679 2889 1727 vero,
2919 1666 3150 1733 acceptis
3180 1665 3262 1720 his
3292 1668 3446 1721 rebus
3484 1682 3602 1737 quas

2040 1748 2297 1817 diximus,
2329 1753 2381 1803 itt
2425 1752 2694 1805 l’ictavutn
2752 1754 2927 1819 rediit,
2979 1756 3141 1808 multa
3202 1756 3253 1809 in
3304 1756 3601 1811 abbatissam

363 1845 511 1909 Quod
544 1844 726 1899 videns
769 1845 1015 1909 Cbnndo,
1062 1845 1129 1899 ad
1158 1845 1431 1899 basilicam
1480 1848 1644 1900 sancti
1703 1845 1933 1899 Marcelli
1970 1846 2013 1904 Β
2036 1839 2257 1894 crimina
2283 1855 2503 1895 vomens
2532 1842 2682 1910 falsa,
2712 1858 2828 1913 qua
2867 1860 3053 1915 parens
3091 1838 3206 1915 ejus
3241 1848 3473 1916 proxima
3505 1847 3592 1901 ba-

363 1937 535 2004 fugam
563 1937 699 1991 iniit.
731 1938 1072 1992 Acclamante
1096 1953 1223 1992 vero
1250 1952 1389 2005 rege
1424 1948 1478 1991 ut
1516 1938 1942 2006 comprehende-

358 2037 525 2091 retur,
558 2027 862 2095 priusquam
904 2030 1065 2082 limen
1090 2039 1331 2082 sanCtum
1363 2030 1665 2096 attingeret.
1698 2043 1945 2094 compre-

359 2114 557 2170 hensus
580 2126 681 2178 est.
707 2118 1023 2186 vinctusque
1044 2117 1108 2170 ad
1133 2116 1369 2185 stipitem
1397 2118 1655 2185 lapidibus
1678 2129 1758 2171 est
1781 2120 1946 2171 obru-

357 2217 462 2261 tus.
493 2208 709 2262 Multum
741 2225 799 2261 se
826 2224 891 2263 ex
922 2213 1021 2262 hoc
1061 2209 1313 2277 deinceps
1338 2224 1427 2262 rex
1474 2211 1757 2274 pmoitens,
1790 2210 1945 2262 utsic

360 2312 482 2351 eum
508 2298 583 2351 ira
605 2300 928 2366 prtecipitem
957 2299 1297 2363 reddidisset,
1323 2307 1379 2351 ut
1398 2314 1492 2364 pro
1515 2299 1747 2365 parvula:
1769 2313 1944 2353 causa:

356 2396 526 2449 noxa,
562 2386 771 2441 fidelem
799 2389 1006 2455 sibique
1048 2389 1406 2442 necessarium
1450 2390 1620 2441 virum
1670 2400 1772 2441 tam
1803 2393 1945 2443 cete-

357 2480 487 2533 riter
534 2480 912 2533 interemisset.

430 2570 515 2624 XI.
586 2570 928 2623 Cltlotharius
975 2586 1103 2625 vero
1149 2569 1439 2637 Chilperici
1494 2571 1762 2638 quondam
1806 2572 1943 2634 regis

358 2658 498 2712 illius
522 2660 758 2727 graviter
781 2658 946 2730 496
975 2666 1274 2729 aegrotavit,
1305 2672 1359 2713 et
1397 2661 1659 2714 intantum
1688 2663 1941 2727 despera-

358 2756 444 2801 tus
471 2756 556 2802 est
587 2747 822 2811 habitus,
875 2759 933 2802 ut
983 2750 1092 2819 regi
1150 2750 1551 2804 Guntchramno
1599 2751 1775 2803 obitus
1826 2749 1944 2819 ejus

357 2833 550 2890 fuisset
578 2838 853 2891 nuntiatus
887 2854 900 2886 :
946 2842 1087 2892 unde
1116 2836 1314 2892 factum
1350 2848 1452 2902 est,
1489 2847 1546 2891 ut
1572 2840 1849 2908 egrediens
1878 2840 1945 2894 de

353 2925 651 2995 Cabillono,
678 2930 826 2998 quasi
858 2930 1086 2985 Parisios
1119 2930 1375 2985 accedere
1400 2932 1642 3001 cupiens,
1677 2947 1845 3001 usque
1876 2936 1944 2985 ad

357 3019 617 3072 terminos
656 3019 936 3076 Scnouica:
976 3022 1121 3075 urbis
1148 3021 1448 3077 accederet.
1478 3022 1582 3075 Sed
1610 3036 1729 3077 cum
1769 3023 1947 3076 audis-

355 3119 437 3163 set
467 3110 807 3165 convaluisse
866 3127 1107 3178 puernnt,
1158 3114 1224 3165 de
1275 3112 1464 3166 itinere
1512 3124 1595 3165 est
1646 3127 1942 3181 regressus.

2043 1928 2283 1983 bebatur.

2002 2028 2005 2030 ‘
2066 2092 2069 2095 ἰ
2119 2019 2253 2073 ΧΙΙΙ.
2286 2020 2378 2075 llis
2402 2030 2578 2076 autem
2605 2022 2791 2077 diebus
2819 2026 3025 2079 exstitit
3057 2026 3273 2096 quidam
3304 2027 3370 2083 de
3400 2028 3604 2099 presby-

2046 2109 2174 2163 teris
2202 2113 2419 2178 nostris,
2452 2112 2756 2168 Saddncaete
2787 2116 3127 2183 malignitatis
3148 2117 3373 2172 infecms
3391 2134 3601 2185 veneno,

2044 2197 2226 2261 dicens
2258 2216 2359 2253 non
2392 2214 2512 2254 esse
2560 2201 2786 2255 futuram
2812 2205 3258 2259 resurrectionem
3293 2214 3340 2258 °.
3384 2207 3606 2274 Cumque

2044 2301 2142 2341 nos
2170 2302 2287 2343 eam
2316 2291 2483 2344 sacris
2512 2290 2703 2345 litteris
2736 2293 3059 2359 praedictam,
3091 2306 3144 2347 et
3172 2296 3477 2363 apostolica:
3506 2306 3604 2351 tra-

2046 2378 2263 2433 ditionis
2309 2385 2624 2436 auctoritate
2675 2394 3020 2437 monstratam
3080 2384 3484 2450 afﬁrmaremns,
3526 2402 3605 2442 re-

2043 2469 2255 2534 spondit
2290 2487 2301 2520 :
2332 2470 2668 2524 Manifestum
2699 2486 2778 2526 est
2813 2473 2911 2526 hoc
2934 2475 3143 2528 celebre
3174 2473 3324 2540 ferri,
3375 2477 3462 2531 sed
3485 2477 3605 2532 certi

2045 2572 2151 2611 non
2177 2572 2360 2613 sumus
2390 2571 2563 2614 utrunt
2594 2564 2683 2624 sit,
2718 2579 2783 2615 an
2815 2580 2939 2628 non,
2972 2568 3267 2631 praesertim
3298 2582 3414 2620 cum
3445 2567 3606 2621 Domi-

2048 2662 2148 2701 nus
2178 2649 2348 2703 iratus
2380 2655 2550 2719 primo
2582 2652 2782 2705 homini
2813 2669 2970 2722 quem
3004 2671 3159 2708 manu
3203 2664 3355 2711 Sacra
3396 2658 3606 2724 plasma-

2046 2750 2214 2805 verat,
2256 2742 2449 2797 dixerit
2476 2759 2491 2797 :
2525 2743 2590 2797 In
2619 2745 2800 2798 sudore
2825 2746 2989 2799 vultus
3018 2747 3090 2799 tui
3117 2750 3333 2803 vesceris
3361 2767 3486 2820 parte
3510 2760 3605 2812 tuo,

2045 2836 2202 2889 donec
2226 2838 2490 2891 revertaris
2514 2838 2565 2890 in
2609 2848 2796 2891 terram
2854 2839 2915 2890 de
2956 2856 3057 2909 qua
3104 2853 3337 2909 sumptus
3381 2859 3429 2896 es
3456 2858 3475 2896 :
3499 2843 3608 2910 quia

2050 2926 2215 2991 pulvis
2236 2940 2309 2989 es,
2340 2925 2463 2978 etin
2492 2925 2746 2995 pulverem
2774 2928 3036 2981 reverteris
3065 2927 3215 2997 (Cen.
3247 2946 3323 2992 Ill,
3356 2932 3440 2997 l9)
3485 2931 3606 2999 Quid

2050 3016 2115 3067 ad
2148 3013 2259 3067 ltaic
2309 3014 2719 3082 respondebitis,
2767 3017 2855 3085 qui
2899 3019 3346 3073 resurrectionem
3399 3022 3607 3073 futuram

2056 3106 2397 3173 praedicatis;
2443 3107 2662 3160 cum'in
2710 3110 2980 3175 pulverem
3027 3110 3305 3163 redactum
3358 3111 3607 3165 hominem

360 3195 465 3251 Sed
495 3212 615 3251 cum
646 3213 766 3253 eum
821 3197 1187 3268 Fredegttndis
1231 3212 1400 3252 mater
1445 3200 1563 3268 ejus
1602 3201 1938 3267 desperatum
1968 3195 2014 3258 C
2047 3210 2325 3264 resurgere
2348 3196 2573 3250 ulterius
2596 3196 2842 3251 divinitas
2872 3214 2975 3252 non
3006 3201 3325 3267 promittat?
3354 3200 3444 3255 Cui
3472 3216 3563 3270 ego
3592 3218 3605 3253 :

356 3284 595 3351 vidisset,
631 3287 854 3341 multum
897 3289 1133 3357 pecunia:
1161 3288 1228 3341 ad
1267 3288 1537 3343 basilicon
1587 3291 1759 3343 sancti
1792 3290 1934 3343 Mar-

360 3380 456 3435 titti
489 3382 649 3444 vovit,
676 3391 729 3436 et
750 3380 828 3436 sic
858 3398 988 3449 puer
1028 3381 1217 3434 melius
1244 3395 1405 3447 agere
1444 3382 1591 3433 visus
1619 3388 1718 3432 est.
1752 3380 1857 3433 Sed
1887 3388 1940 3434 et

358 3471 424 3523 ad
459 3469 783 3524 Warorhutn
826 3473 1042 3525 nuntios
1071 3471 1270 3539 dirigit,
1307 3479 1360 3522 ut
1406 3469 1493 3537 qni
1540 3468 1710 3521 adhuc
1743 3470 1794 3523 in
1830 3471 1941 3523 Bri-

357 3564 553 3617 tanniis
581 3563 649 3618 tle
678 3562 915 3618 exercitu
960 3565 1344 3617 Guntcltrantni
1378 3558 1515 3629 regis
1553 3562 1936 3627 retinebantur,

357 3666 453 3721 pro
485 3652 640 3719 hujus
691 3652 796 3705 vita
841 3654 1268 3711 absolverentur.
1324 3650 1464 3720 quod
1518 3651 1589 3703 ita
1641 3650 1939 3704 Warochus

356 3741 597 3810 implevit
626 3758 639 3794 :
665 3742 804 3795 unde
825 3741 1219 3796 manifestatum
1245 3753 1348 3807 est,
1381 3742 1539 3811 hujus
1568 3742 1802 3795 mulieris
1828 3744 1930 3793 col-

360 3832 528 3899 ludio,
563 3840 618 3886 et
644 3832 1004 3902 Beppolenum
1033 3833 1368 3886 interfectum
1396 3846 1537 3897 esse,
1567 3842 1622 3887 et
1643 3832 1937 3887 exercitum

355 3922 523 3978 luisse
551 3923 817 3978 collisum.

427 4014 540 4070 Xll.
583 4016 899 4086 lngeltrudis
933 4026 955 4055 ο
984 4029 1111 4072 vero
1134 4016 1400 4085 religiosa,
1431 4032 1567 4086 quae,
1597 4026 1655 4071 ut
1681 4016 1734 4071 in
1763 4031 1923 4084 supe-

356 4106 588 4163 rioribus
635 4108 784 4162 libris
826 4108 1194 4178 exposuimus,
1228 4108 1278 4162 in
1311 4109 1447 4163 atrio
1474 4109 1643 4163 sancti
1698 4108 1935 4169 Martini.

355 4196 650 4266 puellarum
697 4198 1079 4251 monasterium
1132 4198 1436 4262 collocavit,
1494 4212 1633 4252 cum.
1671 4208 1935 4263 aegrotare

349 4291 623 4359 empisset,
661 4298 872 4360 neptem
917 4306 1068 4344 suam
1112 4290 1437 4344 abbatissam
1468 4289 1697 4341 lnSllll'll
1731 4305 1743 4340 :
1799 4289 1938 4341 unde

352 4380 555 4449 reliqua
587 4382 930 4451 congregatio
970 4381 1201 4434 maxime
1252 4379 1619 4441 tnurtnttravit,
1659 4378 1752 4431 Sed
1786 4381 1937 4432 nobis

351 4469 750 4539 increpantibus
772 4472 1004 4527 cessavit
1031 4486 1060 4524 a
1102 4469 1300 4541 jutrgio.
1351 4470 1471 4522 llaec
1502 4484 1629 4521 vero
1660 4482 1781 4521 cum
1825 4468 1935 4523 tilia

2041 3287 2176 3354 Quid
2206 3286 2276 3340 de
2303 3286 2401 3341 hac
2425 3302 2605 3348 causa,
2637 3288 2720 3341 vel
2745 3288 2910 3353 ipsius
2940 3290 3147 3344 Domini
3172 3305 3223 3345 et
3256 3292 3609 3361 Redemptoris

2041 3380 2231 3445 nostri,
2266 3380 2345 3431 vel
2379 3388 2589 3445 patrum
2616 3382 3062 3447 praedecessorum
3114 3383 3281 3438 verba
3325 3384 3605 3449 loquvntur,

2043 3469 2242 3523 nulloin
2275 3469 2655 3524 catholicorum
2700 3472 2907 3525 nescire
2958 3487 3100 3525 reor.
3147 3474 3282 3528 Nam
3329 3473 3382 3529 in
3431 3472 3608 3530 Genesi

2040 3575 2162 3615 eum
2193 3572 2368 3631 patres
2392 3562 2623 3622 obirent.
2678 3563 2853 3617 aiebat
2880 3564 3133 3619 Dominus
3157 3584 3170 3619 :
3198 3566 3281 3622 Tu
3308 3579 3472 3623 autem
3495 3586 3606 3621 con-

2040 3652 2323 3722 gregubert's
2373 3653 2441 3705 ad
2479 3654 2721 3722 papulunt
2774 3666 2933 3707 tuum.
2978 3655 3224 3727 Sepultus
3273 3660 3329 3713 in
3371 3668 3607 3715 senectute

2040 3740 2170 3811 bona
2209 3740 2362 3810 (Gen.
2398 3757 2524 3806 xxv,
2564 3744 2640 3810 δι).
2687 3745 2747 3796 lit
2778 3745 2842 3797 ad
2887 3745 3016 3799 Cain
3064 3747 3263 3801 dicitur
3306 3767 3318 3803 :
3354 3749 3484 3815 Quia
3523 3764 3631 3802 νοτ·

2039 3833 2305 3899 sanguinis
2336 3835 2511 3901 fratris
2552 3835 2625 3885 tui
2656 3834 2843 3887 clamat
2873 3836 2940 3886 ad
2970 3853 3048 3889 me
3089 3838 3151 3891 de
3180 3847 3321 3892 terra
3368 3839 3512 3911 (Cen.
3543 3856 3604 3904 Iv,

2048 3922 2152 3990 l0).
2187 3922 2336 3978 Unde
2366 3923 2561 3992 liquido
2591 3936 2829 3993 apparet,
2855 3929 3033 3982 vivere
3059 3930 3266 3983 animas
3299 3942 3412 4000 post
3433 3947 3606 3997 egres-

2041 4030 2158 4069 som
2190 4016 2452 4083 corporis,
2502 4025 2660 4085 atque
2691 4019 3131 4073 resurrectionem
3180 4020 3412 4077 luturant
3447 4025 3606 4076 inten-

2042 4108 2107 4160 tis
2136 4107 2305 4162 vultib
2342 4123 2367 4161 s
2404 4110 2721 4177 praestolari.
2756 4110 2859 4165 Sed
2886 4122 2940 4165 et
2967 4112 3035 4167 de
3059 4113 3160 4168 Job
3208 4117 3464 4185 scriptum
3510 4124 3604 4179 est,

2039 4202 2161 4266 qttia
2188 4209 2559 4251 resurrecturus
2584 4209 2659 4252 est
2687 4200 2739 4252 in
2765 4203 3130 4255 resurrectione
3176 4214 3513 4258 mortuorum.
3546 4204 3607 4257 Et

2042 4292 2297 4356 preplteta
2331 4288 2518 4354 David,
2554 4286 2677 4341 licet
2706 4304 2769 4343 ex
2800 4305 3024 4357 persona
3057 4290 3295 4357 Domini,
3330 4303 3500 4347 tamen
3528 4308 3606 4346 re—

2040 4378 2428 4433 surrectionem
2484 4377 2804 4447 praevidens,
2849 4381 2966 4434 ait:
3002 4380 3253 4452 Nunquid
3299 4384 3387 4451 qui
3434 4385 3606 4435 dormit

2040 4487 2141 4524 non
2169 4470 2378 4542 adj'ciet
2420 4480 2475 4522 ut
2518 4471 2939 4543 resttrgat(l’sal.
2969 4489 3057 4540 ιι,
3086 4474 3188 4544 9)?
3231 4475 3333 4530 hoc
3378 4486 3477 4539 est,
3516 4476 3606 4539 Qui

351 4560 677 4616 discordiam
704 4574 912 4626 tenens,
955 4578 1053 4632 pro
1076 4577 1141 4616 eo
1170 4561 1308 4629 quod
1352 4574 1439 4614 res
1465 4572 1590 4612 snas
1619 4559 1670 4613 ei
1699 4559 1937 4616 abstule-
1967 4564 2018 4625 Ι)
2044 4561 2232 4615 mortis
2262 4576 2451 4614 somno
2498 4559 2835 4628 opprimitur,
2866 4578 2968 4616 non
3014 4572 3097 4619 est
3126 4575 3383 4618 venturus
3425 4565 3485 4617 ad
3532 4578 3607 4617 re-

352 4661 456 4714 rat,
484 4650 785 4705 obsecravit
807 4661 864 4705 ut
892 4667 1068 4721 neque
1099 4653 1148 4704 in
1172 4648 1497 4703 monasterio
1518 4647 1658 4716 quod
1683 4647 1930 4714 instituit,

354 4754 527 4809 neque
559 4756 719 4810 super
773 4745 1073 4812 sepulcrum
1133 4742 1247 4810 ejus
1306 4742 1703 4809 permitteretur
1752 4753 1930 4795 orare.

352 4833 482 4899 Quae
508 4834 887 4904 octuagesitno,
918 4845 977 4889 ut
1005 4835 1212 4900 opinor,
1245 4848 1383 4886 anno
1412 4833 1533 4886 vita:
1570 4831 1725 4896 obiit,
1756 4830 1933 4900 sepul-

356 4934 512 4994 taque
542 4937 623 4981 est
649 4927 875 4995 septimo
917 4926 1038 4980 ldus
1069 4926 1266 4979 metuis
1300 4924 1451 4992 primi
1509 4922 1526 4995 [
1556 4922 1729 4976 Martii
1757 4922 1787 4992 |.
1827 4921 1930 4977 Sed

356 5018 573 5071 veniens
621 5016 725 5070 lilia
747 5017 864 5086 ejus
919 5016 1304 5079 Berthegundis
1353 5013 1604 5078 Turonis,
1657 5026 1779 5067 cum
1827 5027 1933 5067 non

353 5106 537 5162 fuisset
564 5119 809 5179 excepta,
843 5107 1331 5164 ad.Citildebertnm
1358 5119 1538 5175 regem
1561 5103 1715 5170 abiit,
1750 5110 1937 5174 postu-

425 5292 451 5358 ξι
495 5283 548 5358 lu
574 5296 652 5338 est
679 5288 1063 5358 contenderent,
1097 5294 1152 5358 nt
1179 5283 1340 5335 habet
1368 5281 1556 5358 Regni.
1604 5357 1609 5358 γ
1682 5347 1731 5358 Η

424 5351 449 5387 δ
494 5353 760 5417 Ejusmodi
791 5347 1080 5411 certamina
1111 5355 1162 5408 in
1194 5367 1385 5419 campo
1418 5353 1635 5411 tiehant,
1682 5347 1805 5400 hinc
1833 5361 1926 5413 μισ

352 5423 484 5489 εἱιεε
513 5425 640 5477 dicti
666 5436 789 5479 sunt
816 5430 1143 5492 campiones.
1175 5427 1247 5478 De
1277 5422 1467 5475 duellis
1495 5419 1616 5472 vide
1646 5434 1804 5484 supra
1837 5433 1933 5468 no-

350 5504 431 5543 lus
461 5495 658 5565 inAcap.
696 5494 759 5547 i4
782 5496 872 5549 lib.
900 5512 990 5550 vu.
1413 5561 1423 5565 _
1732 5564 1735 5565 ν
1877 5553 1889 5565 .

424 5572 447 5599 ε
492 5562 602 5615 Hoc
627 5575 786 5631 caput
814 5576 868 5618 et
908 5568 1143 5633 quinque
1184 5561 1458 5632 sequentia
1492 5572 1594 5610 tt0n
1627 5564 1837 5633 exstant
1876 5561 1929 5607 in

353 5631 506 5755 ﬁght.
541 5646 589 5685 a.
614 5644 668 5686 et
704 5633 817 5755 νξὲ
851 5630 939 5688 06
968 5630 1273 5704 lngeltrude
1292 5642 1469 5687 actum
1503 5636 1587 5683 est
1624 5641 1784 5695 supra
1817 5630 1930 5679 fuse

431 5740 447 5755 .
475 5718 550 5755 ιι.
581 5718 699 5755 can.
744 5723 773 5754 ἑὲ
821 5744 832 5755 .

352 5704 447 5757 h'b.
475 5718 550 5757 ts.
581 5718 699 5757 can.
744 5703 832 5756 55.

420 5719 874 5834 ἶιὲὖιῗιῗρῖηῖῧίίε
900 5772 1112 5827 t'illabus
1138 5771 1345 5839 reliquis
1386 5770 1524 5838 quod
1564 5766 1730 5823 devoti
1774 5764 1931 5820 dede-

2036 4652 2458 4708 surreCtionem?
2486 4652 2552 4705 Et
2574 4653 2734 4707 Isaias
2758 4652 2914 4723 (Isai.
2940 4653 3078 4724 66.),
3103 4656 3245 4724 quod
3273 4657 3340 4709 de
3359 4655 3606 4723 sepulcris

2038 4744 2389 4803 resurrecturi
2422 4755 2545 4797 sunt
2576 4744 2794 4811 mortui,
2816 4744 2931 4798 doct
2953 4754 2990 4799 t.
3011 4746 3118 4800 Sed
3148 4755 3199 4799 et
3226 4746 3472 4801 Ezechiel
3497 4761 3607 4813 pro-

2039 4832 2194 4901 pheta
2226 4831 2438 4902 (Ezeclt.
2470 4834 2581 4898 37),
2610 4848 2731 4887 cum
2759 4847 2878 4887 ossa
2909 4834 3056 4887 arida
3088 4833 3299 4889 obtecta
3324 4846 3464 4900 cute,
3496 4849 3606 4887 ner-

2040 4920 2120 4977 vis
2156 4922 2414 4986 solidata,
2467 4923 2615 4977 venis
2660 4922 2887 4991 infecta,
2920 4924 3081 4978 ﬂante
3122 4927 3313 4992 spiritu
3357 4928 3602 4979 animata.

2041 5010 2383 5066 reformatum
2413 5011 2682 5067 hominem
2721 5024 3022 5077 enarraret,
3054 5013 3488 5069 manifestissime
3531 5029 3606 5065 te-

2041 5102 2426 5156 snrrectionem
2457 5101 2687 5156 futuram
2716 5103 2945 5160 edocuit.
2977 5105 3080 5160 Sed
3112 5114 3166 5160 et
3206 5105 3333 5160 illud
3389 5101 3605 5167 manife-

2030 5282 2164 5325 raut.
2201 5270 2354 5335 Bad.,
2383 5271 2623 5343 vittarum
2651 5274 2899 5343 reliquiis.

2110 5352 2133 5379 ο
2169 5342 2628 5396 llesurrectionem
2662 5342 2841 5398 carnis
2872 5344 3097 5397 futuram
3128 5344 3181 5398 in
3209 5343 3430 5398 dubium
3462 5355 3602 5394 revo-

2034 5423 2256 5483 caverat
2278 5412 2436 5479 paulo
2464 5421 2620 5483 antea
2657 5414 2944 5483 Eutychius
2980 5413 3146 5481 episc.
3195 5416 3300 5467 GP.
3354 5428 3383 5466 a
3430 5422 3603 5483 sancto

2036 5482 2298 5550 Gtegorin
2330 5494 2451 5532 tunc
2482 5482 2549 5533 ibi
2581 5481 2807 5547 degettte
2838 5483 3118 5537 relutatus.
3165 5484 3416 5537 Eamdetn
3445 5481 3603 5533 lla'l'P-

2037 5552 2136 5607 sint
2165 5553 2251 5605 alii
2284 5566 2495 5620 quoque
2524 5551 2575 5604 itt
2606 5551 2764 5607 variis
2796 5552 3099 5621 regionibus
3127 5556 3503 5621 sequebantur.
3536 5550 3603 5601 De

2036 5638 2138 5691 qua
2168 5622 2367 5675 videsis
2410 5622 2771 5691 praefationem
2803 5624 2855 5676 in
2880 5624 3182 5678 versionem
3210 5624 3462 5677 Gallicam
3492 5621 3602 5691 Dia:

2038 5687 2274 5759 logornm
2304 5692 2470 5743 sancti
2499 5687 2739 5755 Gregorii
2768 5700 2833 5745 a‘t
2864 5709 2969 5745 uno
2996 5710 3024 5747 e
3048 5705 3227 5748 nostra
3250 5694 3416 5747 sant-ti
3448 5687 3599 5743 Mauri

2033 5760 2463 5834 congregatione,
2493 5778 2632 5821 anno
2668 5763 2794 5817 ωδε)
2827 5765 3044 5823 editam.
