3974 6174
368 308 471 366 5M

1273 311 1587 369 ttts'roma
1631 313 2080 371 summatm.
2122 275 2328 370 Linea
2370 313 2688 374 euentus.

3550 302 3655 380 ius

370 429 491 519 tum
524 422 627 477 luit
676 422 1091 481 resurrectionis
1135 423 1411 491 indicium,
1455 427 1595 497 quod
1638 427 1818 482 Eliszei
1859 427 1968 519 (ly
1998 427 2151 490 Adit
2184 427 2523 498 Unigenitum
2568 429 2759 483 Filium
2795 429 2916 497 Dei,
2949 438 3128 487 tamen
3164 439 3560 490 resurrecturus
3602 434 3656 490 in

372 511 516 582 Reg.
548 529 665 579 xm,
690 513 786 583 2t)
837 528 958 569 ossa
990 522 1215 585 tangens
1239 515 1559 571 exstinctum
1581 516 1832 580 cadaver,
1862 511 1967 571 vii-

371 603 510 657 tutis
531 602 722 658 eli‘ectu
755 604 1007 659 revixerit
1035 621 1051 660 :
1080 603 1223 675 quod
1242 604 1410 674 ipsius
1435 605 1664 670 Domini,
1687 606 1852 678 593
1876 606 1969 677 qui

368 704 463 750 est
500 696 890 766 primogenitus
922 705 1278 763 mortuorum,
1310 709 1634 754 resurrectto
1663 700 1973 755 manifesta-

369 786 450 840 vit
478 803 494 839 :
528 786 619 857 qui
648 786 805 841 morti
839 798 1068 842 mortem
1095 788 1294 854 intulit,
1338 797 1388 843 et
1419 789 1488 843 de
1516 789 1763 858 sepulcro
1806 789 1969 845 vitam

368 878 610 932 mortuis
638 876 943 932 reformavit
971 878 1155 948 (Apoc.
1203 895 1241 945 t,
1275 878 1352 949 5).
1380 880 1460 933 Ad
1505 880 1619 934 haec
1645 880 1923 951 presbyter
1953 898 1967 935 :

366 970 541 1035 Quod
571 970 828 1025 Dominus
872 971 924 1024 in
957 981 1237 1039 assumpto
1266 972 1485 1027 homine
1527 982 1767 1028 mortuus
1811 972 1972 1027 fuerit

365 1073 434 1114 ac
465 1060 844 1121 resurrexerit.
874 1076 979 1114 non
1011 1061 1225 1130 ambigo
1254 1078 1267 1114 :
1301 1062 1430 1115 illud
1457 1072 1653 1130 tamen,
1682 1062 1822 1131 quod
1849 1063 1973 1117 reli-

365 1150 464 1218 qui
499 1160 781 1219 resurgant
814 1151 1034 1213 mortui,
1066 1167 1169 1204 non
1198 1150 1443 1205 admitto.
1472 1153 1536 1206 Et
1556 1169 1655 1219 ego
1685 1169 1699 1206 :
1751 1152 1815 1207 Et
1851 1168 1972 1221 quae

366 1241 477 1295 fuit
518 1242 812 1296 necessitas
836 1241 973 1296 Filio
1007 1241 1101 1295 Dei
1128 1241 1196 1295 de
1223 1242 1360 1295 omlo
1381 1241 1729 1307 descendere,
1755 1258 1970 1296 carnem
2016 1286 2021 1291 .

367 1348 683 1397 assumere,
735 1343 963 1387 mortem
994 1332 1164 1396 adire,
1196 1330 1405 1387 inferna
1434 1344 1735 1402 penetrare,
1768 1335 1872 1390 nisi
1917 1343 1974 1389 ut

365 1424 655 1479 hominem
714 1439 871 1492 quem
926 1426 1313 1492 plaSuraverat,
1374 1439 1477 1477 non
1530 1424 1866 1490 permitteret
1918 1425 1970 1479 in

366 1526 553 1571 morte
584 1524 842 1585 perpetua
873 1513 1212 1583 derelinqui?
1245 1514 1350 1569 Sed
1380 1522 1433 1568 et
1460 1516 1726 1582 justorum
1756 1515 1971 1591 animi»,

364 1623 499 1677 quas
522 1622 689 1676 usque
723 1606 1022 1675 passionem
1055 1605 1172 1674 ejus
1214 1604 1459 1659 infernali
1513 1605 1781 1675 ergastulo
1825 1613 1975 1660 tene-

365 1700 576 1753 bantur
598 1698 842 1764 ίιιεὶιικω,
864 1713 928 1751 eo
952 1698 1198 1751 veniente
1221 1696 1409 1750 laxatae
1433 1704 1576 1750 sunt.
1602 1695 1733 1749 Nam
1758 1695 1975 1750 descen-

2071 534 2317 588 corpore,
2346 534 2404 575 ut
2432 521 2606 583 ipsum
2633 522 2973 591 supplicium,
3008 526 3060 578 in
3093 538 3202 593 quo
3244 524 3485 592 peccavit
3532 539 3658 580 cor-

2072 626 2222 681 pore,
2258 614 2509 681 patiatur.
2537 611 2646 668 Nec
2689 613 2829 667 enim
2861 624 3034 683 potest
3059 614 3316 684 judicium
3363 614 3501 681 ﬁeri,
3550 613 3656 670 nisi

2071 701 2220 772 prius
2245 712 2526 774 resurgant
2555 706 2748 759 mortui
2780 722 2795 759 :
2821 705 2944 775 quia
2971 707 3107 761 sicut
3132 707 3251 761 illos
3294 708 3382 775 qui
3414 706 3654 761 defuncti

2072 803 2199 848 sunt
2226 795 2418 857 sancti,
2452 794 2670 860 ccelum,
2706 804 2763 848 ut
2783 794 3069 857 credimus,
3100 796 3311 857 retinet.
3337 796 3405 850 de
3426 811 3653 861 quorum

2073 885 2337 952 sepulcris
2365 886 2560 955 sacpius
2589 886 2757 939 virtus
2787 885 2872 938 illa
2906 886 3176 955 procedit,
3211 894 3267 940 ut
3313 886 3378 939 de
3418 887 3499 938 his
3527 885 3655 940 eieci

2074 975 2461 1041 illuminentur,
2492 976 2664 1030 claudi
2694 992 2938 1044 gressum
2971 978 3252 1044 recipiant,
3284 977 3478 1044 leprosi
3502 992 3657 1029 mun-

2073 1066 2287 1131 deutur,
2319 1076 2374 1121 et
2402 1068 2503 1120 alia
2531 1067 2816 1122 sanitatum
2868 1068 3125 1123 beneﬁcia
3174 1068 3394 1121 infirmis
3425 1068 3659 1134 petenti-

2075 1156 2173 1211 bus
2202 1159 2523 1224 tribuantur,
2574 1159 2645 1211 ita
2694 1159 2962 1212 credimus
3008 1166 3062 1212 et
3113 1170 3416 1226 peccatores
3460 1159 3510 1210 in
3567 1158 3658 1210 illo

2075 1248 2323 1304 infernali
2352 1264 2568 1304 carcere
2599 1266 2763 1320 usque
2790 1250 3127 1320 adjudicium
3152 1250 3389 1305 retineri.
3425 1250 3489 1303 Et
3509 1264 3658 1317 pres-

2076 1339 2228 1408 byter
2256 1342 2330 1395 ait
2358 1357 2372 1393 :
2402 1341 2456 1395 in
2490 1343 2693 1411 psalmo
2744 1351 2919 1396 autem
2978 1342 3201 1411 legimus
3231 1358 3244 1394 :
3278 1342 3502 1408 Spiritus
3548 1358 3659 1411 per-

2076 1430 2276 1483 transiit
2323 1430 2386 1483 ab
2441 1432 2663 1496 homine,
2715 1441 2759 1486 et
2809 1449 2913 1485 non
2968 1435 3097 1496 erit;
3140 1442 3186 1486 et
3240 1449 3341 1485 non
3395 1440 3659 1504 cognoscet

2075 1523 2295 1589 amplius
2325 1522 2490 1574 locum
2517 1538 2663 1574 suum
2712 1520 2882 1592 (i’sal.
2907 1537 2998 1587 cu,
3046 1521 3151 1588 16).
3206 1524 3313 1591 ligo
3358 1522 3467 1576 dixi
3501 1540 3512 1574 :
3549 1522 3659 1575 l‘loc

2076 1620 2159 1665 est
2185 1612 2324 1680 quod
2353 1613 2466 1680 ipse
2500 1613 2757 1668 Dominus
2802 1629 2897 1683 per
2946 1613 3252 1681 parabolam
3305 1615 3369 1667 ad
3417 1615 3657 1679 divitem,

2078 1701 2165 1769 qui
2198 1701 2425 1755 ﬂammis
2458 1703 2703 1757 tartareis
2730 1705 3087 1769 cruciabatur,
3116 1703 3327 1757 diccbat
3362 1721 3374 1756 :
3412 1704 3660 1774 Recepisti

365 1790 512 1849 deus
539 1790 607 1842 ad
642 1789 861 1853 inferos,
891 1789 1017 1843 dum
1064 1789 1312 1843 tenebras
1357 1802 1491 1842 nova
1545 1790 1659 1843 luce
1707 1787 1958 1858 perfudit,
1994 1800 2041 1859 Β
2068 1802 2123 1846 tu
2153 1792 2283 1845 bona
2308 1794 2360 1845 in
2376 1794 2479 1846 vita
2509 1802 2617 1860 tua,
2641 1793 2876 1847 similiter
2891 1803 2937 1847 et
2956 1794 3181 1848 Lazarus
3206 1795 3343 1846 mala
3368 1791 3516 1860 (Luc.
3550 1807 3657 1858 xvr,

365 1884 587 1936 animas
609 1897 795 1936 eorum
819 1896 1024 1943 secum,
1051 1895 1119 1934 ne
1141 1879 1241 1933 hoc
1263 1880 1405 1935 exitu
1428 1880 1656 1939 amplius
1672 1879 1968 1935 cruciaren-

368 1985 486 2043 tur,
518 1976 719 2038 eduxit,
762 1974 912 2044 juxta
958 1972 1113 2037 illud,
1148 1971 1211 2025 Et
1234 1973 1287 2024 in
1308 1974 1541 2039 sepulcro
1566 1972 1677 2036 eius
1704 1984 1967 2041 resurgent

367 2067 589 2122 mortui.
626 2066 693 2120 Et
722 2057 998 2134 presbyter
1041 2066 1111 2116 ait
1146 2079 1161 2116 :
1191 2062 1436 2131 Nunquid
1480 2070 1700 2130 possunt
1747 2076 1866 2115 ossa
1912 2061 1966 2115 in

368 2148 614 2217 favillam
640 2159 855 2213 reducta
899 2156 1093 2211 iterum
1115 2156 1375 2221 animari,
1407 2165 1462 2210 et
1484 2154 1753 2208 hominem
1785 2158 1961 2207 viven-

368 2264 485 2309 tem
516 2250 796 2321 proferre?
825 2250 888 2302 Et
917 2263 1016 2317 ego
1068 2246 1317 2314 re~pundi
1349 2263 1361 2297 :
1388 2245 1496 2299 Nos
1525 2244 1795 2299 credimus
1844 2244 1965 2312 quia

368 2342 675 2413 quamlibet
705 2342 756 2394 in
803 2340 1076 2407 pulverem
1108 2338 1380 2405 redigatur
1409 2336 1592 2398 homo,
1623 2342 1678 2387 et
1703 2334 1875 2403 aquis,
1904 2348 1968 2386 ac

373 2451 537 2494 terra:
566 2437 705 2491 venti
741 2433 956 2488 violenti
978 2433 1183 2500 impetu
1206 2432 1561 2499 dispergatur,
1595 2444 1700 2481 non
1730 2428 1800 2482 sit
1827 2426 1967 2481 tlilli-

372 2530 481 2584 cile
512 2530 620 2585 Deo
643 2526 845 2581 hiec'ad
879 2525 1035 2577 vitam
1063 2522 1390 2577 resuscitari.
1428 2520 1716 2589 Presbyter
1744 2534 1969 2587 respon-

373 2624 482 2679 dit:
501 2621 595 2676 llic
611 2620 843 2674 maxime
867 2633 962 2673 vos
982 2631 1162 2672 errare
1186 2624 1333 2684 puto,
1355 2624 1412 2668 ιιι
1429 2628 1670 2668 asserere
1692 2611 1869 2667 verbis
1893 2611 1968 2665 le-

376 2715 539 2770 nibus
570 2710 786 2768 tentetis
816 2709 1131 2765 acerrimam
1176 2706 1564 2770 seductionem,
1600 2714 1658 2757 ιιι.
1703 2703 1890 2759 dicatis
1935 2717 1964 2755 a

376 2804 565 2860 bestiis
594 2813 831 2870 raptum,
881 2800 1035 2868 aquis
1064 2799 1393 2859 immersum,
1448 2797 1674 2865 piscium
1728 2793 1967 2849 faucibus

377 2898 720 2961 devoratum,
754 2896 805 2948 in
834 2902 1040 2947 stercus
1071 2891 1367 2954 redactum,
1401 2898 1453 2943 et
1475 2903 1571 2959 per
1597 2898 1861 2941 secretum
1888 2886 1968 2939 di-

378 2988 640 3053 grstionis
668 2984 920 3052 ejectum,
949 2990 1041 3035 aut
1066 2982 1220 3050 aquis
1267 2980 1565 3033 labentibus
1597 2977 1700 3035 [ΑΙ.
1752 2979 1965 3032 latenti-

378 3078 500 3148 busl
532 3080 824 3147 deiectum,
855 3086 945 3129 aut
985 3085 1124 3128 terra
1175 3082 1639 3142 computrescente
1682 3072 1964 3139 abolitum,

2066 1882 2180 1953 23).
2212 1882 2324 1937 Non
2354 1897 2530 1937 autem
2562 1885 2812 1952 cognovit
2840 1885 2993 1939 dives
3041 1884 3131 1938 ille
3163 1880 3422 1953 purpuras
3456 1898 3579 1937 suas
3609 1894 3659 1937 et

2068 1974 2311 2044 byssum,
2345 1989 2443 2029 nec
2472 1974 2695 2029 delicias
2742 1974 3004 2040 convivii,
3032 1989 3165 2043 quas
3207 1975 3253 2030 ei
3286 1977 3366 2029 vel
3410 1989 3524 2038 aer,
3576 1975 3658 2028 vel

2070 2076 2232 2131 terra,
2266 2066 2347 2120 vel
2380 2081 2527 2119 mare
2559 2065 2881 2131 protulerat;
2913 2066 3056 2120 sicut
3081 2081 3180 2121 nec
3212 2066 3443 2120 Lazarus
3473 2066 3658 2121 vulne-

2070 2174 2150 2222 ra,
2180 2167 2271 2211 aut
2305 2159 2613 2227 putredines
2643 2172 2776 2226 quas
2802 2157 2989 2226 jacens
3019 2169 3145 2211 ante
3184 2158 3298 2227 ejus
3322 2158 3513 2225 januas
3541 2173 3659 2226 per-

2070 2246 2305 2307 ferebat.
2335 2262 2453 2300 cum
2490 2248 2576 2301 hic
2619 2249 2669 2300 in
2700 2248 2819 2301 sinu
2872 2247 3098 2301 Abraha:
3144 2249 3525 2313 requiesceret,
3574 2249 3658 2303 ille

2067 2351 2244 2396 autem
2298 2340 2629 2396 cruciaretur
2674 2342 2727 2396 in
2757 2340 3006 2395 ﬂammis.
3069 2342 3355 2412 Presbyter
3394 2341 3528 2398 dixit
3560 2359 3572 2395 :
3601 2346 3657 2397 ln

2068 2433 2172 2485 a'io
2201 2434 2409 2500 psalmo
2441 2434 2686 2501 legimus,
2721 2432 2854 2499 Quia
2882 2433 3004 2486 exiit
3031 2433 3242 2494 spiritus
3271 2449 3467 2498 eorum,
3505 2444 3550 2487 et
3576 2450 3659 2487 re-

2067 2534 2287 2576 vertetur
2316 2526 2368 2576 in
2397 2536 2582 2577 terram
2610 2539 2781 2587 suam;
2826 2525 2879 2577 in
2930 2524 3024 2579 illa
3074 2525 3157 2577 die
3204 2528 3435 2593 peribunt
3486 2539 3659 2578 omnes

2069 2612 2399 2683 cogitationes
2420 2628 2594 2665 eorum
2622 2613 2797 2683 (Psal.
2820 2628 2979 2679 chv,
3006 2612 3085 2683 4).
3110 2612 3191 2668 Ad
3219 2615 3332 2668 hmc
3349 2629 3447 2685 ego
3477 2630 3492 2664 :
3516 2613 3659 2671 Bene

2070 2705 2170 2758 ais.
2206 2705 2343 2771 Quia
2368 2719 2489 2758 cum
2518 2719 2767 2773 egressus
2814 2706 2975 2760 fuerit
3002 2705 3070 2759 ab
3097 2706 3310 2760 homine
3340 2708 3580 2776 spiritus,
3606 2715 3659 2762 et

2066 2796 2297 2864 jacuerit
2326 2811 2522 2864 corpus
2554 2807 2820 2850 mortuum
2840 2838 2853 2861 ,
2888 2813 2990 2851 non
3021 2798 3219 2866 cogitat
3241 2799 3308 2852 de
3335 2798 3415 2852 his
3456 2814 3575 2868 qua:
3606 2799 3657 2853 in

2069 2891 2266 2945 mundo
2296 2890 2526 2958 reliquit,
2557 2907 2618 2946 ac
2646 2894 2689 2945 si
2718 2893 2864 2946 verbi
2917 2907 3075 2946 causa
3121 2892 3267 2945 dicas
3298 2909 3311 2946 :
3346 2892 3457 2945 Non
3514 2891 3660 2962 cogi-

2071 2991 2149 3037 tat
2175 2982 2462 3049 tedilicarc,
2515 2983 2777 3053 plantare,
2808 2997 2992 3051 agrum
3024 2983 3308 3047 excolere;
3342 2983 3502 3054 500
3551 2998 3657 3036 nutt

2070 3077 2273 3144 cogitat
2314 3089 2645 3146 congregare
2673 3090 2885 3142 aurum,
2934 3083 3241 3144 argentum,
3291 3077 3373 3131 vel
3425 3077 3657 3146 reliquas

379 3171 442 3225 ad
474 3170 925 3226 resurrectionem
956 3179 1260 3223 venturum.
1289 3166 1369 3221 Ad
1401 3168 1514 3221 haec
1544 3181 1643 3236 ego
1668 3166 1921 3235 respondi
1948 3182 1963 3222 :
1994 3161 2038 3221 C
2070 3166 2283 3221 divitias
2310 3166 2513 3220 mundi.
2549 3166 2717 3221 Periit
2757 3168 2901 3221 enim
2940 3167 3055 3221 lucc
3079 3168 3330 3237 cogitatio
3359 3183 3386 3220 a
3432 3184 3658 3238 corpore

328 3270 331 3273 λ
380 3260 640 3316 Ublivioni
665 3261 803 3329 apud
825 3268 877 3315 te
900 3258 1146 3314 traditum
1174 3265 1279 3321 est,
1332 3264 1391 3312 ut
1417 3256 1627 3326 opinor,
1657 3257 1781 3327 quid
1803 3255 1968 3313 Joan-

381 3368 475 3405 nes
500 3352 827 3421 evangelista
857 3365 1019 3419 super
1046 3357 1233 3420 pectus
1260 3346 1591 3402 Dominicum
1622 3346 1964 3413 recumbens,

379 3457 443 3498 ac
478 3442 643 3496 divini
673 3440 918 3513 mysterii
948 3454 1139 3495 arcana
1172 3441 1408 3504 rimans,
1442 3439 1492 3492 in
1525 3438 1844 3509 Apocalypsi
1881 3438 1965 3492 di-

379 3545 464 3588 cat
495 3553 506 3588 :
541 3534 703 3597 Tunc,
734 3532 926 3603 inquit,
969 3533 1147 3587 reddet
1170 3547 1307 3584 mare
1357 3540 1582 3584 mortuos
1620 3545 1739 3584 suos
1780 3529 1960 3599 (Apoc.

379 3643 470 3691 xx,
501 3626 607 3696 l5).
634 3626 788 3683 Unde
818 3624 1156 3680 manifestum
1179 3631 1283 3686 est,
1314 3623 1434 3692 quia
1463 3620 1717 3691 quidquid
1748 3622 1966 3676 humani

378 3718 622 3789 corporis
651 3718 813 3786 piscis
840 3717 1136 3779 absorbuit,
1170 3716 1283 3770 ales
1313 3715 1507 3781 rapuit,
1543 3714 1711 3768 bestia
1742 3712 1967 3783 degluti-

379 3814 475 3872 vit.
506 3824 539 3864 a
565 3811 793 3866 Domino
822 3809 1165 3875 conjunctum
1212 3808 1264 3861 in
1314 3807 1762 3860 resurrectionem
1813 3820 1967 3874 repa-

379 3903 603 3958 randum
631 3903 734 3956 erit
764 3917 778 3954 :
809 3903 935 3969 quia
966 3914 1070 3953 non
1102 3899 1207 3953 erit
1235 3897 1285 3953 ei
1315 3897 1534 3951 diftictle
1561 3897 1763 3965 perdita
1807 3910 1963 3965 repa-

379 4007 520 4061 rare,
548 3993 638 4063 qui
664 4007 729 4047 ex
757 3991 922 4045 nihilo
953 4005 1060 4043 non
1090 3999 1213 4043 nata
1242 3988 1445 4043 creavit
1476 4005 1488 4041 :
1522 3988 1615 4042 sed
1650 3988 1720 4041 ita
1755 3986 1870 4040 haec
1910 3986 1963 4039 iu

380 4083 737 4153 integritatem
763 4082 955 4145 solida,
984 4081 1124 4134 sicut
1149 4077 1295 4148 prius
1323 4078 1553 4147 fuerant,
1583 4078 1875 4146 reparabit,
1908 4088 1964 4132 ut

378 4189 570 4244 corpus
590 4174 728 4244 quod
761 4175 857 4229 fuit
887 4172 1181 4239 inmundo,
1231 4181 1319 4226 aut
1355 4186 1565 4240 plenam
1595 4173 1744 4240 juxta
1798 4172 1963 4227 meri-

380 4275 488 4319 tum
520 4266 675 4329 ferat,
705 4273 797 4319 aut
839 4264 1087 4331 gloriam.
1121 4264 1210 4318 Sic
1255 4263 1399 4317 enim
1450 4263 1565 4331 ipse
1613 4263 1870 4317 Dominus
1909 4264 1962 4317 in

382 4354 668 4422 Evangelio
694 4355 768 4407 ait
799 4370 814 4406 :
847 4352 1013 4424 499
1045 4354 1177 4419 Quia
1219 4350 1393 4406 Filius
1440 4353 1659 4405 hominis
1700 4355 1865 4407 veniet
1910 4355 1965 4407 in

377 4446 541 4517 gloria
573 4443 750 4498 Patris
778 4449 856 4499 sui
878 4462 995 4499 cum
1023 4445 1218 4513 angelis
1244 4444 1370 4507 suis,
1409 4452 1462 4496 ut
1488 4445 1668 4498 reddat
1698 4444 1966 4514 unicuique

2070 3268 2304 3325 mortuo,
2356 3260 2480 3329 quia
2513 3276 2617 3313 non
2648 3268 2730 3314 est
2761 3258 2978 3328 spiritus
3010 3260 3060 3311 in
3091 3273 3177 3312 eo.
3211 3258 3315 3314 Sed
3347 3259 3471 3327 quid
3503 3269 3557 3313 tu
3587 3261 3656 3315 de

2068 3350 2468 3405 resurrectione
2497 3350 2732 3416 dubitas,
2761 3364 2918 3418 quam
2942 3348 3138 3402 Paulus
3169 3348 3437 3418 apostolus
3469 3349 3518 3402 in
3549 3366 3655 3419 quo

2066 3441 2203 3510 ipse,
2238 3451 2295 3497 ut
2324 3441 2419 3499 ait.
2453 3441 2698 3497 Christus
2730 3440 3074 3504 loquebatur.
3100 3440 3381 3495 evidenter
3402 3443 3657 3512 exprimit

2065 3535 2249 3590 dicens
2274 3552 2287 3588 :
2316 3534 2613 3603 Consepulti
2638 3534 2773 3587 enim
2799 3550 2977 3588 sumus
2999 3531 3201 3588 Christo
3227 3548 3318 3603 per
3345 3532 3657 3599 baptismum

2065 3628 2116 3681 in
2135 3636 2383 3681 mortem:
2401 3636 2454 3679 ut
2476 3627 2608 3679 sicut
2637 3625 2724 3679 ille
2750 3631 2982 3678 mortuus
3009 3633 3103 3689 est,
3129 3632 3176 3677 et
3199 3625 3494 3688 resurrexit,
3517 3626 3588 3677 ita
3610 3635 3657 3678 et

2067 3736 2160 3773 nos
2178 3720 2232 3772 in
2260 3720 2477 3771 novitate
2494 3719 2609 3772 vitae
2628 3716 2943 3771 ambulemus
2957 3721 2969 3781 (
2984 3716 3133 3770 Rom.
3152 3732 3222 3781 Vl,
3242 3716 3316 3785 4).
3351 3715 3415 3769 Et
3433 3717 3655 3770 iterum:

2071 3810 2256 3861 Omnes
2267 3808 2469 3867 quidem
2482 3824 2823 3879 resurgemus,
2839 3808 2926 3862 sed
2946 3823 3049 3860 non
3070 3824 3242 3861 omnes
3257 3809 3654 3862 immutobimnr.

2067 3897 2225 3953 Canet
2256 3916 2391 3954 enim
2422 3910 2561 3964 tuba,
2587 3909 2631 3955 et
2664 3900 2851 3953 mortui
2872 3913 3135 3969 resurgent
3160 3901 3462 3969 incorrupti,
3491 3910 3534 3951 et
3565 3916 3657 3951 nos

2066 3991 2445 4046 immutabimur
2476 3990 2523 4062 (Ι
2551 3991 2671 4045 Cor.
2700 3989 2913 4062 xv,5i).
2944 3993 3007 4045 Et
3034 3994 3226 4045 iterum
3254 4010 3267 4043 :
3304 3990 3468 4046 Stella
3489 4000 3656 4043 autem

2032 4100 2035 4103 λ
2066 4082 2237 4144 diﬂert
2268 4100 2299 4135 a
2326 4081 2474 4136 stella
2496 4084 2549 4136 in
2579 4083 2829 4151 claritate,
2849 4083 2922 4137 sic
2939 4093 2985 4137 ct
3007 4084 3309 4137 resurrectio
3335 4094 3655 4135 mortuorum

2067 4171 2235 4242 (Ibid.
2266 4187 2357 4236 xv,
2381 4171 2494 4241 41).
2540 4171 2668 4226 item
2716 4171 2843 4239 illic,
2869 4171 3165 4225 Seminatur
3206 4172 3256 4223 in
3311 4172 3655 4241 corruptione,

2065 4272 2239 4333 surget
2294 4265 2345 4315 in
2383 4263 2767 4331 incorruptione
2826 4262 2987 4333 (Ibid.
3039 4278 3129 4326 xv,
3161 4262 3277 4331 4:2),
3329 4272 3381 4316 et
3430 4262 3651 4331 reliqua.

2067 4357 2195 4411 Item
2225 4356 2351 4422 illic,
2385 4353 2573 4409 Omnes
2595 4370 2687 4408 nos
2709 4354 3062 4422 repraesentari
3084 4362 3277 4409 ovat-tet
3295 4361 3414 4403 ante
3434 4347 3655 4405 tribunal

2066 4448 2277 4512 Christi,
2310 4456 2365 4501 ut
2410 4451 2601 4517 referat
2630 4448 2974 4516 unusquisque
3015 4448 3225 4514 prapria
3274 4447 3503 4514 corporis
3552 4448 3653 4514 sui,

378 4540 653 4592 secundum
678 4553 830 4607 Opera
856 4553 950 4590 sua
976 4536 1197 4605 (Matth.
1226 4534 1491 4606 Πελίῃ).
1523 4533 1627 4589 Sed
1658 4546 1713 4590 et
1757 4536 1960 4589 Martha
1995 4528 2044 4586 D
2070 4549 2221 4607 prout
2262 4539 2437 4611 gessit,
2469 4539 2571 4591 sive
2610 4538 2796 4590 bonum
2821 4538 2924 4590 sive
2970 4537 3162 4592 malum
3189 4536 3273 4608 (II
3305 4536 3422 4592 Cor.
3455 4552 3507 4602 v,
3544 4538 3652 4608 10).

379 4649 497 4686 cum
526 4635 593 4686 de
617 4630 1013 4686 resurrectione
1047 4631 1292 4695 priesenti
1318 4629 1496 4683 fratris
1538 4628 1721 4682 Lazari
1746 4628 1961 4683 dubita-

378 4735 478 4789 ret,
503 4725 577 4777 ait
606 4741 618 4776 :
651 4725 774 4778 Scio
794 4723 915 4792 quia
946 4731 1173 4788 resurget
1195 4721 1249 4772 in
1286 4720 1654 4774 resurrectione
1702 4720 1757 4773 in
1796 4720 1965 4773 novis-

377 4816 504 4868 sima
526 4816 608 4868 die
628 4812 808 4885 (Joan.
840 4828 914 4881 ιι,
940 4812 1055 4881 2-4).
1080 4810 1177 4865 Cui
1210 4810 1463 4864 Dominus
1485 4811 1558 4863 ait
1584 4827 1597 4862 :
1624 4810 1735 4879 Ego
1758 4825 1870 4864 sum
1884 4826 1967 4866 re-

375 4910 637 4972 surrectio,
666 4911 768 4971 via,
792 4920 977 4962 veritas
1029 4914 1075 4959 et
1106 4906 1209 4961 vita
1240 4903 1403 4973 (Ibid.
1435 4919 1509 4970 xt,
1552 4903 1665 4973 25).
1712 4904 1794 4959 Ad
1852 4905 1965 4959 haec

378 5002 658 5072 presbyter
689 5018 704 5055 :
732 4999 1013 5067 Quomodo
1043 5006 1219 5051 autem
1249 4995 1303 5051 iu
1333 4996 1537 5068 psalmo
1564 4996 1793 5061 dicitur,
1830 4994 1964 5062 Quia

377 5111 475 5147 non
516 5103 788 5163 resurgunt
818 5092 966 5159 impii
1000 5091 1054 5143 in
1089 5090 1290 5160 judicio
1335 5088 1506 5161 (Psal.
1541 5105 1575 5154 I,
1610 5087 1706 5154 5)?
1754 5088 1817 5141 Et
1863 5101 1964 5156 ego

378 5186 627 5254 respondi
658 5202 671 5238 :
703 5184 816 5238 Non
844 5194 1129 5250 resurgunt
1158 5191 1208 5232 ιιι
1237 5179 1504 5250 judicent,
1555 5177 1647 5231 sed
1680 5187 1967 5246 resurgunt

378 5286 433 5329 ut
458 5275 786 5340 judicentur.
814 5274 922 5327 Nec
942 5273 1083 5326 enim
1117 5272 1306 5325 sedere
1328 5286 1447 5323 cum
1481 5270 1656 5336 impiis
1673 5269 1837 5339 jndex
1866 5284 1963 5337 po-

380 5376 503 5433 test,
532 5379 725 5420 causas
753 5380 972 5419 suorum
1004 5354 1311 5418 redditurus
1337 5370 1572 5415 actuum.
1604 5361 1668 5415 Et
1696 5361 1786 5416 ille
1814 5379 1827 5411 :
1862 5362 1964 5414 Do-

377 5462 574 5533 minus,
600 5461 796 5530 inquit,
829 5461 879 5514 in
912 5458 1199 5528 Evangelia
1220 5456 1375 5521 dixit,
1411 5456 1509 5521 Qui
1536 5471 1637 5509 non
1665 5455 1958 5520 crediderit,

379 5548 483 5621 iam
496 5553 766 5625 judicatus
795 5562 864 5605 est
896 5551 1077 5620 (Joan.
1106 5565 1186 5613 ttt,
1214 5548 1301 5618 18)
1328 5565 1341 5602 :
1374 5548 1555 5617 utique
1597 5548 1719 5617 quia
1767 5546 1966 5615 peribit

378 5644 778 5699 resurrectioni.
815 5642 882 5697 Et
927 5657 1027 5712 ego
1074 5640 1322 5709 respondi
1356 5655 1372 5694 :
1401 5639 1682 5695 iudicatus
1710 5652 1791 5694 est
1819 5643 1962 5694 enim

381 5746 435 5799 et
463 5735 528 5795 ad
559 5734 879 5806 supplicium
903 5742 1163 5788 aeternum
1187 5732 1482 5797 perveniat,
1510 5731 1631 5805 quia
1654 5746 1758 5789 non
1788 5730 1964 5792 credi—

2065 4632 2144 4684 Ad
2201 4628 2706 4685 Thessalonicenses
2734 4640 2933 4694 autem,
2978 4630 3375 4684 evidentissime
3421 4628 3650 4685 futuram

2068 4722 2513 4776 resurrectionem
2561 4720 2805 4788 designat
2843 4720 3027 4775 dicens
3058 4736 3073 4773 :
3100 4719 3238 4773 Nolo
3285 4736 3369 4774 vos
3420 4721 3655 4789 ignorare

2069 4813 2133 4868 de
2166 4813 2641 4881 dorntienlibus,_ut
2670 4828 2769 4866 non
2793 4813 3183 4876 contristemiui,
3229 4813 3361 4866 sicut
3402 4822 3449 4866 et
3487 4815 3652 4866 caeteri

2066 4908 2155 4975 qui
2185 4921 2324 4969 spem
2357 4921 2457 4958 non
2482 4903 2685 4958 habent.
2735 4905 2797 4958 Si
2824 4906 2957 4958 enim
3004 4904 3279 4971 credimus,
3326 4905 3465 4975 quod
3503 4904 3652 4957 .Iesus

2067 5007 2302 5051 mortuus
2331 5006 2403 5052 est
2432 5008 2482 5050 et
2503 4999 2802 5063 resurrexit,
2832 5001 2901 5049 ita
2926 4997 3064 5049 Deus
3104 5012 3186 5049 eos
3215 4996 3302 5065 qui
3339 4996 3652 5047 dormierunt

2066 5107 2154 5161 per
2174 5087 2351 5143 Jesum
2373 5089 2439 5141 ad
2460 5093 2589 5142 lucet
2618 5106 2733 5142 cum
2762 5104 2843 5142 co.
2879 5087 2993 5142 Hoc
3019 5088 3152 5141 enim
3180 5088 3319 5139 vobis
3354 5085 3571 5138 dicimus
3600 5088 3651 5138 in

2066 5179 2213 5231 verbo
2245 5176 2472 5242 Domini,
2497 5180 2615 5246 quia
2645 5194 2737 5231 nos
2761 5179 2847 5247 qui
2872 5178 3104 5237 vivimus,
3129 5176 3215 5244 qui
3236 5174 3427 5228 residui
3454 5191 3650 5241 sumus,

2067 5270 2119 5323 in
2137 5270 2367 5323 .adt'entu
2400 5269 2608 5323 Domini
2640 5286 2741 5322 non
2783 5269 3141 5339 prrrvenicmus
3184 5281 3267 5318 eos
3296 5267 3383 5333 qui
3430 5267 3655 5320 dormie-

2066 5374 2207 5419 runt.
2240 5362 2497 5427 Quoniam
2524 5363 2631 5433 ipse
2664 5362 2911 5417 Dominus
2952 5362 3005 5413 in
3040 5362 3191 5429 jussu
3233 5367 3280 5411 et
3322 5360 3375 5412 in
3406 5376 3524 5414 voce
3564 5378 3654 5413 ar-

2067 5453 2323 5527 changeli,
2347 5464 2393 5508 et
2422 5455 2473 5506 in
2506 5457 2625 5508 tuba
2658 5453 2752 5507 Dei
2794 5451 3057 5506 descendet
3095 5452 3157 5505 de
3189 5451 3335 5518 calo,
3380 5462 3429 5507 et
3469 5454 3655 5505 mortui

2067 5547 2157 5616 qui
2192 5547 2244 5598 in
2275 5542 2479 5599 Christo
2520 5553 2637 5597 sunt
2664 5552 2925 5613 resurgant
2975 5544 3128 5607 primi
3156 5558 3173 5597 :
3204 5543 3389 5596 deinde
3430 5559 3522 5596 nos
3568 5543 3655 5610 qui

2065 5637 2299 5699 vivimus,
2330 5636 2417 5701 qui
2450 5635 2805 5702 relinquimur,
2838 5635 2993 5688 simul
3033 5637 3289 5707 rapiemur
3324 5651 3436 5689 cum
3469 5636 3572 5688 illis
3600 5652 3653 5689 tn

2069 5728 2286 5783 nubibus
2310 5728 2504 5784 obviam
2536 5724 2759 5781 Domino
2781 5728 2833 5782 in
2863 5745 3008 5799 aera,
3032 5740 3077 5782 et
3106 5728 3178 5781 sic
3199 5741 3395 5787 semper
3414 5740 3530 5779 cum
3552 5723 3655 5781 Do-
