3920 6188
444 305 547 364 διὶὂ

1418 303 1477 358 S.
1519 300 1842 358 GREGOllll
1885 302 2188 358 EPlSCOPl
2231 297 2657 356 TLRONENSIS

3567 295 3660 353 5H

441 424 576 488 mino
605 436 826 483 ertm..s.,
844 419 1020 490 Itaque
1041 416 1375 474 consolamini
1403 418 1614 469 invicem
1641 417 1694 467 in
1716 413 1884 468 νει-ωε.
1897 415 2006 466 istis
2035 420 2087 477 Α
2110 414 2396 468 aedificaret
2421 425 2583 478 super
2611 422 2794 462 muros
2817 405 2966 461 urbis
2991 404 3268 471 solarium,
3293 420 3359 460 oe
3383 421 3485 470 quo
3509 421 3661 464 ciena‘

442 511 491 577 (ι
527 510 704 574 Thess.
736 526 804 575 tv,
836 510 900 565 12
925 519 972 563 et
1000 508 1186 579 καφ).
1216 508 1444 561 Plurima
1473 515 1597 560 sunt
1624 506 1765 560 enim
1813 507 1882 559 de
1925 505 2008 558 bis

443 602 741 668 testimonia
789 617 908 670 quas
951 602 1090 657 hanc
1133 615 1347 656 causam
1399 603 1738 655 continuant.
1793 598 1896 654 Sed
1941 605 2011 662 ,tu

447 696 634 762 ignoro
662 693 790 762 quid
820 694 1057 760 ambigas
1094 690 1163 746 de
1194 690 1606 753 resurrectione,
1634 705 1790 758 quam
1840 691 2010 744 sancti

443 791 753 848 exspectant
784 796 879 850 pro
900 784 1111 848 merito,
1139 795 1294 848 quam
1320 790 1627 848 peccatores
1652 789 1897 833 metuunt
1915 793 2015 846 pro

453 881 613 938 reatu.
648 871 794 926 Ilauc
821 872 962 940 enim
997 873 1461 935 resurrectionem,
1506 879 1561 924 et
1604 871 1690 925 illa
1735 885 1854 934 qua:
1895 885 2016 924 cer-

443 963 620 1028 nimus
663 964 922 1016 elementa
962 964 1351 1024 demonstrant,
1403 961 1452 1014 id
1501 961 1751 1018 est'dutn
1797 965 2018 1014 arbores

445 1052 496 1107 iu
520 1059 705 1107 testate
736 1052 872 1107 foliis
899 1062 1069 1116 tectae,
1097 1051 1269 1106 h‘etne
1298 1053 1545 1106 veniente
1576 1050 1867 1114 nudantur;
1898 1065 2020 1105 suc-
2063 1085 2068 1088 -

452 1142 674 1208 cedente
717 1158 845 1196 vero
875 1158 1040 1196 vrrno
1082 1153 1332 1210 tempore.
1367 1142 1516 1211 quasi
1562 1150 1917 1210 resurgentes.
1966 1140 2017 1194 in

447 1231 573 1288 illud
595 1231 735 1300 quod
768 1231 910 1298 prius
937 1232 1143 1297 fuerant
1167 1232 1415 1286 foliorum
1442 1232 1674 1298 tegmine
1701 1233 2018 1288 vestiuntur.

448 1324 884 1388 llacostendnat
914 1334 967 1378 et
1007 1324 1091 1377 illa
1121 1339 1236 1391 qua
1265 1323 1535 1392 jaeiuntur
1576 1323 1780 1384 semina
1832 1323 2017 1388 tat-tis,

448 1430 568 1484 quae
599 1417 1171 1482 cptnmetuhitasulcis,
1202 1419 1244 1468 si
1271 1416 1460 1470 fucrint
1492 1424 1718 1479 mortua,
1741 1430 1862 1469 cum
1888 1416 2025 1469 mni-

450 1502 620 1570 tiplici
649 1503 824 1568 fructu
868 1511 1170 1574 resurgunt,
1197 1504 1338 1564 sicut
1366 1504 1440 1555 ait
1469 1501 1662 1562 Paulus
1702 1504 1976 1570 apostolus
2006 1518 2021 1556 :

444 1592 616 1661 Stulte
644 1603 716 1658 tu,
753 1594 885 1660 quod
913 1594 1132 1660 seminus
1157 1608 1255 1644 non
1289 1593 1595 1655 uiuiﬁcatur,
1627 1593 1723 1644 nisi
1752 1594 1892 1659 prius
1920 1607 2027 1644 mo-

445 1683 609 1736 riatur
623 1680 673 1751 (1
696 1681 812 1743 Cor.
837 1697 922 1746 xv,
947 1681 1057 1752 56),
1078 1681 1233 1752 501
1255 1681 1383 1746 Qua:
1401 1682 1578 1742 omnia
1596 1683 1658 1734 ad
1677 1681 1834 1741 ﬁdem
1851 1696 2026 1735 resur-

2063 538 2072 543 ~
2111 507 2270 574 epulo
2289 503 2573 572 per-iuncto
2593 500 2951 565 descendens,
2977 503 3188 553 manuni
3218 513 3380 566 super
3399 499 3661 556 diaconum

2113 599 2272 668 502
2305 594 2636 651 sustentabat
2661 634 2693 660 ,.
2725 592 2814 660 qui
2862 591 3124 644 intentum
3165 600 3281 643 crat
3325 592 3612 657 crapulstus
3636 608 3662 644 a

2069 723 2072 725 -
2113 690 2256 751 vino,
2285 698 2339 740 nt
2368 686 2453 739 vix
2477 684 2761 753 veltigere
2777 695 3027 750 gressum
3053 679 3273 743 valeret,
3298 694 3561 748 pueroque
3584 682 3665 749 qui

2117 779 2337 849 praeibat
2363 792 2480 830 cum
2527 776 2742 839 lumine,
2775 773 2958 828 nescio
2985 772 3112 842 quid
3161 782 3482 831 commoms.
3510 788 3668 840 pugno

2115 870 2376 925 cervicem
2419 867 2561 922 ferit.
2614 867 2731 933 Quo
2773 864 3002 934 impulso
3045 862 3149 934 [AL
3183 861 3433 932 impulsu]
3461 862 3540 916 hic
3560 877 3669 917 cum

2116 977 2176 1016 se
2194 961 2466 1016 continere
2490 975 2591 1014 n0u
2621 959 2898 1028 potuisset,
2916 973 3036 1012 cum
3063 958 3181 1025 ipso
3208 956 3410 1024 impetu
3439 955 3504 1009 de
3532 970 3671 1010 muro

2121 1051 2496 1120 pracipitatur,
2527 1049 2798 1104 sudarium
2841 1047 3074 1116 episcOpi
3102 1043 3246 1113 quod
3292 1044 3467 1098 balteo
3491 1043 3673 1111 depen~

2119 1139 2277 1194 debat
2305 1139 2587 1206 arripiens,
2613 1152 2736 1191 cum
2782 1151 2888 1205 quo
2934 1149 3068 1202 pene
3109 1133 3348 1201 dilapsus
3375 1132 3558 1194 fuerat,
3585 1132 3673 1186 nisi

2123 1231 2282 1300 pedes
2307 1230 2560 1298 episcopi
2599 1229 2764 1282 abbas
2801 1227 3056 1281 velociter
3091 1223 3375 1292 amplexus
3395 1231 3559 1287 esset.
3585 1221 3674 1289 Qui

2125 1337 2284 1376 ruens
2331 1336 2493 1388 super
2539 1317 3119 1389 lapidem,'confractis
3164 1315 3415 1380 ossibus,
3447 1324 3499 1369 et
3544 1323 3676 1368 crate

2106 1413 2376 1480 pectoris,
2408 1411 2718 1479 sanguinem
2745 1424 2865 1463 cum
2896 1408 3018 1462 felle
3039 1408 3286 1476 disrupto
3313 1420 3559 1460 evomens
3578 1405 3674 1474 spi-

2124 1502 2282 1555 ritum
2333 1501 2621 1554 exhalavit.
2669 1501 2799 1554 Erat
2839 1500 2980 1554 enim
3030 1507 3084 1553 et
3128 1497 3256 1552 vino
3303 1497 3530 1563 deditus,
3559 1496 3674 1551 etin

2123 1592 2384 1645 adulterio
2409 1589 2720 1644 dissolutus.

2197 1699 2312 1756 XV.
2343 1700 2474 1753 Cum
2501 1708 2676 1752 autem
2703 1697 3010 1751 scandalum
3039 1695 3204 1762 quod.
3223 1704 3436 1748 serente
3461 1692 3675 1757 diabolo,

445 1774 700 1828 rectionis
723 1775 919 1842 mundo
946 1772 1277 1842 titanileStata
1300 1782 1444 1826 sunt.
1471 1772 1684 1834 Sienitn
1705 1773 2023 1833 resurrectio
2056 1769 2100 1826 Β
2127 1793 2180 1846 in
2202 1791 2534 1846 monaswrio
2565 1789 2855 1842 picmvensi
2884 1797 3059 1840 onum
3083 1825 3098 1851 ’
3131 1787 3184 1838 ιη
3225 1785 3532 1853 ampliore",
3562 1797 3678 1850 quo,

446 1862 617 1918 futura
649 1878 752 1917 non
782 1871 882 1925 cst,
911 1862 1040 1933 quid
1073 1861 1308 1930 proderit
1331 1861 1490 1929 justis
1522 1862 1656 1917 bene
1686 1876 1865 1929 agere,
1895 1862 2022 1927 quid

447 1954 660 2029 nocebit
689 1956 1055 2021 peccatoribus
1101 1951 1271 2019 male?
1304 1951 1560 2006 Decidant
1586 1967 1715 2021 ergo
1759 1956 1932 2008 cuncti
1961 1969 2022 2010 ,ιιι

445 2049 808 2116 voluntatibus
852 2047 963 2102 suis
993 2056 1040 2112 δ’,
1068 2057 1120 2102 et
1152 2046 1309 2115 l'aciat
1351 2048 1711 2117 unusquisque
1754 2063 1871 2114 quae
1914 2047 2026 2117 pla-

447 2141 642 2204 cuerit,
679 2139 723 2191 si
747 2136 1006 2206 judicium
1038 2137 1269 2191 futurum
1301 2152 1406 2190 non
1435 2138 1557 2190 erit.
1594 2136 1684 2190 Vel
1735 2136 1882 2202 illud,
1920 2135 2025 2192 im-

451 2230 637 2300 probe,
672 2245 776 2283 non
807 2227 1083 2294 formidas,
1112 2226 1254 2296 quod
1286 2229 1398 2296 ipse
1424 2228 1678 2289 Dominus
1700 2228 1866 2282 beatis
1893 2243 2026 2296 apo-

447 2319 603 2393 stolis
623 2319 698 2388 ait
731 2337 743 2370 :
776 2318 904 2370 Cum
933 2318 1140 2381 venerit,
1173 2317 1360 2385 inquit,
1396 2314 1562 2370 Filius
1586 2319 1802 2370 hominis
1829 2319 1880 2370 in
1909 2318 2027 2372 sede

447 2393 724 2484 majestatis
744 2424 869 2472 sum,
893 2407 1326 2476 congregabantur
1347 2417 1462 2461 ante
1485 2423 1600 2460 eum
1631 2423 1803 2461 omnes
1835 2417 2025 2479 gentes,

447 2509 492 2552 et
521 2497 765 2566 separabit
797 2513 880 2549 eos
910 2498 971 2548 ab
999 2497 1227 2558 inuicem,
1258 2499 1385 2549 sicut
1415 2506 1588 2564 pastor
1616 2509 1844 2568 segregat
1870 2515 2028 2568 agnos

447 2588 511 2660 ab
538 2587 697 2659 Ιιωάἰδ
727 2601 746 2638 :
774 2594 822 2638 et
849 2594 1034 2638 statuet
1060 2601 1172 2639 oves
1203 2587 1404 2655 quidem
1430 2587 1497 2639 ad
1527 2589 1806 2653 dexterum,
1856 2588 2028 2646 hwdos

451 2685 618 2728 autem
648 2675 714 2726 ad
755 2675 1033 2742 sinistram.
1070 2673 1132 2728 Et
1177 2676 1255 2726 his
1301 2675 1429 2734 diret
1460 2691 1478 2727 :
1521 2674 1712 2734 Venite.
1760 2677 2028 2742 benedicti,

450 2766 692 2835 pert-ipim
712 2780 959 2834 regnum;
987 2766 1087 2830 illis
1115 2775 1279 2826 autem
1305 2779 1327 2818 .·
1357 2765 1608 2822 Discedite
1630 2783 1661 2818 α
1687 2783 1785 2832 me,
1809 2769 2032 2838 operarii

450 2857 730 2924 iniquitatis
762 2853 974 2924 (Hatth.
1026 2870 1150 2918 xxv,
1191 2851 1252 2908 5|
1299 2864 1343 2912 et
1375 2855 1563 2926 καφ).
1608 2859 1780 2922 Atque
1821 2867 1878 2911 ut
1919 2859 2029 2926 ipsa

452 2948 724 3014 Scriptura
745 2945 926 3014 docet,
953 2943 978 2997 1
987 2945 1106 2997 tunt
1130 2946 1180 2997 hi
1205 2946 1256 2997 in
1283 2946 1590 3014 supplicium
1617 2956 1879 3012 teter-num,
1899 2947 2033 3020 justi

451 3047 614 3090 autrm
639 3037 688 3089 in
714 3037 869 3090 vitam
899 3045 1140 3089 (sternam
1174 3034 1339 3105 (Ibid.
1371 3053 1494 3102 xxv,
1526 3035 1637 3107 46).
1674 3038 1903 3102 Putasne
1929 3039 2033 3094 erit

454 3110 777 3180 I't'SlIl'l'eCllO
802 3135 1149 3191 mortuorum,
1169 3125 1529 3195 autjndicium
1550 3141 1792 3191 operum,
1817 3144 1900 3192 qn.

458 3218 556 3288 ista
609 3216 762 3280 faciet
802 3215 1088 3268 Dominus?
1145 3214 1486 3284 Respondeat
1521 3230 1649 3284 ergo
1694 3215 1787 3269 tibi
1836 3217 2029 3271 Paulus

456 3308 728 3374 apostolus
752 3349 765 3373 ,
801 3305 941 3361 sicut
968 3306 1088 3372 aliie
1119 3305 1407 3358 incredulis
1437 3304 1621 3358 dicens
1655 3322 1669 3359 :
1701 3306 1762 3360 Si
1806 3305 2032 3360 Christus

455 3416 554 3451 non
578 3397 882 3461 resurrexit,
912 3396 1078 3449 inanis
1115 3404 1189 3449 est
1229 3395 1520 3465 prara'icatio
1557 3404 1748 3461 nostra,
1790 3396 1958 3448 inanis
1986 3405 2032 3450 et

456 3491 581 3555 ﬁdes
633 3498 792 3552 uestra
826 3486 876 3557 (l
911 3485 1031 3539 Cor.
1089 3501 1177 3551 xv,
1235 3485 1342 3553 lli).
1402 3486 1480 3539 Ad
1528 3485 1640 3539 hinc
1689 3486 2033 3540 contristatus

460 3580 761 3648 presbyter,
800 3593 829 3629 a
859 3586 1143 3644 co:-spt-ctu
1201 3583 1383 3629 nostro
1423 3575 1736 3642 discedens,
1769 3577 2032 3644 pollicitus

455 3679 538 3721 e~t
569 3670 792 3723 credere
822 3670 874 3720 in
906 3669 1376 3734 resurrectionem,
1404 3669 1554 3737 juxta
1579 3668 1769 3723 seriem
1793 3669 2031 3738 Scriptu-

458 3773 635 3809 rarum
665 3769 1000 3824 sanctarum,
1041 3773 1197 3826 quam
1228 3773 1386 3827 supra
1419 3762 1849 3813 memoravimus.

531 3867 663 3920 XIV.
696 3867 823 3921 Erat
847 3878 1023 3922 autem
1056 3878 1179 3924 tunc
1206 3869 1458 3938 temporis
1484 3869 1814 3924 Theodulfus
1853 3870 2034 3924 diaco-

459 3975 559 4012 nus
607 3960 753 4014 urbis
802 3961 1237 4034 Purisiaczeului
1289 3962 1387 4016 sibi
1437 3961 1716 4016 videbatur
1760 3963 1811 4016 in
1855 3965 2032 4033 aliquo

457 4051 654 4105 st-iolus
687 4050 731 4114 δ,
765 4052 850 4120 qui
881 4055 1075 4121 εει-βίης
1103 4052 1169 4107 de
1201 4055 1298 4108 hac
1324 4068 1482 4109 causa
1509 4055 1889 4109 altercationes
1921 4073 2033 4108 mo-

457 4143 631 4194 vthat.
665 4141 758 4194 llic
788 4150 964 4199 autent
988 4143 1054 4195 de
1082 4142 1295 4196 Parisiis
1328 4144 1464 4198 urbe
1507 4143 1824 4207 abscedens,
1858 4148 2032 4200 Ande-

453 4231 605 4300 gavis
632 4230 794 4293 venit,
824 4238 880 4284 et
908 4244 966 4284 se
993 4231 1250 4285 Audoveo
1285 4243 1304 4267 ι’
1340 4233 1589 4300 episcopo
1615 4233 1870 4298 subdidit,
1905 4250 2030 4300 pro-

456 4330 573 4394 ptvr
604 4313 869 4394 antiquam
901 4324 1208 4386 amicitiam,
1240 4339 1396 4391 quam
1442 4325 1597 4378 simul
1631 4323 1861 4378 Parisios
1885 4340 2033 4380 com-

455 4425 728 4476 morantcs
751 4417 1044 4496 habuerant
1068 4435 1081 4472 :
1107 4419 1243 4471 unde
1265 4431 1316 4472 et
1340 4434 1369 4471 a
1387 4419 1728 4484 Ragnetnodo
1751 4421 2030 4475 Parisiaca:

2129 1886 2253 1940 tidie
2281 1883 2610 1954 iniquitatem
2630 1881 2656 1917 (³
2679 1887 3044 1949 consurgeret,
3063 1891 3116 1932 et
3144 1877 3477 1933 Chrodieldis
3505 1890 3673 1945 aggre-

2127 1976 2260 2045 gatis
2308 1972 2444 2039 sibi,
2476 1980 2533 2026 ut
2582 1987 2737 2041 supra
2762 1971 3014 2031 diximus,
3062 1969 3377 2028 homicidia,
3423 1967 3675 2028 malent-is,

2128 2066 2404 2129 adulteris,
2436 2064 2667 2134 fugitivis
2710 2069 2766 2119 et
2808 2061 3134 2132 reliquorum
3175 2059 3454 2114 criminum
3485 2062 3600 2124 reis,
3631 2060 3676 2114 in

2127 2158 2387 2211 seditione
2417 2167 2595 2224 parata
2620 2154 2896 2222 resideret,
2916 2153 3066 2221 iussit
3109 2152 3191 2207 eis
3219 2164 3275 2206 ut
3321 2152 3573 2206 irruentes
3595 2167 3676 2204 no-

2127 2260 2214 2304 cte
2237 2250 2285 2301 in
2318 2248 2699 2301 monasterium
2723 2243 3041 2299 abbatissam
3067 2242 3215 2298 foras
3244 2243 3589 2297 extraherent.
3617 2247 3674 2295 At

2129 2339 2217 2393 illa
2248 2338 2528 2392 tumultum
2558 2336 2795 2390 sentiens
2823 2333 3173 2396 venientium,
3202 2333 3266 2385 ad
3293 2342 3486 2386 sancta
3509 2331 3674 2384 Crttcis

2129 2446 2304 2485 arcam
2327 2444 2384 2482 δε
2407 2427 2676 2496 deportari
2702 2427 2941 2494 poposcit
2962 2424 3324 2494 :gra-vabatnr
3349 2423 3484 2478 enim
3512 2423 3673 2478 dolore

2130 2520 2368 2575 humoris
2395 2518 2688 2589 podagrici,
2712 2517 2908 2571 scilicet
2940 2525 2996 2569 ut
3016 2519 3094 2569 vel
3120 2515 3526 2584 ejusloveretur
3545 2512 3674 2565 ausi-

2130 2615 2220 2668 lio.
2253 2613 2357 2667 Sed
2389 2612 2476 2666 ubi
2506 2609 2728 2679 ingressi
2774 2607 2894 2673 viri,
2933 2621 3092 2662 cereo
3123 2620 3372 2671 accenso,
3396 2619 3508 2658 cum
3533 2603 3672 2657 armis

2133 2706 2234 2758 huc
2256 2703 2483 2770 illucque
2503 2708 2820 2769 vagarentur
2847 2713 2940 2766 per
2961 2696 3345 2751 monasterium
3374 2695 3672 2763 inquirentes

2131 2811 2270 2859 eam,
2304 2793 2635 2849 iutroeuntes
2666 2792 2718 2846 in
2747 2791 3072 2853 oratorium,
3103 2797 3413 2857 repererunt
3435 2787 3670 2855 jacentem

2131 2901 2291 2954 super
2319 2884 2533 2936 humum
2563 2889 2689 2935 ante
2717 2896 2892 2935 arcam
2923 2888 3121 2934 sancta:
3152 2878 3358 2933 Crucis.
3389 2876 3529 2930 Tunc
3552 2889 3669 2928 unus

2132 2977 2373 3032 acerbior
2417 2975 2656 3038 caeteris,
2687 2975 2774 3043 qui
2805 2976 2871 3028 ad
2905 2975 3004 3027 hoc
3050 2973 3229 3026 scelus
3275 2971 3568 3038 patrandum
3597 2984 3670 3037 ag-

2132 3084 2349 3136 gressus
2370 3067 2556 3122 fuerat.
2571 3077 2626 3121 ut
2651 3065 2970 3120 abbatissam
2994 3064 3173 3132 gladio
3187 3063 3461 3127 divideret,
3479 3065 3542 3112 ab
3559 3061 3666 3123 alio,

1904 3128 2029 3226 "'_d°
2058 3139 2105 3202 C
2133 3128 2193 3213 nt
2212 3162 2393 3221 credo,
2425 3161 2604 3213 divina
2635 3158 2960 3226 providentia
2989 3128 3332 3224 cooperante,
3364 3155 3525 3207 cultro
3570 3166 3667 3220 P9"

2135 3252 2353 3304 cntitur.
2382 3250 2680 3304 Proﬂuente
2713 3263 2838 3300 vero
2857 3248 3115 3315 sanguine
3156 3247 3272 3300 solo
3301 3246 3569 3304 decnhans,
3591 3257 3667 3292 vo-

2138 3351 2245 3395 tum
2285 3339 2426 3408 quod
2466 3339 2568 3393 levi
2617 3346 2933 3404 conceperat
2970 3339 3170 3398 animo,
3205 3352 3306 3388 non
3336 3332 3564 3403 explevit.
3595 3330 3666 3383 lu-

2138 3443 2280 3486 terea
2307 3432 2512 3493 Justina
2547 3441 2570 3468 ο
2602 3429 2884 3498 praeposita
2924 3444 3044 3482 cum
3094 3429 3215 3484 aliis
3265 3426 3525 3481 sororibus
3552 3422 3663 3488 palla

2135 3523 2339 3589 alzaris,
2363 3521 2502 3590 quod
2533 3531 2647 3574 erat
2671 3531 2795 3572 ante
2819 3519 3039 3572 Crucem
3067 3519 3408 3578 dominicam,
3436 3520 3664 3567 exstincto

2133 3626 2312 3672 aereo,
2340 3611 2657 3664 abbatissam
2687 3609 2875 3676 operit.
2931 3608 3033 3662 Sed
3083 3607 3350 3662 venientes
3381 3621 3492 3660 cum
3518 3601 3663 3672 evagi-

2137 3702 2274 3755 natis
2301 3701 2488 3769 gladiis
2515 3715 2575 3753 ac
2608 3700 2828 3762 lanceis,
2861 3702 3024 3752 scissa
3058 3710 3226 3762 veste,
3261 3709 3311 3752 et
3345 3711 3471 3765 pene
3495 3709 3578 3747 san
3599 3693 3664 3743 tia

2137 3789 2445 3842 monialium
2478 3788 2719 3841 manibus
2752 3787 2960 3840 lultlalls
2985 3828 2999 3850 ,
3032 3787 3414 3856 apprehensam
3442 3782 3661 3852 prteposi-

2137 3888 2239 3932 tam
2291 3893 2384 3946 pro
2428 3878 2731 3938 abbatis~a,
2785 3893 2902 3944 quia
2957 3878 3196 3931 tenebrze
3247 3886 3413 3938 erant,
3459 3869 3661 3928 excussis

2135 3967 2549 4030 linteaminibus,
2579 3983 2607 4019 a
2635 3969 2807 4034 capite
2844 3969 3013 4020 soluta
3062 3968 3314 4030 ctesarie,
3345 3965 3492 4034 503
3515 3964 3660 4016 delia-

2137 4060 2286 4123 hunt,
2317 4067 2370 4112 et
2399 4072 2563 4126 usque
2612 4057 2878 4110 basilicam
2925 4057 3091 4110 sancti
3141 4057 3322 4110 Hilarii
3351 4057 3478 4109 inter
3505 4066 3660 4105 manus

2135 4148 2644 4202 deferuntcustodiaa
2661 4148 3084 4214 mancipandam.
3103 4147 3660 4216 Appropinquantcsque

2136 4241 2385 4303 basilicae,
2411 4242 2547 4294 cuslo
2579 4241 2842 4293 modicum
2869 4242 3196 4307 albescente,
3227 4240 3312 4293 ubi
3340 4240 3658 4306 cognoverunt

2134 4350 2239 4389 nun
2286 4349 2405 4389 esse
2451 4336 2805 4398 abbatissam,
2842 4349 2961 4387 mox
3006 4336 3070 4388 ad
3119 4334 3483 4389 monasterium
3511 4328 3658 4384 redire

2134 4425 2362 4492 puellam
2394 4425 2731 4492 praacipiunt;
2761 4434 3213 4491 revertentes-que,
3246 4425 3544 4478 abbatissam
3575 4432 3655 4484 ap-

456 4509 606 4571 urbis
653 4510 938 4585 episcopo,
969 4509 1164 4578 sapius
1210 4510 1702 4566 excommunicatus
1747 4520 1859 4575 est,
1890 4515 2027 4582 quod
2061 4500 2107 4558 Ι)
2137 4517 2488 4580 prehendunt,
2519 4520 2827 4579 extratmut,
2856 4525 2911 4569 et
2939 4516 2988 4568 in
3015 4517 3330 4579 cu-todiam,
3351 4515 3487 4582 juxta
3511 4507 3654 4563 sanati

456 4600 522 4651 ad
549 4601 828 4666 ecclesiam
859 4617 1008 4656 suam
1039 4618 1089 4655 tn
1119 4617 1218 4666 qua
1243 4604 1499 4656 diaconus
1528 4604 1803 4659 ordinatus
1835 4604 2025 4671 fuerat,

459 4688 635 4743 redire
655 4689 914 4750 ditl’crret.
934 4691 1030 4744 llic
1053 4693 1104 4744 in
1125 4701 1266 4743 tanta
1292 4691 1649 4754 familiaritate
1668 4707 1784 4747 cum
1811 4694 2032 4763 praefato

460 4765 759 4847 Andegavze
783 4781 924 4832 urbis
945 4785 1195 4847 episcopo
1215 4781 1532 4849 adhaeserat,
1551 4792 1606 4836 ut
1630 4799 1734 4838 tton
1765 4798 1824 4837 se
1853 4792 2033 4852 posset

459 4869 528 4921 ab
557 4861 672 4935 ejus
703 4869 1103 4935 importunitate
1149 4871 1446 4936 discutere,
1481 4887 1576 4941 pro
1604 4888 1669 4928 eo
1697 4875 1837 4940 quod
1880 4875 2030 4926 bonis

460 4960 700 5037 moribus
725 4971 778 5013 et
808 4959 996 5014 affectu
1046 4961 1132 5030 pio
1175 4974 1309 5017 erat.
1358 4963 1575 5020 Factum
1625 4971 1709 5019 est
1756 4972 1930 5018 autem
1975 4976 2032 5022 ut

530 5130 554 5155 ὐ
583 5121 671 5175 Sic
699 5119 844 5174 Colh.
880 5136 974 5184 m.;
1008 5120 1220 5190 Regm.,
1252 5123 1531 5178 voluntates
1555 5140 1693 5178 suas.
1740 5123 1875 5177 Editi
1906 5134 2026 5178 cum

462 5191 607 5259 Bec..
639 5193 976 5259 voluptatibus
1000 5194 1125 5247 satis.

530 5258 557 5297 ⁵
586 5258 794 5329 Regtn.,
823 5263 909 5330 qui
942 5262 1017 5315 sic
1060 5262 1324 5315 uidebatur
1361 5263 1580 5316 solusin
1607 5264 1814 5328 altario,
1845 5274 1898 5317 ut
1923 5280 2022 5316 sn:-

457 5330 580 5404 pius
592 5333 657 5380 ad
677 5332 822 5404 idem
841 5333 1078 5404 accedens
1101 5333 1452 5404 altercationes
1481 5345 1721 5387 moveret.
1751 5335 1902 5397 Bad.,
1936 5336 2024 5404 qui

454 5398 642 5470 sapius
670 5398 724 5470 in
747 5406 924 5452 eadem
948 5403 1170 5454 ecclesia
1199 5403 1573 5467 altercationes,
1598 5414 1724 5468 etc.,
1757 5415 1810 5456 ιιι
1838 5398 2020 5470 Regni.

455 5467 546 5529 sic
579 5468 698 5541 fere»
712 5467 870 5541 habet
897 5485 1105 5541 quoque
1131 5471 1283 5525 Colh.
1311 5488 1404 5533 m.,
1427 5474 1534 5526 nisi
1561 5467 1824 5541 quodpro
1853 5467 2024 5528 inea-

457 5542 572 5594 dens
595 5539 804 5592 ecclesia
823 5537 982 5592 habet
1009 5542 1143 5593 idem
1168 5557 1364 5605 accesa,
1395 5537 1670 5597 mendose.

529 5614 558 5682 ξ
586 5606 767 5682 Regrn.
793 5620 846 5682 et
873 5606 1021 5682 Colh.
1055 5627 1151 5673 tn.,
1182 5612 1446 5682 Audoeno,
1471 5611 1560 5680 qui
1589 5613 1666 5667 sic
1693 5628 1903 5682 quoque
1930 5630 2024 5680 ap-

455 5674 760 5738 uellatur‘in
782 5676 1059 5733 Cbartario
1080 5681 1247 5734 sancti
1270 5674 1439 5752 Sergii
1472 5674 1782 5754 Ᾱιιάεεηύι
1805 5674 2021 5746 monent

2136 4605 2316 4659 Ililarii
2347 4605 2643 4666 basilicam,
2675 4605 2727 4657 in
2761 4606 2876 4658 loco
2904 4605 2986 4657 ubi
3024 4605 3210 4657 llasina
3257 4613 3494 4658 metatum
3519 4597 3655 4650 habe-

2133 4698 2239 4760 bat,
2266 4696 2565 4759 retrudnnt,
2602 4697 2786 4763 positis
2813 4696 2877 4747 ad
2906 4695 3101 4748 ostium
3135 4695 3454 4752 costodibus,
3481 4704 3540 4741 ne
3558 4683 3655 4752 quis

2133 4788 2292 4839 n'lutn
2323 4787 2543 4852 captiva-
2582 4787 2839 4852 pt-zcheret
2865 4786 3138 4842 auxilium.
3170 4784 3368 4839 Exinde
3391 4787 3529 4835 nocte
3549 4773 3654 4829 Sub-

2131 4875 2354 4936 obScura
2402 4877 2633 4943 aggressi
2686 4875 3097 4942 monasterium,
3143 4890 3257 4928 cum
3304 4870 3441 4926 nullo
3481 4866 3652 4930 fulgore

2131 4971 2339 5021 accensi
2395 4967 2609 5020 luntiuis
2674 4967 3000 5034 potirentur,
3051 4975 3283 5022 extracta
3332 4953 3648 5034 promptuario

2128 5125 2520 5180 Satnmarthani
2548 5125 2598 5176 in
2621 5122 2783 5176 Gallia
2815 5123 3014 5178 Christ.

2201 5195 2225 5231 ἀ
2263 5197 2406 5258 llcc.,
2439 5195 2592 5248 Colb.
2625 5211 2695 5247 ιιι.
2729 5205 2783 5250 et
2811 5194 3183 5263 aliquot'editi,
3219 5195 3266 5247 in
3294 5189 3513 5260 ampliari
3535 5201 3640 5256 quo-

2129 5266 2251 5318 tidie
2279 5267 2559 5334 iniquitate.

2200 5344 2224 5371 ο
2256 5329 2437 5388 Ριιίρίι
2461 5335 2524 5393 ad
2551 5332 2861 5399 Gregorium
2884 5334 3096 5402 scripsit
3118 5335 3422 5390 Fortunatus
3442 5329 3519 5402 lib.
3542 5338 3636 5384 VIII.

2127 5421 2295 5458 carm.
2340 5404 2424 5467 15,
2459 5414 2513 5458 ct
2585 5406 2860 5473 epistolam
2912 5398 3082 5459 eidem
3129 5404 3360 5473 carmini
3391 5398 3634 5473 praglixatu.

2129 5474 2381 5528 Eantdent
2425 5467 2676 5545 _Gregtirii
2723 5474 2898 5545 nostri
2969 5486 3174 5544 neptem
3203 5471 3410 5545 appellat
3437 5467 3633 5545 librum

2131 5561 2299 5600 rat-tn.
2335 5547 2386 5605 7,
2423 5537 2572 5599 Unde
2613 5544 2840 5612 conjicio
2891 5560 3008 5598 eam
3040 5537 3212 5598 'tiiiam
3235 5537 3408 5595 'fui~se
3449 5537 3630 5612 Juslijjiu

2128 5615 2217 5682 qui
2247 5598 2450 5668 sororis
2475 5598 2818 5678 Gregorii'vir
2849 5613 3011 5669 fuisse
3056 5615 3246 5671 dicitur
3270 5612 3393 5667 libro
3419 5604 3532 5661 nde
3556 5598 3627 5656 lti-

2127 5703 2185 5740 ra
2223 5686 2323 5740 uiis
2345 5685 2512 5740 sancti
2541 5685 2772 5744 Martini,
2804 5686 2976 5750 rapite
3003 5685 3058 5739 2.
