3974 6174
351 315 448 371 545

1243 313 1555 371 IIISTORH
1603 309 2043 368 FRANCORUM.
2095 309 2302 366 [ABER
2345 309 2663 370 DECISIUS.

3518 312 3623 372 546

343 444 533 499 suppa,
563 442 682 498 qua:
710 426 837 482 olim
867 425 984 496 pice
1009 424 1165 480 linita
1193 427 1335 481 sicca
1369 434 1724 490 remanserat,
1748 427 1924 495 ignem
1953 425 2008 485 Δ
2031 423 2207 476 ctione
2237 432 2529 495 prematur.
2568 424 2669 478 P-ro
2699 423 2798 478 hac
2826 435 2985 479 causa
3016 424 3255 481 Macconi
3277 470 3291 495 ,
3325 436 3450 481 tunc
3475 435 3621 482 tent-

343 521 618 592 iujiciuut,
650 521 892 588 factaque
919 517 1088 586 pharo
1117 531 1306 587 magna
1343 517 1412 573 de
1452 517 1609 586 hujus
1651 515 1920 581 incendio,

342 623 588 670 cunctam
639 609 949 665 monasterii
998 609 1382 678 supellectilem
1452 617 1772 678 rapuerunt,
1813 605 1926 662 lhoc

342 715 548 760 tantum
580 705 722 774 quod
765 701 906 756 ferre
953 717 1056 755 non
1089 709 1334 768 poterant
1365 700 1750 769 relinquentes.
1795 698 1925 752 Haec

339 805 518 850 autem
547 802 693 862 gesta
733 800 858 846 sunt
885 798 1010 846 ante
1039 799 1244 859 septem
1274 788 1389 844 dies
1417 788 1653 843 Pascha.
1683 786 1926 856 Cumque

339 888 630 956 episcopus
678 885 794 939 haec
840 883 1019 937 omnia
1067 883 1302 951 graviter
1346 881 1532 946 ferret,
1574 895 1675 935 nec
1724 882 1925 935 valeret

336 978 654 1036 seditionem
669 973 1271 1040 diabolicam‘mitigare,
1285 971 1426 1026 misit
1443 971 1508 1024 ad
1519 969 1919 1036 Chrodieldi-m,

337 1071 521 1128 dicens
545 1085 559 1122 :
583 1068 846 1135 Relinque
874 1064 1222 1123 abbatissam,
1249 1062 1386 1116 tit-in
1410 1062 1492 1115 his
1515 1059 1705 1115 diebus
1739 1063 1789 1112 in
1823 1059 1922 1112 hoc

335 1173 554 1218 carcere
577 1175 680 1213 non
704 1159 1034 1212 retineatur:
1061 1155 1255 1223 alioqui
1277 1167 1386 1207 non
1408 1151 1692 1207 celebrabo
1718 1150 1919 1204 Pascha

337 1254 570 1317 Domini,
591 1265 763 1321 neque
791 1251 1112 1317 baptismum
1142 1249 1192 1300 in
1221 1249 1318 1300 bac
1346 1247 1481 1300 urbe
1509 1244 1651 1297 ullus
1669 1242 1922 1298 catechu-

335 1359 526 1403 tnenns
550 1343 845 1407 obtinebit,
865 1340 1260 1395 nisi-abbatissa
1288 1352 1317 1392 a
1345 1336 1557 1392 vinculo
1580 1349 1684 1403 quo
1712 1343 1923 1387 tenetur

331 1440 582 1509 jnbedtur
605 1434 836 1489 absolvi.
873 1433 1104 1500 Quod-si
1139 1445 1236 1485 nec
1264 1429 1344 1484 sic
1386 1427 1663 1482 volueritis
1693 1425 1917 1492 absolvi,

331 1527 574 1584 collectis
594 1526 806 1581 civibus
841 1524 1076 1577 auferam
1122 1532 1262 1574 eam.
1312 1518 1526 1573 Haec-eo
1553 1517 1787 1579 dicente,
1813 1523 1923 1568 sta-

332 1621 427 1674 tim
467 1615 819 1672 'Clirodieldis
883 1625 1249 1681 percussores-
1278 1609 1498 1678 deputat
1531 1647 1545 1669 ,
1586 1608 1770 1660 dicens
1812 1623 1826 1660 :
1863 1605 1919 1660 Si

333 1724 455 1763 eam
534 1707 796 1760 violenter
867 1703 989 1772 quis
1063 1701 1276 1755 auferre
1354 1698 1680 1763 tenta‘verit,
1737 1696 1917 1751 statim

2031 515 2176 582 poris
2203 514 2412 579 comiti,
2438 521 2644 582 prolata
2679 527 2966 586 praeceptio
2994 527 3102 584 est,
3133 519 3184 572 in
3211 535 3313 588 qua
3333 519 3622 587 jubebatur

2028 614 2080 658 ut
2134 606 2270 660 hanc
2305 605 2656 674 seditionem,
2690 611 2732 662 si
2784 611 3116 672 resisterent,
3169 613 3217 665 vi
3261 614 3616 680 opprimeret.

2030 695 2153 750 ilice
2199 697 2424 752 audiens
2471 698 2830 763 Clu-odieldis,
2874 702 3094 755 sicarios
3141 702 3273 756 istos
3302 716 3422 755 cum
3450 703 3617 756 armis

2025 798 2150 841 ante
2199 791 2395 843 ostium
2446 791 2667 844 oratorii
2707 802 2883 846 astare
2916 793 3090 862 jubet,
3120 803 3178 846 ut
3215 793 3422 848 scilicet
3452 809 3611 860 repu-

2024 888 2249 946 gnantes
2275 889 2460 933 contra
2486 881 2744 948 judicent,
2769 883 2812 936 si
2836 884 2942 935 vim
2975 885 3133 938 vellet
3163 883 3383 948 inferre,
3412 887 3612 951 pariter

2025 969 2372 1025 resultarent.
2401 971 2563 1025 Unde
2603 973 2966 1027 necessarium
2995 973 3094 1028 fuit
3126 975 3246 1027 huic
3275 976 3456 1028 comiti
3489 976 3612 1028 illuc

2025 1075 2143 1113 cum
2187 1061 2353 1115 armis
2400 1063 2712 1129 procedere,
2741 1073 2795 1118 et
2839 1066 3098 1132 quosdam
3149 1079 3317 1119 caesos
3349 1066 3612 1130 vectibus,

2025 1153 2310 1205 nonnullos
2339 1152 2455 1207 telis
2486 1154 2770 1208 transfixus
2790 1194 2806 1220 ,
2835 1165 2888 1208 et
2935 1153 3115 1209 acrius
3156 1156 3473 1210 resultantes
3499 1156 3614 1222 gla-

2021 1243 2230 1297 diorum
2264 1243 2466 1298 ictibus
2495 1244 2718 1300 ail'ectos
2748 1245 3079 1314 opprimere.
3111 1244 3264 1311 Quod
3292 1258 3411 1298 eum
3443 1243 3615 1298 Chro-

2021 1333 2215 1387 dieldis
2271 1344 2558 1398 cerneret.
2604 1345 2820 1406 accepta
2887 1351 3048 1390 cruce
3103 1337 3408 1398 Dominica,
3460 1350 3615 1404 cujus

2022 1423 2169 1492 prius
2213 1426 2458 1480 virtutem
2485 1426 2824 1496 despexerat,
2860 1429 2909 1480 in
2957 1427 3170 1481 obviam
3219 1428 3491 1495 egreditur
3532 1429 3615 1482 di-

2021 1529 2146 1568 cens
2172 1532 2185 1567 :
2215 1516 2390 1570 Nolite
2415 1531 2578 1586 super
2601 1533 2708 1582 me,
2735 1533 2939 1588 quasso,
2967 1523 3074 1572 vim
3106 1520 3322 1585 inferre,
3347 1537 3466 1589 quas
3492 1538 3609 1575 sum

2020 1609 2230 1675 regina,
2286 1606 2392 1661 filia
2447 1609 2622 1678 regis,
2669 1610 2915 1680 regisque
2971 1611 3193 1666 alterius
3244 1614 3605 1679 consobrina;

2021 1697 2183 1752 nolite
2205 1699 2399 1764 facere,
2430 1699 2712 1767 nequando
2737 1701 2915 1754 veniat
2946 1701 3103 1772 505
3137 1712 3368 1772 tempus,
3394 1715 3444 1756 ut
3478 1706 3609 1759 ulci-

331 1817 450 1855 eam
512 1797 688 1868 gladio
740 1797 1024 1866 percutite.
1095 1792 1279 1848 Adfuit
1336 1801 1514 1845 autem
1570 1789 1760 1845 diebus
1795 1789 1914 1843 illis
1947 1811 1991 1870 Β
2019 1803 2140 1842 scar
2185 1805 2248 1843 ex
2275 1792 2449 1844 Vobis.
2485 1791 2811 1862 Sed'vulgus
2855 1795 3246 1863 parvipendens
3285 1811 3404 1864 qua:
3447 1796 3514 1850 ab
3541 1813 3604 1850 ea

334 1893 622 1948 Flavianus
665 1895 838 1957 nuper
883 1887 1215 1940 domesticus
1261 1883 1576 1948 ordinatus,
1621 1882 1775 1952 cujus
1813 1895 1916 1950 ope

330 1983 598 2038 abbatissa
627 1981 796 2034 sancti
831 1977 1014 2032 llilurii
1049 1977 1289 2043 ingressa
1333 1972 1605 2028 basilicam
1635 1971 1918 2026 abscondi-

332 2085 417 2130 tur
446 2073 578 2146 [Sic
607 2071 755 2133 Bm;
788 2071 860 2122 al.
889 2063 1186 2122 absdlvitur
1208 2065 1248 2137 ].
1296 2066 1440 2120 Inter
1486 2063 1693 2120 haecad
1739 2064 1919 2132 sepqu

331 2181 480 2222 crum
511 2173 710 2218 sanctae
744 2160 1081 2229 Radegundis
1109 2154 1394 2212 homicidia
1441 2165 1833 2224 perpetrantur,
1863 2161 1919 2207 et

333 2267 454 2310 ante
483 2255 652 2323 ipsam
697 2253 867 2308 beatas
895 2249 1084 2304 Crueis
1112 2261 1291 2302 arcam
1321 2246 1532 2316 quidam
1561 2259 1662 2314 per
1695 2243 1918 2298 seditio-

332 2363 454 2402 nem
483 2346 710 2398 truncati
729 2339 1162 2408 sum-Cumque
1190 2337 1278 2392 hic
1323 2336 1474 2390 furor
1501 2337 1917 2404 superveniente

331 2441 417 2494 die
442 2453 536 2505 per
569 2435 901 2490 Chrodieldis
928 2431 1230 2501 superbiam
1261 2436 1568 2498 augeretur,
1601 2435 1656 2482 et
1686 2427 1915 2480 assiduae

331 2529 505 2586 caides
535 2523 834 2594 et'reliquze
850 2526 1047 2593 'plagte,
1073 2536 1206 2591 quas
1231 2526 1390 2589 Supra
1415 2517 1853 2579 memoravimus,
1885 2529 1916 2569 a

333 2619 689 2677 seditionariis
719 2622 1155 2688 perpetrareutur
1180 2653 1195 2678 ,
1217 2621 1384 2680 atque
1427 2611 1494 2663 ita
1523 2607 1915 2677 btec‘jactantia

334 2712 615 2766 tumuisset
641 2720 696 2762 ιιι
735 2705 1109 2761 consobrinam
1141 2715 1293 2758 suam
1329 2700 1574 2754 Businam
1617 2697 1794 2753 altiori
1825 2711 1915 2750 co-

335 2801 527 2855 thurno
571 2797 911 2866 despiceret,
961 2793 1047 2847 illa
1100 2791 1471 2862 pmnitentiam
1521 2803 1683 2858 agere
1727 2786 1910 2856 erepit,

333 2893 515 2947 dicens
539 2883 765 2944 :Errevi
795 2883 1070 2955 sequendo
1115 2881 1450 2937 Chrodieldis
1485 2878 1917 2949 jactantiain;-et

334 2999 457 3041 ecce
508 2980 781 3052 despectui
829 2978 1027 3033 habeor
1056 2974 1358 3040 ab'eatl‘em,
1387 2983 1440 3029 et
1467 2971 1751 3027 abbatissae
1783 2983 1916 3049 mea:

335 3087 617 3131 contumax
654 3073 847 3128 existo.
890 3069 962 3124 Et
991 3065 1153 3140 ὕοι
1193 3077 1488 3128 conversa,
1523 3061 1818 3117 ltumiiiavit
1857 3073 1916 3112 se

334 3181 512 3221 coram
558 3162 846 3221 abbatissa.
878 3173 1134 3228 expetens
1167 3169 1350 3224 pacem
1399 3153 1546 3222 ejus;
1593 3149 1916 3219 fueruntque

337 3258 532 3328 pariter
558 3271 666 3310 uno
693 3253 872 3307 animo
895 3251 1188 3318 eademque
1214 3247 1507 3302 voluntate.
1535 3244 1771 3312 Denique
1797 3251 1917 3296 orto

339 3346 612 3410 seandalo,
643 3345 792 3414 pueri
841 3341 932 3412 qui
980 3355 1099 3394 enm
1126 3338 1395 3394 abbatissa
1425 3345 1598 3399 erant,
1628 3335 1754 3387 dum
1781 3331 1918 3386 sedi.

339 3441 466 3495 tioni
495 3453 654 3510 quam
691 3434 1031 3491 Chrodieldis
1058 3431 1238 3486 schola
1297 3425 1560 3502 [cretus]
1608 3424 1917 3491 commovit,

337 3533 671 3592 resisterent,
699 3541 920 3597 puerum
947 3524 1152 3577 Basinte
1182 3523 1507 3589 percutiunt,
1529 3519 1620 3586 qui
1649 3517 1844 3571 cecidit
1867 3526 1922 3570 et

339 3631 579 3676 mortuus
628 3631 730 3673 est.
791 3619 861 3672 At
903 3617 976 3669 illi
1025 3621 1148 3682 post
1194 3611 1520 3665 abbatissam
1550 3608 1614 3661 ad
1647 3607 1918 3661 basilicam

337 3709 655 3770 confessoris
695 3709 1028 3778 confugiunt,
1063 3716 1116 3760 et
1146 3704 1215 3757 ob
1261 3704 1361 3758 hoc
1394 3702 1582 3756 Basina
1614 3701 1795 3754 relicta
1826 3700 1922 3751 ab-

337 3805 530 3860 batissa
551 3803 827 3863 discessit;
859 3797 951 3852 sed
980 3797 1158 3868 pueris
1181 3796 1374 3850 iterum
1405 3809 1502 3863 per
1528 3793 1704 3862 fugam
1723 3791 1918 3860 lapsis,

337 3895 388 3951 iu
418 3907 547 3964 pace
565 3907 724 3963 quam
748 3891 894 3960 prius
923 3891 1218 3944 habuerant
1247 3885 1542 3942 redierunt.
1573 3885 1760 3939 Postea
1794 3897 1922 3938 vero

339 3987 519 4039 multa:
567 3983 709 4038 inter
752 3983 846 4034 has
887 3979 1100 4035 scholas
1133 3977 1423 4032 inimicitia:
1455 3984 1586 4030 ortu:
1617 3985 1759 4028 sunt.
1793 3973 1922 4041 Quis

339 4091 569 4145 unquam
621 4081 795 4126 tantas
845 4071 1026 4141 plagas
1057 4077 1352 4136 tantasque
1403 4073 1634 4135 strages,
1666 4064 1748 4117 vel
1778 4073 1922 4118 tanta

340 4167 475 4222 mala
505 4163 682 4218 verbis
724 4162 916 4230 poterit
965 4158 1258 4228 explicare,
1284 4155 1373 4209 tibi
1405 4155 1494 4208 vix
1527 4153 1922 4223 praeteriit'dies

339 4263 455 4317 sine
505 4257 829 4319 homicidio,
861 4256 990 4308 liora
1046 4252 1162 4307 sine
1212 4253 1417 4321 jurgi‘o,
1449 4250 1532 4305 vel
1592 4259 1921 4304 momentum

339 4355 552 4425 aliquod
584 4354 714 4408 sine-
744 4351 900 4405 fletu!
937 4348 1058 4402 llaec
1088 4358 1263 4400 autem
1310 4344 1685 4400 Chiidcb‘ertus
1716 4355 1805 4398 rex
1839 4357 1922 4396 au-

341 4451 513 4513 diens,
543 4443 860 4513 legationem
903 4441 965 4492 ad
1007 4437 1464 4492 Guntchramnum
1497 4435 1922 4502 regem'dirextt,

343 4551 396 4594 ut
422 4533 892 4604 scilicettepiscOpi
920 4532 1189 4601 conjuncti
1221 4528 1290 4582 de
1334 4538 1559 4596 utroque
1590 4541 1775 4596 regno,
1798 4526 1923 4580 haec

342 4645 457 4699 quae
489 4627 806 4693 gerebantur
834 4623 1112 4678 sanctione
1155 4619 1922 4674 canonicaemendarem.Ob

345 4726 475 4776 hanc
512 4734 726 4776 causam
770 4715 1145 4771 Cbildebertus
1189 4729 1280 4768 rex
1313 4711 1701 4768 mediocritatis
1727 4719 1923 4764 nostras

346 4828 662 4883 personant,
711 4825 831 4864 cum
886 4807 1182 4876 Ebrcgisilo
1219 4814 1243 4842 ⁸·
1279 4803 1652 4874 Agrippinensi
1705 4813 1754 4858 et
1808 4803 1921 4870 ipso

344 4906 486 4959 urbis
510 4904 738 4957 l’ictavte
767 4900 1012 4953 Maroveo
1040 4913 1291 4966 episcopo
1317 4897 1480 4966 jussit
1510 4898 1727 4958 adesse;
1757 4894 1926 4948 Gunt-

342 4995 626 5048 (‘hl‘dillnlli
652 5007 778 5045 vero
807 5005 894 5043 rex
919 4987 1321 5056 Gundegisilnm
1341 4983 1786 5052 Burdegalensem
1804 4999 1922 5037 cum

344 5085 756 5156 provincialibus
783 5083 916 5145 suis,
945 5095 1013 5136 eo
1060 5081 1202 5150 quod
1251 5079 1365 5148 ipse
1407 5076 1718 5146 metropolis
1747 5075 1772 5114 δ
1802 5077 1924 5130 huic

343 5179 457 5232 urbi
503 5185 666 5231 esset.
727 5173 835 5228 Sed
877 5187 975 5226 nos
1021 5173 1280 5227 resultare
1332 5172 1635 5239 cmpimus,
1683 5168 1924 5225 dicentes

341 5269 478 5337 quini
530 5281 632 5320 non
673 5264 1052 5321 accederemus
1098 5265 1161 5316 ad
1217 5266 1355 5315 hunc
1399 5263 1594 5322 locum,
1632 5261 1732 5316 nisi
1785 5277 1923 5315 smva

343 5360 554 5423 seditio,
588 5373 704 5427 qua:
728 5373 822 5426 per
843 5356 1220 5412 Cbrodieldem
1244 5355 1498 5420 surrexit,
1519 5353 1718 5424 judicis
1748 5354 1931 5408 diStri-

419 5525 444 5552 ι
476 5515 687 5581 Regm.,
723 5509 1055 5579 Eberegisilo.
1087 5509 1174 5581 Sic
1196 5509 1389 5563 dicitur
1417 5511 1470 5563 in
1503 5509 1593 5563 lib.
1615 5508 1720 5581 lt‘le
1742 5507 1922 5562 Gloria

343 5585 522 5650 Marb,
545 5579 662 5651 cap.
689 5583 779 5638 63.
805 5583 1070 5636 Successit
1090 5580 1435 5646 Chareutino,
1463 5591 1518 5634 ut
1544 5596 1608 5634 ex
1636 5579 1925 5651 Fortunato

341 5657 585 5709 Coiutius
613 5650 820 5720 probat,
850 5654 973 5706 licet
1016 5654 1065 5704 in
1095 5653 1352 5722 catalogis
1382 5653 1611 5722 vulgatis
1643 5650 1925 5720 Ebregesi-

346 5727 427 5781 lus
447 5723 775 5780 Charentin
800 5733 1165 5792 praeponatur.

1954 4565 2004 4627 D

2022 1878 2353 1939 dicebantur.
2390 1881 2620 1941 irruens.
2657 1891 2713 1934 ιιι
2738 1882 2994 1946 diximus,
3025 1899 3183 1951 supra
3217 1887 3314 1937 hos
3341 1885 3604 1937 resultan-

2024 1981 2102 2026 tes
2131 2014 2145 2036 ,
2173 1975 2380 2028 vinctos
2422 1977 2744 2030 monasterio
2782 1986 3155 2041 extraxerunt,
3189 1993 3251 2031 ac
3283 1978 3356 2033 ad
3403 1980 3610 2048 Stipites

2020 2075 2289 2127 extensos,
2321 2067 2638 2136 gravissime
2687 2081 2872 2134 cze~os,
2904 2069 3025 2121 aliis
3067 2071 3310 2132 caesarie,
3345 2070 3465 2123 aliis
3495 2086 3607 2124 ma-

2022 2161 2199 2228 nibus,
2237 2161 2508 2215 nonnullis
2557 2161 2770 2216 auribus
2801 2162 3127 2233 naribusque
3172 2162 3391 2229 decisis,
3417 2164 3610 2217 seditio

2021 2250 2275 2319 depressa
2317 2254 2538 2320 quievit.
2567 2253 2718 2308 'l‘unc
2746 2253 3102 2310 residentibus
3126 2255 3491 2309 sacerdotibus
3520 2255 3610 2321 qui

2019 2346 2246 2400 aderant
2292 2359 2451 2412 super
2498 2345 2725 2399 tribunal
2760 2345 3037 2413 Ecclesize,
3066 2347 3235 2403 adfuit
3265 2347 3609 2403 Chrodie'dis

2021 2437 2184 2491 multa
2209 2437 2260 2490 in
2289 2436 2609 2491 abbatissam
2633 2437 2842 2506 jactans
2863 2437 3105 2492 convicia
3131 2452 3248 2492 cum
3268 2438 3609 2504 criminibus,

2020 2541 2269 2582 asserens
2301 2542 2416 2581 eam
2449 2530 2620 2581 virum
2654 2529 2850 2582 habere
2879 2530 2931 2582 in
2961 2530 3308 2592 monasterio,
3333 2531 3422 2599 qui
3453 2531 3607 2584 indu-

2021 2632 2106 2675 tus
2136 2623 2450 2676 veSIimenta
2471 2622 2773 2688 muliebria,
2801 2637 2894 2692 pro
2925 2621 3118 2677 femina
3151 2622 3459 2688 haberetur,
3482 2639 3603 2677 enm

2019 2721 2166 2768 esset
2195 2710 2280 2775 vi:
2303 2711 2741 2767 manifestissime
2767 2712 3091 2777 declaratus,
3118 2721 3277 2780 atque
3316 2712 3416 2781 ipsi
3445 2711 3609 2764 abba-

2021 2805 2166 2857 tisse:
2207 2802 2553 2857 famularetur
2582 2803 2832 2870 assidue,
2864 2803 3103 2858 indicans
3148 2816 3271 2858 eum
3302 2802 3504 2869 digito:
3533 2803 3609 2855 En

2019 2894 2215 2965 ipsum.
2244 2893 2344 2962 Qui
2367 2908 2486 2947 cum
2512 2893 2564 2948 in
2592 2901 2763 2956 veste,
2790 2892 3120 2960 dt‘diximus,
3147 2890 3396 2946 muliebri
3423 2906 3604 2945 coram

2021 2985 2270 3040 omnibus
2296 2984 2589 3049 astitisset,
2619 2982 2753 3037 dixit
2779 2997 2840 3036 se
2870 2982 3070 3036 nuilum
3100 2993 3421 3050 opus'posse
3447 2979 3607 3034 virile

2021 3091 2205 3145 agere,
2228 3076 2454 3145 ideoque
2481 3075 2579 3130 sibi
2609 3074 2712 3131 ho‘c
2763 3076 3130 3130 indumentum
3161 3082 3406 3143 aptasse;
3441 3074 3608 3128 abba-

1944 3183 1991 3248 ο
2024 3166 2203 3220 tissam
2227 3180 2356 3220 vero
2385 3161 2594 3220 nonnisi
2621 3174 2825 3219 tantum
2850 3164 3070 3220 nomine
3094 3179 3274 3230 nosse,
3300 3179 3463 3234 seque
3485 3181 3604 3219 eam

2023 3271 2293 3324 nunquam
2318 3255 2541 3321 vidisse,
2573 3265 2746 3326 neque
2774 3269 2895 3310 cum
2928 3255 3117 3311 eadem
3148 3255 3471 3325 colloquium
3506 3257 3608 3309 ba-

2021 3346 2202 3402 bnisse
2249 3348 2523 3416 proicssus
2571 3356 2688 3412 est,
2737 3346 3031 3414 praesertim
3076 3359 3196 3399 cum
3245 3345 3331 3399 hic
3382 3348 3616 3414 amplius,

2023 3455 2179 3510 quam
2208 3440 2554 3510 quadraginta
2586 3441 2652 3492 ab
2682 3438 2813 3492 urbe
2845 3437 3054 3491 Pictava
3100 3436 3336 3492 millibus
3365 3435 3607 3504 degeret.

2025 3529 2187 3599 igitur
2218 3529 2542 3584 abbatissam
2587 3529 2655 3583 de
2703 3531 2805 3582 isto
2846 3527 3070 3583 crimine
3114 3543 3219 3582 nun
3259 3526 3613 3591 convincens,

2023 3619 2217 3688 adjecit
2243 3638 2254 3672 :
2283 3619 2410 3687 Quae
2455 3620 2596 3674 enim
2627 3619 2881 3674 sanctitas
2910 3619 3097 3673 in‘bac
3126 3617 3396 3672 abbatissa
3425 3632 3608 3670 versa-

2023 3718 2131 3779 tur,
2161 3725 2282 3778 qua:
2331 3710 2476 3763 virus
2521 3709 2795 3763 eunuchos
2831 3705 2998 3772 facit,
3031 3717 3084 3761 et
3131 3720 3312 3761 secum
3366 3706 3622 3761 habitare-

2025 3802 2284 3872 imperiali
2317 3812 2340 3840 θ
2373 3800 2564 3856 ordine
2614 3800 2892 3869 praecipit?
2940 3799 3270 3867 Interrogata
3314 3799 3618 3864 abbatissa,

2023 3907 2085 3948 se
2111 3893 2178 3949 de
2217 3892 2548 3946 bac'rntione
2580 3891 2710 3945 nihil
2743 3892 2880 3946 scire
2912 3890 3209 3957 reSpondit.
3252 3892 3456 3945 interea
3484 3906 3605 3944 cuni

2025 3983 2140 4038 hinc
2167 3997 2362 4037 nomen
2395 3981 2544 4051 pueri
2563 3981 2805 4034 eunuchi
2847 3980 3170 4046 protulisset,
3204 3981 3608 4035 adfuit'lieova-

2027 4074 2091 4128 lis
2135 4072 2419 4136 archiater,
2448 4071 2633 4125 dicens
2659 4087 2673 4123 :
2702 4072 2837 4126 Puer
2889 4073 2986 4126 iste
3033 4073 3286 4140 parvulus
3315 4085 3432 4125 cum
3463 4080 3611 4124 esset

2025 4173 2079 4219 et
2101 4164 2463 4217 inﬁrmaretur
2490 4163 2543 4215 in
2565 4161 2801 4227 femore,
2828 4161 3147 4228 desperatus
3186 4160 3348 4230 erepit
3382 4160 3615 4224 haberi;

2027 4265 2199 4310 mater
2226 4270 2434 4324 quoque
2460 4254 2576 4324 ejus
2600 4261 2840 4309 sanctam
2869 4252 3246 4321 Radcgundem
3273 4250 3458 4317 adivit,
3485 4261 3539 4305 tit
3559 4252 3614 4309 ei

2011 4347 2242 4417 aliquod
2273 4346 2521 4399 studium
2531 4343 2748 4413 jub'eret
2778 4342 3033 4411 impendi.
3053 4343 3126 4396 At
3157 4341 3373 4408 illa,'m‘e
3395 4353 3614 4407 vocato,

2011 4437 2182 4509 jussit
2207 4447 2261 4491 ut
2305 4437 2350 4490 si
2403 4437 2600 4504 possim
2651 4434 2875 4503 aliquid,
2906 4433 3243 4503 adiuvarem.
3294 4431 3444 4485 Tunc
3487 4446 3623 4499 cgo,_

2031 4530 2170 4584 sicut
2219 4528 2488 4598 quondam
2543 4525 2682 4595 apud
2735 4521 3617 4591 urbem:Constantin‘opolitanam

2029 4619 2264 4675 medicos
2283 4632 2440 4688 agere
2465 4629 2872 4684 conspexeram,
2901 4613 3083 4666 incisis
3105 4611 3362 4666 testiculis
3391 4623 3614 4677 puerum

2013 4724 2218 4766 sanum
2265 4707 2510 4778 genitrici
2556 4714 2762 4760 moestas
2812 4702 3048 4758 restitui.
3085 4699 3216 4756 Nam
3253 4702 3388 4755 nihil
3417 4702 3484 4756 de
3515 4700 3614 4755 hac

2028 4817 2189 4856 causa
2237 4797 2560 4853 abbatissam
2609 4797 2746 4850 scire
2791 4794 3036 4864 cognovi.
3083 4793 3188 4848 Sed
3240 4809 3360 4848 cum
3413 4806 3512 4846 nec
3542 4793 3614 4846 de

2031 4895 2133 4950 hac
2161 4910 2219 4949 re
2261 4893 2527 4946 abbatissa
2577 4891 2832 4962 potuisset
2877 4889 3158 4958 culpabilis
3207 4891 3450 4958 reperiri,
3483 4891 3618 4942 alias

2031 4988 2190 5057 cmpit
2223 4985 2556 5042 Chrodieldis
2586 4985 2880 5040 calumnias
2917 4998 3088 5038 saevas
3132 4982 3363 5037 inferre:
3390 4997 3614 5050 quarunt

2034 5080 2360 5136 assertiones
2401 5078 2563 5150 506
2606 5077 3120 5146 responsionesque,
3153 5075 3273 5143 quia
3301 5075 3354 5126 in
3381 5071 3615 5140 judi-in,

2034 5169 2175 5240 quod
2202 5178 2387 5223 contra
2409 5167 2622 5222 easdem
2652 5166 2911 5234 scriptum
2946 5175 3045 5229 est,
3081 5165 3341 5216 habentur
3372 5163 3615 5228 insertse,

2037 5263 2201 5332 ipsius
2224 5260 2388 5328 magis
2418 5257 2738 5327 exemplaria
2769 5256 2979 5312 lectioni
3013 5255 3164 5307 libuit
3195 5250 3400 5306 indere.

2102 5508 2129 5547 ε’
2151 5508 2253 5563 Ed.
2268 5507 2512 5579 plerique
2524 5518 2576 5563 et
2588 5507 2789 5567 Casin.,
2816 5501 3258 5579 metropolitani“;
3277 5502 3496 5579 perinde
3513 5512 3616 5579 est.

2107 5589 2130 5617 ε
2157 5574 2368 5648 Hegin.,
2391 5574 2616 5643 nuptiati
2656 5579 2851 5628 ordine.
2889 5574 3083 5648 Melior
3111 5583 3193 5628 est
3225 5586 3405 5628 nostra
3437 5575 3613 5627 lectio.

2032 5646 2314 5730 A_llu_debat
2363 5653 2563 5730 quippe
2604 5647 2669 5730 ad
2713 5660 2918 5730 morem
2969 5646 3268 5730 antiquum,
3309 5660 3415 5717 quo
3443 5658 3618 5699 eunu-

2033 5724 2120 5778 chi
2150 5717 2579 5794 ituperatricibus
2601 5717 2908 5774 ministrare
2938 5717 3207 5772 Solebant.
