3974 6174
363 228 463 286 δΠ

726 355 758 394 Β
768 356 790 390 Κ
801 350 1011 393 ΙΝΙῙἾΑΙῙ
1038 349 1225 389 JUDlCll
1255 347 1564 388 EARUMDEI.

442 433 578 488 XVI.
608 451 626 483 ι
656 430 873 485 Dorionis
894 426 1285 494 gloriosissimis
1316 426 1552 494 regibus,
1583 421 1817 492 episcopi
1847 422 1937 490 qui

369 524 666 579 adfuerunt.
721 522 951 588 Propitia
983 518 1258 572 divinitate
1279 555 1293 580 ,
1337 517 1438 584 piis
1476 526 1634 582 atque
1663 514 1941 567 catholicis

370 615 565 684 populo
591 614 729 666 datis
772 610 1124 680 principibus,
1161 611 1352 678 quibus
1380 622 1632 661 concessa
1657 615 1738 660 est
1769 607 1940 675 regio,

371 705 667 760 rectissime
693 720 818 757 suas
845 718 1036 756 causas
1067 701 1316 772 patefacit
1343 699 1528 770 religio
1556 717 1568 752 :
1602 698 1900 766 intelligens
1925 736 1943 762 ,

372 806 712 851 socrosancto
755 795 1100 863 participante
1133 793 1372 860 Spiritu,
1421 805 1607 845 eorum
1651 788 1741 857 qui
1768 788 1947 842 domi-

373 897 566 941 nantur
594 902 652 941 se
681 886 871 941 sociari
905 896 958 939 et
985 882 1313 940 constabiliri
1348 882 1584 936 decreto.
1633 880 1700 933 Et
1728 880 1850 949 quia
1881 894 1947 933 ex

373 978 618 1048 iussione
660 978 936 1044 potestatis
972 986 1188 1038 vestrae,
1221 989 1341 1027 cum
1372 972 1436 1026 ad
1467 972 1735 1025 Pictavam
1765 969 1950 1022 civita-

375 1078 480 1120 tem
515 1082 611 1135 pro
632 1066 1028 1119 conditionibus
1059 1063 1367 1117 monasierii
1398 1070 1597 1114 sancta:
1624 1059 1952 1114 recordatio-

378 1161 460 1213 nis
501 1158 844 1226 Radegundis
881 1173 1259 1218 ronvemmus,
1307 1164 1361 1208 nt
1405 1155 1775 1208 altercationes
1818 1153 1954 1204 inter

379 1250 700 1303 abbatissam
729 1249 964 1315 ejusdem
1009 1247 1340 1302 monasterii.
1374 1246 1456 1300 vel
1489 1243 1796 1311 monachus,
1837 1257 1956 1309 qure

383 1339 451 1392 de
491 1355 609 1406 ipso
645 1353 805 1408 grege
853 1355 955 1391 non
999 1339 1196 1392 salubri
1234 1337 1616 1392 deliberatione
1663 1349 1959 1403 progressae

381 1439 546 1495 sunt,
601 1429 731 1498 ipsis
789 1428 1211 1496 disceptantibus
1268 1440 1564 1497 agnoscere
1617 1425 1956 1479 deberemus.

393 1519 639 1574 Evocatis
685 1520 943 1588 partibus,
1010 1520 1331 1588 interrogata
1397 1515 1703 1570 Chrodieldi
1742 1514 1827 1568 vel
1859 1514 1962 1567 Ba-

382 1613 502 1665 sina
527 1621 574 1678 ι,
607 1627 770 1680 quare
793 1621 896 1664 tam
928 1610 1178 1664 audacter
1205 1619 1387 1663 contra
1419 1623 1568 1662 suam
1596 1607 1852 1676 regulam,
1886 1606 1964 1660 lo-

1353 220 1410 276 S.
1454 215 1780 276 GREGORII
1825 214 2124 271 El‘lSCOl‘l
2169 208 2598 268 'l'l‘llfiNlﬂNSlS
2769 277 2780 286 ν

1965 335 2013 389 Α
2041 326 2338 380 canoni‘nus
2365 323 2561 386 retulit,
2603 319 2697 375 sed
2724 318 2788 372 ad
2816 315 3106 386 jussionem
3135 312 3506 382 episcoporum
3533 325 3610 363 re-

3509 191 3604 245 558

2044 418 2288 488 promisit
2313 461 2329 481 ,
2378 418 2586 471 cervice
2606 430 2676 469 "se
2703 414 2893 467 inflexa
2924 427 3018 478 per
3048 405 3437 476 pmnitentiam,
3467 405 3612 472 quid-

2043 511 2166 580 quid
2209 510 2494 580 juberetur
2532 508 2778 576 implere.
2831 504 2906 557 De
2944 501 3205 556 conviviis
3247 499 3407 552 etiam
3437 497 3526 561 ait,
3561 510 3617 551 sc

2045 604 2242 657 nullam
2301 616 2489 655 novam
2547 600 2742 653 fecisse
2794 593 3272 651 consuetudinem,
3329 589 3431 642 nisi
3487 587 3618 640 sicut

2045 704 2220 749 actum
2254 703 2336 748 est
2368 693 2468 746 sub
2499 692 2689 744 domna
2737 687 3094 755 'ladegunde;
3140 697 3200 736 se
3227 679 3544 735 Christianis
3567 677 3622 731 li-

2047 785 2253 838 delibus
2283 784 2524 852 eulogias
2559 781 2842 842 obtulisse,
2888 792 2987 830 nec
3018 776 3117 830 sibi
3152 771 3487 840 comprobari
3511 785 3622 823 cum

2049 874 2154 928 illis
2195 875 2461 928 ullatenus
2515 873 2853 927 convivasse.
2912 870 2985 923 De
3039 865 3381 935 sponsalibus
3426 877 3627 933 quoque

2050 967 2144 1030 ait,
2175 981 2355 1020 coram
2392 964 2664 1029 pontifice,
2712 962 2860 1016 clero
2891 960 2969 1013 vel
3002 957 3330 1021 senioribus,
3365 971 3460 1024 pro
3481 965 3631 1020 nepte

2051 1071 2145 1110 sua
2193 1054 2488 1121 orphanula
2529 1054 2719 1106 arrhas
2759 1055 3034 1120 accepisse
3064 1067 3076 1100 :
3106 1057 3161 1102 et
3203 1056 3384 1101 tamen
3433 1045 3477 1098 si
3526 1045 3631 1099 lucc

2054 1133 2207 1217 culpa
2255 1148 2346 1213 sit,
2377 1147 2588 1200 veniam
2619 1160 2677 1198 se
2719 1159 2901 1199 coram
2947 1142 3161 1197 cunctis
3195 1148 3378 1209 petere
3408 1139 3633 1207 professa

2055 1248 2174 1303 est;
2207 1248 2382 1292 tamen
2427 1251 2525 1291 nec
2557 1245 2683 1290 tunc
2721 1233 3024 1288 convivium
3063 1234 3115 1288 in
3151 1231 3478 1286 monasterio
3507 1228 3637 1284 fece-

2034 1320 2147 1383 'rit.
2189 1330 2262 1383 De
2308 1329 2446 1397 palla
2483 1327 2623 1396 quod
2674 1334 3013 1394 reputarent,
3062 1325 3288 1392 protulit
3331 1321 3635 1376 monacham

2059 1422 2288 1477 nobilem
2333 1436 2450 1489 qua:
2486 1421 2533 1474 ei
2569 1419 2849 1474 mafortem
2878 1416 2896 1456 τ
2923 1417 3318 1480 bolosericum,
3367 1427 3522 1484 quem
3579 1415 3640 1467 de

2063 1514 2374 1584 parentibus
2430 1511 2643 1577 detulit,
2697 1509 2934 1564 muneris
2983 1522 3147 1562 causa
3198 1504 3547 1569 concesserit,
3592 1509 3643 1556 et

2066 1605 2189 1660 inde
2220 1615 2426 1673 partem
2450 1602 2788 1666 abscidisset,
2814 1599 2952 1654 unde
2982 1599 3122 1669 quod
3148 1597 3316 1652 vellet
3344 1605 3399 1652 et
3431 1596 3639 1658 faceret;

385 1703 533 1757 ribus
564 1701 873 1757 monasterii
905 1700 1219 1764 contractis,
1251 1699 1634 1762 disceSserant,
1666 1706 1720 1751 et
1751 1695 1847 1749 hac
1876 1710 1966 1750 oc-
1996 1687 2039 1744 Β
2070 1696 2136 1751 de
2179 1697 2384 1764 reliquo
2417 1709 2548 1750 vero
2575 1701 2830 1763 quantum
2860 1701 3225 1760 Opportunum
3257 1689 3376 1756 fuit,
3407 1687 3470 1741 ad
3497 1699 3641 1740 orna-

385 1793 602 1846 easione
644 1792 982 1860 congregatio
1010 1792 1238 1844 adunata
1283 1787 1506 1842 discissa
1553 1787 1645 1840 sit.
1692 1785 1822 1851 ane
1854 1799 1968 1838 res-

390 1883 708 1951 pendentes,
757 1881 1016 1950 professa:
1046 1890 1167 1935 sunt
1217 1879 1390 1944 lamis,
1429 1877 1706 1946 nuditatis,
1750 1877 1970 1944 insuper

391 1984 445 2027 et
492 1973 655 2027 cazdis
700 1987 758 2026 se
788 1972 899 2040 jam
943 1987 1046 2026 non
1095 1970 1234 2026 ferre
1281 1969 1608 2039 periculum;
1655 1967 1970 2038 adjicieutes

390 2064 576 2128 etiam,
608 2079 671 2116 eo
698 2063 838 2133 quod
870 2063 1069 2117 diversi
1100 2061 1126 2100 δ
1153 2063 1334 2116 earum
1367 2061 1419 2114 in
1448 2061 1639 2114 balneo
1667 2059 1973 2113 lavarentur

395 2151 705 2220 ineongrue,
747 2151 813 2204 ad
847 2151 1078 2203 tabulam
1111 2151 1222 2218 ipsa
1255 2149 1458 2211 luserit,
1501 2158 1660 2216 atque
1688 2147 1974 2201 saeculares

399 2257 518 2296 cum
550 2243 820 2296 abbatissa
853 2242 1154 2306 reﬁcerent,
1187 2239 1345 2293 etiam
1377 2239 1641 2306 sponsalia
1674 2238 1725 2292 in
1759 2252 1974 2292 monas-

394 2335 533 2390 terio
592 2334 726 2388 facta
780 2333 921 2396 sint;
983 2333 1050 2386 de
1105 2330 1240 2399 palla
1301 2330 1601 2384 holoscrica
1657 2329 1975 2383 vestimenta

397 2425 541 2493 nepti
567 2434 589 2462 ο
620 2437 730 2476 sua:
753 2423 1033 2476 temerarie
1060 2420 1274 2484 fecerit;
1310 2420 1487 2473 foliola
1508 2435 1690 2484 aurea,
1721 2434 1840 2488 quae
1864 2420 1978 2472 fue-

399 2524 518 2568 rant
549 2514 599 2567 in
625 2528 753 2583 gyro
776 2512 954 2580 pallze,
979 2511 1276 2565 inconsulte
1298 2509 1573 2563 sustulerit
1598 2517 1652 2563 et
1681 2509 1748 2562 ad
1781 2509 1975 2563 collum

401 2603 573 2670 neptis
616 2615 726 2654 sua:
772 2603 1067 2654 l'acinorose
1113 2600 1485 2670 suspenderit;
1532 2600 1716 2653 vittam
1745 2599 1812 2654 de
1850 2614 1980 2654 auro

398 2702 731 2756 exornatam,
762 2693 932 2747 eidem
971 2693 1113 2761 nepti
1143 2707 1254 2746 suas
1280 2691 1551 2757 superflue
1581 2691 1761 2744 iecerit
1787 2709 1803 2756 ;
1854 2689 1978 2742 bar—

404 2787 639 2842 batorias
667 2782 693 2820 ἀ
717 2782 860 2838 intus
893 2799 958 2838 eo
997 2782 1138 2852 quod
1167 2783 1537 2837 celebraveit.
1589 2780 1983 2850 lnterrogantes

400 2880 749 2945 abbatissam,
807 2879 932 2948 quid
989 2877 1055 2930 ad
1110 2876 1223 2931 hac
1275 2877 1638 2944 reSponderet,
1698 2877 1872 2930 dixit:
1909 2876 1983 2932 De

404 2969 544 3024 fame
573 2968 712 3037 quod
741 2976 1158 3035 conqueruntur,
1209 2967 1497 3020 secundum
1540 2967 1681 3030 quod
1727 2965 1982 3034 temporis

2075 1796 2191 1840 tum
2222 1787 2409 1840 altaris
2461 1787 2652 1854 pallam
2683 1783 2947 1854 condigne
2990 1780 3328 1844 condiderit;
3375 1788 3430 1834 et
3465 1777 3532 1832 de
3560 1777 3640 1830 illa

2075 1878 2362 1932 inscissura
2391 1893 2512 1946 qum
2543 1876 2699 1946 pallze
2727 1874 3012 1944 superfuit,
3039 1886 3334 1941 purpuram
3368 1869 3511 1938 nepti
3541 1883 3642 1922 sua:

2073 1973 2126 2027 in
2159 1971 2336 2027 tunica
2365 1970 2625 2040 posuerit,
2653 1983 2814 2038 quam
2843 1967 2914 2021 ibi
2949 1965 3171 2021 dedisse
3209 1963 3365 2027 dixit,
3410 1977 3515 2031 quo
3541 1978 3645 2016 mo-

2073 2061 2311 2117 nasterio
2366 2060 2584 2128 proluit,
2634 2073 2754 2128 quas
2795 2073 2889 2126 per
2914 2059 3091 2113 omnia
3139 2057 3389 2112 donatrix
3434 2055 3645 2111 Ddimia

2073 2151 2432 2206 continuavit.
2486 2150 2561 2204 De
2612 2148 2805 2202 foliolis
2831 2149 3014 2204 aureis
3056 2158 3111 2203 et
3150 2149 3280 2202 vitta
3324 2163 3454 2201 auro
3496 2158 3646 2200 exoro

2077 2255 2201 2299 nata
2233 2253 2283 2311 ε,
2315 2243 2620 2297 Macconem
2665 2241 2915 2294 [amulum
2952 2249 3196 2295 vestrum
3238 2249 3550 2310 praesentem
3581 2252 3648 2291 le-

2079 2344 2218 2389 stem
2248 2333 2526 2396 adhibuit,
2567 2346 2634 2386 eo
2663 2331 2802 2398 quod
2835 2345 2931 2400 per
2956 2345 3176 2384 manum
3225 2330 3343 2399 ejus
3371 2331 3438 2384 ab
3465 2344 3648 2398 sponsu

2076 2425 2267 2494 puellae
2311 2423 2579 2490 praedicta:
2621 2424 2799 2491 neptis
2841 2437 2952 2477 sua:
2983 2422 3171 2491 viginti
3201 2421 3403 2477 solidos
3432 2419 3646 2487 accepit,

2080 2515 2221 2569 unde
2251 2514 2353 2568 hoc
2385 2514 2592 2582 publice
2619 2514 2823 2578 fecerit,
2857 2528 2957 2568 nec
2979 2514 3046 2568 de
3071 2528 3130 2567 re
3157 2510 3466 2568 monasterii
3497 2511 3646 2580 508

2080 2605 2370 2674 quidquam
2396 2603 2467 2658 ibi
2491 2604 2803 2673 permistum
2829 2604 2919 2658 sit.
2952 2604 3285 2673 Interrogata
3331 2599 3647 2656 Cbrodieldis

2081 2712 2200 2751 cum
2227 2695 2441 2754 Basina,
2468 2695 2512 2748 si
2542 2695 2764 2749 forsitan
2789 2695 2990 2761 aliquid
3014 2695 3324 2763 abbatissa},
3347 2692 3483 2763 quod
3505 2692 3648 2758 absit,

2080 2785 2324 2838 adulterii
2355 2793 2691 2852 reputarent,
2721 2786 2834 2838 sive
2863 2784 2987 2852 quid
3039 2783 3320 2838 homicidii
3351 2782 3434 2838 vel
3461 2780 3647 2836 maleli.

2082 2875 2150 2928 cii
2197 2873 2402 2939 fecerit,
2450 2882 2542 2927 aut
2581 2875 2783 2928 crimen
2837 2874 3070 2942 capitale
3115 2889 3227 2944 quo
3275 2883 3647 2943 percuteretur,

2085 2965 2379 3031 edicerent,
2433 2967 2821 3034 respondentes
2853 2967 3195 3034 protulerunt
3226 2981 3330 3022 non
3363 2966 3552 3019 habere
3595 2977 3647 3016 se

407 3059 629 3129 penuria
663 3059 1011 3126 permitteret.
1059 3073 1324 3125 nunquam
1358 3059 1487 3123 ipsa:
1517 3056 1734 3110 nimiam
1766 3067 1974 3127 egesta-
2011 3053 2054 3112 C
2089 3055 2308 3126 aliquid,
2353 3057 2451 3110 nisi
2490 3072 2583 3126 per
2612 3058 2726 3111 hmc
2751 3073 2869 3127 quae
2913 3058 3163 3112 dixerant
3207 3073 3326 3114 eam
3357 3059 3452 3112 ista
3482 3056 3653 3112 fecisse

405 3161 510 3204 tem
543 3149 892 3227 pertulerunt.
935 3149 1010 3202 De
1036 3148 1355 3203 vestimento
1401 3164 1526 3203 vero
1565 3147 1697 3202 dixit
1728 3164 1742 3202 :
1773 3148 1830 3203 Si
1867 3151 1984 3217 quis

407 3255 591 3294 earum
641 3239 924 3293 art'ellulas
972 3248 1324 3302 scrutaretur,
1379 3239 1610 3306 amplius
1646 3254 1739 3294 eas
1791 3241 1985 3294 habere

406 3346 566 3399 quam
623 3335 920 3385 necessitas
964 3331 1247 3400 indigeret.
1290 3330 1364 3385 De
1414 3331 1598 3384 balneo
1637 3345 1786 3395 vero,
1828 3331 1985 3402 507

406 3423 547 3490 quod
580 3430 966 3490 opponeretur,
1017 3422 1194 3476 retulit
1245 3422 1345 3475 hoc
1392 3421 1588 3474 factum
1632 3421 1820 3476 diebus
1850 3427 1990 3489 Ωιιι-

411 3513 726 3579 dragesimaa
762 3522 807 3577 ο,
843 3522 897 3565 et
930 3526 1025 3579 pro
1055 3513 1216 3566 calcis
1248 3512 1632 3577 amaritudine,
1665 3527 1731 3566 ne
1767 3512 1990 3565 lavanti-

411 3606 511 3656 bus
542 3610 758 3655 noceret
785 3604 989 3656 novitas
1019 3603 1186 3671 ipsius
1219 3603 1455 3666 fabricae,
1483 3603 1706 3670 jussisse
1737 3603 1988 3658 domnatn

413 3694 813 3763 Radegundem.
857 3705 913 3748 ut
941 3694 1236 3750 servientes
1277 3699 1603 3762 monasterii,
1656 3697 1862 3764 publice
1893 3697 1992 3754 hoc

413 3787 711 3851 visitarent,
770 3786 940 3840 donec
989 3787 1162 3841 omnis
1208 3787 1342 3840 odor
1386 3787 1612 3841 nocendi
1670 3787 1989 3844 discederet.

417 3875 570 3942 Quod
599 3891 692 3942 per
718 3875 1188 3948 Quadragesimam
1219 3892 1388 3945 usque
1428 3877 1494 3930 ad
1539 3877 1908 3932 Pentecostem
1939 3876 1992 3931 in

418 3981 516 4018 usu
559 3965 770 4020 famulis
811 3967 988 4020 fuerit.
1032 3966 1112 4020 Ad
1153 3968 1267 4020 hmc
1313 3964 1647 4020 Chrodieldis
1679 3968 1991 4035 respondit:

422 4058 487 4111 Et
519 4067 696 4125 postea
729 4058 976 4111 similiter
1009 4058 1159 4112 multi
1191 4073 1287 4126 per
1315 4069 1554 4126 tempora
1585 4058 1848 4113 laverunt.
1894 4059 1996 4112 Re-

419 4148 539 4200 tulit
583 4147 848 4201 abbatissa
890 4162 948 4202 se
988 4162 1085 4202 nec
1117 4148 1346 4217 probare
1373 4147 1513 4216 quod
1545 4147 1816 4214 dicerent,
1855 4159 1908 4203 et
1939 4165 1998 4205 se

421 4239 632 4291 nescire
658 4253 723 4291 an
759 4237 951 4292 factum
984 4240 1073 4293 sit.
1110 4239 1214 4293 Sed
1241 4239 1414 4294 adhuc
1453 4239 1730 4308 inculpans
1758 4241 1996 4306 easdem,

417 4328 562 4396 quod
591 4330 637 4383 si
663 4330 789 4398 ipsa:
821 4329 1099 4395 vidissent,
1129 4345 1224 4384 cur
1248 4331 1529 4384 abbatissae
1554 4346 1656 4383 non
1687 4331 1995 4400 proderent.

2085 3159 2270 3202 contra
2323 3149 2556 3217 regulam
2606 3149 3018 3216 proclamarem.
3071 3149 3150 3202 Ad
3206 3158 3520 3211 extremum,
3570 3160 3652 3210 i-ro

2087 3239 2321 3308 peccatis
2347 3240 2469 3308 quia
2501 3240 2729 3293 claustra
2773 3239 3013 3307 disrupta
3045 3251 3174 3295 sunt
3196 3253 3251 3297 et
3281 3240 3488 3295 miseris
3519 3239 3651 3292 licuit

2089 3331 2206 3383 sine
2252 3329 2532 3396 disciplina
2561 3330 2850 3385 abbatissa:
2880 3345 2990 3384 suae
3029 3332 3174 3400 quod
3204 3333 3402 3387 vellent
3428 3329 3650 3385 commit-

2093 3429 2206 3474 tere
2237 3435 2331 3488 per
2363 3430 2440 3473 tot
2471 3423 2732 3474 mensium
2765 3420 2956 3488 spatia,
2985 3436 3115 3488 quas
3140 3425 3490 3478 credebamus
3518 3421 3652 3472 inno-

2091 3519 2275 3564 centes
2325 3512 2655 3575 monaclias,
2719 3511 2874 3565 nobis
2932 3513 3272 3578 protulerunt
3320 3521 3651 3582 praegnantes.

2093 3599 2300 3665 Quibus
2341 3615 2434 3667 per
2460 3600 2704 3653 ordinem
2744 3600 3024 3666 discussis,
3066 3617 3166 3655 nec
3212 3604 3426 3656 invento
3455 3596 3655 3655 crimine

2093 3692 2235 3760 quod
2268 3693 2592 3746 abbatissam
2622 3692 2901 3761 dejiceret,
2934 3695 3000 3748 de
3033 3694 3326 3751 levioribus
3365 3695 3535 3749 causis
3573 3706 3653 3758 pa-

2096 3792 2247 3838 terna
2271 3784 2690 3838 commonitione
2720 3786 3000 3838 contestati
3032 3800 3253 3850 sumus,
3288 3795 3344 3839 nt
3373 3784 3483 3838 hzec
3504 3781 3656 3834 nulla-

2100 3882 2257 3928 tenus
2289 3873 2546 3942 deinceps
2577 3890 2672 3943 pro
2705 3876 3120 3944 reprehensioiie
3154 3887 3425 3946 repeteret
3449 3873 3496 3930 ιι.
3525 3874 3656 3926 Tunc

2100 3965 2252 4018 nobis
2286 3966 2747 4031 percunctantibus
2791 3982 3006 4022 causam
3047 3966 3295 4024 adversae
3333 3969 3513 4037 partis,
3554 3978 3657 4030 quae

2099 4055 2301 4123 majora
2335 4056 2557 4110 crimina
2586 4057 2989 4123 commiserunt,
3015 4059 3065 4112 id
3094 4070 3178 4113 est
3204 4076 3326 4129 quae
3353 4056 3657 4127 przedlcatio-

2103 4160 2224 4197 nem
2256 4145 2340 4198 sui
2369 4143 2668 4199 sacerdotis
2697 4144 2831 4198 infra
2864 4146 3250 4200 monasterium
3283 4163 3350 4201 ne
3381 4147 3517 4200 foras
3553 4159 3657 4212 pro-

2100 4235 2376 4302 cederent,
2425 4236 2808 4305 desgiexerunt,
2853 4238 3102 4304 pontifice
3144 4239 3480 4301 conculcata,
3528 4245 3578 4289 et
3615 4234 3656 4284 in

2103 4343 2314 4383 summo
2341 4337 2649 4398 contemptu
2696 4330 2748 4382 in
2781 4331 3108 4384 monasterio
3138 4332 3349 4386 relicto.
3399 4321 3658 4383 confractis

426 4421 501 4474 De
553 4421 726 4474 tabula
775 4437 902 4476 vero
956 4422 1273 4491 respondit:
1304 4422 1370 4475 Et
1415 4423 1461 4475 si
1515 4421 1732 4476 lusisset
1787 4425 1998 4477 vivente
2030 4424 2080 4483 D
2106 4423 2239 4475 seris
2267 4431 2320 4476 et
2342 4422 2539 4490 jannis,
2588 4423 2740 4475 irrito
2773 4423 2910 4477 facto
2940 4424 3324 4492 di~cessvrunt,
3358 4431 3410 4478 et
3434 4421 3496 4474 ad
3522 4430 3656 4471 suum

420 4512 616 4564 domna
654 4511 1000 4582 Radegunde,
1050 4529 1109 4568 se
1149 4513 1324 4567 minus
1351 4513 1508 4582 culpa
1537 4515 1868 4583 respiceret;
1917 4526 1998 4569 ta—

423 4617 545 4655 men
576 4617 679 4657 nec
703 4604 754 4657 in
785 4606 963 4674 regula
995 4620 1090 4673 per
1118 4604 1437 4674 scripturam
1471 4605 1774 4674 prohiberi,
1817 4621 1916 4661 nec
1946 4606 1998 4660 in

499 4778 730 4850 fBegm.
762 4787 815 4834 et
842 4778 992 4834 Colh.
1017 4795 1114 4844 m.,
1147 4780 1358 4837 Sabina.

496 4846 524 4886 δ
554 4846 742 4920 Βιξιη.
789 4859 842 4903 et
871 4850 1022 4916 Bad.,
1055 4853 1284 4915 diversw,
1325 4861 1378 4907 et
1408 4865 1485 4906 Slc
1525 4852 1658 4905 infra
1691 4867 1809 4920 qua:
1836 4850 1900 4904 ad
1945 4850 1996 4904 id

424 4930 764 5003 revocantur,
793 4920 1024 4972 femineo
1052 4936 1248 4990 genere
1291 4925 1680 4990 exprimuntur.
1737 4924 1882 4986 8°C.,
1915 4922 1998 4975 di-

423 5005 552 5043 veru
574 5007 765 5044 rerum.

501 5072 522 5132 ς
551 5063 747 5132 omnes
770 5070 964 5132 praeter
993 5059 1110 5114 Bec.
1143 5073 1198 5115 et
1225 5061 1434 5130 Regm.,
1463 5063 1647 5132 neptis.

499 5128 525 5165 ά
559 5131 678 5184 Mss.
709 5131 762 5198 2,
794 5131 1133 5194 burbaturias,
1176 5144 1224 5185 et
1255 5128 1463 5200 Itégm.,
1496 5128 1669 5198 inique
1692 5176 1705 5196 ,
1738 5150 1835 5203 pro
1860 5138 1999 5189 iuius

427 5216 488 5252 eo
509 5203 666 5268 quod.
701 5203 1036 5274 Barbatorias
1059 5203 1369 5274 celebrare,
1385 5203 1432 5255 id
1460 5214 1542 5255 est
1569 5204 1743 5259 larvas
1759 5222 1854 5262 seu
1881 5223 2005 5274 per-

430 5284 589 5322 sonas
609 5287 785 5339 agere,
817 5273 1010 5328 barbas
1056 5275 1155 5326 sibi
1180 5272 1578 5341 aptando:quo
1623 5274 1674 5328 in
1726 5272 1907 5341 sensu,
1948 5285 2005 5330 ut

428 5342 676 5392 observat
719 5345 1009 5415 Altescrra.
1059 5343 1338 5398 Petronius
1368 5343 1804 5415 liii-‘ragmento:
1834 5347 2002 5400 Hodie

427 5423 602 5487 unus
642 5425 781 5463 meus
838 5414 1178 5487 barbatoriam
1221 5415 1366 5482 facit.
1419 5414 1574 5467 Hinc
1601 5416 1715 5487 ludi_
1763 5417 2000 5487 satyrici,

430 5481 570 5547 quod
604 5493 810 5534 actores
840 5481 1031 5536 barbas
1051 5523 1067 5548 ,
1112 5481 1260 5538 more
1286 5497 1587 5552 satyrorum
1617 5495 1671 5537 et
1695 5481 1997 5552 faunorutn,

431 5561 490 5630 ut
523 5551 681 5622 vulgo
723 5564 754 5603 a
782 5553 1097 5630 .pictoribus
1148 5551 1416 5630 finguntur
1440 5593 1456 5617 ,
1515 5551 2004 5630 deferrent_;_quos

432 5623 629 5678 abusus
659 5623 794 5676 sat-ri
838 5636 1068 5676 canones
1104 5629 1296 5691 passim
1341 5624 1727 5694 proseripsere.
1758 5623 2000 5683 Coin'tius

2106 4521 2378 4582 pecs-atum
2411 4514 2529 4566 alia:
2571 4523 2750 4566 tractae
2795 4524 3140 4582 transgressa:
3187 4525 3312 4568 sunt
3344 4558 3351 4568 .
3389 4515 3588 4578 insuper
3612 4512 3658 4557 el

2106 4607 2486 4674 Gundegisilus
2534 4607 2790 4674 ioritifex.
2825 4623 2944 4661 cum
2988 4613 3096 4661 suis
3127 4606 3532 4675 provincialibus
3577 4613 3658 4667 pro

2107 4793 2283 4839 tamen
2314 4783 2447 4836 hanc
2479 4798 2662 4836 vocem
2692 4785 2909 4849 exponit
2939 4783 3004 4836 de
3031 4792 3147 4836 arte
3180 4781 3434 4836 tonsoria.

2180 4865 2203 4892 ο
2227 4860 2339 4919 uno
2368 4865 2607 4922 tempore
2634 4845 2902 4906 mos-erat
2935 4869 3039 4906 non
3080 4853 3289 4906 lavandi
3319 4853 3386 4907 ob
3419 4845 3654 4908 paeniten-

2106 4925 2193 4978 tize
2217 4928 2434 4977 luctum.
3524 4983 3556 4988 η
3617 4978 3627 4988 ,

2182 4994 2200 5034 ί
2231 4993 2430 5047 Mafors
2457 4991 2761 5047 vestimenti
2795 4991 3066 5056 amplioris
3097 5008 3264 5063 genus
3299 4998 3410 5045 erat
3437 4983 3652 5063 mulier-if

2108 5066 2204 5120 bus
2235 5067 2526 5132 propriu.n,
2571 5053 2902 5132 quodcaput
2941 5073 2996 5116 et
3032 5053 3285 5117 huvmeros
3326 5060 3542 5132 tegebat.
3590 5053 3652 5130 lie

2109 5137 2210 5189 hoc
2240 5130 2563 5188 Fortunatus
2603 5133 2655 5186 in
2688 5131 2803 5184 Vita
2834 5144 3032 5186 sancta:
3075 5130 3428 5201 Itadegundis,
3478 5135 3578 5201 tum
3608 5133 3650 5201 It!

2114 5207 2226 5259 Vita
2257 5203 2422 5258 sancti
2455 5203 2661 5256 Hilarii.
2719 5202 2918 5254 Eadem
2951 5218 3100 5264 voce,
3125 5207 3197 5257 uti
3222 5194 3504 5256 Cassianus
3528 5194 3647 5266 lib..t

2107 5275 2360 5336 lnstitut.,
2401 5287 2520 5339 cap.
2553 5273 2606 5333 7,
2653 5280 2899 5337 testatur,
2930 5281 3138 5328 veteres
3167 5273 3380 5343 pallium
3427 5268 3652 5320 monasti-

2107 5361 2226 5400 cum
2259 5345 2628 5412 designabant.

2179 5425 2203 5462 ις
2237 5400 2450 5481 ρυωυίιι
2479 5414 2692 5466 modum
2722 5425 2817 5464 cor
2840 5427 2940 5466 ιηω
2964 5411 3219 5481 disposita
3247 5407 3434 5466 deferri
3457 5400 3647 5481 solebat

2105 5501 2132 5538 a
2156 5470 2348 5548 sponsa
2382 5488 2510 5552 :qui
2537 5497 2652 5536 mos
2678 5482 2942 5550 hodieque
2968 5482 3019 5537 in
3053 5470 3324 5540 nonnullis
3363 5470 3644 5545 regionibus

2111 5564 2435 5625 perseverat.

2177 5624 2203 5663 ⁵
2232 5625 2330 5678 Alli
2365 5627 2555 5678 habent
2587 5633 2928 5690 coglinsccret.
