3974 6174
324 247 427 302 549

1251 241 1565 297 HISTORIA
1610 240 2054 297 FRANCOIKUM.
2098 241 2136 295 L
2167 241 2298 296 BER
2342 241 2656 298 DECliiIlS.

3472 238 3580 297 550

324 363 436 429 ipsa
491 372 649 414 causa
696 356 1079 423 commonitus,
1128 373 1222 426 per
1263 360 1674 427 prmccptionem
1722 372 1908 426 regum
1933 358 1981 417 Α
2012 372 2358 427 personarum
2381 360 2555 427 aliqua
2581 359 2888 426 acceptione
2916 356 3248 425 suggerimus
3278 356 3574 427 peregisse.

324 450 555 505 l’ictavis
595 448 973 514 accessissent,
1015 458 1069 501 et
1097 447 1162 501 ad
1208 450 1531 503 audientiam
1560 463 1653 503 eas
1694 448 1760 501 ad
1790 462 1905 503 mo-

327 541 615 595 nasterium
643 547 1045 599 convocarent,
1075 537 1325 605 despecta
1352 539 1791 602 commonitione,
1827 537 1905 604 ip—

326 632 400 687 sis
441 630 850 687 occurrentibus
877 629 945 683 ad
986 630 1122 683 beati
1166 629 1345 682 llilarii
1376 630 1696 683 confessoris
1726 628 1905 683 basili-

327 736 464 786 cam,
499 721 587 774 ubi
634 722 766 790 ipsa:
801 718 1275 773 commorabantur
1312 718 1649 782 accedentes,
1696 728 1753 772 ut
1780 734 1907 773 con-

325 813 479 866 decet
507 820 779 879 pastorum
798 808 1234 872 sollicitudinem,
1261 807 1387 862 dum
1411 818 1904 872 commonerentur,

329 903 462 954 tacta
490 898 776 965 seditione,
827 897 1059 951 fustibus
1090 906 1195 951 tant
1237 898 1513 966 pontifices
1543 914 1701 969 quam
1743 898 1904 953 mini-

328 1002 472 1044 stros
496 998 522 1025 ι
554 988 880 1053 affecerunt,
916 996 971 1042 et
1010 989 1144 1041 intra
1178 988 1448 1042 basilicam
1498 990 1744 1043 fuderunt
1785 1006 1910 1043 san—

329 1081 545 1151 guinem
591 1078 894 1133 levitarum.
947 1078 1151 1132 Dehinc
1194 1093 1258 1133 ex
1303 1079 1543 1146 jussione
1588 1079 1905 1133 damnorum

333 1169 657 1240 principum,
682 1182 801 1221 cum
838 1167 918 1221 vir
944 1167 1263 1222 venerabilis
1290 1168 1651 1223 Theutharius
1684 1172 1909 1240 presby-

334 1249 519 1315 ter‘in
575 1272 737 1312 causa
794 1258 1026 1312 directus
1075 1258 1252 1319 fuerit,
1308 1267 1361 1311 et
1416 1268 1670 1312 statutum
1726 1260 1796 1312 fui
1828 1270 1909 1314 set

334 1348 550 1419 quando
587 1347 847 1416 judicium
895 1348 1042 1402 ﬁeret
1070 1391 1085 1416 ,
1138 1363 1241 1401 non
1285 1361 1590 1415 exspectato
1638 1361 1907 1419 tempore,

336 1440 719 1494 monasterium
744 1437 1175 1500 seditiosissime,
1202 1439 1445 1493 accensis
1468 1440 1518 1493 in
1540 1450 1686 1495 certe
1703 1446 1908 1510 cuppis,

336 1528 577 1583 vectibus
624 1542 687 1582 ac
731 1527 1008 1581 securibus
1046 1527 1333 1583 confractis
1376 1530 1614 1599 posdcis,
1667 1533 1787 1600 igne
1823 1550 1912 1587 ac-

334 1633 522 1683 censo,
550 1619 687 1673 intra
711 1628 861 1685 septa
887 1619 1043 1671 czesis
1071 1627 1125 1671 et
1154 1617 1444 1673 vulneratis
1472 1622 1832 1675 nionacbabus
1856 1625 1907 1677 in

2011 449 2087 504 De
2115 460 2312 503 caetero
2333 450 2473 516 quod
2500 449 2566 503 de
2588 449 2746 503 rebus
2775 448 3103 509 monasterii,
3139 448 3218 501 vel
3250 446 3578 502 instrumen-

2010 542 2077 595 tis
2116 542 2421 595 chartarum
2467 542 2787 595 domnurum
2828 554 3009 608 regum
3059 548 3335 606 parentum
3376 549 3580 593 vestro-

2009 648 2124 685 rum
2167 632 2234 685 de
2272 632 2390 686 loco
2435 632 2744 701 subreptum
2792 644 2892 695 est,
2931 632 3092 701 510
3114 645 3233 699 qua
3272 644 3330 684 sc
3381 630 3579 684 habere

2010 723 2265 791 professae
2310 735 2473 787 sunt,
2522 725 2614 777 sed
2665 725 2816 777 nobis
2860 724 3231 778 inobedientes
3278 723 3577 776 nullatenus

2008 823 2165 867 erunt
2196 814 2489 868 voluntarie
2521 814 2828 880 redditurus,
2859 814 3086 882 qualiter
3123 823 3320 879 vestra,
3368 812 3451 866 vel
3485 827 3576 864 an-

2009 905 2260 958 teriorutn
2306 907 2595 973 principum
2642 920 2847 959 merces
2881 914 3077 958 mterna
3129 914 3455 972 permaneat,
3512 901 3578 954 ad

2016 991 2034 1030 τ
2058 996 2158 1048 loci
2190 994 2848 1059 instaurationem,vestra:
2882 993 3087 1062 pietatis
3122 1004 3279 1060 atque
3308 993 3581 1058 potestatis

2008 1091 2091 1137 est
2123 1085 2441 1137 auctoritate
2484 1083 2629 1151 regia
2660 1098 2853 1152 cogere
2897 1084 3207 1144 reformari;
3238 1095 3410 1149 neque
3439 1080 3584 1147 ipsas

2009 1174 2074 1228 ad
2104 1175 2300 1237 locum,
2331 1190 2486 1241 quem
2511 1184 2615 1227 tam
2643 1173 2806 1240 impie
2822 1188 2883 1226 ac
2908 1171 3276 1241 profanissinie
3298 1170 3584 1223 destruxe-

2010 1274 2157 1329 runt,
2200 1280 2265 1317 ne
2311 1264 2491 1332 pejora
2547 1264 2880 1331 proveniant,
2933 1264 3017 1315 vel
3061 1264 3230 1315 redire
3281 1264 3580 1325 concedite,

2009 1356 2091 1410 vel
2125 1357 2444 1423 permittatis
2488 1358 2683 1408 iterum
2711 1354 2947 1422 aspirare
2978 1371 2990 1405 :
3020 1361 3280 1422 quatenus
3311 1353 3393 1405 bis
3423 1353 3474 1404 in
3506 1353 3580 1405 in-

2012 1456 2240 1517 tegrum,
2277 1456 2562 1515 praestante
2591 1447 2834 1510 Domino,
2870 1444 3149 1507 restitutis,
3189 1443 3288 1498 sub
3310 1440 3586 1497 catholicis

2012 1537 2225 1606 regibus
2257 1546 2423 1589 totum
2462 1536 2767 1604 acquiratur
2802 1536 2932 1599 Deo,
2975 1534 3103 1588 nihil
3135 1534 3322 1602 perdat
3351 1532 3541 1603 religio
3572 1549 3584 1583 :

2014 1637 2071 1680 ut
2107 1637 2277 1682 status
2318 1642 2500 1682 conset
2516 1639 2673 1682 vatus
2723 1637 2829 1681 tam
2872 1637 3083 1693 patrum
3123 1641 3281 1694 quam
3323 1640 3588 1679 canonum

341 1711 471 1781 ipsis
522 1712 769 1789 oratoriis
792 1750 808 1773 ,
863 1710 1091 1779 spoliato
1140 1710 1460 1764 monasterio
1484 1751 1500 1776 ,
1552 1712 1815 1766 denudata
1861 1724 1913 1769 et
1946 1711 1988 1770 Β
2018 1718 2171 1771 nobis
2201 1718 2440 1785 proficiat
2468 1718 2532 1770 ad
2558 1718 2780 1781 cultum,
2812 1718 2962 1770 vobis
3011 1726 3328 1787 propagetur
3367 1713 3433 1768 ad
3483 1714 3588 1768 fru-

339 1804 501 1876 509
530 1804 754 1857 discissa
784 1802 990 1869 capillis
1024 1802 1313 1867 abbatissa,
1362 1803 1595 1872 graviter
1626 1806 1690 1857 ad
1719 1805 1914 1859 ridicu-

336 1896 448 1948 lum
472 1895 633 1949 ducta
660 1901 716 1947 et
738 1902 899 1947 tracta
930 1907 1023 1960 per
1045 1894 1295 1961 compita,
1332 1894 1457 1946 etin
1480 1891 1653 1946 locum
1684 1903 1908 1962 retrusa,

338 1987 439 2041 etsi
471 2001 576 2039 non
621 1986 800 2055 ligata,
835 1998 933 2037 nec
965 1983 1129 2038 libera
1158 1999 1171 2035 :
1203 1984 1615 2052 superveniente
1648 1984 1752 2038 diei
1784 1986 1912 2039 Pas-

336 2079 454 2133 cha;
503 2079 639 2133 festo
688 2093 781 2146 per
828 2080 1080 2132 sarculum
1112 2075 1161 2142 δ,
1222 2076 1478 2133 oﬂ‘erente
1527 2080 1773 2147 pontilice
1821 2096 1915 2149 pro

337 2172 688 2225 condemnata
738 2172 963 2238 pretium
990 2212 1005 2235 ,
1052 2179 1108 2223 ut
1147 2180 1414 2232 Spectaret
1446 2171 1525 2224 vel
1570 2171 1909 2239 baptismum,

341 2279 440 2318 nec
479 2263 583 2316 ulla
636 2265 886 2317 suasione
933 2263 1032 2316 hoc
1072 2264 1407 2331 impetrasset
1447 2279 1547 2319 vox
1595 2266 1912 2333 suppliuni,

338 2364 500 2423 atque
526 2353 885 2422 respondente
915 2352 1257 2418 Chrodielde,
1298 2368 1365 2407 eo
1394 2354 1532 2423 quod
1566 2354 1670 2409 tale
1713 2355 1917 2410 facinus

340 2460 441 2499 nec
467 2454 722 2510 scissent,
767 2460 863 2498 nec
890 2445 1167 2512 jusserint,
1197 2446 1366 2496 adhuc
1393 2443 1713 2499 Chrodielde
1756 2461 1905 2501 asse-

340 2548 495 2590 rente
523 2536 586 2589 ad
616 2537 985 2605 intersigniunt
1012 2550 1188 2600 suum,
1217 2549 1282 2588 ne
1303 2550 1332 2588 a
1362 2535 1473 2589 suis
1502 2536 1915 2602 interﬁceretur,

342 2626 617 2681 obtentum
654 2626 724 2680 sit
758 2627 935 2680 :unde
961 2635 1165 2679 certum
1202 2635 1285 2680 est
1325 2630 1535 2680 tractari
1563 2628 1687 2695 quid
1715 2643 1784 2682 ex
1816 2629 1918 2683 hoc

343 2716 497 2768 datur
529 2715 774 2785 intelligi,
815 2717 954 2785 quod
1004 2715 1218 2769 additur
1256 2716 1582 2783 crudelitati,
1635 2718 1700 2771 ad
1732 2719 1917 2787 sepul—

343 2820 493 2860 crum
530 2806 697 2859 beatte
722 2804 1057 2873 Radcgundis
1085 2805 1375 2874 fugientem
1407 2822 1620 2861 servum
1652 2822 1921 2864 monaste-

344 2899 409 2951 rii
438 2898 519 2951 sui
550 2896 879 2960 occiderent,
919 2905 972 2950 et
998 2897 1200 2951 scelere
1224 2908 1504 2952 crescente
1533 2898 1663 2951 tiihil
1691 2899 1920 2967 petendo

346 2990 689 3053 sanaveriut;
736 2988 828 3040 sed
862 3003 953 3054 per
991 3002 1050 3040 se
1086 2999 1203 3054 post
1240 2988 1499 3043 intrantes
1539 2992 1915 3044 monasterium

2012 1822 2178 1865 etum.
2226 1811 2465 1863 Christus
2507 1824 2604 1863 vos
2658 1810 2909 1862 Dominus
2937 1810 3044 1861 alat
3074 1818 3344 1877 regatqne,
3372 1820 3589 1874 regnum

2015 1901 2252 1953 tribuens
2286 1902 2559 1968 prolixius,
2590 1902 2856 1967 vitamque
2878 1901 3119 1952 confezat
3143 1898 3372 1951 beatam.
3413 1916 3429 1947 ι

2086 1990 2248 2045 XVII.
2291 1990 2534 2044 Podhacc
2561 2006 2680 2044 cum
2705 1990 2902 2044 emisso
2928 1989 3129 2056 judicio
3156 2003 3185 2041 a
3212 1988 3590 2041 communione

2016 2082 2236 2137 fuissent
2281 2097 2581 2150 su3pensze,
2625 2081 2889 2134 abbatissa
2928 2082 3087 2134 etiam
3128 2081 3180 2133 in
3210 2080 3591 2133 monasterium

2000 2176 2287 2255 restituta,
2321 2176 2401 2227 lite
2429 2174 2493 2226 ad
2514 2174 2908 2226 Cliildebertum
2934 2187 3109 2242 regem
3142 2171 3426 2238 petierunt,
3456 2170 3590 2237 adji-

2017 2270 2225 2321 cientes
2272 2269 2465 2320 malum
2498 2282 2655 2333 supva
2702 2265 2921 2327 malum,
2950 2262 3359 2317 denominantes
3398 2260 3592 2315 scilicet

2019 2363 2129 2428 regi
2178 2373 2435 2426 personas
2476 2358 2757 2427 quasdam,
2810 2372 2927 2425 qua:
2979 2371 3083 2409 non
3130 2356 3300 2410 solum
3331 2370 3450 2409 cum
3481 2355 3593 2422 ipsa

2017 2452 2284 2504 abbatissa
2315 2449 2578 2504 adulteria
2621 2458 2954 2511 exercerent,
2989 2460 3173 2499 verum
3204 2447 3364 2500 etiam
3394 2447 3459 2498 ad
3492 2445 3591 2499 ini-

2020 2544 2213 2597 micam
2260 2542 2376 2613 ejus
2409 2540 2808 2609 Frenlegundem
2838 2539 3073 2608 quotidie
3123 2537 3305 2591 nuntia
3336 2538 3585 2602 deporta-

2020 2650 2159 2690 renu
2187 2635 2341 2700 Quod
2372 2634 2593 2687 audiens
2624 2647 2736 2697 rex,
2771 2631 2915 2686 misit
2940 2632 3025 2699 qui
3058 2644 3149 2684 ros
3176 2632 3383 2683 vinctos
3431 2627 3595 2681 addu-

2020 2734 2205 2781 cerent
2233 2742 2249 2780 :
2278 2726 2370 2779 sed
2401 2741 2522 2779 cum
2552 2724 2773 2778 discussi
2804 2722 2934 2775 nihil
2962 2720 3205 2775 criminis
3229 2720 3503 2774 inventum
3539 2721 3590 2772 in

2020 2819 2103 2874 eis
2129 2818 2336 2881 fuisset,
2358 2816 2647 2871 abscedere
2672 2813 2804 2883 jussi
2837 2824 2980 2868 sunt.

2095 2906 2282 2960 XVIII.
2326 2907 2463 2959 Ante
2494 2905 2590 2957 hos
2623 2918 2746 2957 vero
2771 2902 2886 2956 dies
2914 2916 3033 2955 cum
3076 2915 3173 2953 rex
3217 2897 3271 2952 in
3301 2897 3593 2951 oratorium

2024 2997 2211 3051 domus
2236 2994 2588 3064 Mariligensis
2618 2993 3002 3063 ingrederetur,
3036 2990 3282 3042 videi-unt
3310 2986 3455 3055 pueri
3481 2986 3596 3053 ejus

346 3080 604 3146 ceperint,
643 3088 695 3129 et
731 3079 795 3129 ad
826 3078 1143 3130 domitorum
1168 3076 1493 3145 jussionem,
1536 3088 1592 3133 ut
1636 3081 1921 3136 seditiosos
1948 3077 1992 3137 C
2028 3090 2294 3143 hominem
2329 3087 2561 3155 igninum
2592 3087 2799 3138 eminus
2829 3091 3116 3146 amantem,
3152 3082 3504 3148 dixeruntque
3530 3081 3596 3135 ad

345 3169 470 3223 illos
512 3172 563 3222 iit
601 3169 814 3236 publico
862 3177 1346 3235 reprtesentarent,
1407 3169 1647 3224 nolentes
1709 3172 1921 3237 acquie-

343 3275 520 3323 scere,
563 3270 614 3313 et
662 3270 842 3312 contra
886 3274 1068 3327 regum
1113 3270 1367 3328 praecepta
1398 3262 1564 3329 magis
1589 3278 1733 3316 arma
1776 3274 1924 3319 tene-

346 3361 485 3416 rent,
530 3359 585 3404 et
630 3366 690 3405 se
737 3352 940 3419 sagittis
972 3352 1053 3404 vcl
1104 3353 1301 3405 lanceis
1352 3364 1533 3407 contra
1579 3357 1826 3410 comitem
1870 3368 1923 3411 et

346 3444 556 3511 plebem
606 3442 856 3512 indignari
885 3458 945 3496 cr
973 3443 1261 3511 erigerent.
1312 3444 1442 3498 Iliuc
1475 3446 1650 3499 denuo
1690 3463 1921 3513 egressa:

344 3531 412 3585 ad
458 3532 778 3586 audientiam
834 3532 1115 3598 publicani,
1164 3533 1449 3586 extrahunt
1485 3531 1708 3588 Crucem
1739 3545 1761 3573 ε
1794 3551 1918 3589 san-

344 3632 487 3676 ctam
515 3624 1038 3692 sacratissinianique
1063 3624 1301 3687 occulte,
1353 3634 1405 3678 ct
1431 3624 1499 3678 ad
1532 3626 1800 3694 injuriant,
1836 3630 1921 3681 in-

345 3714 622 3780 decenter,
653 3715 716 3767 ad
747 3720 954 3781 culpam
978 3755 993 3776 ,
1040 3730 1160 3784 quas
1190 3724 1375 3784 postea
1418 3718 1697 3771 restituere
1725 3729 1924 3773 coactae

352 3815 481 3859 sunt
513 3808 562 3858 in
592 3806 835 3859 ecclesia.
864 3804 1068 3871 Quibus
1109 3813 1187 3858 tot
1214 3806 1533 3871 capitalibus
1561 3807 1757 3878 agnitis
1800 3808 1926 3863 iaci-

346 3897 594 3960 noribus,
649 3911 748 3951 nec
800 3897 1115 3960 refirenatis,
1162 3898 1254 3952 sed
1290 3898 1489 3968 jugiter
1539 3900 1709 3968 magis
1754 3902 1924 3953 auctis

347 3987 683 4050 criminibus,
730 3988 882 4041 nobis
921 3989 1122 4042 eisdem
1172 3989 1494 4053 dicentibus,
1540 3999 1595 4042 ut
1641 3991 1926 4044 abbatissae

348 4097 451 4151 pro
480 4082 636 4149 culpa
665 4081 869 4135 veniam
904 4090 1162 4146 peterent,
1196 4090 1283 4133 aut
1307 4081 1445 4148 quod
1474 4084 1611 4133 male
1637 4078 1924 4135 directumd

349 4173 526 4227 fuerat
555 4172 901 4227 emendarem
932 4181 1027 4227 :et
1058 4173 1299 4227 nolentes
1345 4173 1443 4226 hoc
1469 4170 1663 4239 facere,
1691 4174 1786 4229 sed
1816 4191 1926 4227 ma-

350 4266 433 4333 gis
483 4265 553 4318 de
597 4264 712 4331 ejus
756 4263 1127 4317 interiectione
1169 4270 1485 4329 tractarent,
1538 4265 1677 4331 quod
1721 4265 1928 4333 publice

352 4366 483 4412 sunt
511 4356 798 4425 professae;
842 4355 1096 4410 reseratis
1124 4370 1154 4409 a
1178 4356 1331 4410 nobis
1361 4364 1415 4410 et
1444 4356 1722 4410 recensitis
1766 4371 1928 4410 cano-

351 4448 536 4516 nibus,
581 4451 748 4501 visum
782 4458 864 4502 est
912 4448 1274 4517 tequissimum
1326 4463 1436 4514 cas,
1489 4464 1656 4517 usque
1696 4465 1801 4519 quo
1846 4449 1928 4504 di-
1959 4429 2005 4487 υ

354 4556 511 4611 gnam
544 4550 765 4609 agerent
796 4540 1188 4607 paenitentiam,
1237 4556 1265 4594 a
1306 4545 1680 4593 communione
1710 4540 1927 4609 privari,

353 4646 408 4688 et
436 4632 761 4686 abbatissam
803 4646 902 4684 suo
942 4632 1057 4684 loco
1103 4646 1319 4698 perman
1352 4647 1499 4684 uram
1540 4631 1768 4685 restitui.
1809 4632 1927 4685 licet:

354 4738 456 4779 nos
484 4739 580 4793 pro
601 4733 775 4777 vestra
798 4722 1060 4791 iussione,
1089 4723 1227 4790 quod
1258 4722 1323 4774 ad
1351 4722 1771 4777 ecclesiasticum
1805 4740 1926 4792 per-

356 4815 511 4868 tinuit
556 4814 820 4878 ordinem,
861 4813 1264 4881 circumspectis
1292 4822 1316 4849 θ
1348 4813 1674 4879 canonibus,
1723 4816 1927 4884 absque

432 4962 459 4991 ι
488 4952 538 5008 Id
570 4963 653 5007 est
680 4953 939 5007 diaconos.

433 5020 461 5061 δ
488 5022 698 5089 Regm.,
730 5024 907 5089 festivo
933 5021 1120 5075 scilicet
1144 5036 1232 5091 per
1257 5037 1403 5074 omne
1432 5021 1691 5073 stecnlum.

436 5102 463 5132 υ
487 5095 613 5147 Eant
645 5094 846 5147 scilicet
869 5107 1024 5161 quam
1055 5099 1235 5143 sancta
1267 5091 1602 5160 Radegundis
1632 5101 1775 5143 tanta
1806 5103 1925 5143 cum

352 5177 549 5234 pompa
580 5164 645 5216 ad
678 5162 1057 5216 monasterium
1076 5163 1250 5234 all‘ei'ri
1272 5173 1575 5234 curaverat,
1596 5174 1715 5234 quae
1745 5169 1798 5234 et
1828 5161 1927 5234 ipsi

353 5231 549 5287 nomen
581 5234 768 5286 tribui;
819 5233 1084 5286 Caeterum
1120 5231 1240 5285 cod.
1270 5231 1459 5298 Regio.
1489 5231 1645 5296 paulo
1675 5231 1930 5297 prolixius

352 5302 518 5357 habet
543 5319 559 5355 :
589 5300 904 5363 Extruhunl,
936 5302 1238 5368 easdemque
1274 5303 1340 5353 ad
1367 5302 1611 5371 injurium
1647 5301 1932 5353 indecenter

352 5374 631 5436 trahentes,
662 5383 710 5427 et
740 5374 934 5426 merito.
976 5371 1228 5425 Violenter
1252 5371 1383 5423 enim
1409 5380 1453 5423 ct
1479 5380 1654 5422 contra
1689 5372 1931 5433 pudorem

352 5458 504 5498 suum
529 5453 737 5512 egerant
763 5444 815 5495 in
842 5442 1054 5495 ecclesia
1075 5458 1166 5495 sua
1186 5451 1363 5495 contra
1387 5441 1643 5493 ministros
1668 5439 1927 5494 Εεειεδίιε.

350 5512 463 5569 Sed
486 5515 608 5565 dum
638 5514 712 5565 sic
737 5514 999 5583 injuriose.
1035 5523 1087 5565 ut
1114 5516 1325 5583 quidem,
1356 5520 1549 5583 merita:
1577 5521 1720 5583 erant
1758 5517 1928 5563 traiic-

349 5596 546 5650 tellur,
581 5580 872 5649 pauitantia
918 5585 1081 5636 ducite
1106 5598 1198 5652 pro
1228 5581 1558 5651 facinoribus,
1588 5580 1815 5652 petebant
1844 5598 1926 5633 vc-

348 5654 493 5706 rtt'um
525 5654 619 5706 sibi
647 5654 761 5705 dari
788 5656 850 5705 ab
875 5652 1150 5713 abbatissa,
1185 5652 1474 5707 vollicentcs
1499 5668 1551 5706 se
1573 5651 1929 5705 emendaturus

2020 3196 2141 3235 eum
2172 3197 2184 3233 :
2217 3180 2316 3245 Qui
2348 3194 2406 3231 es
2438 3188 2489 3229 tu
2510 3216 2524 3239 ,
2570 3185 2625 3229 et
2654 3175 2793 3227 unde
2823 3175 3007 3236 venis,
3049 3180 3139 3224 aut
3167 3170 3306 3239 quod
3343 3178 3427 3223 est
3463 3184 3597 3236 opus

2024 3270 2206 3322 tuum?
2258 3283 2360 3321 non
2392 3267 2535 3320 enim
2585 3280 2613 3317 a
2652 3265 2802 3316 nobis
2845 3262 3168 3330 agnosceris.
3228 3260 3319 3314 Illo
3374 3274 3587 3329 quoque

2023 3358 2377 3427 respondente
2408 3375 2419 3409 :
2450 3356 2582 3422 Quia
2626 3355 2691 3407 de
2732 3353 2881 3407 vobis
2908 3369 3044 3413 sum,
3087 3352 3232 3405 dicto
3276 3351 3433 3405 citius
3481 3352 3593 3419 eje-

2022 3465 2138 3505 ctus
2168 3460 2313 3505 extra
2342 3448 2655 3509 oratorium,
2684 3447 3061 3514 interi-agitur.
3112 3444 3219 3499 Nec
3245 3457 3394 3498 mora
3422 3444 3597 3497 conii-

2025 3552 2187 3607 tetuc,
2220 3540 2403 3594 dicens
2434 3555 2464 3591 a
2494 3538 2844 3602 Fredegunde
2890 3538 3073 3605 regina
3117 3549 3176 3588 se
3225 3534 3594 3587 transmissum

2022 3634 2088 3685 ad
2136 3629 2559 3687 inieiiiciendum
2606 3643 2805 3696 regem,
2852 3626 3135 3695 dixitque:
3182 3622 3468 3678 Duodecim
3501 3622 3599 3676 viri

2024 3738 2208 3778 sumus
2242 3722 2309 3775 ab
2339 3736 2400 3783 ea
2441 3721 2770 3781 transmissi,
2799 3733 2888 3772 sex
2924 3718 3023 3770 huc
3056 3717 3326 3779 venimus,
3358 3716 3445 3769 alii
3474 3730 3601 3768 vero

2023 3832 2115 3871 ενι
2138 3813 2515 3869 δυεδςίοηὶὺυε
2546 3818 2914 3864 remanserunt
2940 3810 3005 3861 ad
3029 3808 3183 3875 decip
3208 3806 3400 3861 eadunt
3431 3806 3597 3858 tilium

2026 3910 2183 3974 regis.
2229 3905 2292 3957 Et
2319 3918 2416 3972 ego
2443 3917 2563 3955 cum
2596 3902 2751 3971 511
2776 3900 2948 3954 locum
2976 3898 3309 3966 praestolans,
3341 3904 3397 3949 ut
3424 3909 3600 3965 regem

2026 3996 2422 4051 Clnldebertum
2469 3993 2521 4045 in
2553 3995 2783 4044 oratorio
2826 4001 3108 4057 percutere
3145 3987 3489 4049 destinarem,
3536 3987 3603 4037 ti-

2026 4088 2536 4151 tnorerperterritns,
2564 4096 2671 4141 non
2700 4079 2986 4133 deliberavi
3016 4078 3237 4145 implere
3266 4075 3406 4143 quod
3437 4074 3598 4157 valui.

2029 4177 2152 4231 Haec
2180 4190 2300 4229 cum
2327 4172 2568 4235 dixisset,
2610 4170 2889 4225 c0ul‘estim
2939 4184 3096 4222 sema
3124 4169 3277 4221 datus
3305 4165 3597 4235 suppliciis,

2028 4268 2274 4323 diversos
2297 4264 2533 4319 nominat
2560 4263 2735 4317 socios
2760 4276 2776 4319 :
2807 4259 3000 4330 quibus
3024 4273 3120 4327 per
3144 4260 3257 4312 loca
3287 4256 3491 4326 singula
3522 4256 3603 4308 in-

2031 4358 2257 4427 quisitis,
2286 4357 2421 4411 alios
2450 4354 2752 4409 carceribus
2796 4352 3128 4420 mancipant,
3175 4348 3312 4401 alios
3356 4346 3601 4400 manibus

2033 4447 2216 4502 incisis
2265 4447 2609 4515 relinquunt,
2666 4442 2950 4498 nonnullos
3002 4438 3224 4493 auribus
3284 4436 3603 4503 naribusque

2031 4541 2315 4607 amputatis
2346 4536 2411 4589 ad
2442 4534 2722 4588 ridiculum
2769 4532 3104 4585 laxaverunt.
3154 4527 3399 4594 Plerique
3426 4534 3603 4578 tamen

2032 4644 2096 4684 ex
2128 4630 2349 4691 vinctis,
2380 4625 2759 4695 suppliciorum
2787 4634 2981 4691 genera
3015 4627 3348 4680 metuentes,
3380 4614 3608 4684 prepriis

2030 4734 2087 4773 se
2115 4718 2402 4773 confodere
2430 4713 2807 4776 mucronibus;
2842 4710 3079 4763 nonnulli
3110 4709 3271 4763 etiam
3316 4707 3455 4760 inter
3482 4721 3609 4775 sup-

2032 4811 2185 4882 picia
2214 4811 2546 4872 deiecerunt,
2578 4817 2634 4860 ut
2662 4804 2803 4875 regis
2833 4804 2964 4858 ultio
2997 4812 3314 4872 patraretur.

2028 4952 2275 5023 quidquid
2318 4951 2447 5003 male
2483 4956 2710 5018 egerant.
2757 4944 2830 5023 Et
2864 4944 2984 5023 hinc.
3021 4944 3171 5023 tertio
3205 4938 3527 5023 simulantes,
3559 4943 3606 4987 et

2030 5011 2371 5093 prandentium
2403 5023 2492 5093 fug
2512 5011 2672 5080 cutes,
2699 5018 2858 5093 magis
2883 5015 2948 5093 de
2970 5014 3127 5079 ipsius
3165 5011 3425 5093 abbtttiua:
3455 5011 3609 5093 biter-

2030 5075 2243 5164 f‘ectione
2277 5075 2580 5154 trnct'nb'itttt,
2606 5075 2741 5158 quod
2772 5075 2968 5156 publica
2991 5075 3120 5136 sunt
3155 5078 3417 5148 confessae.
3454 5075 3601 5128 [tecet

2032 5168 2155 5217 ratis
2182 5165 2370 5229 itaque,
2397 5171 2501 5213 ctc.

2104 5232 2132 5270 ά
2174 5225 2310 5286 Editi
2338 5246 2458 5284 cum
2489 5229 2639 5282 Cnlb.
2670 5244 2768 5291 m.,
2800 5225 3071 5297 directum.
3191 5287 3202 5297 _
3248 5286 3275 5297 γ.

2108 5313 2131 5341 ε
2173 5302 2262 5356 Sic
2294 5301 2413 5354 Bec.
2445 5310 2496 5353 et
2530 5299 2737 5365 Itegm.,
2757 5287 2879 5358 alii,
2911 5287 3323 5365 circumscriptis.

2113 5370 2131 5411 ί
2176 5355 2387 5439 Regim,
2418 5368 2531 5423 Hoc
2560 5355 2735 5421 ιηῖιεηί
2764 5355 3165 5439 rest'rmpietatis
3195 5355 3289 5411 erit
3315 5355 3611 5438 conﬁrmari

2034 5443 2200 5497 stabili
2212 5428 2430 5512 judicio,
2456 5458 2517 5492 ne
2537 5447 2711 5512 autem
2724 5439 2867 5512 ipsas
2889 5435 2956 5485 ad
2979 5434 3143 5512 locum
3163 5445 3312 5500 quem
3332 5439 3431 5512 tuin
3460 5428 3611 5507 impie

2035 5499 2393 5566 destruieruut
2420 5499 2597 5563 sinatis
2624 5499 2808 5572 redire,
2839 5517 2929 5558 nec
2956 5499 3181 5556 ulterius
3206 5499 3496 5556 concedatis
3524 5514 3609 5550 nsi-

2037 5586 2227 5653 pirare,
2258 5592 2505 5648 quatenus

3352 5752 3367 5779 Ι
