3920 6188
434 272 534 331 551

1445 266 1504 324 s.
1543 265 1870 323 caecum:
1917 265 2222 322 EPISCOPI
2264 263 2695 325 'I‘URONENSIS
3561 284 3647 342 ιδ,

505 387 651 443 XIX.
688 380 1048 451 Sunuigisilus
1077 391 1101 419 ⁸
1126 395 1256 436 vero
1284 380 1478 435 iterum
1516 386 1799 436 tormentis
1825 380 2032 435 adtlit-i-
2055 386 2109 442 Δ
2135 397 2296 436 causa
2328 385 2556 452 primum
2573 386 2853 453 episcopus
2874 383 3034 440 falli“
3066 396 3297 455 Γθβθΐιυε
3316 400 3408 448 θεία
3429 392 3538 451 Ροει
3556 401 3652 459 ille

435 489 540 541 tur,
571 492 632 530 ac
660 473 899 544 quotidie
931 471 1093 539 virgis
1137 471 1377 540 lorisque
1418 472 1676 536 caeditur;
1707 481 1761 526 et
1805 486 2027 540 compu-

437 567 796 622 trescentibus
850 562 1194 626 vulneribus,
1247 577 1368 615 cum
1423 563 1656 631 primum
1709 563 2032 616 decurrente

438 671 568 725 pure
613 655 900 722 cmpissent
928 653 1044 721 ipsa
1077 652 1298 706 vulnera
1329 652 1532 715 claudi,
1564 654 1754 706 iterum
1794 666 2024 707 renova-

437 752 632 802 bantur
679 747 743 800 ad
775 760 1013 814 poenam.
1065 743 1121 798 In
1164 745 1246 799 his
1296 746 1598 812 tormentis,
1629 760 1736 800 non
1765 747 1935 800 solum
1964 744 2032 798 de

438 850 611 894 morte
637 838 924 906 Chilperici
948 836 975 874 ι’
998 839 1162 906 regis,
1191 851 1377 892 verum
1408 838 1568 892 etiam
1590 837 1801 892 diversa
1823 838 2030 892 scelera

438 948 498 987 se
533 931 814 986 admisisse
845 929 1124 984 confessus
1163 939 1247 983 est
1275 947 1288 981 :
1323 930 1463 985 inter
1491 945 1623 999 quas
1661 928 2030 985 confessiones

437 1022 645 1076 addidit
664 1022 822 1076 etiam
850 1021 1092 1090 Egidinm
1118 1020 1475 1076 Rbemcnsem
1498 1021 1807 1090 episcOpnm
1829 1021 2031 1075 socium

440 1112 605 1168 fuisse
651 1111 706 1166 in
753 1112 845 1165 illo
876 1111 1164 1178 ltauchingi
1196 1120 1244 1178 α,
1296 1109 1538 1166 Ursiouis
1584 1126 1649 1165 ac
1692 1111 2025 1165 Berthel'redi

438 1203 669 1257 consilio
707 1202 774 1255 ad
807 1202 1231 1255 interﬁciendum
1259 1200 1658 1256 Childebertum
1689 1216 1892 1270 regem.
1922 1201 2030 1255 Nec

445 1309 594 1348 mora
643 1294 848 1361 rapitur
891 1293 1193 1361 episcopus,
1244 1299 1301 1344 et
1343 1290 1408 1343 ad
1457 1291 1767 1345 Mettensem
1818 1291 2030 1358 urbem,

442 1401 563 1440 cum
594 1393 738 1439 esset
768 1384 924 1438 valde
960 1384 1026 1438 ab
1057 1383 1407 1453 aegrotatione
1451 1383 1736 1452 longinqua
1766 1382 2032 1449 defessus,

447 1478 759 1542 adducitur;
811 1475 988 1544 ibique
1009 1476 1110 1530 sub
1129 1475 1370 1529 custodia
1391 1475 1612 1544 degens,
1637 1490 1730 1530 rex
1757 1475 2038 1544 episcopos

450 1570 700 1626 arcessiri
741 1568 808 1622 ad
855 1568 973 1638 ejus
1012 1569 1466 1623 exam'nationem
1511 1568 1786 1636 praecepit,
1829 1569 2039 1622 scilicet

449 1671 507 1715 ut
536 1663 588 1714 in
619 1659 772 1716 initio
803 1659 1004 1714 mensis
1029 1658 1205 1712 octavi
1233 1658 1373 1727 apud
1407 1658 1812 1713 Viridunensem
1843 1659 2034 1714 urbem

2132 475 2374 542 epistola:
2414 475 2634 543 prolatae
2662 484 2808 539 sunt,
2845 476 2894 529 in
2924 477 3120 546 quibus
3156 478 3309 532 multa
3339 481 3399 537 de
3426 485 3654 557 imprope-

2133 563 2230 617 riis
2276 564 2636 619 Brunichildis
2685 567 3034 635 tenebantur,
3085 585 3200 638 qua:
3246 571 3307 624 ad
3351 574 3658 644 Chilpericutu

2132 657 2347 720 scriptae
2374 655 2613 716 fuerant,
2644 657 2893 711 similiter
2922 668 2976 712 et
3000 660 3278 728 Chilperici
3308 665 3367 716 ad
3393 667 3660 738 episcopum

2133 748 2344 812 delatae,
2367 749 2430 802 -in
2458 750 2652 818 quibus
2686 751 2824 805 inter
2863 753 3064 821 reliqua
3098 754 3379 810 habebatur
3408 759 3663 818 inscrtum:

2140 858 2158 890 ι
2205 841 2338 906 Quia
2369 841 2413 894 si
2447 843 2593 895 radix
2635 845 2917 910 cujuslibet
2947 846 3021 899 rei
3055 846 3216 900 incisa
3253 863 3350 902 non
3389 851 3546 916 fuerit,
3571 857 3666 908 cul-

2137 947 2256 984 mus
2286 933 2374 1000 qui
2403 935 2570 987 ‘terris
2596 946 2681 990 est
2709 937 2882 990 editus
2909 953 3013 990 non
3046 948 3269 992 arescet.
3314 958 3333 992 ι
3373 941 3513 997 Unde
3540 961 3669 1014 pror-

2135 1035 2228 1075 sus
2277 1023 2618 1078 manifestum
2668 1037 2772 1090 est,
2824 1027 2948 1082 ideo
2975 1028 3090 1082 haec
3120 1030 3332 1098 scripta,
3362 1042 3417 1090 ut
3453 1045 3666 1104 superata

2139 1111 2509 1176 Brunichiltle,
2563 1113 2705 1169 ﬁlius
2755 1116 2872 1183 ejus
2924 1119 3327 1188 Opprimeretur.
3375 1120 3576 1190 Negavit
3619 1139 3671 1181 se

2139 1203 2425 1270 episcopus
2454 1202 2552 1256 bas
2589 1205 2845 1273 epistolas
2874 1211 2954 1262 vel
2985 1209 3198 1263 misisse
3235 1225 3329 1264 suo
3357 1215 3575 1284 nomine,
3603 1217 3672 1281 vel

2137 1290 2440 1361 suscepisse
2470 1311 2497 1345 a
2529 1295 2790 1364 rescripto
2814 1297 3126 1365 Chilperici.
3180 1299 3282 1355 Sed
3321 1317 3446 1370 puer
3475 1303 3577 1372 ejus
3609 1305 3675 1359 fa—

2141 1385 2366 1439 miliaris
2398 1386 2590 1456 adfuit,
2626 1389 2715 1457 qui
2747 1389 2858 1443 haac
2906 1401 3150 1445 notarum
3201 1394 3358 1446 titulis
3401 1409 3486 1463 per
3527 1406 3676 1452 tomos

2139 1477 2447 1532 chartarum
2474 1479 2859 1547 comprehensa
2891 1481 3106 1534 teni-bat
3134 1499 3145 1533 :
3191 1485 3326 1537 unde
3364 1500 3460 1538 non
3488 1486 3676 1541 dubium

2142 1569 2240 1622 fuit
2260 1567 2636 1632 residentibus,
2664 1570 2776 1623 hazc
2796 1569 2863 1622 ab
2883 1569 3071 1623 eodem
3095 1571 3251 1642 513
3275 1572 3482 1626 directa.
3509 1575 3679 1630 Deinde

2143 1657 2361 1724 prolata:
2407 1669 2529 1710 sunt
2561 1659 2835 1725 pactiones
2858 1661 3008 1726 quasi
3050 1673 3114 1712 ex
3158 1659 3364 1714 nomine
3385 1661 3678 1717 Childeberti

446 1754 635 1808 desse
663 1752 941 1806 deberent.
977 1751 1127 1805 Tunc
1166 1745 1234 1807 ab
1261 1751 1381 1805 aliis
1407 1751 1776 1805 sacerdotibus
1805 1751 2036 1819 increpi-
2063 1750 2113 1808 Β
2140 1763 2201 1800 ac
2227 1744 2517 1818 Chilperici
2549 1750 2714 1817 regis,
2747 1748 2798 1802 in
2830 1750 3021 1817 quibus
3053 1750 3329 1804 tenebatur
3355 1750 3613 1818 insertum,
3640 1764 3686 1808 ιιι

453 1855 558 1910 tus,
587 1860 684 1900 cur
711 1845 979 1897 hominem
1024 1844 1230 1912 absque
1275 1843 1542 1898 audientia
1571 1843 1639 1897 ab
1673 1843 1803 1897 urbe
1832 1845 1945 1912 rapi
1987 1853 2042 1898 et

449 1938 501 1990 in
547 1936 845 1990 custodiam
894 1934 1095 1989 retrudi
1145 1935 1508 2003 praecepisset,
1542 1935 1784 2004 permisit
1819 1951 1941 1989 eum
1973 1935 2039 1989 ad

453 2028 640 2081 urbem
667 2040 818 2080 suam
848 2026 1048 2092 redire,
1091 2025 1326 2095 dirigens
1352 2025 1630 2090 epistolas,
1668 2035 1724 2078 ut
1771 2041 1929 2090 supra
1967 2027 2044 2078 di-

450 2117 647 2182 ximus,
697 2115 764 2170 ad
814 2130 1002 2170 omnes
1055 2115 1203 2184 regni
1259 2114 1342 2168 sui
1396 2114 1700 2182 pontiﬁces,
1758 2122 1816 2167 ut
1865 2114 2043 2169 medio

452 2220 638 2260 mense
664 2218 806 2258 nono
833 2203 900 2258 ad
925 2201 1317 2257 discutiendum
1350 2203 1402 2256 in
1434 2202 1564 2257 urbe
1593 2202 1900 2270 supradicta
1945 2204 2043 2256 ad-

451 2310 572 2350 esse
599 2294 875 2349 deberent.
905 2293 1068 2348 Erant
1095 2303 1187 2347 aut
1207 2309 1272 2346 -m
1298 2293 1491 2361 pluvize
1519 2293 1729 2356 validas,
1762 2308 1916 2363 aqute
1946 2295 2046 2347 im-

455 2400 676 2450 mensae,
704 2385 846 2454 rigor
874 2384 1248 2448 intolerabilis,
1272 2383 1544 2437 dissoluta
1568 2383 1680 2436 luto
1711 2385 1832 2449 vim,
1859 2399 2046 2440 amnes

455 2478 634 2532 littora
661 2477 982 2532 excedentes
1015 2493 1028 2527 :
1068 2476 1160 2529 sed
1193 2475 1541 2542 preceptioui
1573 2475 1734 2544 regia:
1784 2475 2046 2531 obsistens

455 2569 831 2639 nequiverunt.
887 2567 1124 2636 Denique
1168 2567 1326 2638 512
1356 2568 1756 2631 convenientes,
1793 2570 2045 2637 pertracti

455 2670 586 2716 sunt
631 2673 801 2728 usque
846 2659 1158 2712 Mctlensem
1209 2661 1393 2713 urbem
1426 2658 1648 2727 :-ibique
1695 2667 1752 2714 et
1795 2659 2047 2728 prmfatus

459 2751 679 2822 Egidius
704 2749 895 2806 adfuit.
945 2750 1095 2805 Tunc
1136 2766 1230 2805 rex
1270 2749 1543 2803 inimicum
1580 2767 1701 2803 eum
1744 2750 1846 2806 sibi
1877 2751 2050 2823 regio-

460 2845 646 2914 nisque
695 2843 1020 2912 proditorem
1063 2857 1189 2898 esse
1237 2843 1610 2911 pronuntians.
1643 2843 1943 2898 Ennodium
1976 2860 2042 2900 ex

451 2937 594 2991 duce
623 2933 690 2989 ad
715 2933 983 3002 negotium
1026 2931 1221 3003 delegit
1267 2933 1715 3003 prosequendum,
1747 2934 2050 3004 cujus-pro-

465 3026 661 3095 positio
705 3025 877 3096 prima
924 3023 1038 3080 hac
1066 3024 1205 3080 fuit:
1243 3024 1335 3080 Dic
1363 3025 1517 3092 mihi,
1565 3041 1598 3078 ο
1623 3027 1892 3098 episcOpe,
1924 3029 2049 3098 quid

462 3119 557 3174 tibi
581 3119 755 3172 visum
773 3115 906 3182 fuit,
933 3126 990 3170 ut
1019 3116 1206 3170 relicto
1236 3131 1384 3188 rege,
1415 3117 1466 3170 in
1498 3118 1650 3187 cujus
1677 3119 1810 3175 urbe
1837 3121 2051 3189 episco-
2079 3100 2125 3161 (ἶ

463 3221 620 3280 pctus
647 3209 852 3264 honore
900 3207 1187 3275 fruebaris,
1219 3217 1271 3264 te
1298 3208 1586 3278 Chilperici
1637 3211 1779 3280 regis
1803 3212 2054 3267 amicitiis

463 3303 794 3370 subdereris,
835 3302 922 3371 qui
966 3316 1180 3371 semper
1209 3301 1453 3355 inimicus
1479 3301 1697 3356 domino
1728 3313 1911 3360 nostro
1942 3304 2051 3372 regi

433 3424 436 3427 -
465 3394 632 3448 fuisse
661 3391 1059 3463 probatur,lqui
1093 3400 1295 3460 patrem
1344 3390 1462 3460 ejus
1511 3393 1795 3460 interfecit,
1827 3402 2051 3450 matrem

461 3486 656 3540 exsilio
683 3482 710 3523 δ
741 3484 1137 3551 condemnavit,
1172 3498 1501 3553 regnumque
1540 3485 1795 3552 pervasit,
1824 3495 1881 3541 et
1909 3487 1960 3540 in
1993 3488 2056 3542 iis

463 3577 686 3631 urbibus
711 3589 865 3644 quas,
898 3584 956 3628 ιιι
983 3574 1241 3637 diximus,
1269 3574 1452 3643 iniquo
1482 3574 1818 3642 pervasionis
1844 3577 2053 3640 ordine,

463 3682 564 3722 suo
591 3666 830 3721 dominio
857 3664 1186 3736 sithjugavit,
1233 3672 1287 3718 tu
1333 3664 1402 3717 ab
1438 3663 1628 3720 eodem
1658 3666 2052 3730 possessionum

467 3758 725 3814 ﬁscalium
763 3758 961 3825 praedia
1009 3756 1295 3810 meruisti?
1331 3755 1409 3810 Ad
1464 3756 1709 3810 haeciille
1739 3758 2052 3825 respondit:

463 3850 618 3918 Quod
647 3851 837 3905 fuerim
869 3850 1075 3903 amicus
1102 3849 1243 3918 regis
1271 3846 1556 3914 Chilperici
1588 3861 1786 3916 negare
1818 3865 1922 3904 non
1955 3865 2052 3919 po-

466 3952 599 4005 tero,
635 3955 741 3995 non
794 3950 972 3995 tamen
1003 3947 1187 3994 contra
1235 3937 1515 3992 utilitatem
1559 3940 1699 4008 regis
1725 3939 2056 3996 Childeberti

464 4031 582 4087 haec
608 4031 841 4085 amicitia
883 4030 1185 4099 pullulavit.
1241 4028 1404 4082 Villas
1434 4043 1561 4084 vero
1589 4045 1724 4098 quas
1763 4045 2054 4096 memoras,

466 4133 570 4195 per
622 4126 778 4179 istius
821 4123 962 4192 regis
1007 4125 1221 4177 c‘iartas
1269 4121 1497 4175 emerui.
1552 4120 1703 4176 Tunc
1747 4122 2054 4190 proferente

461 4215 684 4270 easdem
718 4215 772 4267 in
794 4212 1028 4283 publico.
1059 4224 1210 4280 negat
1248 4225 1342 4265 rex
1375 4225 1436 4266 se
1466 4211 1710 4281 largilum
1744 4212 1935 4277 fuisse;
1970 4229 2056 4266 re-

463 4305 798 4373 quisitusque
834 4305 958 4357 Otto
988 4300 1327 4373 [Ed.-0:ho|,
1359 4301 1447 4369 qui
1494 4309 1620 4354 tunc
1663 4299 2056 4357 referendarius

465 4395 663 4457 fuerat,
695 4391 850 4462 cujus
881 4392 948 4445 ibi
997 4388 1318 4458 subscriptio
1349 4389 1600 4443 meditata
1632 4392 1932 4456 tenebatur,
1963 4394 2056 4447 ad-

2143 1838 2315 1908 rjecto
2339 1839 2740 1894 Guntchramno
2769 1855 2890 1909 rege
2909 1884 2923 1910 ,
2960 1843 3010 1895 hi
3038 1843 3145 1896 duo
3171 1859 3320 1914 rcges
3359 1844 3487 1898 inter
3513 1861 3564 1899 se
3587 1846 3686 1916 ej--s

2145 1946 2380 2001 regnum
2404 1933 2670 2000 urbesque
2701 1932 3004 1986 dividerent
3033 1951 3045 1985 :
3087 1933 3185 1988 sed
3233 1935 3436 2004 negavit
3471 1934 3574 1990 haec
3608 1952 3686 1990 rex

2144 2038 2394 2078 cum-suo
2424 2025 2618 2077 factum
2649 2024 2892 2089 consilio,
2924 2025 3140 2079 dicens:
3172 2026 3305 2090 Quid
3335 2035 3387 2080 tu
3411 2026 3687 2082 ccinmisisd

2148 2125 2366 2184 patruos
2396 2129 2564 2180 meos,
2602 2125 2657 2168 ιιι
2687 2114 2826 2169 inter
2865 2116 2982 2169 illos
3014 2115 3213 2171 bellum
3238 2118 3392 2171 civile
3433 2133 3689 2187 consurge-

2144 2207 2260 2262 ret?
2289 2207 2438 2262 Unde
2467 2207 2660 2261 factum
2684 2217 2766 2261 est
2782 2215 2841 2260 ut
2863 2217 3161 2263 commotus
3183 2211 3443 2263 exercitus
3467 2209 3691 2273 Biturigas

2147 2295 2358 2360 urbem,
2400 2311 2705 2364 'pagumque
2738 2299 3135 2365 Stampensem,
3169 2300 3252 2353 vel
3285 2298 3646 2354 Mediolaneuse
3671 2309 3692 2335 ε

2146 2395 2380 2441 castrum
2403 2397 2690 2442 attererent
2715 2397 2874 2458 atque
2893 2389 3372 2458 depopularentur:
3395 2391 3443 2446 in
3462 2406 3556 2461 quo
3578 2391 3694 2443 bello

2148 2481 2297 2534 mttlti
2325 2479 2628 2548 interempti
2658 2489 2800 2545 sunt,
2827 2495 3078 2547 quorum,
3103 2490 3162 2535 ut
3193 2493 3337 2551 puto,
3361 2481 3540 2535 anima:
3563 2488 3695 2533 erunt

2150 2571 2241 2627 Dei
2262 2571 2463 2639 judicio
2484 2571 2552 2625 de
2583 2573 2686 2626 tuis
2709 2573 2954 2627 manibus
2982 2575 3345 2644 requirendus?
3374 2574 3492 2629 llam
3517 2574 3697 2641 episco-

2149 2676 2247 2729 pus
2279 2674 2474 2728 negare
2520 2675 2625 2714 non
2659 2662 2847 2730 potuit.
2878 2661 3086 2732 Scripta
3116 2664 3261 2719 enim
3302 2665 3400 2717 ista
3438 2663 3488 2717 in
3514 2669 3696 2728 regesto

2131 2752 2432 2822 Chilperici
2459 2753 2612 2822 regis
2652 2752 2704 2808 in
2749 2768 2855 2807 uno
2893 2754 3216 2809 scriniorum
3258 2754 3447 2824 pariter
3473 2763 3584 2808 sunt
3622 2765 3698 2805 re-

2151 2854 2302 2912 perta
2339 2860 2354 2897 :
2387 2859 2450 2898 ac
2496 2854 2622 2898 tunc
2667 2843 2731 2897 ad
2770 2859 2892 2898 eum
2936 2855 3317 2913 pervenerunt,
3359 2846 3558 2914 quando
3586 2852 3700 2897 inte~

2150 2941 2360 3002 rempto
2381 2932 2706 3000 Chilperico,
2734 2933 2966 2989 thesauri
2995 2935 3109 3002 ejus
3135 2935 3206 2991 de
3227 2934 3430 2990 Calensi
3455 2934 3702 2989 Parisiacai

2157 3023 2304 3079 urbis
2342 3023 2468 3078 villa
2510 3023 2673 3078 ablati
2717 3025 2784 3079 ad
2825 3026 3072 3080 eumdem
3103 3025 3272 3080 delati
3303 3034 3447 3082 sunt.
3493 3025 3700 3093 Cumque

2159 3115 2226 3167 de
2255 3113 2622 3183 hujuscemodi
2648 3114 2825 3169 causis
2856 3115 3148 3171 altercatio
3179 3116 3379 3171 diutius
3416 3116 3703 3178 ttalte'etur,

2158 3205 2327 3259 adfuit
2366 3212 2422 3260 et
2461 3205 2625 3259 abbas
2657 3204 2984 3273 Epiphanius
3014 3207 3256 3262 basilica:
3301 3208 3464 3261 sancti
3491 3205 3702 3272 Remigii,

2155 3295 2339 3350 dicens
2368 3295 2506 3364 quod
2544 3295 2652 3349 duo
2689 3295 2851 3349 millia
2885 3311 3172 3351 aureorum
3213 3299 3519 3366 speciesque
3548 3295 3708 3348 multas

2159 3400 2256 3453 pro
2283 3385 2642 3440 conservanda
2679 3386 2819 3454 regis
2845 3384 3132 3454 Chilperici
3169 3388 3397 3442 amicitia
3429 3385 3707 3454 accepis~et.

2158 3476 2561 3543 Astitcruntque
2604 3477 2764 3528 etiam
2812 3483 2867 3528 et
2908 3475 3099 3543 legati,
3136 3477 3228 3545 qui
3269 3490 3391 3530 cum
3435 3475 3608 3530 eodem
3655 3470 3708 3523 ad

2160 3579 2512 3622 memoratum
2565 3583 2743 3636 regem
2796 3567 3036 3633 fuerant,
3081 3569 3376 3624 dicentes:
3429 3567 3551 3635 Quia
3581 3563 3708 3618 nobis

2160 3661 2362 3718 relictis
2403 3660 2603 3714 diutius
2633 3675 2755 3714 cum
2786 3660 2976 3713 eodem
3007 3658 3158 3714 solus
3197 3659 3490 3714 collocutus
3518 3665 3592 3710 est
3620 3671 3630 3705 :
3657 3653 3710 3704 de

2158 3755 2353 3825 quibus
2382 3754 2562 3807 verbis
2589 3751 2722 3807 nihil
2771 3750 3158 3819 intelleximus,
3192 3751 3295 3805 nisi
3333 3746 3602 3816 supradicti
3635 3758 3712 3795 ex-

2158 3845 2743 3915 cidii'prosecutionem
2785 3843 3130 3910 imposterum
3174 3847 3571 3911 cognoscentes.
3613 3835 3711 3886 llazc

2160 3953 2224 3994 eo
2247 3947 2490 4007 negante,
2507 3936 2677 3990 abbas
2693 3935 2781 4003 qui
2801 3934 2972 3988 fui-rat
2996 3947 3217 4001 semper
3248 3936 3298 3986 in
3322 3932 3386 3985 iis
3406 3928 3709 3983 consiliorum

2160 4028 2370 4082 arcanis
2410 4025 2713 4106 particeps,
2766 4026 2939 4078 locum
2989 4023 3372 4093 hominemque
3416 4016 3709 4076 denominat,

2161 4121 2274 4184 ubi,
2304 4119 2471 4183 et'qui
2501 4131 2712 4183 aureos,
2743 4131 2876 4184 quos
2904 4113 3167 4177 diximus,
3201 4115 3509 4176 detulis~et;
3538 4121 3584 4164 et
3611 4124 3714 4173 ιιιιςιο

2165 4212 2282 4265 liter
2317 4210 2382 4263 de
2419 4207 2627 4262 excidio
2665 4207 2897 4276 regionis
2941 4221 3003 4259 ac
3041 4207 3181 4277 regis
3209 4200 3584 4261 Guntchramni
3611 4213 3714 4251 cono

2165 4313 2380 4355 ventum
2419 4299 2617 4362 fuerat,
2657 4309 2713 4351 ιιι
2747 4307 2951 4366 gestum
2980 4308 3061 4351 est
3101 4313 3165 4351 ex
3211 4297 3403 4352 Ordine
3430 4295 3716 4347 denarravit-

2162 4394 2291 4460 Qua:
2320 4402 2374 4445 et
2395 4391 2490 4443 ille
2533 4389 2827 4450 c0uvictus,
2876 4389 3129 4456 deinceps
3176 4398 3260 4441 est
3303 4387 3585 4440 confessus.
3618 4380 3715 4433 ηερ

465 4489 586 4552 fuit,
616 4498 775 4557 negat
802 4501 860 4540 se
889 4484 1270 4550 subscripsisse
1303 4500 1316 4536 :
1345 4483 1572 4537 coiiﬁcta
1604 4484 1745 4536 enim
1786 4499 1901 4538 erat
1943 4501 2054 4540 ma-
2085 4473 2134 4532 D
2159 4485 2438 4540 audientes
2467 4481 2701 4550 episcopi
2743 4481 2829 4546 qni
2864 4480 3104 4534 advocati
3151 4479 3390 4542 fuerant,
3421 4486 3473 4532 et
3513 4477 3557 4528 in
3589 4483 3718 4525 tanm

467 4597 567 4634 nus
595 4581 710 4647 ejus
754 4579 804 4632 in
836 4577 994 4647 hujus
1026 4575 1399 4645 pmceptionis
1431 4577 1653 4645 scripto.
1687 4577 1740 4630 lu
1768 4576 1867 4630 hac
1898 4579 2057 4647 igitur

503 4726 565 4798 “ﬂ
607 4715 820 4783 Bagam,
865 4725 922 4767 ut
960 4715 1094 4766 liliro
1130 4712 1476 4779 praecedenti,
1509 4728 1627 4780 cap.
1659 4713 1746 4774 58,
1787 4711 2054 4782 Domuigi-

500 4788 615 4837 ilus.

467 4805 493 4842 ‘
545 4856 568 4891 δ
615 4855 702 4908 Sic
734 4868 860 4907 mss.
895 4868 1017 4904 omn
1056 4868 1082 4904 s
1108 4863 1163 4904 rt
1191 4853 1354 4913 editi;
1388 4852 1633 4907 Valesius
1664 4862 1839 4906 tmten
1887 4853 2060 4912 legen-

470 4927 599 4979 tluin
660 4933 841 4978 censu
881 4922 1207 4974 Childeberti.
1265 4923 1462 4988 quue,
1516 4931 1573 4975 ut
1613 4933 1758 4989 putat
1799 4933 2054 4988 erratum,

469 4994 716 5065 Gregorii
759 4991 1034 5065 memoria:
1067 4993 1232 5060 lapsui
1265 4991 1527 5065 attribuit,
1581 5007 1701 5046 cum
1731 4993 1868 5046 haud
1896 4998 2064 5058 possi-

471 5063 702 5128 bile—ipsi
729 5064 991 5126 videatur,
1025 5064 1199 5116 virum
1231 5063 1460 5117 nobilem
1485 5076 1554 5116 ex
1583 5065 1873 5126 Austrasia,
1900 5071 2062 5129 atque

471 5140 523 5190 in
551 5135 878 5191 Childeberti
909 5133 1106 5200 palatio
1134 5133 1448 5186 honoratum
1483 5147 1509 5183 a
1536 5132 1909 5201 Fredegunde,
1941 5149 2060 5200 qua:
2104 5139 2107 5144 '

473 5206 758 5272 Chilperici
811 5205 1059 5258 interitus
1105 5213 1296 5257 auctor
1339 5219 1458 5257 esse
1511 5211 1746 5268 putatur,
1796 5204 2059 5257 delectum

475 5277 636 5330 f.;i~se
666 5277 732 5330 ad
767 5274 1099 5329 inferendam
1132 5274 1231 5342 ipsi
1257 5274 1559 5336 Chilperico
1597 5287 1801 5339 necem,
1831 5276 2062 5326 maxime

473 5360 594 5399 cum
642 5348 754 5414 ipsa
801 5349 852 5398 in
884 5344 1126 5399 Neustria
1175 5344 1421 5396 habuerit
1469 5343 1772 5409 Complures
1817 5343 2058 5414 sicarios,

475 5416 563 5480 qui
596 5413 852 5469 scelerum
881 5417 1047 5482 ipsius
1079 5415 1317 5466 ﬁdissimi
1351 5421 1504 5466 erant
1536 5414 1789 5466 ministri.
1817 5413 2058 5466 Nondum

476 5495 653 5537 tamen
705 5484 913 5553 obierat
939 5485 1337 5546 Childehcrtus,
1390 5483 1602 5550 quamlo
1634 5485 1745 5537 haec
1772 5483 2060 5553 Gregorius

474 5572 516 5608 st
539 5555 764 5606 rihehat.
797 5552 952 5609 Unde
983 5557 1026 5608 si
1051 5569 1176 5608 vera
1217 5556 1280 5607 sit
1317 5555 1507 5606 Valein
1541 5554 1743 5622 opinio,
1793 5552 2057 5607 ὴὶείιαιιιιιε

475 5623 850 5691 intellgendns
892 5623 961 5677 tle
1002 5634 1176 5678 morte
1204 5641 1362 5688 quam
1392 5625 1730 5690 llauchingus
1774 5635 1828 5676 et
1859 5624 1945 5677 alii
1977 5627 2060 5676 hic

475 5694 758 5751 memorati
787 5693 1130 5748 Childeberto
1159 5696 1398 5748 meditati
1433 5694 1637 5749 fuerant
1666 5692 1884 5747 inferre.

2161 4577 2314 4631 malis
2337 4572 2668 4628 sacerdotem
2693 4570 2899 4623 Domini
2922 4576 3242 4623 contuentes
3265 4569 3430 4622 fuisse
3449 4562 3716 4618 sateliitcm,

2235 4724 2256 4750 ο
2284 4712 2404 4769 Alii.
2428 4709 2708 4777 Ravingus,
2735 4704 3204 4777 scuﬂuuincusnls
3234 4704 3463 4777 ipse-est
3497 4697 3702 4777 Rauchip

2161 4765 2374 4853 gus,’de
2393 4765 2506 4854 :quo
2533 4765 2704 4854 supra
2723 4777 2812 4828 liti.
2842 4790 2954 4837 vin,
2987 4790 3102 4854 cap.
3128 4765 3309 4854 ‘29,_et
3335 4773 3427 4826 lib.
3454 4786 3523 4835 ix,
3547 4781 3651 4834 cap.
3673 4765 3713 4827 9,

2165 4845 2582 4916 ubi'conjuratio
2613 4847 2696 4900 hic
2725 4856 3016 4898 itu-morata
3052 4845 3400 4898 describitur.

2249 4941 2275 4979 δ
2309 4941 2520 5009 Βειξπηη
2553 4937 2798 5003 "Hm/00;
2846 4934 2936 4989 :ed
2963 4936 3128 5009 altera
3177 4934 3343 5009 lectio
3386 4925 3716 5009 melior.__liam

2174 5015 2353 5079 reipsa
2389 4998 2786 5079 ‘(IJltil'pelicuspr
2808 5015 2865 5057 ut
2891 5014 3072 5079 narrat
3115 5006 3232 5079 ipse
3255 5002 3546 5079 gregarius
3677 5010 3714 5056 ν.

2172 5069 2351 5148 cap-.1.
2385 5091 2501 5149 post
2526 5069 2782 5144 'Sigiberti
2813 5090 2996 5130 necem
3017 5069 3415 5130 Brutiicliildetn
3436 5073 3486 5125 iu
3506 5069 3716 5124 exsilium

2175 5151 2442 5220 deportari
2470 5149 2653 5218 jussit.
3281 5167 3285 5170 -

2243 5256 2265 5283 ο
2309 5244 2399 5297 Sic
2422 5241 2762 5295 habentllec.
2791 5249 2845 5292 et
2871 5238 3023 5291 Colb.
3058 5254 3130 5292 m.
3163 5237 3326 5290 COIII.
3361 5250 3413 5298 a,
3467 5231 3692 5287 Mediam

2163 5333 2310 5377 sem;
2341 5313 2491 5376 editi,
2518 5310 2912 5363 Miliuduneme.
2943 5311 3059 5371 Hir,
3107 5317 3164 5360 ιιι
3195 5322 3345 5373 puto.
3371 5304 3716 5358 Mediolanum,

2164 5403 2256 5440 seu
2301 5383 2614 5450 Magdutium
2666 5381 2954 5448 Biturigum
2993 5377 3178 5450 potius
3220 5378 3716 5450 desogtiattt_r,_qnzttll

2165 5445 2520 5515 Melotlttnum,
2559 5454 2691 5515 ciunt
2730 5462 2810 5503 eSt
2837 5445 3094 5514 oppidum
3135 5449 3412 5500 Senonum
3444 5445 3504 5496 ad
3535 5445 3715 5502 Semia-

2165 5542 2314 5581 nam.
2343 5514 2636 5584 Utrumque
2669 5524 2805 5573 bello
2838 5526 2937 5573 isto
2968 5521 3273 5573 laccs~itum
3301 5529 3402 5570 est.
3441 5514 3562 5566 Vith
3587 5520 3715 5560 ευειη

2169 5599 2260 5651 liii.
2295 5610 2370 5660 γι,
2400 5609 2517 5663 Cap.
2549 5589 2640 5645 3|.
