3946 6188
457 306 562 363 555

1459 307 1518 363 S.
1563 306 1893 362 GREGORII
1937 307 2240 363 EPISCGPI
2283 308 2718 367 TURONENSIS
3581 326 3669 378 δυο

454 423 545 475 vix
573 427 823 490 quantum
854 418 1052 487 quinta:
1080 417 1220 470 lunai
1255 430 1455 470 cornua
1485 419 1740 482 retinent,
1774 418 1836 471 ad
1863 418 2046 472 lucen-
2077 425 2124 480 Α
2153 421 2304 488 quasi
2361 435 2522 489 super
2575 422 2732 474 aliam
2789 422 3126 478 medietatem
3186 424 3321 478 urb's
3347 465 3360 488 ,
3415 431 3670 496 ntiprclien.

458 511 586 564 dum
639 509 879 563 haberet.
918 506 1118 560 Pluvia:
1163 506 1385 573 valida},
1420 506 1647 560 tonitrua
1697 509 1747 561 in
1794 520 2047 563 autumno

457 605 660 674 gravia,
693 619 845 674 aquae
884 611 1062 657 autem
1103 602 1327 656 nimium
1378 602 1737 659 iuvaiuerunt.
1774 602 2049 658 Vivat-ien-

459 707 615 751 sem-
649 695 1086 764 Avennicamque
1116 695 1297 748 urbem
1334 694 1568 763 graviter
1602 693 1714 748 lues
1753 694 2048 764 inguinaria

457 787 774 840 ilevastavit.

533 876 723 931 XXIV.
765 879 922 930 Anno
974 874 1133 945 igitur
1182 873 1395 929 decimo
1459 881 1615 927 sexto
1673 873 2046 939 Childeberti,

463 969 856 1026 Guntcliramni
881 977 1055 1022 autem
1082 967 1353 1036 trigesimo
1375 980 1581 1034 regum,
1606 965 1817 1034 quidam
1843 966 2051 1034 episco-

464 1077 560 1130 pus
577 1063 646 1115 de
663 1059 1035 1114 transmarinis
1055 1058 1294 1126 partibus
1318 1057 1382 1110 ad
1404 1056 1723 1110 Turonicam
1744 1059 1927 1110 urbem
1957 1055 2053 1110 ad-

461 1153 624 1221 venit,
679 1152 893 1205 nomine
924 1151 1130 1205 Simon.
1175 1149 1270 1202 Hic
1302 1148 1456 1202 nobis
1489 1151 1824 1202 eversionem
1863 1149 2050 1202 Antio-

455 1245 594 1298 chiae
623 1245 768 1298 urbis
811 1242 1138 1304 enuntiavit,
1185 1255 1432 1296 asserens
1483 1257 1542 1295 se
1587 1244 1654 1295 de
1705 1243 1952 1294 Armenia
1997 1242 2048 1294 in

462 1337 682 1408 Perside
707 1337 1030 1406 captivatum
1059 1334 1238 1389 fuisse.
1271 1333 1381 1389 Rex
1409 1335 1552 1388 enim
1577 1335 1881 1399 Persarum,
1916 1335 2054 1388 iirn-

460 1442 551 1499 pto
591 1429 962 1484 Armeniorum
997 1428 1246 1492 termino,
1293 1425 1504 1494 prmdas
1534 1427 1641 1494 egit
1689 1425 2051 1494 ecclesiasqne

461 1521 568 1592 igni
597 1521 894 1586 succendit,
928 1529 981 1575 et
1013 1519 1153 1573 hunc
1185 1518 1516 1572 sacerdotem
1548 1533 1666 1571 cum
1697 1518 1894 1586 populo
1925 1534 2044 1583 suo,

420 1654 424 1658 .
459 1622 517 1664 ut
547 1611 804 1674 diximus,
838 1609 1102 1679 captivum
1147 1609 1386 1663 abduxit.
1415 1610 1564 1663 Tunc
1591 1611 1751 1663 etiam
1781 1619 1834 1664 et
1863 1609 2049 1663 basili-

456 1719 575 1758 cam
605 1715 908 1758 sanctorum
938 1705 1292 1773 quadraginta
1321 1711 1441 1756 ocm
1484 1715 1800 1772 martyrum,
1833 1702 1899 1756 de
1929 1703 2049 1771 qui-

2153 526 2243 566 sus
2293 521 2376 566 est
2423 528 2450 566 a
2505 514 2711 567 duobus
2759 515 2919 568 sociis
2965 516 3053 584 qui
3104 530 3219 568 cum
3259 532 3320 570 eo
3356 531 3511 581 erant,
3539 529 3674 589 atque

2151 603 2462 658 obsecratus
2520 605 2846 659 terribilibus
2899 605 3249 660 sacramentis
3271 645 3286 674 ς
3322 617 3372 660 ut
3421 609 3677 679 indulgeret

2152 695 2421 748 medietati
2453 697 2617 764 urbis,
2652 711 2718 750 ne
2750 707 2947 761 rueret,
2982 697 3317 767 mitigatoque
3359 700 3521 755 furore
3545 707 3680 757 susu-

2153 785 2265 837 nuit
2312 800 2526 838 manum
2583 802 2759 848 suain,
2812 799 2972 857 atque
3018 791 3233 844 elevans
3269 791 3518 847 hominem
3547 795 3684 866 513

2151 874 2239 943 qui
2269 886 2544 930 corruerat
2573 878 2623 930 in
2659 886 2878 943 terram,
2907 880 2980 932 ait
3009 896 3022 930 :
3058 879 3199 934 Vade
3223 879 3286 933 ad
3316 881 3514 936 domum
3541 893 3681 952 tuam,

2153 981 2220 1021 ne
2248 966 2436 1021 timeas
2471 984 2484 1022 :
2532 968 2622 1021 filii
2665 969 2806 1022 enim
2842 971 2912 1022 tui
2951 985 3071 1023 eum
3105 987 3270 1026 uxore
3296 983 3346 1026 et
3373 975 3507 1028 omni
3548 977 3685 1029 domo

2153 1067 2240 1112 tua
2269 1059 2401 1114 salvi
2428 1070 2572 1125 sunt,
2606 1076 2704 1116 nec
2727 1062 3006 1131 quisquam
3038 1078 3100 1117 ex
3131 1066 3207 1118 eis
3240 1065 3407 1132 periit.
3427 1067 3688 1123 Custodivit

2151 1150 2293 1204 enim
2341 1160 2390 1205 te
2421 1152 2591 1204 oratio
2619 1155 2828 1206 assidua
2859 1163 2912 1208 et
2942 1155 3299 1225 eleeinosyua:
3325 1171 3449 1225 quas
3475 1159 3683 1225 quotidie

2153 1258 2372 1296 exerces
2424 1244 2472 1296 in
2527 1259 2808 1313 pauperes.
2857 1246 2916 1298 Et
2967 1245 3080 1300 hate
3120 1249 3318 1312 dii-ens,
3371 1249 3690 1306 discesserunt

2154 1335 2221 1386 ah
2251 1335 2414 1387 oculis
2444 1334 2582 1402 ejus,
2617 1351 2714 1389 nec
2741 1337 2790 1389 ei
2827 1347 3188 1405 apparuerunt
3227 1340 3379 1392 ultra.
3421 1339 3503 1393 Ille
3539 1352 3689 1395 autem

2154 1439 2428 1492 regressus
2461 1425 2510 1478 in
2545 1429 2759 1490 uibem,
2796 1429 2994 1495 reperit
3037 1430 3178 1482 urbis
3221 1430 3543 1484 medietatem
3569 1432 3693 1484 diiu-

2156 1526 2260 1569 tam
2291 1524 2449 1585 atque
2471 1517 2782 1570 subversam
2812 1533 2930 1571 cum
2965 1519 3268 1575 hominibus
3307 1521 3691 1591 peciiribusque,

2153 1620 2219 1658 ex
2266 1606 2460 1672 quibus
2491 1607 2730 1661 nonnulli
2764 1623 2790 1659 a
2834 1610 2999 1662 ruinis
3047 1611 3300 1678 deinceps
3341 1613 3551 1667 extracti
3592 1625 3695 1667 sunt

2157 1697 2374 1762 mortui,
2411 1699 2558 1766 pauci
2599 1698 2858 1754 debilitati
2902 1704 3097 1770 reperti
3128 1715 3253 1757 sunt
3291 1704 3414 1760 vivi.
3454 1704 3696 1758 Verumta-

459 1797 556 1850 bus
598 1795 651 1849 in
689 1795 829 1849 libro
865 1793 1244 1848 Miraculorum
1289 1791 1551 1848 meminib
1578 1834 1590 1856 ,
1620 1793 1708 1860 qui
1750 1792 1800 1845 iu
1835 1793 1918 1846 illa
1969 1807 2050 1847 re-
2082 1802 2130 1862 Β
2157 1805 2276 1842 meti
2303 1805 2400 1843 nec
2432 1789 2519 1842 illa
2551 1799 2757 1844 cassata
2798 1801 2941 1854 sunt,
2974 1809 3091 1859 qua:
3125 1794 3242 1848 viro
3279 1796 3394 1847 huic
3415 1796 3477 1848 ab
3504 1796 3625 1863 ipso,
3651 1804 3697 1849 ut

458 1887 616 1956 gioiie
658 1885 796 1953 passi
827 1893 972 1951 sunt,
1003 1886 1214 1952 Opp'eta
1250 1883 1377 1953 ligni
1405 1884 1673 1952 congerie,
1705 1882 1837 1950 pice,
1873 1891 2049 1951 tergo-

465 1978 724 2049 ribusque
740 1976 967 2030 suilliuis
983 1975 1249 2040 immistis,
1265 1975 1552 2044 suppositis
1564 1973 1872 2027 ardentibus
1890 1974 2045 2042 517

457 2068 681 2133 facibus,
711 2067 1038 2123 succendere
1070 2066 1170 2119 nisi
1200 2077 1323 2120 sunt
1344 2075 1365 2103 ο
1391 2081 1404 2117 :
1434 2065 1525 2118 sed
1558 2079 1888 2132 nequaquam
1917 2063 2050 2130 ignis

466 2168 774 2228 apparatum
792 2157 1020 2211 incendii
1036 2155 1462 2224 comprehendit,
1479 2155 1663 2220 sicque
1685 2155 1927 2208 videntes
1941 2168 2051 2206 uia-

459 2251 632 2320 gnalia
669 2249 785 2311 Dei,
819 2255 1156 2303 recesserunt
1193 2245 1260 2300 ab
1289 2260 1370 2300 ea.
1404 2245 1596 2299 Audita
1628 2254 1804 2298 autem
1835 2245 2049 2312 quidam

465 2344 746 2412 episc0pus
767 2340 920 2394 istius
951 2337 1228 2392 memorati
1271 2336 1564 2390 sacerdotis
1595 2335 1936 2401 abdiit-tione,
1970 2336 2054 2389 di-

461 2435 599 2490 rexit
629 2433 854 2503 pretium
881 2447 973 2500 per
1003 2429 1245 2482 homines
1271 2443 1397 2482 suos
1428 2426 1492 2480 ad
1528 2441 1706 2495 regem
1745 2427 2050 2480 Persarum.

465 2529 582 2595 Quo
622 2526 710 2580 ille
738 2533 1007 2592 suscepto,
1043 2522 1298 2575 relaxavit
1335 2535 1362 2572 a
1400 2518 1674 2576 servitutis
1706 2519 1916 2572 vinculo
1943 2521 2054 2587 epi-

463 2634 684 2690 scopum
712 2619 893 2673 istum.
924 2615 1001 2668 Ex
1029 2614 1092 2668 iis
1115 2628 1243 2682 ergo
1268 2612 1550 2667 discedens
1574 2611 1901 2680 regionibus,
1930 2612 2054 2664 Gal-

464 2713 564 2767 lias
593 2721 675 2764 est
700 2723 1000 2779 aggressus,
1045 2715 1103 2760 ut
1148 2703 1761 2772 aliquid-consolationis
1790 2719 1818 2756 a
1849 2703 2054 2756 devous

466 2803 737 2869 acciperet
761 2819 772 2852 :
807 2799 895 2863 qui
921 2797 1095 2862 nobis,
1124 2804 1182 2849 ut
1205 2793 1409 2865 praefati
1441 2810 1625 2848 sumus
1654 2795 1914 2863 superius,
1942 2793 2055 2848 hinc

465 2896 666 2953 retulit.
695 2895 863 2949 llomo
887 2902 1006 2948 erat
1035 2894 1083 2945 in
1108 2891 1392 2945 Antiochia
1415 2891 1569 2944 valde
1592 2889 1813 2944 devotus
1837 2890 1886 2943 in
1911 2891 2055 2944 elee-

467 2989 732 3060 mosynis,
771 2987 1049 3056 conjugein
1082 3000 1143 3038 ac
1175 2984 1372 3037 liberos
1407 2983 1636 3047 habens;
1681 2997 1778 3036 nec
1825 2997 2053 3050 unquam

466 3083 514 3137 ei
543 3082 593 3136 in
626 3080 771 3134 omni
802 3081 906 3133 vita
933 3092 1026 3131 sua
1054 3075 1167 3130 dies
1193 3074 1467 3144 praeteriit,
1500 3084 1778 3143 postquam
1804 3073 2054 3143 quiddam

2155 1881 2224 1934 ita
2253 1881 2449 1946 dicam,
2483 1881 2674 1950 angelo
2715 1881 2924 1937 Domini
2952 1894 3075 1937 sunt
3105 1884 3288 1940 effata.
3331 1885 3454 1939 Nam
3479 1888 3693 1954 veniens,

2151 1989 2363 2028 omnem
2391 1974 2607 2028 domum
2637 1990 2784 2028 suam
2817 1976 3136 2030 incolumem
3173 1979 3386 2045 reperit,
3413 1989 3598 2032 tantum
3628 1978 3694 2031 lii-

2153 2081 2278 2120 nera
2334 2067 2776 2134 propinquorum,
2809 2082 2926 2134 qua:
2974 2069 3024 2120 in
3083 2069 3204 2121 aliis
3253 2069 3486 2122 domibus
3534 2069 3696 2122 effecta

2153 2159 2379 2224 fuerant,
2423 2159 2832 2225 lamentabatur,
2887 2160 3230 2228 protexitque
3277 2175 3394 2214 eum
3445 2161 3493 2214 in
3547 2159 3697 2213 medio

2154 2238 2455 2319 iniquorum
2487 2249 2704 2303 dextera
2751 2249 2959 2304 Domini
2991 2266 3110 2304 cum
3142 2251 3303 2304 domo
3331 2267 3443 2317 sua,
3474 2253 3697 2306 salvatus-

2153 2355 2256 2409 que
2285 2353 2367 2394 est
2391 2355 2418 2392 a
2464 2341 2711 2407 periculis
2748 2351 2956 2407 mortis,
2990 2357 3051 2396 ac
3080 2342 3222 2396 velut
3257 2354 3564 2397 memoratus
3585 2343 3697 2397 Loth

2153 2431 2420 2501 quondam
2447 2434 2496 2484 in
2523 2431 2771 2486 Sodomis
2799 2431 2952 2504 (Gen.
2984 2433 3120 2504 χιιι).

2230 2524 2395 2578 XXV.
2428 2525 2498 2579 At
2520 2527 2572 2578 in
2603 2523 2788 2580 Galliis
2817 2525 3203 2581 Massiliensem
3237 2527 3698 2581 Provinciammor—

2157 2617 2255 2671 bus
2275 2631 2415 2685 saepe
2438 2617 2742 2670 nominatus
2763 2617 2982 2672 invasit:
3010 2618 3345 2687 Audegavos,
3369 2617 3696 2682 Namneticos,

2158 2716 2318 2776 atque
2368 2707 2755 2762 Ceuomauicos
2808 2708 2977 2761 valida
3031 2707 3199 2764 fames
3249 2709 3522 2780 oppressit.
3570 2708 3699 2762 Initia

2156 2808 2274 2850 sunt
2307 2799 2449 2852 enim
2495 2798 2608 2852 liazc
2637 2799 2904 2864 dolorum,
2944 2800 3100 2868 juxta
3141 2801 3274 2855 illud
3305 2801 3437 2871 quod
3479 2799 3698 2854 Dominus

2157 2891 2229 2945 ait
2251 2891 2302 2944 iu
2339 2892 2661 2961 Evangelio:
2693 2890 2860 2945 Erunt
2886 2894 3188 2957 pestilentia:
3212 2905 3259 2947 et
3281 2896 3454 2965 fames,
3484 2901 3526 2946 et
3548 2903 3698 2945 terric-

2155 2993 2322 3036 motus
2344 3000 2432 3053 per
2453 2985 2565 3037 loca
2596 2983 2808 3055 (Matth.
2837 3000 2982 3050 xxiv,
3007 2984 3061 3052 7)
3091 3001 3105 3051 ;
3153 2995 3200 3038 et
3231 2993 3489 3056 exsurgant
3512 2983 3700 3051 pseudo-

2160 3077 2357 3140 cliristi,
2383 3086 2427 3129 et
2449 3077 2906 3144 pseudOprophetw
2929 3074 3090 3144 (Ibid.
3125 3093 3277 3142 xxiv,
3308 3076 3393 3145 ll)
3421 3091 3435 3141 ;
3467 3084 3510 3128 et
3536 3074 3700 3126 dabunt

467 3177 738 3244 proprium
773 3172 966 3227 habere
1005 3170 1190 3238 cmpit,
1230 3168 1370 3238 quod
1415 3171 1532 3220 sine
1563 3181 1797 3236 paupere
1841 3167 2053 3234 epulum
2084 3175 2128 3238 ρ
2160 3168 2304 3238 signa
2323 3177 2369 3222 et
2393 3169 2624 3239 prodigia
2646 3170 2698 3222 in
2715 3169 2860 3234 coelo,
2885 3170 3022 3223 itaut
3038 3171 3224 3225 electos
3242 3171 3293 3223 in
3311 3169 3702 3222 erroreiiimittattt

467 3267 818 3338 praalibasset.
876 3264 971 3317 ilic
1019 3277 1120 3315 una
1173 3261 1262 3315 die
1313 3275 1431 3313 cum
1483 3257 1815 3312 circuniisset
1871 3259 2054 3312 urbem

468 3374 636 3428 usque
654 3359 718 3411 ad
743 3371 1043 3425 vesperum,
1068 3363 1122 3408 et
1143 3351 1376 3420 reperire
1399 3365 1500 3404 non
1530 3352 1786 3420 potuisset
1806 3365 2053 3419 egenum,

467 3466 587 3505 cum
610 3465 716 3518 quo
737 3447 912 3501 cibum
940 3459 1132 3513 capere
1153 3454 1349 3511 posset,
1379 3457 1623 3510 egressus
1641 3451 1789 3495 extra
1819 3451 2055 3508 portam,

467 3557 584 3597 cum
618 3555 720 3593 nox
762 3539 1003 3598 irrueret,
1057 3532 1253 3602 reperit
1295 3532 1467 3585 virum
1517 3534 1567 3584 iu
1611 3541 1758 3585 veste
1785 3532 1904 3585 alba
1935 3547 2054 3585 cum

468 3633 676 3688 duobus
706 3629 828 3683 aliis
859 3634 1116 3690 stantem,
1147 3639 1303 3694 quem
1323 3625 1606 3692 aspiciens,
1638 3623 1788 3692 quasi
1816 3623 1945 3676 Loth
1968 3624 2056 3679 ille

468 3729 681 3794 antiqua
715 3728 1040 3776 memoratus
1070 3715 1348 3778 historia“,
1396 3727 1608 3771 territus
1643 3719 1718 3770 ait
1750 3735 1762 3769 :
1797 3717 1860 3770 Et
1899 3717 2057 3771 forsi-

472 3829 558 3873 tan
594 3815 908 3886 peregriiius
937 3820 1019 3865 est
1050 3811 1294 3864 dominus
1323 3823 1494 3871 meus,
1527 3810 1772 3877 dignetur
1801 3808 2057 3864 accedere

470 3909 535 3963 ad
583 3907 796 3963 domum
829 3903 969 3960 servi
1003 3903 1116 3968 sui;
1149 3911 1202 3955 et
1231 3914 1442 3968 sumpto
1485 3901 1676 3968 epulo,
1709 3901 1965 3968 quiescite
2003 3902 2055 3953 in

470 4010 655 4065 strato,
688 4013 842 4052 mane
868 4005 1044 4048 autem
1087 3991 1494 4061 prolicisccmini
1529 3992 1580 4043 in
1607 3989 1743 4043 viam
1772 4005 1927 4059 quam
1959 4006 2056 4044 vo-

472 4099 701 4153 lucritis.
739 4093 834 4148 Cui
867 4093 955 4148 ille
996 4091 1083 4158 qui
1119 4100 1232 4144 erat
1267 4088 1450 4142 senior
1490 4098 1675 4140 tenens
1706 4087 1973 4139 sudarium
2003 4086 2055 4140 iu

479 4208 636 4248 manu
679 4206 796 4254 sua,
828 4188 936 4241 ait:
971 4186 1086 4240 Non
1131 4193 1371 4254 poteras,
1405 4197 1437 4236 ο
1479 4182 1637 4235 homo
1677 4181 1789 4246 Dei,
1819 4196 1937 4233 cum
1968 4179 2056 4233 Si-

480 4298 669 4336 meoue
698 4289 877 4334 vestro
907 4278 1042 4331 hanc
1067 4277 1248 4329 urbem
1275 4275 1502 4338 salvare,
1527 4288 1594 4326 ne
1624 4273 2057 4326 subverteretur?

478 4377 540 4430 Et
585 4376 804 4430 elevans
834 4386 1052 4442 manum
1093 4368 1330 4422 excussit
1361 4365 1632 4418 sudarium
1666 4367 1803 4434 quod
1845 4375 1946 4417 tein
1969 4366 2058 4418 bat

477 4485 635 4538 super
664 4465 1003 4521 medietatem
1037 4461 1204 4525 urbis,
1237 4468 1291 4513 et
1328 4458 1507 4512 statim
1533 4465 1848 4510 corruerunt
1878 4459 2055 4509 omnia

2163 3259 2354 3332 (Marc.
2384 3277 2497 3326 xui,
2531 3259 2645 3332 εξ).
2692 3262 2838 3317 Sicut
2868 3263 3113 3332 praesenti
3140 3275 3348 3333 gestum
3378 3272 3459 3319 est
3474 3271 3700 3330 tempore.

2160 3357 2386 3421 Quidam
2416 3358 2556 3411 enim
2590 3374 2654 3412 ex
2697 3359 2954 3422 Biturica,
3011 3369 3068 3415 ut
3119 3361 3237 3430 ipse
3281 3360 3597 3431 postmodum
3635 3363 3703 3411 est

2161 3448 2466 3517 professus;
2497 3451 2619 3504 dum
2650 3451 2815 3506 saltus
2854 3452 3109 3506 silvarum
3140 3452 3432 3524 ingressus,
3463 3453 3592 3522 ligna
3616 3464 3703 3505 caa-

2161 3541 2310 3593 deret
2336 3542 2402 3593 ad
2442 3542 2759 3610 explendam
2806 3544 2983 3612 operis
3030 3544 3309 3613 cujusdam
3345 3546 3700 3606 necessitatem.

2160 3646 2462 3686 muscarum
2493 3647 2613 3687 eum
2642 3636 2983 3689 circumsedit
3006 3649 3233 3691 examen
3255 3681 3270 3706 ,
3329 3651 3428 3707 qua
3469 3637 3530 3691 de
3571 3646 3704 3689 causa

2161 3737 2254 3790 per
2286 3723 2557 3777 biennium
2590 3739 2773 3778 amens
2803 3737 2884 3780 est
2919 3725 3129 3780 habitus
3157 3746 3170 3781 :
3216 3728 3359 3783 unde
3388 3726 3593 3795 intelligi
3626 3723 3702 3777 da-

2160 3823 2244 3868 tur
2266 3815 2543 3869 diabolica:
2578 3814 2881 3870 emissionis
2927 3815 3093 3873 fuisse
3135 3819 3450 3888 nequitiam.
3489 3814 3703 3872 Postbaec

2162 3908 2450 3962 transactis
2481 3908 2703 3962 urbibus
2748 3908 3079 3978 propinquis,
3123 3913 3484 3965 Arelatensem
3515 3906 3706 3962 Provin-

2158 3999 2294 4050 ciam
2327 3998 2476 4063 adiit,
2521 3999 2700 4066 ibique
2731 3999 2945 4052 indutus
2995 4000 3244 4069 pellibus,
3279 4001 3426 4071 quasi
3456 3999 3703 4067 religiosus

2158 4088 2339 4141 orabat
2380 4105 2392 4139 :
2420 4088 2482 4141 ad
2501 4103 2657 4157 quem
2683 4072 3007 4144 illudendum
3035 4106 3157 4159 pars
3182 4093 3428 4158 adversa,
3461 4087 3703 4145 divinandi

2160 4178 2208 4233 ei
2253 4179 2434 4233 tribuit
2459 4181 2782 4234 f.icu'tatein.
2818 4181 2892 4234 Ex
2939 4181 3038 4236 hoc
3070 4191 3124 4236 ut
3156 4184 3208 4237 in
3241 4184 3427 4254 majori
3457 4183 3708 4253 proﬁceret

2159 4275 2385 4337 scelere,
2413 4286 2714 4327 commotus
2756 4290 2783 4326 a
2819 4276 2968 4340 loco,
3021 4275 3358 4333 Provinciam
3397 4283 3706 4331 memoratam

2161 4365 2434 4426 deserens,
2465 4364 2797 4417 Gabalitanm
2827 4363 2844 4402 ί
2874 4367 3106 4434 regionis
3131 4368 3420 4420 terminum
3443 4375 3518 4421 est
3538 4367 3710 4433 ingres-

2161 4471 2272 4520 sus,
2334 4456 2611 4525 proferens
2665 4458 2827 4528 519
2875 4475 2933 4512 se
2983 4475 3260 4527 magnum,
3295 4475 3357 4514 ac
3405 4457 3620 4528 profiteri
3661 4467 3710 4507 se

476 4561 724 4626 :ediiicia,
758 4571 808 4614 et
842 4555 1195 4627 quodcunque
1227 4549 1296 4604 ibi
1328 4559 1586 4603 structum
1617 4548 1737 4611 fuit;
1765 4547 1938 4614 ibique
1968 4564 2060 4615 op-
2094 4548 2144 4605 D
2171 4565 2272 4601 non
2330 4557 2571 4602 metuens
2623 4548 2913 4616 Christum,
2963 4561 3230 4617 assumpta
3280 4566 3459 4605 secum
3514 4547 3711 4602 muliere

478 4654 646 4718 pressi
675 4660 794 4704 sunt
822 4663 977 4702 senes
1006 4659 1125 4700 cum
1166 4641 1460 4696 infantibus
1481 4682 1494 4704 ,
1537 4639 1633 4692 viri
1670 4655 1787 4693 cum
1831 4639 2066 4694 mulieri-

480 4745 599 4809 bus,
629 4751 788 4811 atque
810 4749 1034 4808 uterque
1059 4751 1218 4791 sexus
1239 4734 1504 4788 iuteriite.
1531 4731 1682 4798 Quod
1716 4731 1803 4784 ille
1820 4745 2067 4795 cerni-iis,

482 4848 588 4890 tam
620 4838 686 4889 de
716 4847 940 4903 persona
973 4831 1098 4894 viri,
1134 4842 1291 4896 quam
1316 4827 1383 4881 de
1409 4825 1587 4880 sonitu
1610 4823 1777 4876 ruina:
1807 4823 1970 4877 hebes
1996 4824 2072 4877 ef-

482 4929 670 4990 fectus,
715 4925 820 4980 ruit
863 4924 914 4977 iu
961 4932 1157 4977 terram
1198 4930 1252 4975 et
1281 4920 1447 4972 factus
1491 4922 1576 4968 est
1619 4915 1764 4968 velut
1808 4925 2068 4968 mortuus.

484 5022 822 5086 Elevansque
869 5015 1060 5068 iterum
1105 5013 1186 5065 vir
1239 5010 1329 5064 ille
1383 5020 1598 5060 tuanum
1656 5019 1776 5058 eum
1833 5005 2069 5070 sudario,

557 5214 580 5240 "
625 5202 811 5257 Albam
856 5193 1161 5249 Helviorum
1203 5192 1337 5242 hanc
1367 5189 1550 5241 urbem
1583 5199 1789 5242 veteres
1821 5186 2068 5255 frequen-

486 5278 590 5329 tius
628 5268 984 5338 appellabant,
1029 5263 1184 5338 liodie
1221 5261 1491 5338 Vitiarium
1543 5273 1641 5338 seu.
1687 5257 1897 5338 Vivaria
1939 5258 2070 5338 dici-

490 5357 595 5404 tur,
628 5329 783 5406 viiigo
837 5338 1042 5398 Vivicrs,
1079 5335 1163 5388 tibi
1198 5333 1350 5387 sedes
1377 5329 1694 5398 episcopalis
1738 5329 1838 5381 sub
1867 5337 2068 5381 ιιινῑι·‹)-

490 5415 594 5485 poli
630 5409 932 5485 Viennensi.

561 5484 586 5521 δ
629 5482 680 5534 111
709 5481 798 5531 lib.
827 5495 840 5530 ι
871 5481 936 5529 de
962 5477 1139 5530 Gloria
1172 5476 1346 5540 Mart.,
1374 5487 1489 5539 cap.
1523 5469 1610 5522 96.

567 5561 592 5593 ε
639 5551 732 5604 llic
761 5549 955 5600 desinit
978 5548 1143 5600 codex
1174 5538 1384 5613 ReguL,
1420 5538 1628 5596 caeteris
1659 5539 1880 5613 avulsis.
1923 5538 2067 5592 Nihil

492 5636 667 5682 autem
691 5622 892 5678 deerat,
927 5627 1060 5670 utex
1096 5611 1326 5683 capitum
1353 5613 1527 5666 iudice
1555 5611 1839 5678 colligitur,
1874 5621 2069 5683 praiter

493 5679 627 5751 forte
660 5690 900 5745 uitiiniiiu
930 5698 1087 5751 caput
1113 5679 1178 5739 de
1209 5687 1474 5756 episcopis
1505 5683 1812 5744 Turouicis,
1845 5679 1983 5749 quod
2016 5681 2064 5732 in

497 5769 667 5823 itidicc
699 5775 799 5814 nou
835 5765 1170 5808 llltfllltll‘ztl‘ll‘.

2171 4639 2394 4708 quadam
2453 4655 2548 4708 pro
2599 4655 2804 4705 sorore,
2861 4657 3017 4710 quam
3069 4643 3287 4696 Mariam
3334 4641 3548 4695 vocitari
3585 4635 3710 4691 fecit.

2172 4729 2486 4786 Coulluebat
2514 4731 2580 4785 ad
2609 4746 2728 4786 eum
2761 4734 3043 4786 multitudo
3075 4733 3276 4801 populi,
3317 4732 3564 4788 exhibens
3591 4726 3711 4780 inﬁr-

2176 4837 2310 4882 mos,
2338 4838 2472 4891 quos
2501 4826 2818 4892 contingens
2849 4824 3058 4877 sanitati
3084 4824 3358 4877 reddebat.
3391 4818 3713 4876 Conferebant

2177 4919 2316 4968 enim
2348 4916 2394 4967 ei
2419 4931 2603 4968 aurum
2639 4922 3046 4984 argentumque,
3077 4929 3138 4968 ac
3186 4915 3516 4973 vestimenta.
3565 4910 3595 4963 ii
3641 4905 3713 4974 qui

2178 5007 2245 5060 ad
2272 5022 2391 5060 eum
2418 5007 2830 5060 conveniebant.
2874 5005 3025 5073 Quod
3079 5005 3188 5070 ille,
3214 5021 3320 5073 quo
3347 5003 3550 5058 facilius
3575 5000 3713 5053 sedu-

2247 5184 2272 5223 ἀ
2317 5188 2369 5241 lu
2397 5188 2618 5242 llistoria
2649 5203 2821 5251 sacra,
2853 5188 3050 5242 scilicet
3081 5187 3369 5254 Geneseos,
3398 5201 3512 5253 cap.
3548 5184 3625 5238 l9.

2254 5268 2275 5294 °
2318 5259 2532 5312 Cladein
2561 5259 2696 5312 hanc
2737 5260 3122 5312 Antiochenam
3156 5257 3268 5309 fuse
3297 5257 3573 5322 descripsit
3604 5254 3717 5304 Era-

2176 5330 2318 5396 grius
2349 5330 2440 5381 lib.
2466 5345 2538 5392 vi,
2564 5345 2680 5396 cap.
2702 5331 2924 5396 8,qnam
2954 5345 3093 5381 anno
3122 5327 3220 5382 .585)
3246 5337 3527 5396 contigisse
3556 5322 3712 5393 probat

2183 5401 2340 5452 llenr.
2373 5400 2611 5454 Valesius
2640 5404 2689 5452 iu
2719 5401 3179 5453 Annotationibus.

2255 5469 2273 5506 ί
2321 5471 2483 5524 llodie
2539 5472 2585 5524 Ie
2621 5470 2894 5524 (.‘eraiiduii
2927 5511 2942 5535 ,
3000 5471 3148 5536 Cujus
3178 5468 3300 5521 uibs
3331 5467 3583 5536 pratcipiia
3611 5462 3716 5515 olim

2176 5542 2522 5602 Anderitum,
2574 5543 2665 5595 sed
2734 5556 2762 5594 a
2811 5534 3174 5608 Compluribus
3225 5538 3433 5591 smeulis
3488 5534 3717 5608 Mitnatei

2178 5612 2382 5673 Mende,
2431 5614 2690 5681 hodieque
2747 5606 2983 5681 episcopi
3034 5612 3188 5666 sedes
3235 5610 3521 5676 principem
3569 5606 3717 5658 locum

2174 5683 2240 5736 ob
2270 5685 2396 5735 iuet.
