  <div class='ocr_page' id='page_1' title='image "/cluster/home/n/w/nwhite01/storage/ocr_20150623/71/hvd.32044054758750/284.png"; bbox 0 0 3946 6188; ppageno 0'>
   <div class='ocr_carea' id='block_1_1' title="bbox 267 360 1836 424">
    <p class='ocr_par' dir='ltr' id='par_1_1' title="bbox 267 360 1835 424">
     <span class='ocr_line' id='line_1_1' title="bbox 267 360 1835 424; baseline -0.007 0"><span class='ocrx_word' id='word_1_1' title='bbox 267 364 359 424; x_wconf 68' lang='lat'><strong>557</strong></span> <span class='ocrx_word' id='word_1_2' title='bbox 1180 364 1447 420; x_wconf 75' lang='lat' dir='ltr'><strong>HiSTOlll</strong></span> <span class='ocrx_word' id='word_1_3' title='bbox 1468 371 1492 418; x_wconf 77' lang='lat'><strong><em>\</em></strong></span> <span class='ocrx_word' id='word_1_4' title='bbox 1540 360 1835 417; x_wconf 69' lang='lat' dir='ltr'><strong>FRANCOI</strong></span> 
     </span>
    </p>
   </div>
   <div class='ocr_carea' id='block_1_2' title="bbox 1948 360 2591 424">
    <p class='ocr_par' dir='ltr' id='par_1_2' title="bbox 1948 360 2591 421">
     <span class='ocr_line' id='line_1_2' title="bbox 1948 360 2591 421; baseline 0.011 -9"><span class='ocrx_word' id='word_1_5' title='bbox 1948 361 1982 413; x_wconf 92' lang='lat' dir='ltr'><strong>l.</strong></span> <span class='ocrx_word' id='word_1_6' title='bbox 2029 360 2227 414; x_wconf 78' lang='lat' dir='ltr'>LIBER</span> <span class='ocrx_word' id='word_1_7' title='bbox 2274 361 2591 421; x_wconf 78' lang='lat' dir='ltr'><strong>DECIMUS.</strong></span> 
     </span>
    </p>
   </div>
   <div class='ocr_carea' id='block_1_3' title="bbox 3414 358 3521 417">
    <p class='ocr_par' dir='ltr' id='par_1_3' title="bbox 3414 358 3521 417">
     <span class='ocr_line' id='line_1_3' title="bbox 3414 358 3521 417; baseline 0 -2"><span class='ocrx_word' id='word_1_8' title='bbox 3414 358 3521 417; x_wconf 80' lang='lat'><strong>558</strong></span> 
     </span>
    </p>
   </div>
   <div class='ocr_carea' id='block_1_4' title="bbox 262 471 1836 550">
    <p class='ocr_par' dir='ltr' id='par_1_4' title="bbox 262 472 1829 550">
     <span class='ocr_line' id='line_1_4' title="bbox 262 472 1829 550; baseline -0.008 -14"><span class='ocrx_word' id='word_1_9' title='bbox 262 492 422 545; x_wconf 81' lang='lat' dir='ltr'><strong>ceret,</strong></span> <span class='ocrx_word' id='word_1_10' title='bbox 458 482 777 550; x_wconf 82' lang='lat' dir='ltr'><strong>pauperibus</strong></span> <span class='ocrx_word' id='word_1_11' title='bbox 810 481 1078 544; x_wconf 70' lang='lat' dir='ltr'><strong>erogabat,</strong></span> <span class='ocrx_word' id='word_1_12' title='bbox 1116 492 1460 545; x_wconf 53' lang='lat' dir='ltr'><strong>prosternens</strong></span> <span class='ocrx_word' id='word_1_13' title='bbox 1493 492 1551 529; x_wconf 85' lang='lat' dir='ltr'><strong>se</strong></span> <span class='ocrx_word' id='word_1_14' title='bbox 1575 475 1706 535; x_wconf 79' lang='lat' dir='ltr'><strong>Solo,</strong></span> <span class='ocrx_word' id='word_1_15' title='bbox 1758 472 1829 526; x_wconf 82' lang='lat' dir='ltr'><strong>ef-</strong></span> 
     </span>
    </p>
   </div>
   <div class='ocr_carea' id='block_1_5' title="bbox 1948 471 3520 550">
    <p class='ocr_par' dir='ltr' id='par_1_5' title="bbox 2017 471 3520 544">
     <span class='ocr_line' id='line_1_5' title="bbox 2017 471 3520 544; baseline 0.005 -19"><span class='ocrx_word' id='word_1_16' title='bbox 2017 473 2199 526; x_wconf 74' lang='lat' dir='ltr'><strong>XXVI.</strong></span> <span class='ocrx_word' id='word_1_17' title='bbox 2273 473 2647 544; x_wconf 69' lang='lat' dir='ltr'><strong>Ragnemmlus</strong></span> <span class='ocrx_word' id='word_1_18' title='bbox 2704 484 2723 510; x_wconf 79' lang='grc' dir='ltr'>ε</span> <span class='ocrx_word' id='word_1_19' title='bbox 2786 487 2994 543; x_wconf 81' lang='lat' dir='ltr'><strong>quoque</strong></span> <span class='ocrx_word' id='word_1_20' title='bbox 3042 471 3322 530; x_wconf 81' lang='lat' dir='ltr'><strong>Parisiacae</strong></span> <span class='ocrx_word' id='word_1_21' title='bbox 3372 477 3520 532; x_wconf 75' lang='lat' dir='ltr'><strong>urbis</strong></span> 
     </span>
    </p>
   </div>
   <div class='ocr_carea' id='block_1_6' title="bbox 260 571 1829 630">
    <p class='ocr_par' dir='ltr' id='par_1_6' title="bbox 260 571 1829 630">
     <span class='ocr_line' id='line_1_6' title="bbox 260 571 1829 630; baseline -0.006 -3"><span class='ocrx_word' id='word_1_22' title='bbox 260 571 486 627; x_wconf 77' lang='lat' dir='ltr'><strong>fundens</strong></span> <span class='ocrx_word' id='word_1_23' title='bbox 507 576 802 625; x_wconf 86' lang='lat' dir='ltr'><strong>orationem</strong></span> <span class='ocrx_word' id='word_1_24' title='bbox 843 586 960 623; x_wconf 90' lang='lat' dir='ltr'><strong>cum</strong></span> <span class='ocrx_word' id='word_1_25' title='bbox 994 572 1215 623; x_wconf 84' lang='lat' dir='ltr'><strong>muliere</strong></span> <span class='ocrx_word' id='word_1_26' title='bbox 1249 585 1538 622; x_wconf 70' lang='lat' dir='ltr'><strong>memoraia</strong></span> <span class='ocrx_word' id='word_1_27' title='bbox 1562 610 1576 630; x_wconf 90' lang='lat'><strong>,</strong></span> <span class='ocrx_word' id='word_1_28' title='bbox 1619 578 1673 619; x_wconf 87' lang='lat' dir='ltr'><strong>ct</strong></span> <span class='ocrx_word' id='word_1_29' title='bbox 1717 583 1829 619; x_wconf 80' lang='lat' dir='ltr'><strong>sur-</strong></span> 
     </span>
    </p>
   </div>
   <div class='ocr_carea' id='block_1_7' title="bbox 258 659 1831 731">
    <p class='ocr_par' dir='ltr' id='par_1_7' title="bbox 258 659 1831 731">
     <span class='ocr_line' id='line_1_7' title="bbox 258 659 1831 731; baseline -0.004 -14"><span class='ocrx_word' id='word_1_30' title='bbox 258 680 383 731; x_wconf 75' lang='lat' dir='ltr'><strong>gens</strong></span> <span class='ocrx_word' id='word_1_31' title='bbox 429 679 488 717; x_wconf 89' lang='lat' dir='ltr'><strong>se</strong></span> <span class='ocrx_word' id='word_1_32' title='bbox 534 665 721 716; x_wconf 90' lang='lat' dir='ltr'><strong>iterum</strong></span> <span class='ocrx_word' id='word_1_33' title='bbox 752 679 779 714; x_wconf 88' lang='lat' dir='ltr'><strong>a</strong></span> <span class='ocrx_word' id='word_1_34' title='bbox 828 661 1295 715; x_wconf 75' lang='lat' dir='ltr'><strong>circumstantibus</strong></span> <span class='ocrx_word' id='word_1_35' title='bbox 1343 661 1549 712; x_wconf 84' lang='lat' dir='ltr'><strong>adorari</strong></span> <span class='ocrx_word' id='word_1_36' title='bbox 1587 659 1831 727; x_wconf 84' lang='lat' dir='ltr'><strong>jubcbat.</strong></span> 
     </span>
    </p>
   </div>
   <div class='ocr_carea' id='block_1_8' title="bbox 260 752 1833 822">
    <p class='ocr_par' dir='ltr' id='par_1_8' title="bbox 260 752 1833 822">
     <span class='ocr_line' id='line_1_8' title="bbox 260 752 1833 822; baseline -0.005 -13"><span class='ocrx_word' id='word_1_37' title='bbox 260 756 589 809; x_wconf 58' lang='lat' dir='ltr'><strong>Pratdicebat</strong></span> <span class='ocrx_word' id='word_1_38' title='bbox 609 757 749 808; x_wconf 90' lang='lat' dir='ltr'><strong>enim</strong></span> <span class='ocrx_word' id='word_1_39' title='bbox 782 754 977 817; x_wconf 82' lang='lat' dir='ltr'><strong>futura,</strong></span> <span class='ocrx_word' id='word_1_40' title='bbox 1020 763 1072 807; x_wconf 85' lang='lat' dir='ltr'><strong>et</strong></span> <span class='ocrx_word' id='word_1_41' title='bbox 1100 754 1416 822; x_wconf 87' lang='lat' dir='ltr'><strong>quihusdam</strong></span> <span class='ocrx_word' id='word_1_42' title='bbox 1447 753 1681 811; x_wconf 79' lang='lat' dir='ltr'><strong>morbos,</strong></span> <span class='ocrx_word' id='word_1_43' title='bbox 1712 752 1833 818; x_wconf 88' lang='lat' dir='ltr'><strong>qui-</strong></span> 
     </span>
    </p>
   </div>
   <div class='ocr_carea' id='block_1_9' title="bbox 257 843 1833 911">
    <p class='ocr_par' dir='ltr' id='par_1_9' title="bbox 257 843 1833 911">
     <span class='ocr_line' id='line_1_9' title="bbox 257 843 1833 911; baseline -0.003 -13"><span class='ocrx_word' id='word_1_44' title='bbox 257 848 479 899; x_wconf 87' lang='lat' dir='ltr'><strong>busdam</strong></span> <span class='ocrx_word' id='word_1_45' title='bbox 518 848 710 899; x_wconf 89' lang='lat' dir='ltr'><strong>damna</strong></span> <span class='ocrx_word' id='word_1_46' title='bbox 756 845 1037 911; x_wconf 75' lang='lat' dir='ltr'><strong>provenire</strong></span> <span class='ocrx_word' id='word_1_47' title='bbox 1065 845 1436 905; x_wconf 86' lang='lat' dir='ltr'><strong>denuntiabat,</strong></span> <span class='ocrx_word' id='word_1_48' title='bbox 1479 843 1661 909; x_wconf 83' lang='lat' dir='ltr'><strong>paucis</strong></span> <span class='ocrx_word' id='word_1_49' title='bbox 1694 843 1833 893; x_wconf 84' lang='lat' dir='ltr'><strong>salu-</strong></span> 
     </span>
    </p>
   </div>
   <div class='ocr_carea' id='block_1_10' title="bbox 256 928 1834 995">
    <p class='ocr_par' dir='ltr' id='par_1_10' title="bbox 256 928 1834 995">
     <span class='ocr_line' id='line_1_10' title="bbox 256 928 1834 995; baseline -0.004 -6"><span class='ocrx_word' id='word_1_50' title='bbox 256 948 362 990; x_wconf 77' lang='lat' dir='ltr'><strong>tem</strong></span> <span class='ocrx_word' id='word_1_51' title='bbox 388 936 639 989; x_wconf 79' lang='lat' dir='ltr'><strong>futuram.</strong></span> <span class='ocrx_word' id='word_1_52' title='bbox 700 935 804 989; x_wconf 86' lang='lat' dir='ltr'><strong>Sed</strong></span> <span class='ocrx_word' id='word_1_53' title='bbox 856 935 972 988; x_wconf 63' lang='lat' dir='ltr'><strong>haec</strong></span> <span class='ocrx_word' id='word_1_54' title='bbox 1002 935 1181 986; x_wconf 81' lang='lat' dir='ltr'><strong>omnia</strong></span> <span class='ocrx_word' id='word_1_55' title='bbox 1226 931 1499 987; x_wconf 83' lang='lat' dir='ltr'><strong>diabolicis</strong></span> <span class='ocrx_word' id='word_1_56' title='bbox 1526 928 1750 995; x_wconf 72' lang='lat' dir='ltr'><strong>artibus,</strong></span> <span class='ocrx_word' id='word_1_57' title='bbox 1779 940 1834 985; x_wconf 90' lang='lat' dir='ltr'><strong>et</strong></span> 
     </span>
    </p>
   </div>
   <div class='ocr_carea' id='block_1_11' title="bbox 254 1025 1829 1099">
    <p class='ocr_par' dir='ltr' id='par_1_11' title="bbox 254 1025 1829 1099">
     <span class='ocr_line' id='line_1_11' title="bbox 254 1025 1829 1099; baseline -0.004 -17"><span class='ocrx_word' id='word_1_58' title='bbox 254 1029 537 1099; x_wconf 65' lang='lat' dir='ltr'><strong>praestigiis</strong></span> <span class='ocrx_word' id='word_1_59' title='bbox 571 1027 751 1081; x_wconf 85' lang='lat' dir='ltr'><strong>nescio</strong></span> <span class='ocrx_word' id='word_1_60' title='bbox 780 1026 970 1095; x_wconf 86' lang='lat' dir='ltr'><strong>quibus</strong></span> <span class='ocrx_word' id='word_1_61' title='bbox 1001 1027 1212 1095; x_wconf 82' lang='lat' dir='ltr'><strong>agebat.</strong></span> <span class='ocrx_word' id='word_1_62' title='bbox 1267 1025 1497 1080; x_wconf 91' lang='lat' dir='ltr'><strong>Seducta</strong></span> <span class='ocrx_word' id='word_1_63' title='bbox 1542 1033 1625 1078; x_wconf 86' lang='lat' dir='ltr'><strong>est</strong></span> <span class='ocrx_word' id='word_1_64' title='bbox 1652 1033 1829 1076; x_wconf 89' lang='lat' dir='ltr'><strong>autem</strong></span> 
     </span>
    </p>
   </div>
   <div class='ocr_carea' id='block_1_12' title="bbox 252 1115 1830 1190">
    <p class='ocr_par' dir='ltr' id='par_1_12' title="bbox 252 1115 1830 1190">
     <span class='ocr_line' id='line_1_12' title="bbox 252 1115 1830 1190; baseline -0.006 -13"><span class='ocrx_word' id='word_1_65' title='bbox 252 1138 348 1190; x_wconf 80' lang='lat' dir='ltr'><strong>per</strong></span> <span class='ocrx_word' id='word_1_66' title='bbox 394 1137 516 1175; x_wconf 89' lang='lat' dir='ltr'><strong>eum</strong></span> <span class='ocrx_word' id='word_1_67' title='bbox 559 1120 841 1176; x_wconf 86' lang='lat' dir='ltr'><strong>multitudo</strong></span> <span class='ocrx_word' id='word_1_68' title='bbox 883 1119 1141 1172; x_wconf 80' lang='lat' dir='ltr'><strong>immensa</strong></span> <span class='ocrx_word' id='word_1_69' title='bbox 1176 1117 1349 1187; x_wconf 79' lang='lat' dir='ltr'><strong>populi</strong></span> <span class='ocrx_word' id='word_1_70' title='bbox 1374 1159 1389 1183; x_wconf 94' lang='lat'><strong>,</strong></span> <span class='ocrx_word' id='word_1_71' title='bbox 1422 1125 1475 1170; x_wconf 91' lang='lat' dir='ltr'><strong>et</strong></span> <span class='ocrx_word' id='word_1_72' title='bbox 1508 1130 1611 1168; x_wconf 91' lang='lat' dir='ltr'><strong>non</strong></span> <span class='ocrx_word' id='word_1_73' title='bbox 1652 1115 1830 1169; x_wconf 91' lang='lat' dir='ltr'><strong>solum</strong></span> 
     </span>
    </p>
   </div>
   <div class='ocr_carea' id='block_1_13' title="bbox 252 1204 1832 1276">
    <p class='ocr_par' dir='ltr' id='par_1_13' title="bbox 252 1204 1832 1276">
     <span class='ocr_line' id='line_1_13' title="bbox 252 1204 1832 1276; baseline -0.004 -11"><span class='ocrx_word' id='word_1_74' title='bbox 252 1211 599 1276; x_wconf 86' lang='lat' dir='ltr'><strong>rusticiores,</strong></span> <span class='ocrx_word' id='word_1_75' title='bbox 653 1225 836 1264; x_wconf 84' lang='lat' dir='ltr'><strong>verum</strong></span> <span class='ocrx_word' id='word_1_76' title='bbox 891 1208 1050 1262; x_wconf 86' lang='lat' dir='ltr'><strong>etiam</strong></span> <span class='ocrx_word' id='word_1_77' title='bbox 1104 1208 1409 1262; x_wconf 81' lang='lat' dir='ltr'><strong>sacerdotes</strong></span> <span class='ocrx_word' id='word_1_78' title='bbox 1462 1204 1832 1261; x_wconf 81' lang='lat' dir='ltr'><strong>ecclesiastici.</strong></span> 
     </span>
    </p>
   </div>
   <div class='ocr_carea' id='block_1_14' title="bbox 252 1295 1831 1373">
    <p class='ocr_par' dir='ltr' id='par_1_14' title="bbox 252 1295 1831 1373">
     <span class='ocr_line' id='line_1_14' title="bbox 252 1295 1831 1373; baseline -0.008 -14"><span class='ocrx_word' id='word_1_79' title='bbox 252 1304 627 1373; x_wconf 81' lang='lat' dir='ltr'><strong>Sequebantur</strong></span> <span class='ocrx_word' id='word_1_80' title='bbox 671 1311 849 1354; x_wconf 90' lang='lat' dir='ltr'><strong>autem</strong></span> <span class='ocrx_word' id='word_1_81' title='bbox 898 1315 1018 1354; x_wconf 89' lang='lat' dir='ltr'><strong>eum</strong></span> <span class='ocrx_word' id='word_1_82' title='bbox 1070 1299 1303 1367; x_wconf 84' lang='lat' dir='ltr'><strong>amplius</strong></span> <span class='ocrx_word' id='word_1_83' title='bbox 1331 1312 1489 1366; x_wconf 92' lang='lat' dir='ltr'><strong>quam</strong></span> <span class='ocrx_word' id='word_1_84' title='bbox 1544 1298 1640 1350; x_wconf 84' lang='lat' dir='ltr'><strong>tria</strong></span> <span class='ocrx_word' id='word_1_85' title='bbox 1672 1295 1831 1349; x_wconf 87' lang='lat' dir='ltr'><strong>ruillia</strong></span> 
     </span>
    </p>
   </div>
   <div class='ocr_carea' id='block_1_15' title="bbox 252 1385 1829 1463">
    <p class='ocr_par' dir='ltr' id='par_1_15' title="bbox 252 1385 1829 1463">
     <span class='ocr_line' id='line_1_15' title="bbox 252 1385 1829 1463; baseline -0.005 -16"><span class='ocrx_word' id='word_1_86' title='bbox 252 1394 463 1463; x_wconf 85' lang='lat' dir='ltr'><strong>populi.</strong></span> <span class='ocrx_word' id='word_1_87' title='bbox 496 1393 701 1445; x_wconf 89' lang='lat' dir='ltr'><strong>Interea</strong></span> <span class='ocrx_word' id='word_1_88' title='bbox 733 1392 897 1458; x_wconf 69' lang='lat' dir='ltr'><strong>cmpit</strong></span> <span class='ocrx_word' id='word_1_89' title='bbox 925 1391 1179 1459; x_wconf 67' lang='lat' dir='ltr'><strong>quosdam</strong></span> <span class='ocrx_word' id='word_1_90' title='bbox 1212 1389 1443 1456; x_wconf 88' lang='lat' dir='ltr'><strong>spoliare</strong></span> <span class='ocrx_word' id='word_1_91' title='bbox 1486 1402 1549 1440; x_wconf 88' lang='lat' dir='ltr'><strong>ac</strong></span> <span class='ocrx_word' id='word_1_92' title='bbox 1580 1385 1829 1455; x_wconf 76' lang='lat' dir='ltr'><strong>prtedaii,</strong></span> 
     </span>
    </p>
   </div>
   <div class='ocr_carea' id='block_1_16' title="bbox 249 1478 1833 1554">
    <p class='ocr_par' dir='ltr' id='par_1_16' title="bbox 249 1478 1833 1554">
     <span class='ocr_line' id='line_1_16' title="bbox 249 1478 1833 1554; baseline -0.004 -19"><span class='ocrx_word' id='word_1_93' title='bbox 249 1500 383 1554; x_wconf 84' lang='lat' dir='ltr'><strong>quos</strong></span> <span class='ocrx_word' id='word_1_94' title='bbox 414 1486 465 1537; x_wconf 90' lang='lat' dir='ltr'><strong>in</strong></span> <span class='ocrx_word' id='word_1_95' title='bbox 494 1484 685 1537; x_wconf 89' lang='lat' dir='ltr'><strong>itinere</strong></span> <span class='ocrx_word' id='word_1_96' title='bbox 712 1483 1002 1549; x_wconf 65' lang='lat' dir='ltr'><strong>reperissot</strong></span> <span class='ocrx_word' id='word_1_97' title='bbox 1036 1498 1046 1532; x_wconf 89' lang='lat'>:</span> <span class='ocrx_word' id='word_1_98' title='bbox 1095 1480 1258 1548; x_wconf 82' lang='lat' dir='ltr'><strong>spolia</strong></span> <span class='ocrx_word' id='word_1_99' title='bbox 1287 1492 1461 1532; x_wconf 89' lang='lat' dir='ltr'><strong>tamen</strong></span> <span class='ocrx_word' id='word_1_100' title='bbox 1497 1496 1601 1531; x_wconf 87' lang='lat' dir='ltr'><strong>non</strong></span> <span class='ocrx_word' id='word_1_101' title='bbox 1633 1478 1833 1529; x_wconf 82' lang='lat' dir='ltr'><strong>haben-</strong></span> 
     </span>
    </p>
   </div>
   <div class='ocr_carea' id='block_1_17' title="bbox 252 1566 1835 1643">
    <p class='ocr_par' dir='ltr' id='par_1_17' title="bbox 252 1566 1835 1643">
     <span class='ocr_line' id='line_1_17' title="bbox 252 1566 1835 1643; baseline -0.006 -14"><span class='ocrx_word' id='word_1_102' title='bbox 252 1578 395 1629; x_wconf 79' lang='lat' dir='ltr'><strong>tibus</strong></span> <span class='ocrx_word' id='word_1_103' title='bbox 436 1574 779 1643; x_wconf 67' lang='lat' dir='ltr'><strong>largiebatur.</strong></span> <span class='ocrx_word' id='word_1_104' title='bbox 826 1570 1103 1639; x_wconf 66' lang='lat' dir='ltr'><strong>Episcopis</strong></span> <span class='ocrx_word' id='word_1_105' title='bbox 1141 1585 1201 1622; x_wconf 91' lang='lat' dir='ltr'><strong>ac</strong></span> <span class='ocrx_word' id='word_1_106' title='bbox 1224 1569 1428 1622; x_wconf 84' lang='lat' dir='ltr'><strong>civibus</strong></span> <span class='ocrx_word' id='word_1_107' title='bbox 1454 1568 1624 1621; x_wconf 88' lang='lat' dir='ltr'><strong>minas</strong></span> <span class='ocrx_word' id='word_1_108' title='bbox 1647 1566 1835 1620; x_wconf 76' lang='lat' dir='ltr'><strong>mortis</strong></span> 
     </span>
    </p>
   </div>
   <div class='ocr_carea' id='block_1_18' title="bbox 251 1655 1835 1732">
    <p class='ocr_par' dir='ltr' id='par_1_18' title="bbox 251 1655 1835 1732">
     <span class='ocr_line' id='line_1_18' title="bbox 251 1655 1835 1732; baseline -0.008 -10"><span class='ocrx_word' id='word_1_109' title='bbox 251 1667 570 1729; x_wconf 86' lang='lat' dir='ltr'><strong>intentabat,</strong></span> <span class='ocrx_word' id='word_1_110' title='bbox 601 1682 666 1719; x_wconf 86' lang='lat' dir='ltr'><strong>eo</strong></span> <span class='ocrx_word' id='word_1_111' title='bbox 698 1663 835 1732; x_wconf 90' lang='lat' dir='ltr'><strong>quod</strong></span> <span class='ocrx_word' id='word_1_112' title='bbox 868 1663 934 1715; x_wconf 91' lang='lat' dir='ltr'><strong>ab</strong></span> <span class='ocrx_word' id='word_1_113' title='bbox 973 1664 1036 1715; x_wconf 86' lang='lat' dir='ltr'><strong>iis</strong></span> <span class='ocrx_word' id='word_1_114' title='bbox 1065 1661 1277 1714; x_wconf 90' lang='lat' dir='ltr'><strong>adorari</strong></span> <span class='ocrx_word' id='word_1_115' title='bbox 1309 1660 1701 1726; x_wconf 70' lang='lat' dir='ltr'><strong>deSplCél‘t&#39;lur.</strong></span> <span class='ocrx_word' id='word_1_116' title='bbox 1750 1655 1835 1709; x_wconf 91' lang='lat' dir='ltr'><strong>ln-</strong></span> 
     </span>
    </p>
   </div>
   <div class='ocr_carea' id='block_1_19' title="bbox 247 1747 1832 1829">
    <p class='ocr_par' dir='ltr' id='par_1_19' title="bbox 247 1747 1832 1829">
     <span class='ocr_line' id='line_1_19' title="bbox 247 1747 1832 1829; baseline -0.009 -16"><span class='ocrx_word' id='word_1_117' title='bbox 247 1774 467 1829; x_wconf 81' lang='lat' dir='ltr'><strong>gressus</strong></span> <span class='ocrx_word' id='word_1_118' title='bbox 513 1766 691 1809; x_wconf 84' lang='lat' dir='ltr'><strong>autem</strong></span> <span class='ocrx_word' id='word_1_119' title='bbox 745 1752 976 1807; x_wconf 75' lang='lat' dir='ltr'><strong>V&#39;ellavte</strong></span> <span class='ocrx_word' id='word_1_120' title='bbox 1026 1752 1169 1804; x_wconf 88' lang='lat' dir='ltr'><strong>urbis</strong></span> <span class='ocrx_word' id='word_1_121' title='bbox 1224 1752 1532 1807; x_wconf 86' lang='lat' dir='ltr'><strong>terminum,</strong></span> <span class='ocrx_word' id='word_1_122' title='bbox 1561 1747 1624 1800; x_wconf 88' lang='lat' dir='ltr'><strong>ad</strong></span> <span class='ocrx_word' id='word_1_123' title='bbox 1658 1748 1832 1801; x_wconf 91' lang='lat' dir='ltr'><strong>locum</strong></span> 
     </span>
    </p>
   </div>
   <div class='ocr_carea' id='block_1_20' title="bbox 1940 565 3521 634">
    <p class='ocr_par' dir='ltr' id='par_1_20' title="bbox 1940 565 3521 634">
     <span class='ocr_line' id='line_1_20' title="bbox 1940 565 3521 634; baseline 0.006 -19"><span class='ocrx_word' id='word_1_124' title='bbox 1940 565 2218 633; x_wconf 78' lang='lat' dir='ltr'><strong>cpi~cnpus</strong></span> <span class='ocrx_word' id='word_1_125' title='bbox 2250 568 2399 618; x_wconf 83' lang='lat' dir='ltr'><strong>obiit.</strong></span> <span class='ocrx_word' id='word_1_126' title='bbox 2441 568 2679 632; x_wconf 78' lang='lat' dir='ltr'><strong>Cumque</strong></span> <span class='ocrx_word' id='word_1_127' title='bbox 2708 580 2993 634; x_wconf 75' lang='lat' dir='ltr'><strong>germanus</strong></span> <span class='ocrx_word' id='word_1_128' title='bbox 3023 566 3137 633; x_wconf 90' lang='lat' dir='ltr'><strong>ejus</strong></span> <span class='ocrx_word' id='word_1_129' title='bbox 3191 567 3521 625; x_wconf 86' lang='lat' dir='ltr'><strong>Faramodus</strong></span> 
     </span>
    </p>
   </div>
   <div class='ocr_carea' id='block_1_21' title="bbox 1943 657 3520 725">
    <p class='ocr_par' dir='ltr' id='par_1_21' title="bbox 1943 657 3520 725">
     <span class='ocr_line' id='line_1_21' title="bbox 1943 657 3520 725; baseline 0.008 -20"><span class='ocrx_word' id='word_1_130' title='bbox 1943 657 2223 725; x_wconf 70' lang='lat' dir='ltr'><strong>presbyter</strong></span> <span class='ocrx_word' id='word_1_131' title='bbox 2282 673 2375 724; x_wconf 88' lang='lat' dir='ltr'><strong>plO</strong></span> <span class='ocrx_word' id='word_1_132' title='bbox 2434 659 2745 725; x_wconf 81' lang='lat' dir='ltr'><strong>episcOpatu</strong></span> <span class='ocrx_word' id='word_1_133' title='bbox 2803 663 3187 725; x_wconf 80' lang='lat' dir='ltr'><strong>concurreret,</strong></span> <span class='ocrx_word' id='word_1_134' title='bbox 3256 659 3520 719; x_wconf 84' lang='lat' dir='ltr'><strong>Eusebius</strong></span> 
     </span>
    </p>
   </div>
   <div class='ocr_carea' id='block_1_22' title="bbox 1939 749 3533 818">
    <p class='ocr_par' dir='ltr' id='par_1_22' title="bbox 1939 749 3533 818">
     <span class='ocr_line' id='line_1_22' title="bbox 1939 749 3533 818; baseline 0.004 -19"><span class='ocrx_word' id='word_1_135' title='bbox 1939 750 2153 816; x_wconf 81' lang='lat' dir='ltr'><strong>qudam</strong></span> <span class='ocrx_word' id='word_1_136' title='bbox 2187 751 2502 818; x_wconf 81' lang='lat' dir='ltr'><strong>negotiatur,</strong></span> <span class='ocrx_word' id='word_1_137' title='bbox 2552 764 2751 816; x_wconf 83' lang='lat' dir='ltr'><strong>genere</strong></span> <span class='ocrx_word' id='word_1_138' title='bbox 2802 749 2994 818; x_wconf 85' lang='lat' dir='ltr'><strong>Syrus,</strong></span> <span class='ocrx_word' id='word_1_139' title='bbox 3030 750 3166 804; x_wconf 88' lang='lat' dir='ltr'><strong>datis</strong></span> <span class='ocrx_word' id='word_1_140' title='bbox 3193 752 3374 807; x_wconf 92' lang='lat' dir='ltr'><strong>multis</strong></span> <span class='ocrx_word' id='word_1_141' title='bbox 3405 768 3533 815; x_wconf 40' lang='lat' dir='ltr'><strong>mu:</strong></span> 
     </span>
    </p>
   </div>
   <div class='ocr_carea' id='block_1_23' title="bbox 1941 842 3518 910">
    <p class='ocr_par' dir='ltr' id='par_1_23' title="bbox 1941 842 3518 910">
     <span class='ocr_line' id='line_1_23' title="bbox 1941 842 3518 910; baseline 0.004 -18"><span class='ocrx_word' id='word_1_142' title='bbox 1941 842 2180 903; x_wconf 88' lang='lat' dir='ltr'><strong>neribus,</strong></span> <span class='ocrx_word' id='word_1_143' title='bbox 2219 842 2269 893; x_wconf 89' lang='lat' dir='ltr'><strong>in</strong></span> <span class='ocrx_word' id='word_1_144' title='bbox 2304 844 2476 893; x_wconf 85' lang='lat' dir='ltr'><strong>locum</strong></span> <span class='ocrx_word' id='word_1_145' title='bbox 2520 842 2633 908; x_wconf 90' lang='lat' dir='ltr'><strong>ejus</strong></span> <span class='ocrx_word' id='word_1_146' title='bbox 2665 843 2985 910; x_wconf 84' lang='lat' dir='ltr'><strong>subrogatus</strong></span> <span class='ocrx_word' id='word_1_147' title='bbox 3022 852 3107 895; x_wconf 90' lang='lat' dir='ltr'><strong>est</strong></span> <span class='ocrx_word' id='word_1_148' title='bbox 3151 858 3166 895; x_wconf 91' lang='lat'><strong>:</strong></span> <span class='ocrx_word' id='word_1_149' title='bbox 3224 844 3377 910; x_wconf 84' lang='lat' dir='ltr'><strong>isque</strong></span> <span class='ocrx_word' id='word_1_150' title='bbox 3424 860 3518 898; x_wconf 85' lang='lat' dir='ltr'><strong>ac-</strong></span> 
     </span>
    </p>
   </div>
   <div class='ocr_carea' id='block_1_24' title="bbox 1938 930 3524 999">
    <p class='ocr_par' dir='ltr' id='par_1_24' title="bbox 1938 930 3524 999">
     <span class='ocr_line' id='line_1_24' title="bbox 1938 930 3524 999; baseline 0.005 -14"><span class='ocrx_word' id='word_1_151' title='bbox 1938 940 2093 999; x_wconf 89' lang='lat' dir='ltr'><strong>cepto</strong></span> <span class='ocrx_word' id='word_1_152' title='bbox 2138 933 2451 999; x_wconf 87' lang='lat' dir='ltr'><strong>cpisc0patu</strong></span> <span class='ocrx_word' id='word_1_153' title='bbox 2494 947 2707 986; x_wconf 90' lang='lat' dir='ltr'><strong>omnem</strong></span> <span class='ocrx_word' id='word_1_154' title='bbox 2768 933 3007 986; x_wconf 89' lang='lat' dir='ltr'><strong>scholam</strong></span> <span class='ocrx_word' id='word_1_155' title='bbox 3040 930 3065 969; x_wconf 72' lang='grc' dir='ltr'><strong>ίί</strong></span> <span class='ocrx_word' id='word_1_156' title='bbox 3110 934 3408 989; x_wconf 66' lang='lat' dir='ltr'><strong>dicesswis</strong></span> <span class='ocrx_word' id='word_1_157' title='bbox 3438 938 3524 993; x_wconf 87' lang='lat' dir='ltr'><strong>sui</strong></span> 
     </span>
    </p>
   </div>
   <div class='ocr_carea' id='block_1_25' title="bbox 1938 1022 3519 1093">
    <p class='ocr_par' dir='ltr' id='par_1_25' title="bbox 1938 1022 3519 1093">
     <span class='ocr_line' id='line_1_25' title="bbox 1938 1022 3519 1093; baseline 0.003 -18"><span class='ocrx_word' id='word_1_158' title='bbox 1938 1023 2219 1090; x_wconf 71' lang='lat' dir='ltr'><strong>abjiciens,</strong></span> <span class='ocrx_word' id='word_1_159' title='bbox 2264 1022 2430 1093; x_wconf 84' lang='lat' dir='ltr'><strong>Syros</strong></span> <span class='ocrx_word' id='word_1_160' title='bbox 2462 1025 2528 1079; x_wconf 90' lang='lat' dir='ltr'><strong>de</strong></span> <span class='ocrx_word' id='word_1_161' title='bbox 2579 1040 2776 1093; x_wconf 78' lang='lat' dir='ltr'><strong>genere</strong></span> <span class='ocrx_word' id='word_1_162' title='bbox 2804 1040 2900 1078; x_wconf 91' lang='lat' dir='ltr'><strong>suo</strong></span> <span class='ocrx_word' id='word_1_163' title='bbox 2938 1026 3310 1080; x_wconf 74' lang='lat' dir='ltr'><strong>ecclesiasﬁcze</strong></span> <span class='ocrx_word' id='word_1_164' title='bbox 3338 1027 3519 1080; x_wconf 93' lang='lat' dir='ltr'><strong>domui</strong></span> 
     </span>
    </p>
   </div>
   <div class='ocr_carea' id='block_1_26' title="bbox 1940 1114 3522 1184">
    <p class='ocr_par' dir='ltr' id='par_1_26' title="bbox 1940 1114 3522 1184">
     <span class='ocr_line' id='line_1_26' title="bbox 1940 1114 3522 1184; baseline 0.003 -18"><span class='ocrx_word' id='word_1_165' title='bbox 1940 1114 2214 1167; x_wconf 77' lang='lat' dir='ltr'><strong>mini~tros</strong></span> <span class='ocrx_word' id='word_1_166' title='bbox 2262 1114 2468 1168; x_wconf 87' lang='lat' dir='ltr'><strong>statuit.</strong></span> <span class='ocrx_word' id='word_1_167' title='bbox 2519 1116 2660 1169; x_wconf 72' lang='lat' dir='ltr'><strong>szit</strong></span> <span class='ocrx_word' id='word_1_168' title='bbox 2688 1125 2743 1170; x_wconf 90' lang='lat' dir='ltr'><strong>et</strong></span> <span class='ocrx_word' id='word_1_169' title='bbox 2782 1116 3053 1184; x_wconf 90' lang='lat' dir='ltr'><strong>Sulpicius</strong></span> <span class='ocrx_word' id='word_1_170' title='bbox 3106 1117 3352 1171; x_wconf 71' lang='lat' dir='ltr'><strong>Biturica:</strong></span> <span class='ocrx_word' id='word_1_171' title='bbox 3377 1118 3522 1172; x_wconf 86' lang='lat' dir='ltr'><strong>urbis</strong></span> 
     </span>
    </p>
   </div>
   <div class='ocr_carea' id='block_1_27' title="bbox 1941 1206 3522 1276">
    <p class='ocr_par' dir='ltr' id='par_1_27' title="bbox 1941 1206 3522 1276">
     <span class='ocr_line' id='line_1_27' title="bbox 1941 1206 3522 1276; baseline 0.002 -19"><span class='ocrx_word' id='word_1_172' title='bbox 1941 1206 2174 1271; x_wconf 77' lang='lat' dir='ltr'><strong>pontifex</strong></span> <span class='ocrx_word' id='word_1_173' title='bbox 2199 1250 2213 1271; x_wconf 89' lang='lat'><strong>,</strong></span> <span class='ocrx_word' id='word_1_174' title='bbox 2254 1207 2671 1274; x_wconf 87' lang='lat' dir='ltr'><strong>eathedramque</strong></span> <span class='ocrx_word' id='word_1_175' title='bbox 2724 1206 2841 1276; x_wconf 88' lang='lat' dir='ltr'><strong>ejus</strong></span> <span class='ocrx_word' id='word_1_176' title='bbox 2900 1208 3178 1261; x_wconf 88' lang='lat' dir='ltr'><strong>Eustasius</strong></span> <span class='ocrx_word' id='word_1_177' title='bbox 3211 1216 3233 1255; x_wconf 62' lang='grc' dir='ltr'>ε</span> <span class='ocrx_word' id='word_1_178' title='bbox 3273 1206 3522 1275; x_wconf 83' lang='lat' dir='ltr'><strong>Augusti-</strong></span> 
     </span>
    </p>
   </div>
   <div class='ocr_carea' id='block_1_28' title="bbox 1938 1295 2858 1351">
    <p class='ocr_par' dir='ltr' id='par_1_28' title="bbox 1938 1295 2858 1351">
     <span class='ocr_line' id='line_1_28' title="bbox 1938 1295 2858 1351; baseline -0.001 -1"><span class='ocrx_word' id='word_1_179' title='bbox 1938 1296 2194 1350; x_wconf 83' lang='lat' dir='ltr'><strong>dnnensis</strong></span> <span class='ocrx_word' id='word_1_180' title='bbox 2225 1295 2479 1350; x_wconf 91' lang='lat' dir='ltr'><strong>diaconus</strong></span> <span class='ocrx_word' id='word_1_181' title='bbox 2504 1308 2578 1350; x_wconf 82' lang='lat' dir='ltr'><strong>est</strong></span> <span class='ocrx_word' id='word_1_182' title='bbox 2614 1300 2858 1351; x_wconf 86' lang='lat' dir='ltr'><strong>sortitus.</strong></span> 
     </span>
    </p>
   </div>
   <div class='ocr_carea' id='block_1_29' title="bbox 2011 1386 3522 1457">
    <p class='ocr_par' dir='ltr' id='par_1_29' title="bbox 2011 1386 3522 1457">
     <span class='ocr_line' id='line_1_29' title="bbox 2011 1386 3522 1457; baseline 0.001 -17"><span class='ocrx_word' id='word_1_183' title='bbox 2011 1386 2223 1440; x_wconf 78' lang='lat' dir='ltr'><strong>XXVII.</strong></span> <span class='ocrx_word' id='word_1_184' title='bbox 2270 1386 2412 1439; x_wconf 89' lang='lat' dir='ltr'><strong>Inter</strong></span> <span class='ocrx_word' id='word_1_185' title='bbox 2450 1386 2818 1442; x_wconf 84' lang='lat' dir='ltr'><strong>Tornaeenses</strong></span> <span class='ocrx_word' id='word_1_186' title='bbox 2863 1403 3075 1457; x_wconf 83' lang='lat' dir='ltr'><strong>quoque</strong></span> <span class='ocrx_word' id='word_1_187' title='bbox 3125 1387 3361 1443; x_wconf 87' lang='lat' dir='ltr'><strong>Francos</strong></span> <span class='ocrx_word' id='word_1_188' title='bbox 3416 1401 3522 1441; x_wconf 90' lang='lat' dir='ltr'><strong>non</strong></span> 
     </span>
    </p>
   </div>
   <div class='ocr_carea' id='block_1_30' title="bbox 1940 1480 3522 1550">
    <p class='ocr_par' dir='ltr' id='par_1_30' title="bbox 1940 1480 3522 1550">
     <span class='ocr_line' id='line_1_30' title="bbox 1940 1480 3522 1550; baseline 0.001 -18"><span class='ocrx_word' id='word_1_189' title='bbox 1940 1480 2225 1533; x_wconf 83' lang='lat' dir='ltr'><strong>mediocris</strong></span> <span class='ocrx_word' id='word_1_190' title='bbox 2267 1480 2585 1546; x_wconf 79' lang='lat' dir='ltr'><strong>disceptatio</strong></span> <span class='ocrx_word' id='word_1_191' title='bbox 2635 1489 2751 1533; x_wconf 88' lang='lat' dir='ltr'><strong>orta</strong></span> <span class='ocrx_word' id='word_1_192' title='bbox 2791 1489 2893 1543; x_wconf 90' lang='lat' dir='ltr'><strong>est,</strong></span> <span class='ocrx_word' id='word_1_193' title='bbox 2947 1496 3044 1549; x_wconf 90' lang='lat' dir='ltr'><strong>pro</strong></span> <span class='ocrx_word' id='word_1_194' title='bbox 3070 1496 3135 1536; x_wconf 91' lang='lat' dir='ltr'><strong>eo</strong></span> <span class='ocrx_word' id='word_1_195' title='bbox 3168 1481 3311 1550; x_wconf 91' lang='lat' dir='ltr'><strong>quod</strong></span> <span class='ocrx_word' id='word_1_196' title='bbox 3364 1481 3522 1534; x_wconf 90' lang='lat' dir='ltr'><strong>unius</strong></span> 
     </span>
    </p>
   </div>
   <div class='ocr_carea' id='block_1_31' title="bbox 1941 1570 3527 1640">
    <p class='ocr_par' dir='ltr' id='par_1_31' title="bbox 1941 1570 3527 1640">
     <span class='ocr_line' id='line_1_31' title="bbox 1941 1570 3527 1640; baseline -0.001 -17"><span class='ocrx_word' id='word_1_197' title='bbox 1941 1572 2097 1632; x_wconf 83' lang='lat' dir='ltr'><strong>ﬁlius,</strong></span> <span class='ocrx_word' id='word_1_198' title='bbox 2151 1572 2367 1623; x_wconf 83' lang='lat' dir='ltr'><strong>alterius</strong></span> <span class='ocrx_word' id='word_1_199' title='bbox 2417 1570 2602 1635; x_wconf 91' lang='lat' dir='ltr'><strong>ﬁlium,</strong></span> <span class='ocrx_word' id='word_1_200' title='bbox 2644 1572 2733 1639; x_wconf 87' lang='lat' dir='ltr'><strong>qui</strong></span> <span class='ocrx_word' id='word_1_201' title='bbox 2777 1584 3018 1623; x_wconf 81' lang='lat' dir='ltr'><strong>Sororem</strong></span> <span class='ocrx_word' id='word_1_202' title='bbox 3072 1573 3188 1640; x_wconf 83' lang='lat' dir='ltr'><strong>ejus</strong></span> <span class='ocrx_word' id='word_1_203' title='bbox 3236 1572 3287 1624; x_wconf 92' lang='lat' dir='ltr'><strong>in</strong></span> <span class='ocrx_word' id='word_1_204' title='bbox 3340 1570 3527 1624; x_wconf 60' lang='lat' dir='ltr'><strong>matri-</strong></span> 
     </span>
    </p>
   </div>
   <div class='ocr_carea' id='block_1_32' title="bbox 1928 1661 3530 1731">
    <p class='ocr_par' dir='ltr' id='par_1_32' title="bbox 1928 1661 3530 1731">
     <span class='ocr_line' id='line_1_32' title="bbox 1928 1661 3530 1731; baseline -0.001 -14"><span class='ocrx_word' id='word_1_205' title='bbox 1928 1661 2174 1717; x_wconf 85' lang='lat' dir='ltr'><strong>monium</strong></span> <span class='ocrx_word' id='word_1_206' title='bbox 2204 1672 2501 1728; x_wconf 84' lang='lat' dir='ltr'><strong>acceperat,</strong></span> <span class='ocrx_word' id='word_1_207' title='bbox 2535 1676 2653 1714; x_wconf 92' lang='lat' dir='ltr'><strong>cum</strong></span> <span class='ocrx_word' id='word_1_208' title='bbox 2687 1662 2761 1715; x_wconf 89' lang='lat' dir='ltr'><strong>ira</strong></span> <span class='ocrx_word' id='word_1_209' title='bbox 2812 1664 3007 1729; x_wconf 82' lang='lat' dir='ltr'><strong>saepius</strong></span> <span class='ocrx_word' id='word_1_210' title='bbox 3038 1662 3376 1731; x_wconf 83' lang='lat' dir='ltr'><strong>ohj-irgabat,</strong></span> <span class='ocrx_word' id='word_1_211' title='bbox 3423 1677 3530 1718; x_wconf 88' lang='lat' dir='ltr'><strong>cur</strong></span> 
     </span>
    </p>
   </div>
   <div class='ocr_carea' id='block_1_33' title="bbox 1937 1752 3521 1821">
    <p class='ocr_par' dir='ltr' id='par_1_33' title="bbox 1937 1752 3521 1821">
     <span class='ocr_line' id='line_1_33' title="bbox 1937 1752 3521 1821; baseline -0.001 -15"><span class='ocrx_word' id='word_1_212' title='bbox 1937 1753 2165 1821; x_wconf 74' lang='lat' dir='ltr'><strong>Coniuge</strong></span> <span class='ocrx_word' id='word_1_213' title='bbox 2199 1754 2381 1806; x_wconf 89' lang='lat' dir='ltr'><strong>relicta</strong></span> <span class='ocrx_word' id='word_1_214' title='bbox 2422 1762 2656 1808; x_wconf 88' lang='lat' dir='ltr'><strong>scortum</strong></span> <span class='ocrx_word' id='word_1_215' title='bbox 2696 1752 2906 1806; x_wconf 82' lang='lat' dir='ltr'><strong>adiret:</strong></span> <span class='ocrx_word' id='word_1_216' title='bbox 2940 1769 3058 1821; x_wconf 58' lang='lat' dir='ltr'><strong>qua:</strong></span> <span class='ocrx_word' id='word_1_217' title='bbox 3081 1754 3373 1818; x_wconf 90' lang='lat' dir='ltr'><strong>iracundia,</strong></span> <span class='ocrx_word' id='word_1_218' title='bbox 3399 1769 3521 1807; x_wconf 90' lang='lat' dir='ltr'><strong>cum</strong></span> 
     </span>
    </p>
   </div>
   <div class='ocr_carea' id='block_1_34' title="bbox 249 1840 3524 1919">
    <p class='ocr_par' dir='ltr' id='par_1_34' title="bbox 249 1840 3524 1919">
     <span class='ocr_line' id='line_1_34' title="bbox 249 1840 3524 1919; baseline -0.001 -19"><span class='ocrx_word' id='word_1_219' title='bbox 249 1866 405 1919; x_wconf 88' lang='lat' dir='ltr'><strong>quem</strong></span> <span class='ocrx_word' id='word_1_220' title='bbox 434 1850 675 1902; x_wconf 70' lang='lat' dir='ltr'><strong>Animum</strong></span> <span class='ocrx_word' id='word_1_221' title='bbox 708 1854 730 1881; x_wconf 73' lang='grc' dir='ltr'>α</span> <span class='ocrx_word' id='word_1_222' title='bbox 758 1860 837 1895; x_wconf 66' lang='lat' dir='ltr'><strong>vol</strong></span> <span class='ocrx_word' id='word_1_223' title='bbox 860 1843 994 1896; x_wconf 88' lang='lat' dir='ltr'><strong>itaut</strong></span> <span class='ocrx_word' id='word_1_224' title='bbox 1017 1841 1243 1907; x_wconf 85' lang='lat' dir='ltr'><strong>accedit,</strong></span> <span class='ocrx_word' id='word_1_225' title='bbox 1274 1850 1326 1891; x_wconf 79' lang='lat' dir='ltr'><strong>et</strong></span> <span class='ocrx_word' id='word_1_226' title='bbox 1346 1840 1410 1891; x_wconf 80' lang='lat' dir='ltr'><strong>ad</strong></span> <span class='ocrx_word' id='word_1_227' title='bbox 1444 1840 1687 1891; x_wconf 83' lang='lat' dir='ltr'><strong>basilicas</strong></span> <span class='ocrx_word' id='word_1_228' title='bbox 1714 1850 1835 1904; x_wconf 89' lang='lat' dir='ltr'><strong>pro-</strong></span> <span class='ocrx_word' id='word_1_229' title='bbox 1867 1854 1915 1913; x_wconf 80' lang='grc' dir='ltr'><strong>Β</strong></span> <span class='ocrx_word' id='word_1_230' title='bbox 1947 1845 2253 1896; x_wconf 84' lang='lat' dir='ltr'><strong>emendatio</strong></span> <span class='ocrx_word' id='word_1_231' title='bbox 2277 1845 2518 1897; x_wconf 84' lang='lat' dir='ltr'><strong>criminis</strong></span> <span class='ocrx_word' id='word_1_232' title='bbox 2544 1860 2646 1897; x_wconf 87' lang='lat' dir='ltr'><strong>rion</strong></span> <span class='ocrx_word' id='word_1_233' title='bbox 2675 1846 3004 1906; x_wconf 66' lang='lat' dir='ltr'><strong>succederet,</strong></span> <span class='ocrx_word' id='word_1_234' title='bbox 3038 1859 3201 1913; x_wconf 89' lang='lat' dir='ltr'><strong>usque</strong></span> <span class='ocrx_word' id='word_1_235' title='bbox 3227 1844 3360 1897; x_wconf 89' lang='lat' dir='ltr'><strong>adeo</strong></span> <span class='ocrx_word' id='word_1_236' title='bbox 3388 1844 3524 1901; x_wconf 82' lang='lat' dir='ltr'><strong>elata</strong></span> 
     </span>
    </p>
   </div>
   <div class='ocr_carea' id='block_1_35' title="bbox 248 1928 1832 2008">
    <p class='ocr_par' dir='ltr' id='par_1_35' title="bbox 248 1928 1832 2008">
     <span class='ocr_line' id='line_1_35' title="bbox 248 1928 1832 2008; baseline -0.008 -17"><span class='ocrx_word' id='word_1_237' title='bbox 248 1940 479 2008; x_wconf 87' lang='lat' dir='ltr'><strong>pinquas</strong></span> <span class='ocrx_word' id='word_1_238' title='bbox 508 1952 627 1990; x_wconf 91' lang='lat' dir='ltr'><strong>cum</strong></span> <span class='ocrx_word' id='word_1_239' title='bbox 658 1934 801 1988; x_wconf 93' lang='lat' dir='ltr'><strong>omni</strong></span> <span class='ocrx_word' id='word_1_240' title='bbox 831 1934 1069 1987; x_wconf 71' lang='lat' dir='ltr'><strong>exercitu</strong></span> <span class='ocrx_word' id='word_1_241' title='bbox 1095 1931 1313 1994; x_wconf 89' lang='lat' dir='ltr'><strong>restitit,</strong></span> <span class='ocrx_word' id='word_1_242' title='bbox 1352 1931 1619 1982; x_wconf 73' lang='lat' dir='ltr'><strong>instruens</strong></span> <span class='ocrx_word' id='word_1_243' title='bbox 1641 1928 1832 1991; x_wconf 91' lang='lat' dir='ltr'><strong>aciem,</strong></span> 
     </span>
    </p>
   </div>
   <div class='ocr_carea' id='block_1_36' title="bbox 250 2019 1837 2097">
    <p class='ocr_par' dir='ltr' id='par_1_36' title="bbox 250 2019 1837 2097">
     <span class='ocr_line' id='line_1_36' title="bbox 250 2019 1837 2097; baseline -0.005 -18"><span class='ocrx_word' id='word_1_244' title='bbox 250 2031 477 2097; x_wconf 86' lang='lat' dir='ltr'><strong>qualiter</strong></span> <span class='ocrx_word' id='word_1_245' title='bbox 508 2026 732 2079; x_wconf 79' lang='lat' dir='ltr'><strong>Aurelio</strong></span> <span class='ocrx_word' id='word_1_246' title='bbox 764 2024 789 2061; x_wconf 70' lang='grc' dir='ltr'>δ</span> <span class='ocrx_word' id='word_1_247' title='bbox 830 2024 1026 2076; x_wconf 85' lang='lat' dir='ltr'><strong>ibidem</strong></span> <span class='ocrx_word' id='word_1_248' title='bbox 1058 2032 1180 2075; x_wconf 85' lang='lat' dir='ltr'><strong>tunc</strong></span> <span class='ocrx_word' id='word_1_249' title='bbox 1225 2019 1537 2073; x_wconf 84' lang='lat' dir='ltr'><strong>COnSistenli</strong></span> <span class='ocrx_word' id='word_1_250' title='bbox 1588 2019 1837 2086; x_wconf 85' lang='lat' dir='ltr'><strong>episcopo</strong></span> 
     </span>
    </p>
   </div>
   <div class='ocr_carea' id='block_1_37' title="bbox 250 2109 1839 2178">
    <p class='ocr_par' dir='ltr' id='par_1_37' title="bbox 250 2109 1839 2178">
     <span class='ocr_line' id='line_1_37' title="bbox 250 2109 1839 2178; baseline -0.006 -6"><span class='ocrx_word' id='word_1_251' title='bbox 250 2121 446 2172; x_wconf 85' lang='lat' dir='ltr'><strong>bellum</strong></span> <span class='ocrx_word' id='word_1_252' title='bbox 481 2117 721 2178; x_wconf 79' lang='lat' dir='ltr'><strong>inferret,</strong></span> <span class='ocrx_word' id='word_1_253' title='bbox 764 2117 980 2167; x_wconf 88' lang='lat' dir='ltr'><strong>mittens</strong></span> <span class='ocrx_word' id='word_1_254' title='bbox 1030 2113 1190 2165; x_wconf 88' lang='lat' dir='ltr'><strong>etiam</strong></span> <span class='ocrx_word' id='word_1_255' title='bbox 1231 2120 1357 2164; x_wconf 88' lang='lat' dir='ltr'><strong>ante</strong></span> <span class='ocrx_word' id='word_1_256' title='bbox 1386 2125 1446 2163; x_wconf 86' lang='lat' dir='ltr'><strong>se</strong></span> <span class='ocrx_word' id='word_1_257' title='bbox 1474 2109 1713 2173; x_wconf 88' lang='lat' dir='ltr'><strong>nuntios,</strong></span> <span class='ocrx_word' id='word_1_258' title='bbox 1743 2109 1839 2163; x_wconf 85' lang='lat' dir='ltr'><strong>ho-</strong></span> 
     </span>
    </p>
   </div>
   <div class='ocr_carea' id='block_1_38' title="bbox 250 2200 1836 2275">
    <p class='ocr_par' dir='ltr' id='par_1_38' title="bbox 250 2200 1836 2275">
     <span class='ocr_line' id='line_1_38' title="bbox 250 2200 1836 2275; baseline -0.006 -12"><span class='ocrx_word' id='word_1_259' title='bbox 250 2212 418 2264; x_wconf 87' lang='lat' dir='ltr'><strong>mines</strong></span> <span class='ocrx_word' id='word_1_260' title='bbox 451 2208 594 2260; x_wconf 91' lang='lat' dir='ltr'><strong>nudo</strong></span> <span class='ocrx_word' id='word_1_261' title='bbox 623 2220 867 2275; x_wconf 87' lang='lat' dir='ltr'><strong>corpore,</strong></span> <span class='ocrx_word' id='word_1_262' title='bbox 920 2206 1180 2257; x_wconf 81' lang='lat' dir='ltr'><strong>saltantes</strong></span> <span class='ocrx_word' id='word_1_263' title='bbox 1227 2210 1387 2270; x_wconf 89' lang='lat' dir='ltr'><strong>atque</strong></span> <span class='ocrx_word' id='word_1_264' title='bbox 1427 2201 1690 2263; x_wconf 87' lang='lat' dir='ltr'><strong>ludentes.</strong></span> <span class='ocrx_word' id='word_1_265' title='bbox 1745 2200 1836 2270; x_wconf 90' lang='lat' dir='ltr'><strong>qui</strong></span> 
     </span>
    </p>
   </div>
   <div class='ocr_carea' id='block_1_39' title="bbox 250 2292 1834 2365">
    <p class='ocr_par' dir='ltr' id='par_1_39' title="bbox 250 2292 1834 2365">
     <span class='ocr_line' id='line_1_39' title="bbox 250 2292 1834 2365; baseline -0.006 -11"><span class='ocrx_word' id='word_1_266' title='bbox 250 2301 538 2354; x_wconf 83' lang='lat' dir='ltr'><strong>adventum</strong></span> <span class='ocrx_word' id='word_1_267' title='bbox 565 2298 681 2365; x_wconf 88' lang='lat' dir='ltr'><strong>ejus</strong></span> <span class='ocrx_word' id='word_1_268' title='bbox 699 2297 1093 2349; x_wconf 85' lang='lat' dir='ltr'><strong>annuntiareut.</strong></span> <span class='ocrx_word' id='word_1_269' title='bbox 1117 2293 1265 2358; x_wconf 84' lang='lat' dir='ltr'><strong>Quod</strong></span> <span class='ocrx_word' id='word_1_270' title='bbox 1288 2306 1509 2360; x_wconf 79' lang='lat' dir='ltr'><strong>Stupens</strong></span> <span class='ocrx_word' id='word_1_271' title='bbox 1531 2292 1834 2360; x_wconf 86' lang='lat' dir='ltr'><strong>episcopus,</strong></span> 
     </span>
    </p>
   </div>
   <div class='ocr_carea' id='block_1_40' title="bbox 252 2383 1837 2454">
    <p class='ocr_par' dir='ltr' id='par_1_40' title="bbox 252 2383 1837 2454">
     <span class='ocr_line' id='line_1_40' title="bbox 252 2383 1837 2454; baseline -0.007 -7"><span class='ocrx_word' id='word_1_272' title='bbox 252 2393 447 2447; x_wconf 80' lang='lat' dir='ltr'><strong>direxit</strong></span> <span class='ocrx_word' id='word_1_273' title='bbox 477 2392 540 2444; x_wconf 89' lang='lat' dir='ltr'><strong>ad</strong></span> <span class='ocrx_word' id='word_1_274' title='bbox 568 2406 689 2444; x_wconf 91' lang='lat' dir='ltr'><strong>eum</strong></span> <span class='ocrx_word' id='word_1_275' title='bbox 726 2390 870 2443; x_wconf 82' lang='lat' dir='ltr'><strong>viios</strong></span> <span class='ocrx_word' id='word_1_276' title='bbox 905 2396 1177 2452; x_wconf 88' lang='lat' dir='ltr'><strong>strenuos,</strong></span> <span class='ocrx_word' id='word_1_277' title='bbox 1213 2386 1545 2454; x_wconf 91' lang='lat' dir='ltr'><strong>inquirentes</strong></span> <span class='ocrx_word' id='word_1_278' title='bbox 1581 2384 1705 2454; x_wconf 90' lang='lat' dir='ltr'><strong>quid</strong></span> <span class='ocrx_word' id='word_1_279' title='bbox 1736 2383 1837 2437; x_wconf 87' lang='lat' dir='ltr'><strong>sibi</strong></span> 
     </span>
    </p>
   </div>
   <div class='ocr_carea' id='block_1_41' title="bbox 253 2478 1838 2553">
    <p class='ocr_par' dir='ltr' id='par_1_41' title="bbox 253 2478 1838 2553">
     <span class='ocr_line' id='line_1_41' title="bbox 253 2478 1838 2553; baseline -0.006 -13"><span class='ocrx_word' id='word_1_280' title='bbox 253 2488 453 2542; x_wconf 81' lang='lat' dir='ltr'><strong>vellent</strong></span> <span class='ocrx_word' id='word_1_281' title='bbox 484 2487 581 2539; x_wconf 90' lang='lat' dir='ltr'><strong>ista</strong></span> <span class='ocrx_word' id='word_1_282' title='bbox 611 2500 729 2553; x_wconf 77' lang='lat' dir='ltr'><strong>qua:</strong></span> <span class='ocrx_word' id='word_1_283' title='bbox 757 2490 989 2552; x_wconf 77' lang='lat' dir='ltr'><strong>gereret.</strong></span> <span class='ocrx_word' id='word_1_284' title='bbox 1023 2480 1172 2535; x_wconf 86' lang='lat' dir='ltr'><strong>Unus</strong></span> <span class='ocrx_word' id='word_1_285' title='bbox 1201 2490 1379 2532; x_wconf 87' lang='lat' dir='ltr'><strong>autem</strong></span> <span class='ocrx_word' id='word_1_286' title='bbox 1407 2493 1469 2531; x_wconf 82' lang='lat' dir='ltr'><strong>ex</strong></span> <span class='ocrx_word' id='word_1_287' title='bbox 1510 2479 1575 2531; x_wconf 91' lang='lat' dir='ltr'><strong>iis</strong></span> <span class='ocrx_word' id='word_1_288' title='bbox 1601 2478 1690 2547; x_wconf 89' lang='lat' dir='ltr'><strong>qui</strong></span> <span class='ocrx_word' id='word_1_289' title='bbox 1721 2487 1838 2531; x_wconf 89' lang='lat' dir='ltr'><strong>erat</strong></span> 
     </span>
    </p>
   </div>
   <div class='ocr_carea' id='block_1_42' title="bbox 252 2572 1837 2644">
    <p class='ocr_par' dir='ltr' id='par_1_42' title="bbox 252 2572 1837 2644">
     <span class='ocr_line' id='line_1_42' title="bbox 252 2572 1837 2644; baseline -0.007 -10"><span class='ocrx_word' id='word_1_290' title='bbox 252 2580 460 2644; x_wconf 83' lang='lat' dir='ltr'><strong>senior,</strong></span> <span class='ocrx_word' id='word_1_291' title='bbox 506 2593 627 2632; x_wconf 92' lang='lat' dir='ltr'><strong>cum</strong></span> <span class='ocrx_word' id='word_1_292' title='bbox 653 2592 711 2631; x_wconf 89' lang='lat' dir='ltr'><strong>se</strong></span> <span class='ocrx_word' id='word_1_293' title='bbox 759 2576 1069 2629; x_wconf 89' lang='lat' dir='ltr'><strong>inclinasset</strong></span> <span class='ocrx_word' id='word_1_294' title='bbox 1107 2572 1258 2643; x_wconf 83' lang='lat' dir='ltr'><strong>quasi</strong></span> <span class='ocrx_word' id='word_1_295' title='bbox 1281 2574 1623 2626; x_wconf 85' lang='lat' dir='ltr'><strong>osculaturus</strong></span> <span class='ocrx_word' id='word_1_296' title='bbox 1666 2586 1837 2640; x_wconf 70' lang='lat' dir='ltr'><strong>Kenua</strong></span> 
     </span>
    </p>
   </div>
   <div class='ocr_carea' id='block_1_43' title="bbox 256 2665 1839 2740">
    <p class='ocr_par' dir='ltr' id='par_1_43' title="bbox 256 2665 1839 2740">
     <span class='ocr_line' id='line_1_43' title="bbox 256 2665 1839 2740; baseline -0.005 -14"><span class='ocrx_word' id='word_1_297' title='bbox 256 2672 374 2740; x_wconf 83' lang='lat' dir='ltr'><strong>ejus</strong></span> <span class='ocrx_word' id='word_1_298' title='bbox 393 2686 457 2725; x_wconf 89' lang='lat' dir='ltr'><strong>ac</strong></span> <span class='ocrx_word' id='word_1_299' title='bbox 484 2670 820 2725; x_wconf 87' lang='lat' dir='ltr'><strong>discussurus</strong></span> <span class='ocrx_word' id='word_1_300' title='bbox 842 2668 983 2722; x_wconf 82' lang='lat' dir='ltr'><strong>viam</strong></span> <span class='ocrx_word' id='word_1_301' title='bbox 1012 2666 1177 2730; x_wconf 88' lang='lat' dir='ltr'><strong>illius,</strong></span> <span class='ocrx_word' id='word_1_302' title='bbox 1199 2665 1359 2735; x_wconf 87' lang='lat' dir='ltr'><strong>jussit</strong></span> <span class='ocrx_word' id='word_1_303' title='bbox 1387 2679 1508 2719; x_wconf 91' lang='lat' dir='ltr'><strong>eum</strong></span> <span class='ocrx_word' id='word_1_304' title='bbox 1535 2669 1839 2733; x_wconf 84' lang='lat' dir='ltr'><strong>apprehen-</strong></span> 
     </span>
    </p>
   </div>
   <div class='ocr_carea' id='block_1_44' title="bbox 252 2753 1838 2831">
    <p class='ocr_par' dir='ltr' id='par_1_44' title="bbox 252 2753 1838 2831">
     <span class='ocr_line' id='line_1_44' title="bbox 252 2753 1838 2831; baseline -0.008 -13"><span class='ocrx_word' id='word_1_305' title='bbox 252 2780 374 2818; x_wconf 87' lang='lat' dir='ltr'><strong>sum</strong></span> <span class='ocrx_word' id='word_1_306' title='bbox 416 2761 680 2831; x_wconf 87' lang='lat' dir='ltr'><strong>spoliari:</strong></span> <span class='ocrx_word' id='word_1_307' title='bbox 737 2774 834 2813; x_wconf 90' lang='lat' dir='ltr'><strong>uec</strong></span> <span class='ocrx_word' id='word_1_308' title='bbox 876 2774 1048 2822; x_wconf 84' lang='lat' dir='ltr'><strong>mora,</strong></span> <span class='ocrx_word' id='word_1_309' title='bbox 1099 2756 1185 2810; x_wconf 90' lang='lat' dir='ltr'><strong>ille</strong></span> <span class='ocrx_word' id='word_1_310' title='bbox 1235 2755 1517 2824; x_wconf 86' lang='lat' dir='ltr'><strong>evaginato</strong></span> <span class='ocrx_word' id='word_1_311' title='bbox 1563 2753 1739 2821; x_wconf 77' lang='lat' dir='ltr'><strong>gladio</strong></span> <span class='ocrx_word' id='word_1_312' title='bbox 1786 2754 1838 2807; x_wconf 91' lang='lat' dir='ltr'><strong>in</strong></span> 
     </span>
    </p>
   </div>
   <div class='ocr_carea' id='block_1_45' title="bbox 252 2843 1842 2917">
    <p class='ocr_par' dir='ltr' id='par_1_45' title="bbox 252 2843 1842 2917">
     <span class='ocr_line' id='line_1_45' title="bbox 252 2843 1842 2917; baseline -0.006 -10"><span class='ocrx_word' id='word_1_313' title='bbox 252 2852 421 2907; x_wconf 84' lang='lat' dir='ltr'><strong>frusta</strong></span> <span class='ocrx_word' id='word_1_314' title='bbox 466 2852 720 2912; x_wconf 82' lang='lat' dir='ltr'><strong>concidit,</strong></span> <span class='ocrx_word' id='word_1_315' title='bbox 749 2848 1049 2917; x_wconf 85' lang='lat' dir='ltr'><strong>ceciditque</strong></span> <span class='ocrx_word' id='word_1_316' title='bbox 1094 2846 1341 2901; x_wconf 89' lang='lat' dir='ltr'><strong>Christus</strong></span> <span class='ocrx_word' id='word_1_317' title='bbox 1385 2845 1494 2909; x_wconf 92' lang='lat' dir='ltr'><strong>ille,</strong></span> <span class='ocrx_word' id='word_1_318' title='bbox 1536 2845 1623 2911; x_wconf 91' lang='lat' dir='ltr'><strong>qui</strong></span> <span class='ocrx_word' id='word_1_319' title='bbox 1672 2843 1842 2914; x_wconf 87' lang='lat' dir='ltr'><strong>magis</strong></span> 
     </span>
    </p>
   </div>
   <div class='ocr_carea' id='block_1_46' title="bbox 252 2937 1840 3008">
    <p class='ocr_par' dir='ltr' id='par_1_46' title="bbox 252 2937 1840 3008">
     <span class='ocr_line' id='line_1_46' title="bbox 252 2937 1840 3008; baseline -0.008 -11"><span class='ocrx_word' id='word_1_320' title='bbox 252 2942 618 2997; x_wconf 82' lang='lat' dir='ltr'><strong>Antichristus</strong></span> <span class='ocrx_word' id='word_1_321' title='bbox 662 2939 924 2994; x_wconf 84' lang='lat' dir='ltr'><strong>neniiuari</strong></span> <span class='ocrx_word' id='word_1_322' title='bbox 966 2938 1128 3008; x_wconf 76' lang='lat'><strong>520</strong></span> <span class='ocrx_word' id='word_1_323' title='bbox 1158 2937 1336 3001; x_wconf 88' lang='lat' dir='ltr'><strong>debet,</strong></span> <span class='ocrx_word' id='word_1_324' title='bbox 1372 2944 1427 2989; x_wconf 90' lang='lat' dir='ltr'><strong>et</strong></span> <span class='ocrx_word' id='word_1_325' title='bbox 1455 2944 1695 2988; x_wconf 91' lang='lat' dir='ltr'><strong>mortuus</strong></span> <span class='ocrx_word' id='word_1_326' title='bbox 1735 2941 1840 2997; x_wconf 84' lang='lat' dir='ltr'><strong>est,</strong></span> 
     </span>
    </p>
   </div>
   <div class='ocr_carea' id='block_1_47' title="bbox 257 3025 1839 3101">
    <p class='ocr_par' dir='ltr' id='par_1_47' title="bbox 257 3025 1839 3101">
     <span class='ocr_line' id='line_1_47' title="bbox 257 3025 1839 3101; baseline -0.007 -14"><span class='ocrx_word' id='word_1_327' title='bbox 257 3035 413 3101; x_wconf 88' lang='lat' dir='ltr'><strong>dispe</strong></span> <span class='ocrx_word' id='word_1_328' title='bbox 446 3034 597 3100; x_wconf 81' lang='lat' dir='ltr'><strong>sique</strong></span> <span class='ocrx_word' id='word_1_329' title='bbox 623 3042 747 3083; x_wconf 90' lang='lat' dir='ltr'><strong>sunt</strong></span> <span class='ocrx_word' id='word_1_330' title='bbox 776 3047 962 3082; x_wconf 73' lang='lat' dir='ltr'><strong>tllllllt’s</strong></span> <span class='ocrx_word' id='word_1_331' title='bbox 986 3030 1075 3097; x_wconf 93' lang='lat' dir='ltr'><strong>qui</strong></span> <span class='ocrx_word' id='word_1_332' title='bbox 1106 3044 1227 3081; x_wconf 91' lang='lat' dir='ltr'><strong>cum</strong></span> <span class='ocrx_word' id='word_1_333' title='bbox 1252 3044 1315 3081; x_wconf 87' lang='lat' dir='ltr'><strong>eo</strong></span> <span class='ocrx_word' id='word_1_334' title='bbox 1346 3036 1519 3081; x_wconf 89' lang='lat' dir='ltr'><strong>erant.</strong></span> <span class='ocrx_word' id='word_1_335' title='bbox 1552 3025 1711 3079; x_wconf 84' lang='lat' dir='ltr'><strong>Maria</strong></span> <span class='ocrx_word' id='word_1_336' title='bbox 1743 3039 1839 3076; x_wconf 90' lang='lat' dir='ltr'><strong>au-</strong></span> 
     </span>
    </p>
   </div>
   <div class='ocr_carea' id='block_1_48' title="bbox 257 3114 1839 3189">
    <p class='ocr_par' dir='ltr' id='par_1_48' title="bbox 257 3114 1839 3189">
     <span class='ocr_line' id='line_1_48' title="bbox 257 3114 1839 3189; baseline -0.007 -11"><span class='ocrx_word' id='word_1_337' title='bbox 257 3134 361 3178; x_wconf 88' lang='lat' dir='ltr'><strong>tem</strong></span> <span class='ocrx_word' id='word_1_338' title='bbox 404 3123 516 3185; x_wconf 90' lang='lat' dir='ltr'><strong>illa,</strong></span> <span class='ocrx_word' id='word_1_339' title='bbox 548 3120 822 3189; x_wconf 70' lang='lat' dir='ltr'><strong>suppliciis</strong></span> <span class='ocrx_word' id='word_1_340' title='bbox 854 3118 1028 3172; x_wconf 87' lang='lat' dir='ltr'><strong>dedita</strong></span> <span class='ocrx_word' id='word_1_341' title='bbox 1058 3160 1072 3183; x_wconf 95' lang='lat'><strong>,</strong></span> <span class='ocrx_word' id='word_1_342' title='bbox 1115 3119 1294 3171; x_wconf 87' lang='lat' dir='ltr'><strong>omnia</strong></span> <span class='ocrx_word' id='word_1_343' title='bbox 1325 3116 1693 3185; x_wconf 85' lang='lat' dir='ltr'><strong>phantasmata</strong></span> <span class='ocrx_word' id='word_1_344' title='bbox 1723 3114 1839 3180; x_wconf 86' lang='lat' dir='ltr'><strong>ejus</strong></span> 
     </span>
    </p>
   </div>
   <div class='ocr_carea' id='block_1_49' title="bbox 1945 1938 3523 2003">
    <p class='ocr_par' dir='ltr' id='par_1_49' title="bbox 1945 1938 3523 2003">
     <span class='ocr_line' id='line_1_49' title="bbox 1945 1938 3523 2003; baseline 0.003 -16"><span class='ocrx_word' id='word_1_345' title='bbox 1945 1942 2047 1998; x_wconf 77' lang='lat' dir='ltr'><strong>est,</strong></span> <span class='ocrx_word' id='word_1_346' title='bbox 2079 1945 2135 1986; x_wconf 92' lang='lat' dir='ltr'><strong>nt</strong></span> <span class='ocrx_word' id='word_1_347' title='bbox 2165 1938 2372 1987; x_wconf 66' lang='lat' dir='ltr'><strong>irruens</strong></span> <span class='ocrx_word' id='word_1_348' title='bbox 2402 1949 2533 2002; x_wconf 90' lang='lat' dir='ltr'><strong>puer</strong></span> <span class='ocrx_word' id='word_1_349' title='bbox 2554 1948 2715 2003; x_wconf 91' lang='lat' dir='ltr'><strong>super</strong></span> <span class='ocrx_word' id='word_1_350' title='bbox 2744 1944 3022 2003; x_wconf 65' lang='lat' dir='ltr'><strong>«cgnitum</strong></span> <span class='ocrx_word' id='word_1_351' title='bbox 3053 1950 3232 1999; x_wconf 88' lang='lat' dir='ltr'><strong>suum,</strong></span> <span class='ocrx_word' id='word_1_352' title='bbox 3261 1950 3381 1989; x_wconf 88' lang='lat' dir='ltr'><strong>eum</strong></span> <span class='ocrx_word' id='word_1_353' title='bbox 3403 1950 3523 1991; x_wconf 89' lang='lat' dir='ltr'><strong>cum</strong></span> 
     </span>
    </p>
   </div>
   <div class='ocr_carea' id='block_1_50' title="bbox 1940 2026 3520 2094">
    <p class='ocr_par' dir='ltr' id='par_1_50' title="bbox 1940 2026 3520 2094">
     <span class='ocr_line' id='line_1_50' title="bbox 1940 2026 3520 2094; baseline 0.003 -17"><span class='ocrx_word' id='word_1_354' title='bbox 1940 2027 2052 2078; x_wconf 87' lang='lat' dir='ltr'><strong>suis</strong></span> <span class='ocrx_word' id='word_1_355' title='bbox 2082 2026 2424 2091; x_wconf 82' lang='lat' dir='ltr'><strong>interﬁceret,</strong></span> <span class='ocrx_word' id='word_1_356' title='bbox 2461 2034 2620 2094; x_wconf 90' lang='lat' dir='ltr'><strong>atque</strong></span> <span class='ocrx_word' id='word_1_357' title='bbox 2643 2028 2753 2094; x_wconf 88' lang='lat' dir='ltr'><strong>ipse</strong></span> <span class='ocrx_word' id='word_1_358' title='bbox 2779 2026 2847 2079; x_wconf 88' lang='lat' dir='ltr'><strong>ab</strong></span> <span class='ocrx_word' id='word_1_359' title='bbox 2886 2027 2949 2079; x_wconf 89' lang='lat' dir='ltr'><strong>iis</strong></span> <span class='ocrx_word' id='word_1_360' title='bbox 2979 2041 3099 2080; x_wconf 90' lang='lat' dir='ltr'><strong>cum</strong></span> <span class='ocrx_word' id='word_1_361' title='bbox 3143 2027 3336 2094; x_wconf 89' lang='lat' dir='ltr'><strong>quibus</strong></span> <span class='ocrx_word' id='word_1_362' title='bbox 3365 2042 3520 2081; x_wconf 73' lang='lat' dir='ltr'><strong>vcnc~</strong></span> 
     </span>
    </p>
   </div>
   <div class='ocr_carea' id='block_1_51' title="bbox 1940 2116 3523 2187">
    <p class='ocr_par' dir='ltr' id='par_1_51' title="bbox 1940 2116 3523 2187">
     <span class='ocr_line' id='line_1_51' title="bbox 1940 2116 3523 2187; baseline 0.002 -19"><span class='ocrx_word' id='word_1_363' title='bbox 1940 2124 2023 2168; x_wconf 79' lang='lat' dir='ltr'><strong>rat</strong></span> <span class='ocrx_word' id='word_1_364' title='bbox 2072 2116 2159 2169; x_wconf 88' lang='lat' dir='ltr'><strong>ille</strong></span> <span class='ocrx_word' id='word_1_365' title='bbox 2190 2126 2639 2183; x_wconf 90' lang='lat' dir='ltr'><strong>prosterneretur,</strong></span> <span class='ocrx_word' id='word_1_366' title='bbox 2684 2132 2781 2171; x_wconf 91' lang='lat' dir='ltr'><strong>nec</strong></span> <span class='ocrx_word' id='word_1_367' title='bbox 2810 2126 3115 2172; x_wconf 79' lang='lat' dir='ltr'><strong>remaneret</strong></span> <span class='ocrx_word' id='word_1_368' title='bbox 3142 2119 3403 2187; x_wconf 85' lang='lat' dir='ltr'><strong>quispiam</strong></span> <span class='ocrx_word' id='word_1_369' title='bbox 3452 2134 3523 2174; x_wconf 80' lang='lat' dir='ltr'><strong>ex</strong></span> 
     </span>
    </p>
   </div>
   <div class='ocr_carea' id='block_1_52' title="bbox 1944 2206 3523 2276">
    <p class='ocr_par' dir='ltr' id='par_1_52' title="bbox 1944 2206 3523 2276">
     <span class='ocr_line' id='line_1_52' title="bbox 1944 2206 3523 2276; baseline 0.004 -18"><span class='ocrx_word' id='word_1_370' title='bbox 1944 2206 2206 2274; x_wconf 87' lang='lat' dir='ltr'><strong>utrisque,</strong></span> <span class='ocrx_word' id='word_1_371' title='bbox 2244 2206 2340 2259; x_wconf 72' lang='lat' dir='ltr'><strong>nisi</strong></span> <span class='ocrx_word' id='word_1_372' title='bbox 2386 2221 2523 2258; x_wconf 85' lang='lat' dir='ltr'><strong>unus</strong></span> <span class='ocrx_word' id='word_1_373' title='bbox 2556 2214 2758 2259; x_wconf 88' lang='lat' dir='ltr'><strong>tantum</strong></span> <span class='ocrx_word' id='word_1_374' title='bbox 2788 2207 2870 2260; x_wconf 88' lang='lat' dir='ltr'><strong>cui</strong></span> <span class='ocrx_word' id='word_1_375' title='bbox 2906 2222 3190 2276; x_wconf 83' lang='lat' dir='ltr'><strong>percussor</strong></span> <span class='ocrx_word' id='word_1_376' title='bbox 3225 2208 3415 2263; x_wconf 87' lang='lat' dir='ltr'><strong>defuit.</strong></span> <span class='ocrx_word' id='word_1_377' title='bbox 3448 2208 3523 2264; x_wconf 81' lang='lat' dir='ltr'><strong>Ex</strong></span> 
     </span>
    </p>
   </div>
   <div class='ocr_carea' id='block_1_53' title="bbox 1941 2295 3525 2364">
    <p class='ocr_par' dir='ltr' id='par_1_53' title="bbox 1941 2295 3525 2364">
     <span class='ocr_line' id='line_1_53' title="bbox 1941 2295 3525 2364; baseline 0.004 -17"><span class='ocrx_word' id='word_1_378' title='bbox 1941 2295 2042 2348; x_wconf 85' lang='lat' dir='ltr'><strong>hoc</strong></span> <span class='ocrx_word' id='word_1_379' title='bbox 2069 2307 2313 2363; x_wconf 87' lang='lat' dir='ltr'><strong>parentes</strong></span> <span class='ocrx_word' id='word_1_380' title='bbox 2349 2297 2623 2362; x_wconf 85' lang='lat' dir='ltr'><strong>utriusque</strong></span> <span class='ocrx_word' id='word_1_381' title='bbox 2651 2296 2790 2350; x_wconf 91' lang='lat' dir='ltr'><strong>inter</strong></span> <span class='ocrx_word' id='word_1_382' title='bbox 2831 2311 2889 2353; x_wconf 86' lang='lat' dir='ltr'><strong>se</strong></span> <span class='ocrx_word' id='word_1_383' title='bbox 2918 2298 3222 2364; x_wconf 71' lang='lat' dir='ltr'><strong>stevientes,</strong></span> <span class='ocrx_word' id='word_1_384' title='bbox 3264 2314 3293 2352; x_wconf 89' lang='lat' dir='ltr'><strong>a</strong></span> <span class='ocrx_word' id='word_1_385' title='bbox 3328 2298 3525 2354; x_wconf 81' lang='lat' dir='ltr'><strong>Frede-</strong></span> 
     </span>
    </p>
   </div>
   <div class='ocr_carea' id='block_1_54' title="bbox 1939 2386 3525 2460">
    <p class='ocr_par' dir='ltr' id='par_1_54' title="bbox 1939 2386 3525 2460">
     <span class='ocr_line' id='line_1_54' title="bbox 1939 2386 3525 2460; baseline 0.003 -21"><span class='ocrx_word' id='word_1_386' title='bbox 1939 2386 2113 2455; x_wconf 85' lang='lat' dir='ltr'><strong>gunde</strong></span> <span class='ocrx_word' id='word_1_387' title='bbox 2142 2387 2323 2456; x_wconf 87' lang='lat' dir='ltr'><strong>regina</strong></span> <span class='ocrx_word' id='word_1_388' title='bbox 2367 2388 2676 2454; x_wconf 88' lang='lat' dir='ltr'><strong>plerumque</strong></span> <span class='ocrx_word' id='word_1_389' title='bbox 2716 2388 3074 2455; x_wconf 78' lang='lat' dir='ltr'><strong>arguebantur</strong></span> <span class='ocrx_word' id='word_1_390' title='bbox 3096 2428 3112 2454; x_wconf 96' lang='lat'><strong>,</strong></span> <span class='ocrx_word' id='word_1_391' title='bbox 3166 2389 3324 2460; x_wconf 72' lang='lat'><strong>521</strong></span> <span class='ocrx_word' id='word_1_392' title='bbox 3357 2400 3413 2444; x_wconf 93' lang='lat' dir='ltr'><strong>ut</strong></span> <span class='ocrx_word' id='word_1_393' title='bbox 3441 2404 3525 2445; x_wconf 83' lang='lat' dir='ltr'><strong>re-</strong></span> 
     </span>
    </p>
   </div>
   <div class='ocr_carea' id='block_1_55' title="bbox 1942 2479 3524 2551">
    <p class='ocr_par' dir='ltr' id='par_1_55' title="bbox 1942 2479 3524 2551">
     <span class='ocr_line' id='line_1_55' title="bbox 1942 2479 3524 2551; baseline 0.001 -17"><span class='ocrx_word' id='word_1_394' title='bbox 1942 2479 2064 2534; x_wconf 88' lang='lat' dir='ltr'><strong>licta</strong></span> <span class='ocrx_word' id='word_1_395' title='bbox 2096 2480 2372 2535; x_wconf 76' lang='lat' dir='ltr'><strong>inimicitia</strong></span> <span class='ocrx_word' id='word_1_396' title='bbox 2417 2482 2710 2535; x_wconf 86' lang='lat' dir='ltr'><strong>concordes</strong></span> <span class='ocrx_word' id='word_1_397' title='bbox 2746 2484 2953 2547; x_wconf 88' lang='lat' dir='ltr'><strong>ﬁerent,</strong></span> <span class='ocrx_word' id='word_1_398' title='bbox 2987 2497 3053 2537; x_wconf 93' lang='lat' dir='ltr'><strong>ne</strong></span> <span class='ocrx_word' id='word_1_399' title='bbox 3094 2484 3387 2551; x_wconf 86' lang='lat' dir='ltr'><strong>pertinacia</strong></span> <span class='ocrx_word' id='word_1_400' title='bbox 3418 2484 3524 2538; x_wconf 80' lang='lat' dir='ltr'><strong>litis</strong></span> 
     </span>
    </p>
   </div>
   <div class='ocr_carea' id='block_1_56' title="bbox 1942 2571 3521 2640">
    <p class='ocr_par' dir='ltr' id='par_1_56' title="bbox 1942 2571 3521 2640">
     <span class='ocr_line' id='line_1_56' title="bbox 1942 2571 3521 2640; baseline 0.002 -15"><span class='ocrx_word' id='word_1_401' title='bbox 1942 2572 1994 2625; x_wconf 93' lang='lat' dir='ltr'><strong>in</strong></span> <span class='ocrx_word' id='word_1_402' title='bbox 2028 2571 2199 2640; x_wconf 81' lang='lat' dir='ltr'><strong>majus</strong></span> <span class='ocrx_word' id='word_1_403' title='bbox 2224 2572 2612 2626; x_wconf 80' lang='lat' dir='ltr'><strong>subveheretur</strong></span> <span class='ocrx_word' id='word_1_404' title='bbox 2637 2572 2964 2626; x_wconf 72' lang='lat' dir='ltr'><strong>scandalum.</strong></span> <span class='ocrx_word' id='word_1_405' title='bbox 3001 2572 3105 2627; x_wconf 88' lang='lat' dir='ltr'><strong>Sed</strong></span> <span class='ocrx_word' id='word_1_406' title='bbox 3136 2588 3258 2627; x_wconf 91' lang='lat' dir='ltr'><strong>cum</strong></span> <span class='ocrx_word' id='word_1_407' title='bbox 3302 2579 3521 2630; x_wconf 88' lang='lat' dir='ltr'><strong>eosdem</strong></span> 
     </span>
    </p>
   </div>
   <div class='ocr_carea' id='block_1_57' title="bbox 1942 2663 3527 2735">
    <p class='ocr_par' dir='ltr' id='par_1_57' title="bbox 1942 2663 3527 2735">
     <span class='ocr_line' id='line_1_57' title="bbox 1942 2663 3527 2735; baseline 0.004 -21"><span class='ocrx_word' id='word_1_408' title='bbox 1942 2663 2353 2718; x_wconf 68' lang='lat' dir='ltr'><strong>terbislenibus</strong></span> <span class='ocrx_word' id='word_1_409' title='bbox 2385 2664 2596 2731; x_wconf 88' lang='lat' dir='ltr'><strong>placare</strong></span> <span class='ocrx_word' id='word_1_410' title='bbox 2646 2664 2918 2733; x_wconf 87' lang='lat' dir='ltr'><strong>nequiret,</strong></span> <span class='ocrx_word' id='word_1_411' title='bbox 2969 2672 3254 2733; x_wconf 88' lang='lat' dir='ltr'><strong>utrumque</strong></span> <span class='ocrx_word' id='word_1_412' title='bbox 3294 2664 3527 2735; x_wconf 83' lang='lat' dir='ltr'><strong>bipenne</strong></span> 
     </span>
    </p>
   </div>
   <div class='ocr_carea' id='block_1_58' title="bbox 1940 2748 3527 2831">
    <p class='ocr_par' dir='ltr' id='par_1_58' title="bbox 1940 2748 3527 2831">
     <span class='ocr_line' id='line_1_58' title="bbox 1940 2748 3527 2831; baseline 0.001 -26"><span class='ocrx_word' id='word_1_413' title='bbox 1940 2759 2285 2820; x_wconf 76' lang='lat' dir='ltr'><strong>compescuit.</strong></span> <span class='ocrx_word' id='word_1_414' title='bbox 2345 2748 2588 2804; x_wconf 76' lang='lat' dir='ltr'><strong>Invitatis</strong></span> <span class='ocrx_word' id='word_1_415' title='bbox 2633 2750 2774 2805; x_wconf 90' lang='lat' dir='ltr'><strong>enim</strong></span> <span class='ocrx_word' id='word_1_416' title='bbox 2825 2752 2892 2805; x_wconf 89' lang='lat' dir='ltr'><strong>ad</strong></span> <span class='ocrx_word' id='word_1_417' title='bbox 2931 2753 3144 2820; x_wconf 89' lang='lat' dir='ltr'><strong>epulum</strong></span> <span class='ocrx_word' id='word_1_418' title='bbox 3181 2752 3383 2818; x_wconf 89' lang='lat' dir='ltr'><strong>multis,</strong></span> <span class='ocrx_word' id='word_1_419' title='bbox 3431 2754 3527 2831; x_wconf 77' lang='lat' dir='ltr'><strong>hqs</strong></span> 
     </span>
    </p>
   </div>
   <div class='ocr_carea' id='block_1_59' title="bbox 1944 2842 3526 2914">
    <p class='ocr_par' dir='ltr' id='par_1_59' title="bbox 1944 2842 3526 2914">
     <span class='ocr_line' id='line_1_59' title="bbox 1944 2842 3526 2914; baseline 0.003 -17"><span class='ocrx_word' id='word_1_420' title='bbox 1944 2852 2055 2897; x_wconf 86' lang='lat' dir='ltr'><strong>tres</strong></span> <span class='ocrx_word' id='word_1_421' title='bbox 2080 2843 2131 2896; x_wconf 89' lang='lat' dir='ltr'><strong>in</strong></span> <span class='ocrx_word' id='word_1_422' title='bbox 2164 2858 2269 2896; x_wconf 91' lang='lat' dir='ltr'><strong>uno</strong></span> <span class='ocrx_word' id='word_1_423' title='bbox 2320 2842 2443 2897; x_wconf 89' lang='lat' dir='ltr'><strong>fecit</strong></span> <span class='ocrx_word' id='word_1_424' title='bbox 2496 2844 2685 2897; x_wconf 88' lang='lat' dir='ltr'><strong>sedere</strong></span> <span class='ocrx_word' id='word_1_425' title='bbox 2735 2842 2987 2898; x_wconf 87' lang='lat' dir='ltr'><strong>subsellio</strong></span> <span class='ocrx_word' id='word_1_426' title='bbox 3033 2861 3046 2896; x_wconf 87' lang='lat'><strong>:</strong></span> <span class='ocrx_word' id='word_1_427' title='bbox 3102 2859 3331 2914; x_wconf 90' lang='lat' dir='ltr'><strong>cumque</strong></span> <span class='ocrx_word' id='word_1_428' title='bbox 3377 2844 3430 2899; x_wconf 89' lang='lat' dir='ltr'><strong>in</strong></span> <span class='ocrx_word' id='word_1_429' title='bbox 3459 2861 3526 2901; x_wconf 86' lang='lat' dir='ltr'><strong>eo</strong></span> 
     </span>
    </p>
   </div>
   <div class='ocr_carea' id='block_1_60' title="bbox 1945 2931 3522 3002">
    <p class='ocr_par' dir='ltr' id='par_1_60' title="bbox 1945 2931 3522 3002">
     <span class='ocr_line' id='line_1_60' title="bbox 1945 2931 3522 3002; baseline 0.002 -16"><span class='ocrx_word' id='word_1_430' title='bbox 1945 2933 2221 3002; x_wconf 90' lang='lat' dir='ltr'><strong>prandium</strong></span> <span class='ocrx_word' id='word_1_431' title='bbox 2244 2934 2546 3002; x_wconf 88' lang='lat' dir='ltr'><strong>elongatum</strong></span> <span class='ocrx_word' id='word_1_432' title='bbox 2586 2931 2778 2987; x_wconf 85' lang='lat' dir='ltr'><strong>fuisset</strong></span> <span class='ocrx_word' id='word_1_433' title='bbox 2815 2933 3010 3001; x_wconf 86' lang='lat' dir='ltr'><strong>spatio,</strong></span> <span class='ocrx_word' id='word_1_434' title='bbox 3040 2942 3100 2986; x_wconf 92' lang='lat' dir='ltr'><strong>ut</strong></span> <span class='ocrx_word' id='word_1_435' title='bbox 3127 2950 3229 2987; x_wconf 79' lang='lat' dir='ltr'><strong>nox</strong></span> <span class='ocrx_word' id='word_1_436' title='bbox 3264 2935 3522 2990; x_wconf 88' lang='lat' dir='ltr'><strong>mundum</strong></span> 
     </span>
    </p>
   </div>
   <div class='ocr_carea' id='block_1_61' title="bbox 1943 3021 3521 3092">
    <p class='ocr_par' dir='ltr' id='par_1_61' title="bbox 1943 3021 3521 3092">
     <span class='ocr_line' id='line_1_61' title="bbox 1943 3021 3521 3092; baseline 0.001 -15"><span class='ocrx_word' id='word_1_437' title='bbox 1943 3024 2211 3087; x_wconf 85' lang='lat' dir='ltr'><strong>obrueret,</strong></span> <span class='ocrx_word' id='word_1_438' title='bbox 2244 3022 2420 3076; x_wconf 86' lang='lat' dir='ltr'><strong>ablata</strong></span> <span class='ocrx_word' id='word_1_439' title='bbox 2454 3037 2639 3077; x_wconf 87' lang='lat' dir='ltr'><strong>mensa</strong></span> <span class='ocrx_word' id='word_1_440' title='bbox 2674 3021 2693 3060; x_wconf 72' lang='grc' dir='ltr'>ί</span> <span class='ocrx_word' id='word_1_441' title='bbox 2715 3063 2730 3087; x_wconf 89' lang='grc'><em>,</em></span> <span class='ocrx_word' id='word_1_442' title='bbox 2760 3025 2897 3077; x_wconf 91' lang='lat' dir='ltr'><strong>sicut</strong></span> <span class='ocrx_word' id='word_1_443' title='bbox 2922 3038 3037 3078; x_wconf 89' lang='lat' dir='ltr'><strong>mos</strong></span> <span class='ocrx_word' id='word_1_444' title='bbox 3062 3024 3387 3079; x_wconf 87' lang='lat' dir='ltr'><strong>Francorum</strong></span> <span class='ocrx_word' id='word_1_445' title='bbox 3420 3034 3521 3092; x_wconf 86' lang='lat' dir='ltr'><strong>est,</strong></span> 
     </span>
    </p>
   </div>
   <div class='ocr_carea' id='block_1_62' title="bbox 1950 3114 3525 3179">
    <p class='ocr_par' dir='ltr' id='par_1_62' title="bbox 1950 3114 3525 3179">
     <span class='ocr_line' id='line_1_62' title="bbox 1950 3114 3525 3179; baseline 0.002 -10"><span class='ocrx_word' id='word_1_446' title='bbox 1950 3114 2022 3169; x_wconf 91' lang='lat' dir='ltr'><strong>illi</strong></span> <span class='ocrx_word' id='word_1_447' title='bbox 2053 3115 2104 3167; x_wconf 91' lang='lat' dir='ltr'><strong>in</strong></span> <span class='ocrx_word' id='word_1_448' title='bbox 2137 3114 2395 3170; x_wconf 89' lang='lat' dir='ltr'><strong>subsellia</strong></span> <span class='ocrx_word' id='word_1_449' title='bbox 2439 3128 2535 3168; x_wconf 88' lang='lat' dir='ltr'><strong>sua</strong></span> <span class='ocrx_word' id='word_1_450' title='bbox 2566 3115 2707 3169; x_wconf 86' lang='lat' dir='ltr'><strong>sicut</strong></span> <span class='ocrx_word' id='word_1_451' title='bbox 2752 3115 2910 3170; x_wconf 89' lang='lat' dir='ltr'><strong>locati</strong></span> <span class='ocrx_word' id='word_1_452' title='bbox 2933 3114 3167 3179; x_wconf 83' lang='lat' dir='ltr'><strong>fuerant,</strong></span> <span class='ocrx_word' id='word_1_453' title='bbox 3197 3117 3525 3173; x_wconf 86' lang='lat' dir='ltr'><strong>residebant.</strong></span> 
     </span>
    </p>
   </div>
   <div class='ocr_carea' id='block_1_63' title="bbox 258 3202 3527 3283">
    <p class='ocr_par' dir='ltr' id='par_1_63' title="bbox 258 3202 3527 3283">
     <span class='ocr_line' id='line_1_63' title="bbox 258 3202 3527 3283; baseline -0.002 -16"><span class='ocrx_word' id='word_1_454' title='bbox 258 3228 314 3267; x_wconf 77' lang='lat' dir='ltr'><strong>Ie</strong></span> <span class='ocrx_word' id='word_1_455' title='bbox 344 3212 639 3283; x_wconf 70' lang='lat' dir='ltr'><strong>praestigias</strong></span> <span class='ocrx_word' id='word_1_456' title='bbox 670 3211 971 3278; x_wconf 82' lang='lat' dir='ltr'><strong>publicavit.</strong></span> <span class='ocrx_word' id='word_1_457' title='bbox 1005 3208 1135 3262; x_wconf 85' lang='lat' dir='ltr'><strong>Nam</strong></span> <span class='ocrx_word' id='word_1_458' title='bbox 1168 3208 1406 3262; x_wconf 86' lang='lat' dir='ltr'><strong>homines</strong></span> <span class='ocrx_word' id='word_1_459' title='bbox 1432 3206 1506 3260; x_wconf 91' lang='lat' dir='ltr'><strong>illi</strong></span> <span class='ocrx_word' id='word_1_460' title='bbox 1531 3220 1663 3275; x_wconf 87' lang='lat' dir='ltr'><strong>quos</strong></span> <span class='ocrx_word' id='word_1_461' title='bbox 1686 3206 1753 3258; x_wconf 89' lang='lat' dir='ltr'><strong>ad</strong></span> <span class='ocrx_word' id='word_1_462' title='bbox 1778 3219 1836 3258; x_wconf 88' lang='lat' dir='ltr'><strong>se</strong></span> <span class='ocrx_word' id='word_1_463' title='bbox 1866 3202 1911 3264; x_wconf 88' lang='lat' dir='ltr'>C</span> <span class='ocrx_word' id='word_1_464' title='bbox 1944 3208 2239 3277; x_wconf 82' lang='lat' dir='ltr'><strong>Potatoque</strong></span> <span class='ocrx_word' id='word_1_465' title='bbox 2275 3206 2400 3260; x_wconf 85' lang='lat' dir='ltr'><strong>vino</strong></span> <span class='ocrx_word' id='word_1_466' title='bbox 2428 3206 2621 3270; x_wconf 93' lang='lat' dir='ltr'><strong>multo,</strong></span> <span class='ocrx_word' id='word_1_467' title='bbox 2656 3206 2710 3259; x_wconf 92' lang='lat' dir='ltr'><strong>in</strong></span> <span class='ocrx_word' id='word_1_468' title='bbox 2743 3215 2947 3260; x_wconf 91' lang='lat' dir='ltr'><strong>tantum</strong></span> <span class='ocrx_word' id='word_1_469' title='bbox 2991 3208 3250 3276; x_wconf 87' lang='lat' dir='ltr'><strong>crapulati</strong></span> <span class='ocrx_word' id='word_1_470' title='bbox 3280 3216 3426 3275; x_wconf 89' lang='lat' dir='ltr'><strong>sunt,</strong></span> <span class='ocrx_word' id='word_1_471' title='bbox 3470 3219 3527 3265; x_wconf 89' lang='lat' dir='ltr'><strong>ut</strong></span> 
     </span>
    </p>
   </div>
   <div class='ocr_carea' id='block_1_64' title="bbox 258 3297 1837 3358">
    <p class='ocr_par' dir='ltr' id='par_1_64' title="bbox 258 3297 1837 3358">
     <span class='ocr_line' id='line_1_64' title="bbox 258 3297 1837 3358; baseline -0.006 0"><span class='ocrx_word' id='word_1_472' title='bbox 258 3302 582 3358; x_wconf 83' lang='lat' dir='ltr'><strong>credendum</strong></span> <span class='ocrx_word' id='word_1_473' title='bbox 638 3300 901 3354; x_wconf 81' lang='lat' dir='ltr'><strong>diabolica</strong></span> <span class='ocrx_word' id='word_1_474' title='bbox 968 3298 1426 3353; x_wconf 90' lang='lat' dir='ltr'><strong>circumventione</strong></span> <span class='ocrx_word' id='word_1_475' title='bbox 1485 3297 1837 3358; x_wconf 82' lang='lat' dir='ltr'><strong>turbaverat,</strong></span> 
     </span>
    </p>
   </div>
   <div class='ocr_carea' id='block_1_65' title="bbox 260 3386 1840 3463">
    <p class='ocr_par' dir='ltr' id='par_1_65' title="bbox 260 3386 1840 3463">
     <span class='ocr_line' id='line_1_65' title="bbox 260 3386 1840 3463; baseline -0.003 -16"><span class='ocrx_word' id='word_1_476' title='bbox 260 3408 529 3463; x_wconf 90' lang='lat' dir='ltr'><strong>nunquam</strong></span> <span class='ocrx_word' id='word_1_477' title='bbox 572 3391 638 3444; x_wconf 87' lang='lat' dir='ltr'><strong>ad</strong></span> <span class='ocrx_word' id='word_1_478' title='bbox 687 3404 903 3446; x_wconf 89' lang='lat' dir='ltr'><strong>sensum</strong></span> <span class='ocrx_word' id='word_1_479' title='bbox 953 3390 1218 3459; x_wconf 89' lang='lat' dir='ltr'><strong>integrum</strong></span> <span class='ocrx_word' id='word_1_480' title='bbox 1270 3392 1395 3442; x_wconf 89' lang='lat' dir='ltr'><strong>sunt</strong></span> <span class='ocrx_word' id='word_1_481' title='bbox 1438 3387 1705 3458; x_wconf 84' lang='lat' dir='ltr'><strong>regressi,</strong></span> <span class='ocrx_word' id='word_1_482' title='bbox 1746 3386 1840 3442; x_wconf 85' lang='lat' dir='ltr'><strong>sed</strong></span> 
     </span>
    </p>
   </div>
   <div class='ocr_carea' id='block_1_66' title="bbox 267 3476 1841 3549">
    <p class='ocr_par' dir='ltr' id='par_1_66' title="bbox 267 3476 1841 3549">
     <span class='ocr_line' id='line_1_66' title="bbox 267 3476 1841 3549; baseline -0.005 -12"><span class='ocrx_word' id='word_1_483' title='bbox 267 3484 407 3537; x_wconf 90' lang='lat' dir='ltr'><strong>hunc</strong></span> <span class='ocrx_word' id='word_1_484' title='bbox 440 3496 655 3549; x_wconf 83' lang='lat' dir='ltr'><strong>semper</strong></span> <span class='ocrx_word' id='word_1_485' title='bbox 686 3480 836 3548; x_wconf 89' lang='lat' dir='ltr'><strong>quasi</strong></span> <span class='ocrx_word' id='word_1_486' title='bbox 882 3476 1187 3542; x_wconf 87' lang='lat' dir='ltr'><strong>Christum,</strong></span> <span class='ocrx_word' id='word_1_487' title='bbox 1244 3477 1461 3531; x_wconf 82' lang='lat' dir='ltr'><strong>Mariam</strong></span> <span class='ocrx_word' id='word_1_488' title='bbox 1494 3488 1665 3530; x_wconf 77' lang='lat' dir='ltr'><strong>autem</strong></span> <span class='ocrx_word' id='word_1_489' title='bbox 1698 3476 1841 3529; x_wconf 90' lang='lat' dir='ltr'><strong>illam</strong></span> 
     </span>
    </p>
   </div>
   <div class='ocr_carea' id='block_1_67' title="bbox 265 3567 1841 3640">
    <p class='ocr_par' dir='ltr' id='par_1_67' title="bbox 265 3567 1841 3640">
     <span class='ocr_line' id='line_1_67' title="bbox 265 3567 1841 3640; baseline -0.004 -16"><span class='ocrx_word' id='word_1_490' title='bbox 265 3582 466 3640; x_wconf 86' lang='lat' dir='ltr'><strong>partem</strong></span> <span class='ocrx_word' id='word_1_491' title='bbox 520 3569 734 3625; x_wconf 84' lang='lat' dir='ltr'><strong>deitatis</strong></span> <span class='ocrx_word' id='word_1_492' title='bbox 777 3568 973 3622; x_wconf 91' lang='lat' dir='ltr'><strong>habere</strong></span> <span class='ocrx_word' id='word_1_493' title='bbox 1027 3567 1435 3637; x_wconf 88' lang='lat' dir='ltr'><strong>proﬁtebantur.</strong></span> <span class='ocrx_word' id='word_1_494' title='bbox 1480 3567 1584 3620; x_wconf 88' lang='lat' dir='ltr'><strong>Sed</strong></span> <span class='ocrx_word' id='word_1_495' title='bbox 1643 3575 1698 3620; x_wconf 89' lang='lat' dir='ltr'><strong>et</strong></span> <span class='ocrx_word' id='word_1_496' title='bbox 1749 3581 1841 3633; x_wconf 87' lang='lat' dir='ltr'><strong>per</strong></span> 
     </span>
    </p>
   </div>
   <div class='ocr_carea' id='block_1_68' title="bbox 264 3656 1841 3727">
    <p class='ocr_par' dir='ltr' id='par_1_68' title="bbox 264 3656 1841 3727">
     <span class='ocr_line' id='line_1_68' title="bbox 264 3656 1841 3727; baseline -0.006 -9"><span class='ocrx_word' id='word_1_497' title='bbox 264 3674 400 3718; x_wconf 82' lang='lat' dir='ltr'><strong>toias</strong></span> <span class='ocrx_word' id='word_1_498' title='bbox 430 3662 628 3717; x_wconf 81' lang='lat' dir='ltr'><strong>Gallias</strong></span> <span class='ocrx_word' id='word_1_499' title='bbox 665 3669 999 3715; x_wconf 88' lang='lat' dir='ltr'><strong>emerserunt</strong></span> <span class='ocrx_word' id='word_1_500' title='bbox 1030 3658 1287 3727; x_wconf 89' lang='lat' dir='ltr'><strong>plerique,</strong></span> <span class='ocrx_word' id='word_1_501' title='bbox 1342 3659 1430 3727; x_wconf 89' lang='lat' dir='ltr'><strong>qui</strong></span> <span class='ocrx_word' id='word_1_502' title='bbox 1472 3672 1566 3726; x_wconf 89' lang='lat' dir='ltr'><strong>per</strong></span> <span class='ocrx_word' id='word_1_503' title='bbox 1589 3656 1683 3709; x_wconf 91' lang='lat' dir='ltr'><strong>has</strong></span> <span class='ocrx_word' id='word_1_504' title='bbox 1707 3671 1841 3724; x_wconf 72' lang='lat' dir='ltr'><strong>pra:—</strong></span> 
     </span>
    </p>
   </div>
   <div class='ocr_carea' id='block_1_69' title="bbox 271 3748 1841 3824">
    <p class='ocr_par' dir='ltr' id='par_1_69' title="bbox 271 3748 1841 3824">
     <span class='ocr_line' id='line_1_69' title="bbox 271 3748 1841 3824; baseline -0.003 -17"><span class='ocrx_word' id='word_1_505' title='bbox 271 3756 454 3824; x_wconf 86' lang='lat' dir='ltr'><strong>stigias</strong></span> <span class='ocrx_word' id='word_1_506' title='bbox 504 3753 852 3822; x_wconf 87' lang='lat' dir='ltr'><strong>adjungentes</strong></span> <span class='ocrx_word' id='word_1_507' title='bbox 891 3748 988 3805; x_wconf 89' lang='lat' dir='ltr'><strong>sibi</strong></span> <span class='ocrx_word' id='word_1_508' title='bbox 1021 3750 1361 3805; x_wconf 89' lang='lat' dir='ltr'><strong>mulierculas</strong></span> <span class='ocrx_word' id='word_1_509' title='bbox 1388 3750 1670 3817; x_wconf 84' lang='lat' dir='ltr'><strong>quasdam,</strong></span> <span class='ocrx_word' id='word_1_510' title='bbox 1724 3764 1841 3817; x_wconf 74' lang='lat' dir='ltr'><strong>qua:</strong></span> 
     </span>
    </p>
   </div>
   <div class='ocr_carea' id='block_1_70' title="bbox 268 3842 1840 3911">
    <p class='ocr_par' dir='ltr' id='par_1_70' title="bbox 268 3842 1840 3911">
     <span class='ocr_line' id='line_1_70' title="bbox 268 3842 1840 3911; baseline -0.003 -11"><span class='ocrx_word' id='word_1_511' title='bbox 268 3846 659 3902; x_wconf 85' lang='lat' dir='ltr'><strong>debacchantes</strong></span> <span class='ocrx_word' id='word_1_512' title='bbox 707 3850 922 3897; x_wconf 88' lang='lat' dir='ltr'><strong>sanctos</strong></span> <span class='ocrx_word' id='word_1_513' title='bbox 950 3855 1043 3897; x_wconf 92' lang='lat' dir='ltr'><strong>eos</strong></span> <span class='ocrx_word' id='word_1_514' title='bbox 1082 3842 1481 3906; x_wconf 88' lang='lat' dir='ltr'><strong>conﬁterentur,</strong></span> <span class='ocrx_word' id='word_1_515' title='bbox 1516 3856 1735 3911; x_wconf 80' lang='lat' dir='ltr'><strong>magnos</strong></span> <span class='ocrx_word' id='word_1_516' title='bbox 1779 3855 1840 3896; x_wconf 85' lang='lat' dir='ltr'><strong>se</strong></span> 
     </span>
    </p>
   </div>
   <div class='ocr_carea' id='block_1_71' title="bbox 266 3932 1842 4005">
    <p class='ocr_par' dir='ltr' id='par_1_71' title="bbox 266 3932 1842 4005">
     <span class='ocr_line' id='line_1_71' title="bbox 266 3932 1842 4005; baseline -0.003 -16"><span class='ocrx_word' id='word_1_517' title='bbox 266 3936 317 3989; x_wconf 92' lang='lat' dir='ltr'><strong>in</strong></span> <span class='ocrx_word' id='word_1_518' title='bbox 346 3936 558 4005; x_wconf 83' lang='lat' dir='ltr'><strong>pepulis</strong></span> <span class='ocrx_word' id='word_1_519' title='bbox 590 3932 945 4003; x_wconf 63' lang='lat' dir='ltr'><strong>prmfcrebant</strong></span> <span class='ocrx_word' id='word_1_520' title='bbox 975 3949 988 3985; x_wconf 92' lang='lat'>:</span> <span class='ocrx_word' id='word_1_521' title='bbox 1023 3947 1088 3986; x_wconf 80' lang='lat' dir='ltr'><strong>ex</strong></span> <span class='ocrx_word' id='word_1_522' title='bbox 1118 3933 1309 4002; x_wconf 90' lang='lat' dir='ltr'><strong>quibus</strong></span> <span class='ocrx_word' id='word_1_523' title='bbox 1331 3947 1428 3986; x_wconf 90' lang='lat' dir='ltr'><strong>nos</strong></span> <span class='ocrx_word' id='word_1_524' title='bbox 1450 3934 1731 4001; x_wconf 89' lang='lat' dir='ltr'><strong>plerosque</strong></span> <span class='ocrx_word' id='word_1_525' title='bbox 1770 3932 1842 3985; x_wconf 85' lang='lat' dir='ltr'><strong>vi-</strong></span> 
     </span>
    </p>
   </div>
   <div class='ocr_carea' id='block_1_72' title="bbox 266 4009 1840 4097">
    <p class='ocr_par' dir='ltr' id='par_1_72' title="bbox 266 4009 1840 4097">
     <span class='ocr_line' id='line_1_72' title="bbox 266 4009 1840 4097; baseline -0.003 -15"><span class='ocrx_word' id='word_1_526' title='bbox 266 4028 462 4090; x_wconf 89' lang='lat' dir='ltr'><strong>dimus,</strong></span> <span class='ocrx_word' id='word_1_527' title='bbox 512 4041 646 4097; x_wconf 86' lang='lat' dir='ltr'><strong>quos</strong></span> <span class='ocrx_word' id='word_1_528' title='bbox 696 4009 1044 4096; x_wconf 74' lang='lat' dir='ltr'><strong>objurgantes</strong></span> <span class='ocrx_word' id='word_1_529' title='bbox 1096 4038 1351 4078; x_wconf 82' lang='lat' dir='ltr'><strong>revocare</strong></span> <span class='ocrx_word' id='word_1_530' title='bbox 1395 4023 1462 4077; x_wconf 90' lang='lat' dir='ltr'><strong>ab</strong></span> <span class='ocrx_word' id='word_1_531' title='bbox 1508 4038 1690 4077; x_wconf 88' lang='lat' dir='ltr'><strong>errore</strong></span> <span class='ocrx_word' id='word_1_532' title='bbox 1740 4024 1840 4077; x_wconf 89' lang='lat' dir='ltr'><strong>nisi</strong></span> 
     </span>
    </p>
   </div>
   <div class='ocr_carea' id='block_1_73' title="bbox 265 4134 464 4175">
    <p class='ocr_par' dir='ltr' id='par_1_73' title="bbox 265 4134 464 4175">
     <span class='ocr_line' id='line_1_73' title="bbox 265 4134 464 4175; baseline -0.005 -1"><span class='ocrx_word' id='word_1_533' title='bbox 265 4134 464 4175; x_wconf 78' lang='lat' dir='ltr'><strong>SUIDUS.</strong></span> 
     </span>
    </p>
   </div>
   <div class='ocr_carea' id='block_1_74' title="bbox 332 4252 1839 4321">
    <p class='ocr_par' dir='ltr' id='par_1_74' title="bbox 332 4252 1839 4321">
     <span class='ocr_line' id='line_1_74' title="bbox 332 4252 1839 4321; baseline -0.004 -9"><span class='ocrx_word' id='word_1_534' title='bbox 332 4268 357 4293; x_wconf 73' lang='grc' dir='ltr'>α</span> <span class='ocrx_word' id='word_1_535' title='bbox 401 4257 495 4311; x_wconf 83' lang='lat' dir='ltr'><strong>llic</strong></span> <span class='ocrx_word' id='word_1_536' title='bbox 516 4256 791 4311; x_wconf 85' lang='lat' dir='ltr'><strong>evidenter</strong></span> <span class='ocrx_word' id='word_1_537' title='bbox 820 4254 945 4306; x_wconf 87' lang='lat' dir='ltr'><strong>urbs</strong></span> <span class='ocrx_word' id='word_1_538' title='bbox 980 4252 1192 4306; x_wconf 83' lang='lat' dir='ltr'><strong>Vellava</strong></span> <span class='ocrx_word' id='word_1_539' title='bbox 1237 4252 1305 4305; x_wconf 90' lang='lat' dir='ltr'><strong>ab</strong></span> <span class='ocrx_word' id='word_1_540' title='bbox 1333 4252 1522 4305; x_wconf 90' lang='lat' dir='ltr'><strong>Anicio</strong></span> <span class='ocrx_word' id='word_1_541' title='bbox 1550 4252 1839 4321; x_wconf 88' lang='lat' dir='ltr'><strong>distingui-</strong></span> 
     </span>
    </p>
   </div>
   <div class='ocr_carea' id='block_1_75' title="bbox 266 4322 1839 4395">
    <p class='ocr_par' dir='ltr' id='par_1_75' title="bbox 266 4322 1839 4395">
     <span class='ocr_line' id='line_1_75' title="bbox 266 4322 1839 4395; baseline -0.003 -14"><span class='ocrx_word' id='word_1_542' title='bbox 266 4339 368 4381; x_wconf 89' lang='lat' dir='ltr'><strong>tur.</strong></span> <span class='ocrx_word' id='word_1_543' title='bbox 403 4329 646 4381; x_wconf 83' lang='lat' dir='ltr'><strong>Anicium</strong></span> <span class='ocrx_word' id='word_1_544' title='bbox 695 4326 834 4395; x_wconf 91' lang='lat' dir='ltr'><strong>quod</strong></span> <span class='ocrx_word' id='word_1_545' title='bbox 884 4323 1040 4377; x_wconf 75' lang='lat' dir='ltr'><strong>hodie</strong></span> <span class='ocrx_word' id='word_1_546' title='bbox 1087 4323 1320 4395; x_wconf 80' lang='lat' dir='ltr'><strong>episcopi</strong></span> <span class='ocrx_word' id='word_1_547' title='bbox 1352 4322 1507 4395; x_wconf 81' lang='lat' dir='ltr'><strong>sedes</strong></span> <span class='ocrx_word' id='word_1_548' title='bbox 1536 4333 1638 4388; x_wconf 91' lang='lat' dir='ltr'><strong>est,</strong></span> <span class='ocrx_word' id='word_1_549' title='bbox 1684 4328 1839 4391; x_wconf 83' lang='lat' dir='ltr'><strong>vulgo</strong></span> 
     </span>
    </p>
   </div>
   <div class='ocr_carea' id='block_1_76' title="bbox 267 4393 1838 4464">
    <p class='ocr_par' dir='ltr' id='par_1_76' title="bbox 267 4393 1838 4464">
     <span class='ocr_line' id='line_1_76' title="bbox 267 4393 1838 4464; baseline -0.003 -11"><span class='ocrx_word' id='word_1_550' title='bbox 267 4400 508 4461; x_wconf 78' lang='lat' dir='ltr'><strong>Pedium,</strong></span> <span class='ocrx_word' id='word_1_551' title='bbox 541 4399 587 4450; x_wconf 89' lang='lat' dir='ltr'><strong>le</strong></span> <span class='ocrx_word' id='word_1_552' title='bbox 620 4393 753 4464; x_wconf 67' lang='lat' dir='ltr'><strong>Pug,</strong></span> <span class='ocrx_word' id='word_1_553' title='bbox 803 4394 1101 4460; x_wconf 80' lang='lat' dir='ltr'><strong>appellatur</strong></span> <span class='ocrx_word' id='word_1_554' title='bbox 1136 4408 1175 4464; x_wconf 13' lang='lat' dir='ltr'><strong>7a</strong></span> <span class='ocrx_word' id='word_1_555' title='bbox 1206 4393 1333 4444; x_wconf 87' lang='lat' dir='ltr'><strong>situ.</strong></span> <span class='ocrx_word' id='word_1_556' title='bbox 1383 4393 1838 4464; x_wconf 13' lang='lat' dir='ltr'><strong>Podiumrquippe</strong></span> 
     </span>
    </p>
   </div>
   <div class='ocr_carea' id='block_1_77' title="bbox 268 4463 1834 4537">
    <p class='ocr_par' dir='ltr' id='par_1_77' title="bbox 268 4463 1834 4537">
     <span class='ocr_line' id='line_1_77' title="bbox 268 4463 1834 4537; baseline -0.002 -17"><span class='ocrx_word' id='word_1_557' title='bbox 268 4486 333 4520; x_wconf 84' lang='lat' dir='ltr'><strong>un</strong></span> <span class='ocrx_word' id='word_1_558' title='bbox 366 4486 490 4537; x_wconf 81' lang='lat' dir='ltr'><strong>puy,</strong></span> <span class='ocrx_word' id='word_1_559' title='bbox 515 4482 606 4520; x_wconf 90' lang='lat' dir='ltr'><strong>seu</strong></span> <span class='ocrx_word' id='word_1_560' title='bbox 638 4463 771 4529; x_wconf 78' lang='lat' dir='ltr'><strong>Péu,</strong></span> <span class='ocrx_word' id='word_1_561' title='bbox 804 4476 903 4537; x_wconf 83' lang='lat' dir='ltr'><strong>aut</strong></span> <span class='ocrx_word' id='word_1_562' title='bbox 924 4464 972 4515; x_wconf 79' lang='lat' dir='ltr'><strong>lo</strong></span> <span class='ocrx_word' id='word_1_563' title='bbox 998 4463 1187 4537; x_wconf 82' lang='lat' dir='ltr'><strong>pu_ech_,_</strong></span> <span class='ocrx_word' id='word_1_564' title='bbox 1207 4477 1308 4514; x_wconf 89' lang='lat' dir='ltr'><strong>non</strong></span> <span class='ocrx_word' id='word_1_565' title='bbox 1332 4463 1503 4515; x_wconf 89' lang='lat' dir='ltr'><strong>solum</strong></span> <span class='ocrx_word' id='word_1_566' title='bbox 1524 4463 1834 4537; x_wconf 73' lang='lat' dir='ltr'><strong>antiquitus,</strong></span> 
     </span>
    </p>
   </div>
   <div class='ocr_carea' id='block_1_78' title="bbox 265 4532 1828 4602">
    <p class='ocr_par' dir='ltr' id='par_1_78' title="bbox 265 4532 1828 4602">
     <span class='ocr_line' id='line_1_78' title="bbox 265 4532 1828 4602; baseline -0.003 -10"><span class='ocrx_word' id='word_1_567' title='bbox 265 4532 544 4592; x_wconf 41' lang='lat' dir='ltr'><strong>sed&#39;etiaui</strong></span> <span class='ocrx_word' id='word_1_568' title='bbox 586 4551 722 4589; x_wconf 91' lang='lat' dir='ltr'><strong>nunc</strong></span> <span class='ocrx_word' id='word_1_569' title='bbox 752 4538 802 4588; x_wconf 90' lang='lat' dir='ltr'><strong>in</strong></span> <span class='ocrx_word' id='word_1_570' title='bbox 835 4535 941 4587; x_wconf 90' lang='lat' dir='ltr'><strong>illis</strong></span> <span class='ocrx_word' id='word_1_571' title='bbox 971 4532 1273 4600; x_wconf 78' lang='lat' dir='ltr'><strong>regionibus</strong></span> <span class='ocrx_word' id='word_1_572' title='bbox 1305 4541 1536 4585; x_wconf 88' lang='lat' dir='ltr'><strong>montem</strong></span> <span class='ocrx_word' id='word_1_573' title='bbox 1566 4534 1828 4602; x_wconf 76' lang='lat' dir='ltr'><strong>designat.</strong></span> 
     </span>
    </p>
   </div>
   <div class='ocr_carea' id='block_1_79' title="bbox 266 4600 1833 4665">
    <p class='ocr_par' dir='ltr' id='par_1_79' title="bbox 266 4600 1833 4665">
     <span class='ocr_line' id='line_1_79' title="bbox 266 4600 1833 4665; baseline 0.012 -25"><span class='ocrx_word' id='word_1_574' title='bbox 266 4608 498 4663; x_wconf 57' lang='lat' dir='ltr'><strong>celebris</strong></span> <span class='ocrx_word' id='word_1_575' title='bbox 523 4616 606 4661; x_wconf 67' lang='grc' dir='ltr'><strong>εει</strong></span> <span class='ocrx_word' id='word_1_576' title='bbox 636 4608 721 4660; x_wconf 71' lang='lat' dir='ltr'><strong>ine</strong></span> <span class='ocrx_word' id='word_1_577' title='bbox 746 4607 891 4658; x_wconf 76' lang='lat' dir='ltr'><strong>locus</strong></span> <span class='ocrx_word' id='word_1_578' title='bbox 921 4608 988 4655; x_wconf 89' lang='lat' dir='ltr'><strong>ob</strong></span> <span class='ocrx_word' id='word_1_579' title='bbox 1013 4603 1295 4656; x_wconf 84' lang='lat' dir='ltr'><strong>ecclesiam</strong></span> <span class='ocrx_word' id='word_1_580' title='bbox 1327 4600 1710 4665; x_wconf 52' lang='lat' dir='ltr'><strong>eathedralem&#39;,</strong></span> <span class='ocrx_word' id='word_1_581' title='bbox 1744 4600 1833 4658; x_wconf 89' lang='lat' dir='ltr'><strong>si-</strong></span> 
     </span>
    </p>
   </div>
   <div class='ocr_carea' id='block_1_80' title="bbox 271 4673 1835 4741">
    <p class='ocr_par' dir='ltr' id='par_1_80' title="bbox 271 4673 1835 4741">
     <span class='ocr_line' id='line_1_80' title="bbox 271 4673 1835 4741; baseline -0.004 -10"><span class='ocrx_word' id='word_1_582' title='bbox 271 4688 372 4732; x_wconf 91' lang='lat' dir='ltr'><strong>tam</strong></span> <span class='ocrx_word' id='word_1_583' title='bbox 404 4681 453 4732; x_wconf 89' lang='lat' dir='ltr'><strong>in</strong></span> <span class='ocrx_word' id='word_1_584' title='bbox 475 4678 618 4732; x_wconf 90' lang='lat' dir='ltr'><strong>edito</strong></span> <span class='ocrx_word' id='word_1_585' title='bbox 644 4685 845 4737; x_wconf 89' lang='lat' dir='ltr'><strong>monte,</strong></span> <span class='ocrx_word' id='word_1_586' title='bbox 880 4675 1047 4726; x_wconf 87' lang='lat' dir='ltr'><strong>beatae</strong></span> <span class='ocrx_word' id='word_1_587' title='bbox 1076 4673 1251 4726; x_wconf 68' lang='lat' dir='ltr'><strong>Marite</strong></span> <span class='ocrx_word' id='word_1_588' title='bbox 1277 4687 1504 4737; x_wconf 84' lang='lat' dir='ltr'><strong>sacram,</strong></span> <span class='ocrx_word' id='word_1_589' title='bbox 1544 4676 1695 4741; x_wconf 83' lang='lat' dir='ltr'><strong>cujus</strong></span> <span class='ocrx_word' id='word_1_590' title='bbox 1740 4692 1835 4726; x_wconf 89' lang='lat' dir='ltr'><strong>an-</strong></span> 
     </span>
    </p>
   </div>
   <div class='ocr_carea' id='block_1_81' title="bbox 270 4742 1831 4815">
    <p class='ocr_par' dir='ltr' id='par_1_81' title="bbox 270 4742 1831 4815">
     <span class='ocr_line' id='line_1_81' title="bbox 270 4742 1831 4815; baseline -0.002 -15"><span class='ocrx_word' id='word_1_591' title='bbox 270 4750 416 4802; x_wconf 85' lang='lat' dir='ltr'><strong>tistes</strong></span> <span class='ocrx_word' id='word_1_592' title='bbox 444 4764 503 4802; x_wconf 91' lang='lat' dir='ltr'><strong>se</strong></span> <span class='ocrx_word' id='word_1_593' title='bbox 539 4749 839 4815; x_wconf 89' lang='lat' dir='ltr'><strong>episcopum</strong></span> <span class='ocrx_word' id='word_1_594' title='bbox 874 4744 1110 4815; x_wconf 75' lang='lat' dir='ltr'><strong>Romani</strong></span> <span class='ocrx_word' id='word_1_595' title='bbox 1138 4742 1831 4815; x_wconf 5' lang='lat' dir='ltr'><strong>pontiﬁcis,suifraganeuin</strong></span> 
     </span>
    </p>
   </div>
   <div class='ocr_carea' id='block_1_82' title="bbox 273 4813 1831 4881">
    <p class='ocr_par' dir='ltr' id='par_1_82' title="bbox 273 4813 1831 4881">
     <span class='ocr_line' id='line_1_82' title="bbox 273 4813 1831 4881; baseline -0.004 -11"><span class='ocrx_word' id='word_1_596' title='bbox 273 4813 631 4872; x_wconf 84' lang='lat' dir='ltr'><strong>immediatnm</strong></span> <span class='ocrx_word' id='word_1_597' title='bbox 664 4813 923 4875; x_wconf 62' lang='lat' dir='ltr'><strong>inScribit,</strong></span> <span class='ocrx_word' id='word_1_598' title='bbox 954 4828 1015 4867; x_wconf 85' lang='lat' dir='ltr'><strong>ac</strong></span> <span class='ocrx_word' id='word_1_599' title='bbox 1046 4813 1140 4865; x_wconf 86' lang='lat' dir='ltr'><strong>fuit</strong></span> <span class='ocrx_word' id='word_1_600' title='bbox 1185 4813 1467 4879; x_wconf 85' lang='lat' dir='ltr'><strong>aliquando</strong></span> <span class='ocrx_word' id='word_1_601' title='bbox 1496 4814 1637 4881; x_wconf 88' lang='lat' dir='ltr'><strong>pallii</strong></span> <span class='ocrx_word' id='word_1_602' title='bbox 1669 4816 1831 4881; x_wconf 84' lang='lat' dir='ltr'><strong>privi-</strong></span> 
     </span>
    </p>
   </div>
   <div class='ocr_carea' id='block_1_83' title="bbox 272 4881 1834 4957">
    <p class='ocr_par' dir='ltr' id='par_1_83' title="bbox 272 4881 1834 4957">
     <span class='ocr_line' id='line_1_83' title="bbox 272 4881 1834 4957; baseline -0.001 -17"><span class='ocrx_word' id='word_1_603' title='bbox 272 4890 404 4957; x_wconf 89' lang='lat' dir='ltr'><strong>legio</strong></span> <span class='ocrx_word' id='word_1_604' title='bbox 432 4886 793 4957; x_wconf 74' lang='lat' dir='ltr'><strong>denatus._l)e</strong></span> <span class='ocrx_word' id='word_1_605' title='bbox 822 4889 1052 4953; x_wconf 66' lang='lat' dir='ltr'><strong>antiquae</strong></span> <span class='ocrx_word' id='word_1_606' title='bbox 1100 4882 1249 4936; x_wconf 88' lang='lat' dir='ltr'><strong>urbis</strong></span> <span class='ocrx_word' id='word_1_607' title='bbox 1292 4881 1517 4937; x_wconf 80' lang='lat' dir='ltr'><strong>Vellava:</strong></span> <span class='ocrx_word' id='word_1_608' title='bbox 1563 4885 1666 4938; x_wconf 89' lang='lat' dir='ltr'><strong>situ</strong></span> <span class='ocrx_word' id='word_1_609' title='bbox 1692 4886 1834 4938; x_wconf 83' lang='lat' dir='ltr'><strong>diee-</strong></span> 
     </span>
    </p>
   </div>
   <div class='ocr_carea' id='block_1_84' title="bbox 272 4955 814 5026">
    <p class='ocr_par' dir='ltr' id='par_1_84' title="bbox 272 4955 814 5026">
     <span class='ocr_line' id='line_1_84' title="bbox 272 4955 814 5026; baseline -0.007 -15"><span class='ocrx_word' id='word_1_610' title='bbox 272 4955 383 5011; x_wconf 83' lang='lat' dir='ltr'><strong>mus</strong></span> <span class='ocrx_word' id='word_1_611' title='bbox 410 4959 461 5010; x_wconf 91' lang='lat' dir='ltr'><strong>in</strong></span> <span class='ocrx_word' id='word_1_612' title='bbox 486 4955 814 5026; x_wconf 82' lang='lat' dir='ltr'><strong>Appendice.</strong></span> 
     </span>
    </p>
   </div>
   <div class='ocr_carea' id='block_1_85' title="bbox 344 5024 1835 5096">
    <p class='ocr_par' dir='ltr' id='par_1_85' title="bbox 344 5024 1835 5096">
     <span class='ocr_line' id='line_1_85' title="bbox 344 5024 1835 5096; baseline -0.003 -15"><span class='ocrx_word' id='word_1_613' title='bbox 344 5024 625 5096; x_wconf 76' lang='lat' dir='ltr'><strong>Antiquam</strong></span> <span class='ocrx_word' id='word_1_614' title='bbox 670 5024 999 5096; x_wconf 72' lang='lat' dir='ltr'><strong>\lellavorum</strong></span> <span class='ocrx_word' id='word_1_615' title='bbox 1047 5024 1234 5076; x_wconf 89' lang='lat' dir='ltr'><strong>urbem</strong></span> <span class='ocrx_word' id='word_1_616' title='bbox 1269 5063 1285 5088; x_wconf 94' lang='lat'><strong>,</strong></span> <span class='ocrx_word' id='word_1_617' title='bbox 1333 5038 1396 5096; x_wconf 65' lang='lat' dir='ltr'><strong>ex</strong></span> <span class='ocrx_word' id='word_1_618' title='bbox 1437 5040 1538 5096; x_wconf 87' lang='lat' dir='ltr'><strong>qua</strong></span> <span class='ocrx_word' id='word_1_619' title='bbox 1570 5024 1835 5094; x_wconf 84' lang='lat' dir='ltr'><strong>hodieque</strong></span> 
     </span>
    </p>
   </div>
   <div class='ocr_carea' id='block_1_86' title="bbox 277 5094 1835 5167">
    <p class='ocr_par' dir='ltr' id='par_1_86' title="bbox 277 5094 1835 5167">
     <span class='ocr_line' id='line_1_86' title="bbox 277 5094 1835 5167; baseline 0.001 -21"><span class='ocrx_word' id='word_1_620' title='bbox 277 5100 418 5167; x_wconf 80' lang='lat' dir='ltr'><strong>regio</strong></span> <span class='ocrx_word' id='word_1_621' title='bbox 445 5094 641 5151; x_wconf 84' lang='lat' dir='ltr'><strong>nomen</strong></span> <span class='ocrx_word' id='word_1_622' title='bbox 688 5094 841 5163; x_wconf 83' lang='lat' dir='ltr'><strong>Velay</strong></span> <span class='ocrx_word' id='word_1_623' title='bbox 866 5097 1083 5167; x_wconf 77' lang='lat' dir='ltr'><strong>retinet,</strong></span> <span class='ocrx_word' id='word_1_624' title='bbox 1115 5109 1154 5167; x_wconf 86' lang='lat' dir='ltr'><strong>_a</strong></span> <span class='ocrx_word' id='word_1_625' title='bbox 1189 5094 1455 5167; x_wconf 80' lang='lat' dir='ltr'><strong>nonnullis</strong></span> <span class='ocrx_word' id='word_1_626' title='bbox 1485 5094 1835 5167; x_wconf 62' lang='lat' dir='ltr'><strong>ﬂevessionem</strong></span> 
     </span>
    </p>
   </div>
   <div class='ocr_carea' id='block_1_87' title="bbox 277 5163 1836 5233">
    <p class='ocr_par' dir='ltr' id='par_1_87' title="bbox 277 5163 1836 5233">
     <span class='ocr_line' id='line_1_87' title="bbox 277 5163 1836 5233; baseline 0 -15"><span class='ocrx_word' id='word_1_627' title='bbox 277 5163 491 5233; x_wconf 67' lang='lat' dir='ltr'><strong>dictam,</strong></span> <span class='ocrx_word' id='word_1_628' title='bbox 535 5168 604 5220; x_wconf 91' lang='lat' dir='ltr'><strong>ibi</strong></span> <span class='ocrx_word' id='word_1_629' title='bbox 630 5168 785 5219; x_wconf 87' lang='lat' dir='ltr'><strong>sitam</strong></span> <span class='ocrx_word' id='word_1_630' title='bbox 810 5164 969 5217; x_wconf 81' lang='lat' dir='ltr'><strong>fuisse</strong></span> <span class='ocrx_word' id='word_1_631' title='bbox 1000 5164 1086 5217; x_wconf 91' lang='lat' dir='ltr'><strong>ubi</strong></span> <span class='ocrx_word' id='word_1_632' title='bbox 1115 5163 1270 5216; x_wconf 70' lang='lat' dir='ltr'><strong>hoilie</strong></span> <span class='ocrx_word' id='word_1_633' title='bbox 1300 5163 1483 5217; x_wconf 85' lang='lat' dir='ltr'><strong>visitur</strong></span> <span class='ocrx_word' id='word_1_634' title='bbox 1505 5167 1562 5219; x_wconf 82' lang='lat' dir='ltr'><strong>S.</strong></span> <span class='ocrx_word' id='word_1_635' title='bbox 1598 5164 1836 5218; x_wconf 87' lang='lat' dir='ltr'><strong>Pauliani</strong></span> 
     </span>
    </p>
   </div>
   <div class='ocr_carea' id='block_1_88' title="bbox 277 5233 1876 5304">
    <p class='ocr_par' dir='ltr' id='par_1_88' title="bbox 277 5233 1876 5304">
     <span class='ocr_line' id='line_1_88' title="bbox 277 5233 1876 5304; baseline 0 -17"><span class='ocrx_word' id='word_1_636' title='bbox 277 5240 520 5304; x_wconf 76' lang='lat' dir='ltr'><strong>oppidum</strong></span> <span class='ocrx_word' id='word_1_637' title='bbox 571 5238 751 5289; x_wconf 88' lang='lat' dir='ltr'><strong>multis</strong></span> <span class='ocrx_word' id='word_1_638' title='bbox 802 5235 1127 5301; x_wconf 80' lang='lat' dir='ltr'><strong>argumentis</strong></span> <span class='ocrx_word' id='word_1_639' title='bbox 1170 5233 1355 5299; x_wconf 85' lang='lat' dir='ltr'><strong>probat</strong></span> <span class='ocrx_word' id='word_1_640' title='bbox 1399 5236 1737 5289; x_wconf 78' lang='lat' dir='ltr'><strong>Mabillouius</strong></span> <span class='ocrx_word' id='word_1_641' title='bbox 1784 5238 1835 5287; x_wconf 88' lang='lat' dir='ltr'><strong>in</strong></span> <span class='ocrx_word' id='word_1_642' title='bbox 1872 5267 1876 5271; x_wconf 67' lang='grc'>‹</span> 
     </span>
    </p>
   </div>
   <div class='ocr_carea' id='block_1_89' title="bbox 277 5306 1838 5373">
    <p class='ocr_par' dir='ltr' id='par_1_89' title="bbox 277 5306 1838 5373">
     <span class='ocr_line' id='line_1_89' title="bbox 277 5306 1838 5373; baseline 0.001 -16"><span class='ocrx_word' id='word_1_643' title='bbox 277 5309 563 5373; x_wconf 72' lang='lat' dir='ltr'><strong>appendice</strong></span> <span class='ocrx_word' id='word_1_644' title='bbox 593 5307 656 5358; x_wconf 89' lang='lat' dir='ltr'><strong>ad</strong></span> <span class='ocrx_word' id='word_1_645' title='bbox 692 5313 895 5373; x_wconf 86' lang='lat' dir='ltr'><strong>partem</strong></span> <span class='ocrx_word' id='word_1_646' title='bbox 926 5321 939 5356; x_wconf 89' lang='grc' dir='ltr'><strong>ι</strong></span> <span class='ocrx_word' id='word_1_647' title='bbox 978 5318 1104 5357; x_wconf 69' lang='grc' dir='ltr'><strong>ειυς.</strong></span> <span class='ocrx_word' id='word_1_648' title='bbox 1157 5318 1205 5354; x_wconf 83' lang='grc' dir='ltr'>ιν</span> <span class='ocrx_word' id='word_1_649' title='bbox 1242 5310 1358 5356; x_wconf 84' lang='lat' dir='ltr'><strong>Act.</strong></span> <span class='ocrx_word' id='word_1_650' title='bbox 1382 5306 1476 5360; x_wconf 79' lang='lat' dir='ltr'><strong>SS.</strong></span> <span class='ocrx_word' id='word_1_651' title='bbox 1508 5306 1646 5358; x_wconf 67' lang='lat' dir='ltr'><strong>0rd-</strong></span> <span class='ocrx_word' id='word_1_652' title='bbox 1671 5306 1838 5358; x_wconf 48' lang='lat' dir='ltr'><strong>Bene.</strong></span> 
     </span>
    </p>
   </div>
   <div class='ocr_carea' id='block_1_90' title="bbox 278 5373 1838 5445">
    <p class='ocr_par' dir='ltr' id='par_1_90' title="bbox 278 5373 1838 5445">
     <span class='ocr_line' id='line_1_90' title="bbox 278 5373 1838 5445; baseline 0 -17"><span class='ocrx_word' id='word_1_653' title='bbox 278 5378 473 5441; x_wconf 74' lang='lat' dir='ltr'><strong>diutini,</strong></span> <span class='ocrx_word' id='word_1_654' title='bbox 503 5392 620 5445; x_wconf 84' lang='lat' dir='ltr'><strong>pag.</strong></span> <span class='ocrx_word' id='word_1_655' title='bbox 645 5376 769 5435; x_wconf 79' lang='lat'><strong>758,</strong></span> <span class='ocrx_word' id='word_1_656' title='bbox 794 5374 881 5426; x_wconf 88' lang='lat' dir='ltr'><strong>ubi</strong></span> <span class='ocrx_word' id='word_1_657' title='bbox 910 5383 964 5427; x_wconf 88' lang='lat' dir='ltr'><strong>et</strong></span> <span class='ocrx_word' id='word_1_658' title='bbox 993 5374 1192 5445; x_wconf 81' lang='lat' dir='ltr'><strong>aliquot</strong></span> <span class='ocrx_word' id='word_1_659' title='bbox 1224 5373 1594 5441; x_wconf 87' lang='lat' dir='ltr'><strong>inscriptiones</strong></span> <span class='ocrx_word' id='word_1_660' title='bbox 1627 5376 1760 5427; x_wconf 90' lang='lat' dir='ltr'><strong>hanc</strong></span> <span class='ocrx_word' id='word_1_661' title='bbox 1789 5375 1838 5428; x_wconf 92' lang='lat' dir='ltr'><strong>in</strong></span> 
     </span>
    </p>
   </div>
   <div class='ocr_carea' id='block_1_91' title="bbox 278 5439 1838 5516">
    <p class='ocr_par' dir='ltr' id='par_1_91' title="bbox 278 5439 1838 5516">
     <span class='ocr_line' id='line_1_91' title="bbox 278 5439 1838 5516; baseline -0.001 -18"><span class='ocrx_word' id='word_1_662' title='bbox 278 5460 383 5499; x_wconf 84' lang='lat' dir='ltr'><strong>rem</strong></span> <span class='ocrx_word' id='word_1_663' title='bbox 416 5439 634 5516; x_wconf 37' lang='lat' dir='ltr'><strong>pro-fert.</strong></span> <span class='ocrx_word' id='word_1_664' title='bbox 688 5447 761 5498; x_wconf 75' lang='lat' dir='ltr'><strong>Ex</strong></span> <span class='ocrx_word' id='word_1_665' title='bbox 799 5447 880 5496; x_wconf 88' lang='lat' dir='ltr'><strong>his</strong></span> <span class='ocrx_word' id='word_1_666' title='bbox 907 5439 1113 5497; x_wconf 76' lang='lat' dir='ltr'><strong>unicam</strong></span> <span class='ocrx_word' id='word_1_667' title='bbox 1149 5439 1250 5516; x_wconf 87' lang='lat' dir='ltr'><strong>huc</strong></span> <span class='ocrx_word' id='word_1_668' title='bbox 1280 5439 1515 5510; x_wconf 71' lang='lat' dir='ltr'><strong>proferre</strong></span> <span class='ocrx_word' id='word_1_669' title='bbox 1554 5448 1680 5499; x_wconf 84' lang='lat' dir='ltr'><strong>satis</strong></span> <span class='ocrx_word' id='word_1_670' title='bbox 1731 5447 1838 5508; x_wconf 86' lang='lat' dir='ltr'><strong>sit,</strong></span> 
     </span>
    </p>
   </div>
   <div class='ocr_carea' id='block_1_92' title="bbox 274 5514 1839 5585">
    <p class='ocr_par' dir='ltr' id='par_1_92' title="bbox 274 5514 1839 5585">
     <span class='ocr_line' id='line_1_92' title="bbox 274 5514 1839 5585; baseline -0.001 -16"><span class='ocrx_word' id='word_1_671' title='bbox 274 5514 474 5573; x_wconf 82' lang='lat' dir='ltr'><strong>erutam</strong></span> <span class='ocrx_word' id='word_1_672' title='bbox 504 5522 553 5574; x_wconf 90' lang='lat' dir='ltr'><strong>in</strong></span> <span class='ocrx_word' id='word_1_673' title='bbox 586 5519 803 5585; x_wconf 82' lang='lat' dir='ltr'><strong>antiqua</strong></span> <span class='ocrx_word' id='word_1_674' title='bbox 833 5518 912 5567; x_wconf 85' lang='lat' dir='ltr'><strong>via</strong></span> <span class='ocrx_word' id='word_1_675' title='bbox 944 5530 1062 5581; x_wconf 62' lang='lat' dir='ltr'><strong>quae</strong></span> <span class='ocrx_word' id='word_1_676' title='bbox 1090 5529 1152 5567; x_wconf 78' lang='lat' dir='ltr'><strong>ex</strong></span> <span class='ocrx_word' id='word_1_677' title='bbox 1184 5514 1272 5566; x_wconf 92' lang='lat' dir='ltr'><strong>illo</strong></span> <span class='ocrx_word' id='word_1_678' title='bbox 1296 5517 1492 5583; x_wconf 88' lang='lat' dir='ltr'><strong>oppido</strong></span> <span class='ocrx_word' id='word_1_679' title='bbox 1522 5515 1839 5585; x_wconf 85' lang='lat' dir='ltr'><strong>Gergobiam</strong></span> 
     </span>
    </p>
   </div>
   <div class='ocr_carea' id='block_1_93' title="bbox 276 5586 433 5642">
    <p class='ocr_par' dir='ltr' id='par_1_93' title="bbox 276 5586 433 5642">
     <span class='ocr_line' id='line_1_93' title="bbox 276 5586 433 5642; baseline 0.013 -3"><span class='ocrx_word' id='word_1_680' title='bbox 276 5586 433 5642; x_wconf 87' lang='lat' dir='ltr'><strong>ducit.</strong></span> 
     </span>
    </p>
   </div>
   <div class='ocr_carea' id='block_1_94' title="bbox 699 5670 1125 5710">
    <p class='ocr_par' dir='ltr' id='par_1_94' title="bbox 699 5670 1125 5710">
     <span class='ocr_line' id='line_1_94' title="bbox 699 5670 1125 5710; baseline -0.002 0"><span class='ocrx_word' id='word_1_681' title='bbox 699 5670 846 5710; x_wconf 67' lang='grc' dir='ltr'><strong>(ΔΕΘ.</strong></span> <span class='ocrx_word' id='word_1_682' title='bbox 878 5670 1125 5709; x_wconf 55' lang='grc' dir='ltr'>ιιιιινςενε</span> 
     </span>
    </p>
   </div>
   <div class='ocr_carea' id='block_1_95' title="bbox 700 5740 1066 5779">
    <p class='ocr_par' dir='ltr' id='par_1_95' title="bbox 700 5740 1066 5779">
     <span class='ocr_line' id='line_1_95' title="bbox 700 5740 1066 5779; baseline 0 0"><span class='ocrx_word' id='word_1_683' title='bbox 700 5742 907 5779; x_wconf 58' lang='grc' dir='ltr'><strong>ιννεκτ.</strong></span> <span class='ocrx_word' id='word_1_684' title='bbox 951 5740 1066 5778; x_wconf 68' lang='lat' dir='ltr'><strong>\‘IAS</strong></span> 
     </span>
    </p>
   </div>
   <div class='ocr_carea' id='block_1_96' title="bbox 701 5811 1356 5852">
    <p class='ocr_par' dir='ltr' id='par_1_96' title="bbox 701 5811 1356 5852">
     <span class='ocr_line' id='line_1_96' title="bbox 701 5811 1356 5852; baseline 0.008 -6"><span class='ocrx_word' id='word_1_685' title='bbox 701 5812 782 5847; x_wconf 71' lang='lat' dir='ltr'><strong>ET.</strong></span> <span class='ocrx_word' id='word_1_686' title='bbox 816 5811 1029 5849; x_wconf 16' lang='lat' dir='ltr'><strong>I&#39;ONTI‘VS.</strong></span> <span class='ocrx_word' id='word_1_687' title='bbox 1063 5811 1356 5852; x_wconf 70' lang='lat' dir='ltr'><strong>VE&#39;I‘VSTAT.</strong></span> 
     </span>
    </p>
   </div>
   <div class='ocr_carea' id='block_1_97' title="bbox 1864 4571 1912 4629">
    <p class='ocr_par' dir='ltr' id='par_1_97' title="bbox 1864 4571 1912 4629">
     <span class='ocr_line' id='line_1_97' title="bbox 1864 4571 1912 4629; baseline 0 0"><span class='ocrx_word' id='word_1_688' title='bbox 1864 4571 1912 4629; x_wconf 89' lang='lat' dir='ltr'><strong>D</strong></span> 
     </span>
    </p>
   </div>
   <div class='ocr_carea' id='block_1_98' title="bbox 1948 3295 3526 3369">
    <p class='ocr_par' dir='ltr' id='par_1_98' title="bbox 1948 3295 3526 3369">
     <span class='ocr_line' id='line_1_98' title="bbox 1948 3295 3526 3369; baseline 0.001 -17"><span class='ocrx_word' id='word_1_689' title='bbox 1948 3298 2094 3366; x_wconf 91' lang='lat' dir='ltr'><strong>pueri</strong></span> <span class='ocrx_word' id='word_1_690' title='bbox 2120 3311 2302 3351; x_wconf 90' lang='lat' dir='ltr'><strong>eorum</strong></span> <span class='ocrx_word' id='word_1_691' title='bbox 2330 3295 2612 3351; x_wconf 79' lang='lat' dir='ltr'><strong>madefacti</strong></span> <span class='ocrx_word' id='word_1_692' title='bbox 2637 3310 2731 3366; x_wconf 90' lang='lat' dir='ltr'><strong>per</strong></span> <span class='ocrx_word' id='word_1_693' title='bbox 2756 3299 2979 3365; x_wconf 79' lang='lat' dir='ltr'><strong>angulos</strong></span> <span class='ocrx_word' id='word_1_694' title='bbox 3001 3297 3216 3367; x_wconf 89' lang='lat' dir='ltr'><strong>domus,</strong></span> <span class='ocrx_word' id='word_1_695' title='bbox 3262 3298 3349 3353; x_wconf 93' lang='lat' dir='ltr'><strong>ubi</strong></span> <span class='ocrx_word' id='word_1_696' title='bbox 3381 3300 3526 3369; x_wconf 88' lang='lat' dir='ltr'><strong>quis-</strong></span> 
     </span>
    </p>
   </div>
   <div class='ocr_carea' id='block_1_99' title="bbox 1944 3387 3527 3461">
    <p class='ocr_par' dir='ltr' id='par_1_99' title="bbox 1944 3387 3527 3461">
     <span class='ocr_line' id='line_1_99' title="bbox 1944 3387 3527 3461; baseline 0.002 -18"><span class='ocrx_word' id='word_1_697' title='bbox 1944 3405 2047 3461; x_wconf 91' lang='lat' dir='ltr'><strong>que</strong></span> <span class='ocrx_word' id='word_1_698' title='bbox 2075 3397 2371 3454; x_wconf 89' lang='lat' dir='ltr'><strong>corruerat,</strong></span> <span class='ocrx_word' id='word_1_699' title='bbox 2402 3387 2787 3444; x_wconf 90' lang='lat' dir='ltr'><strong>obdormirent.</strong></span> <span class='ocrx_word' id='word_1_700' title='bbox 2820 3389 2971 3444; x_wconf 90' lang='lat' dir='ltr'><strong>Tunc</strong></span> <span class='ocrx_word' id='word_1_701' title='bbox 2993 3390 3220 3445; x_wconf 88' lang='lat' dir='ltr'><strong>ordinati</strong></span> <span class='ocrx_word' id='word_1_702' title='bbox 3249 3405 3276 3443; x_wconf 87' lang='lat' dir='ltr'><strong>a</strong></span> <span class='ocrx_word' id='word_1_703' title='bbox 3302 3391 3527 3448; x_wconf 84' lang='lat' dir='ltr'><strong>muliere</strong></span> 
     </span>
    </p>
   </div>
   <div class='ocr_carea' id='block_1_100' title="bbox 1945 3481 3528 3550">
    <p class='ocr_par' dir='ltr' id='par_1_100' title="bbox 1945 3481 3528 3550">
     <span class='ocr_line' id='line_1_100' title="bbox 1945 3481 3528 3550; baseline 0.001 -14"><span class='ocrx_word' id='word_1_704' title='bbox 1945 3484 2043 3537; x_wconf 78' lang='lat' dir='ltr'><strong>viri</strong></span> <span class='ocrx_word' id='word_1_705' title='bbox 2076 3497 2195 3536; x_wconf 88' lang='lat' dir='ltr'><strong>cum</strong></span> <span class='ocrx_word' id='word_1_706' title='bbox 2231 3482 2398 3535; x_wconf 88' lang='lat' dir='ltr'><strong>tribus</strong></span> <span class='ocrx_word' id='word_1_707' title='bbox 2428 3481 2724 3549; x_wconf 89' lang='lat' dir='ltr'><strong>securibus,</strong></span> <span class='ocrx_word' id='word_1_708' title='bbox 2754 3496 2780 3533; x_wconf 89' lang='lat' dir='ltr'><strong>a</strong></span> <span class='ocrx_word' id='word_1_709' title='bbox 2815 3491 2963 3550; x_wconf 87' lang='lat' dir='ltr'><strong>tergo</strong></span> <span class='ocrx_word' id='word_1_710' title='bbox 2994 3482 3182 3537; x_wconf 90' lang='lat' dir='ltr'><strong>horum</strong></span> <span class='ocrx_word' id='word_1_711' title='bbox 3213 3483 3369 3537; x_wconf 89' lang='lat' dir='ltr'><strong>trium</strong></span> <span class='ocrx_word' id='word_1_712' title='bbox 3399 3485 3528 3538; x_wconf 86' lang='lat' dir='ltr'><strong>asti-</strong></span> 
     </span>
    </p>
   </div>
   <div class='ocr_carea' id='block_1_101' title="bbox 1946 3569 3528 3640">
    <p class='ocr_par' dir='ltr' id='par_1_101' title="bbox 1946 3569 3528 3640">
     <span class='ocr_line' id='line_1_101' title="bbox 1946 3569 3528 3640; baseline 0.001 -16"><span class='ocrx_word' id='word_1_713' title='bbox 1946 3578 2143 3630; x_wconf 88' lang='lat' dir='ltr'><strong>terunt,</strong></span> <span class='ocrx_word' id='word_1_714' title='bbox 2174 3570 2385 3638; x_wconf 89' lang='lat' dir='ltr'><strong>illisque</strong></span> <span class='ocrx_word' id='word_1_715' title='bbox 2410 3569 2861 3640; x_wconf 90' lang='lat' dir='ltr'><strong>colloquentibus,</strong></span> <span class='ocrx_word' id='word_1_716' title='bbox 2908 3570 2961 3625; x_wconf 91' lang='lat' dir='ltr'><strong>in</strong></span> <span class='ocrx_word' id='word_1_717' title='bbox 3013 3586 3142 3637; x_wconf 89' lang='lat' dir='ltr'><strong>uno,</strong></span> <span class='ocrx_word' id='word_1_718' title='bbox 3193 3581 3249 3626; x_wconf 91' lang='lat' dir='ltr'><strong>ut</strong></span> <span class='ocrx_word' id='word_1_719' title='bbox 3279 3572 3351 3626; x_wconf 89' lang='lat' dir='ltr'><strong>ita</strong></span> <span class='ocrx_word' id='word_1_720' title='bbox 3378 3572 3528 3628; x_wconf 85' lang='lat' dir='ltr'><strong>dica-</strong></span> 
     </span>
    </p>
   </div>
   <div class='ocr_carea' id='block_1_102' title="bbox 1946 3665 3529 3732">
    <p class='ocr_par' dir='ltr' id='par_1_102' title="bbox 1946 3665 3529 3732">
     <span class='ocr_line' id='line_1_102' title="bbox 1946 3665 3529 3732; baseline 0.004 -16"><span class='ocrx_word' id='word_1_721' title='bbox 1946 3679 2084 3729; x_wconf 88' lang='lat' dir='ltr'><strong>mus,</strong></span> <span class='ocrx_word' id='word_1_722' title='bbox 2140 3667 2343 3717; x_wconf 88' lang='lat' dir='ltr'><strong>assultu</strong></span> <span class='ocrx_word' id='word_1_723' title='bbox 2384 3677 2672 3731; x_wconf 88' lang='lat' dir='ltr'><strong>puerorum</strong></span> <span class='ocrx_word' id='word_1_724' title='bbox 2704 3678 2892 3718; x_wconf 89' lang='lat' dir='ltr'><strong>manus</strong></span> <span class='ocrx_word' id='word_1_725' title='bbox 2948 3665 3174 3732; x_wconf 61' lang='lat' dir='ltr'><strong>libratae,</strong></span> <span class='ocrx_word' id='word_1_726' title='bbox 3224 3665 3529 3723; x_wconf 81' lang='lat' dir='ltr'><strong>hominibus</strong></span> 
     </span>
    </p>
   </div>
   <div class='ocr_carea' id='block_1_103' title="bbox 1945 3753 3530 3829">
    <p class='ocr_par' dir='ltr' id='par_1_103' title="bbox 1945 3753 3530 3829">
     <span class='ocr_line' id='line_1_103' title="bbox 1945 3753 3530 3829; baseline 0.004 -21"><span class='ocrx_word' id='word_1_727' title='bbox 1945 3754 2229 3822; x_wconf 87' lang='lat' dir='ltr'><strong>perculsis,</strong></span> <span class='ocrx_word' id='word_1_728' title='bbox 2262 3753 2329 3806; x_wconf 89' lang='lat' dir='ltr'><strong>ab</strong></span> <span class='ocrx_word' id='word_1_729' title='bbox 2368 3754 2530 3825; x_wconf 88' lang='lat' dir='ltr'><strong>epulo</strong></span> <span class='ocrx_word' id='word_1_730' title='bbox 2559 3763 2641 3809; x_wconf 90' lang='lat' dir='ltr'><strong>est</strong></span> <span class='ocrx_word' id='word_1_731' title='bbox 2684 3754 3004 3810; x_wconf 90' lang='lat' dir='ltr'><strong>discessum.</strong></span> <span class='ocrx_word' id='word_1_732' title='bbox 3053 3755 3281 3811; x_wconf 82' lang='lat' dir='ltr'><strong>Nomina</strong></span> <span class='ocrx_word' id='word_1_733' title='bbox 3318 3773 3530 3829; x_wconf 85' lang='lat' dir='ltr'><strong>quoque</strong></span> 
     </span>
    </p>
   </div>
   <div class='ocr_carea' id='block_1_104' title="bbox 1945 3847 3526 3919">
    <p class='ocr_par' dir='ltr' id='par_1_104' title="bbox 1945 3847 3526 3919">
     <span class='ocr_line' id='line_1_104' title="bbox 1945 3847 3526 3919; baseline 0.008 -23"><span class='ocrx_word' id='word_1_734' title='bbox 1945 3848 2206 3912; x_wconf 77' lang='lat' dir='ltr'><strong>virorum,</strong></span> <span class='ocrx_word' id='word_1_735' title='bbox 2227 3847 2600 3914; x_wconf 89' lang='lat' dir='ltr'><strong>Chariualdus,</strong></span> <span class='ocrx_word' id='word_1_736' title='bbox 2632 3847 3200 3919; x_wconf 88' lang='lat' dir='ltr'><strong>Leodoualdus,atque</strong></span> <span class='ocrx_word' id='word_1_737' title='bbox 3226 3851 3526 3908; x_wconf 84' lang='lat' dir='ltr'><strong>Waldinus.</strong></span> 
     </span>
    </p>
   </div>
   <div class='ocr_carea' id='block_1_105' title="bbox 1944 3938 3529 4010">
    <p class='ocr_par' dir='ltr' id='par_1_105' title="bbox 1944 3938 3529 4010">
     <span class='ocr_line' id='line_1_105' title="bbox 1944 3938 3529 4010; baseline 0.007 -23"><span class='ocrx_word' id='word_1_738' title='bbox 1944 3938 2093 4004; x_wconf 83' lang='lat' dir='ltr'><strong>Quod</strong></span> <span class='ocrx_word' id='word_1_739' title='bbox 2146 3954 2265 3994; x_wconf 92' lang='lat' dir='ltr'><strong>cum</strong></span> <span class='ocrx_word' id='word_1_740' title='bbox 2316 3939 2628 4007; x_wconf 90' lang='lat' dir='ltr'><strong>parentibus</strong></span> <span class='ocrx_word' id='word_1_741' title='bbox 2683 3941 2945 4010; x_wconf 89' lang='lat' dir='ltr'><strong>perlatum</strong></span> <span class='ocrx_word' id='word_1_742' title='bbox 2985 3939 3197 4008; x_wconf 86' lang='lat' dir='ltr'><strong>fuisset,</strong></span> <span class='ocrx_word' id='word_1_743' title='bbox 3255 3945 3529 3999; x_wconf 86' lang='lat' dir='ltr'><strong>custodire</strong></span> 
     </span>
    </p>
   </div>
   <div class='ocr_carea' id='block_1_106' title="bbox 1944 4028 3526 4102">
    <p class='ocr_par' dir='ltr' id='par_1_106' title="bbox 1944 4028 3526 4102">
     <span class='ocr_line' id='line_1_106' title="bbox 1944 4028 3526 4102; baseline 0.006 -21"><span class='ocrx_word' id='word_1_744' title='bbox 1944 4030 2143 4082; x_wconf 87' lang='lat' dir='ltr'><strong>arctius</strong></span> <span class='ocrx_word' id='word_1_745' title='bbox 2177 4028 2580 4099; x_wconf 70' lang='lat' dir='ltr'><strong>Fredegundem</strong></span> <span class='ocrx_word' id='word_1_746' title='bbox 2614 4042 2923 4099; x_wconf 79' lang='lat' dir='ltr'><strong>coeperunt,</strong></span> <span class='ocrx_word' id='word_1_747' title='bbox 2973 4033 3266 4102; x_wconf 87' lang='lat' dir='ltr'><strong>dirigentes</strong></span> <span class='ocrx_word' id='word_1_748' title='bbox 3308 4036 3526 4090; x_wconf 89' lang='lat' dir='ltr'><strong>nuntios</strong></span> 
     </span>
    </p>
   </div>
   <div class='ocr_carea' id='block_1_107' title="bbox 1944 4119 3525 4192">
    <p class='ocr_par' dir='ltr' id='par_1_107' title="bbox 1944 4119 3525 4192">
     <span class='ocr_line' id='line_1_107' title="bbox 1944 4119 3525 4192; baseline 0.006 -20"><span class='ocrx_word' id='word_1_749' title='bbox 1944 4119 2009 4173; x_wconf 89' lang='lat' dir='ltr'><strong>ad</strong></span> <span class='ocrx_word' id='word_1_750' title='bbox 2036 4119 2668 4190; x_wconf 15' lang='lat' dir='ltr'><strong>Childebertumiregem,</strong></span> <span class='ocrx_word' id='word_1_751' title='bbox 2701 4132 2758 4175; x_wconf 92' lang='lat' dir='ltr'><strong>ut</strong></span> <span class='ocrx_word' id='word_1_752' title='bbox 2785 4123 3171 4192; x_wconf 86' lang='lat' dir='ltr'><strong>comprehensa</strong></span> <span class='ocrx_word' id='word_1_753' title='bbox 3193 4125 3525 4181; x_wconf 78' lang='lat' dir='ltr'><strong>interficere-</strong></span> 
     </span>
    </p>
   </div>
   <div class='ocr_carea' id='block_1_108' title="bbox 2367 4267 2659 4307">
    <p class='ocr_par' dir='ltr' id='par_1_108' title="bbox 2367 4267 2659 4307">
     <span class='ocr_line' id='line_1_108' title="bbox 2367 4267 2659 4307; baseline 0.007 -2"><span class='ocrx_word' id='word_1_754' title='bbox 2367 4267 2659 4307; x_wconf 75' lang='lat' dir='ltr'><strong>CONLAPSAB</strong></span> 
     </span>
    </p>
   </div>
   <div class='ocr_carea' id='block_1_109' title="bbox 2366 4337 3369 4389">
    <p class='ocr_par' dir='ltr' id='par_1_109' title="bbox 2366 4337 3369 4389">
     <span class='ocr_line' id='line_1_109' title="bbox 2366 4337 3369 4389; baseline 0.014 -14"><span class='ocrx_word' id='word_1_755' title='bbox 2366 4337 2519 4377; x_wconf 75' lang='lat' dir='ltr'><strong>RESTI</strong></span> <span class='ocrx_word' id='word_1_756' title='bbox 2534 4340 2631 4376; x_wconf 80' lang='lat' dir='ltr'><strong>l‘\&#39;|.</strong></span> <span class='ocrx_word' id='word_1_757' title='bbox 2658 4341 2708 4378; x_wconf 65' lang='grc' dir='ltr'><strong>ἲ.</strong></span> <span class='ocrx_word' id='word_1_758' title='bbox 3366 4384 3369 4389; x_wconf 84' lang='grc'>.</span> 
     </span>
    </p>
   </div>
   <div class='ocr_carea' id='block_1_110' title="bbox 2014 4390 3393 4461">
    <p class='ocr_par' dir='ltr' id='par_1_110' title="bbox 2014 4390 3393 4461">
     <span class='ocr_line' id='line_1_110' title="bbox 2014 4390 3393 4461; baseline 0.009 -19"><span class='ocrx_word' id='word_1_759' title='bbox 2014 4390 2038 4427; x_wconf 81' lang='lat' dir='ltr'><strong>b</strong></span> <span class='ocrx_word' id='word_1_760' title='bbox 2081 4391 2324 4461; x_wconf 43' lang='lat' dir='ltr'><strong>A~ure|ius</strong></span> <span class='ocrx_word' id='word_1_761' title='bbox 2348 4397 2418 4445; x_wconf 88' lang='lat' dir='ltr'><strong>uti</strong></span> <span class='ocrx_word' id='word_1_762' title='bbox 2441 4406 2654 4448; x_wconf 89' lang='lat' dir='ltr'><strong>sanctus</strong></span> <span class='ocrx_word' id='word_1_763' title='bbox 2684 4394 2875 4449; x_wconf 89' lang='lat' dir='ltr'><strong>colitur</strong></span> <span class='ocrx_word' id='word_1_764' title='bbox 2915 4398 3051 4460; x_wconf 83' lang='lat' dir='ltr'><strong>apud</strong></span> <span class='ocrx_word' id='word_1_765' title='bbox 3085 4398 3393 4454; x_wconf 86' lang='lat' dir='ltr'><strong>Podienses.</strong></span> 
     </span>
    </p>
   </div>
   <div class='ocr_carea' id='block_1_111' title="bbox 2016 4463 3507 4533">
    <p class='ocr_par' dir='ltr' id='par_1_111' title="bbox 2016 4463 3507 4533">
     <span class='ocr_line' id='line_1_111' title="bbox 2016 4463 3507 4533; baseline 0.006 -19"><span class='ocrx_word' id='word_1_766' title='bbox 2016 4472 2036 4500; x_wconf 76' lang='grc' dir='ltr'>ε</span> <span class='ocrx_word' id='word_1_767' title='bbox 2081 4463 2193 4515; x_wconf 92' lang='lat' dir='ltr'><strong>lloc</strong></span> <span class='ocrx_word' id='word_1_768' title='bbox 2238 4476 2363 4533; x_wconf 70' lang='lat' dir='ltr'><strong>cap.</strong></span> <span class='ocrx_word' id='word_1_769' title='bbox 2399 4474 2451 4516; x_wconf 90' lang='lat' dir='ltr'><strong>et</strong></span> <span class='ocrx_word' id='word_1_770' title='bbox 2479 4478 2592 4533; x_wconf 89' lang='lat' dir='ltr'><strong>seq.</strong></span> <span class='ocrx_word' id='word_1_771' title='bbox 2627 4466 2821 4518; x_wconf 89' lang='lat' dir='ltr'><strong>desunt</strong></span> <span class='ocrx_word' id='word_1_772' title='bbox 2848 4467 2897 4517; x_wconf 89' lang='lat' dir='ltr'><strong>in</strong></span> <span class='ocrx_word' id='word_1_773' title='bbox 2926 4466 3039 4520; x_wconf 85' lang='lat' dir='ltr'><strong>Vat.</strong></span> <span class='ocrx_word' id='word_1_774' title='bbox 3060 4480 3113 4522; x_wconf 92' lang='lat' dir='ltr'><strong>et</strong></span> <span class='ocrx_word' id='word_1_775' title='bbox 3140 4470 3290 4522; x_wconf 81' lang='lat' dir='ltr'><strong>Colb.</strong></span> <span class='ocrx_word' id='word_1_776' title='bbox 3319 4484 3371 4523; x_wconf 87' lang='lat' dir='ltr'><strong>a.</strong></span> <span class='ocrx_word' id='word_1_777' title='bbox 3409 4468 3507 4523; x_wconf 82' lang='lat' dir='ltr'><strong>Fa-</strong></span> 
     </span>
    </p>
   </div>
   <div class='ocr_carea' id='block_1_112' title="bbox 1942 4532 3513 4606">
    <p class='ocr_par' dir='ltr' id='par_1_112' title="bbox 1942 4532 3513 4606">
     <span class='ocr_line' id='line_1_112' title="bbox 1942 4532 3513 4606; baseline 0.004 -20"><span class='ocrx_word' id='word_1_778' title='bbox 1942 4533 2193 4606; x_wconf 78' lang='lat' dir='ltr'><strong>ramodus</strong></span> <span class='ocrx_word' id='word_1_779' title='bbox 2216 4534 2304 4601; x_wconf 90' lang='lat' dir='ltr'><strong>qui</strong></span> <span class='ocrx_word' id='word_1_780' title='bbox 2330 4532 2562 4606; x_wconf 81' lang='lat' dir='ltr'><strong>Eusebio</strong></span> <span class='ocrx_word' id='word_1_781' title='bbox 2585 4535 2756 4588; x_wconf 91' lang='lat' dir='ltr'><strong>locum</strong></span> <span class='ocrx_word' id='word_1_782' title='bbox 2783 4534 2967 4600; x_wconf 91' lang='lat' dir='ltr'><strong>cessit,</strong></span> <span class='ocrx_word' id='word_1_783' title='bbox 3002 4548 3120 4602; x_wconf 91' lang='lat' dir='ltr'><strong>post</strong></span> <span class='ocrx_word' id='word_1_784' title='bbox 3140 4539 3379 4606; x_wconf 87' lang='lat' dir='ltr'><strong>ejusdem</strong></span> <span class='ocrx_word' id='word_1_785' title='bbox 3399 4540 3513 4592; x_wconf 90' lang='lat' dir='ltr'><strong>obi-</strong></span> 
     </span>
    </p>
   </div>
   <div class='ocr_carea' id='block_1_113' title="bbox 1938 4600 3514 4727">
    <p class='ocr_par' dir='ltr' id='par_1_113' title="bbox 1938 4600 3514 4727">
     <span class='ocr_line' id='line_1_113' title="bbox 1938 4600 3514 4727; baseline 0.005 -71"><span class='ocrx_word' id='word_1_786' title='bbox 1938 4600 2251 4727; x_wconf 52' lang='lat' dir='ltr'><strong>humlaetus</strong></span> <span class='ocrx_word' id='word_1_787' title='bbox 2274 4613 2356 4655; x_wconf 88' lang='lat' dir='ltr'><strong>est</strong></span> <span class='ocrx_word' id='word_1_788' title='bbox 2380 4603 2493 4671; x_wconf 68' lang='lat' dir='ltr'><strong>ejus</strong></span> <span class='ocrx_word' id='word_1_789' title='bbox 2520 4618 2817 4669; x_wconf 90' lang='lat' dir='ltr'><strong>successor,</strong></span> <span class='ocrx_word' id='word_1_790' title='bbox 2835 4616 2891 4659; x_wconf 89' lang='lat' dir='ltr'><strong>ut</strong></span> <span class='ocrx_word' id='word_1_791' title='bbox 2910 4623 2974 4659; x_wconf 80' lang='lat' dir='ltr'><strong>ex</strong></span> <span class='ocrx_word' id='word_1_792' title='bbox 3004 4600 3231 4679; x_wconf 70' lang='lat' dir='ltr'><strong>vulgatis</strong></span> <span class='ocrx_word' id='word_1_793' title='bbox 3255 4610 3514 4680; x_wconf 85' lang='lat' dir='ltr'><strong>catalogis</strong></span> 
     </span>
     <span class='ocr_line' id='line_1_114' title="bbox 1977 4687 2281 4727; baseline -0.016 0"><span class='ocrx_word' id='word_1_794' title='bbox 1977 4687 2210 4727; x_wconf 78' lang='lat' dir='ltr'><strong>ISCIIIIUS.</strong></span> <span class='ocrx_word' id='word_1_795' title='bbox 2280 4696 2281 4699; x_wconf 82' lang='lat'>‘</span> 
     </span>
    </p>
   </div>
   <div class='ocr_carea' id='block_1_114' title="bbox 1977 4687 2281 4727">
    <p class='ocr_par' dir='ltr' id='par_1_114' title="bbox 1977 4687 2281 4727">
     <span class='ocr_line' id='line_1_115' title="bbox 1977 4687 2281 4727; baseline -0.016 0"><span class='ocrx_word' id='word_1_796' title='bbox 1977 4687 2210 4727; x_wconf 81' lang='lat' dir='ltr'><strong>ISCIIIIUS.</strong></span> <span class='ocrx_word' id='word_1_797' title='bbox 2280 4696 2281 4699; x_wconf 82' lang='lat'>‘</span> 
     </span>
    </p>
   </div>
   <div class='ocr_carea' id='block_1_115' title="bbox 2011 4742 3516 4808">
    <p class='ocr_par' dir='ltr' id='par_1_115' title="bbox 2011 4742 3516 4808">
     <span class='ocr_line' id='line_1_116' title="bbox 2011 4742 3516 4808; baseline 0.007 -14"><span class='ocrx_word' id='word_1_798' title='bbox 2011 4744 2035 4778; x_wconf 77' lang='grc' dir='ltr'>α</span> <span class='ocrx_word' id='word_1_799' title='bbox 2081 4742 2134 4795; x_wconf 85' lang='lat' dir='ltr'><strong>Id</strong></span> <span class='ocrx_word' id='word_1_800' title='bbox 2166 4752 2246 4795; x_wconf 88' lang='lat' dir='ltr'><strong>est</strong></span> <span class='ocrx_word' id='word_1_801' title='bbox 2274 4743 2522 4808; x_wconf 90' lang='lat' dir='ltr'><strong>lectores,</strong></span> <span class='ocrx_word' id='word_1_802' title='bbox 2565 4752 2830 4806; x_wconf 89' lang='lat' dir='ltr'><strong>cantores,</strong></span> <span class='ocrx_word' id='word_1_803' title='bbox 2860 4756 2963 4799; x_wconf 89' lang='lat' dir='ltr'><strong>etc.</strong></span> <span class='ocrx_word' id='word_1_804' title='bbox 3005 4751 3090 4801; x_wconf 91' lang='lat' dir='ltr'><strong>oui</strong></span> <span class='ocrx_word' id='word_1_805' title='bbox 3123 4748 3224 4802; x_wconf 90' lang='lat' dir='ltr'><strong>sub</strong></span> <span class='ocrx_word' id='word_1_806' title='bbox 3247 4748 3516 4804; x_wconf 59' lang='lat' dir='ltr'><strong>archidiam</strong></span> 
     </span>
    </p>
   </div>
   <div class='ocr_carea' id='block_1_116' title="bbox 1937 4812 2564 4880">
    <p class='ocr_par' dir='ltr' id='par_1_116' title="bbox 1937 4812 2564 4880">
     <span class='ocr_line' id='line_1_117' title="bbox 1937 4812 2564 4880; baseline -0.003 -12"><span class='ocrx_word' id='word_1_807' title='bbox 1937 4814 2055 4868; x_wconf 89' lang='lat' dir='ltr'><strong>coni</strong></span> <span class='ocrx_word' id='word_1_808' title='bbox 2080 4822 2231 4865; x_wconf 88' lang='lat' dir='ltr'><strong>erant</strong></span> <span class='ocrx_word' id='word_1_809' title='bbox 2260 4812 2564 4880; x_wconf 83' lang='lat' dir='ltr'><strong>disciplina.</strong></span> 
     </span>
    </p>
   </div>
   <div class='ocr_carea' id='block_1_117' title="bbox 2014 4882 3520 4961">
    <p class='ocr_par' dir='ltr' id='par_1_117' title="bbox 2014 4882 3520 4961">
     <span class='ocr_line' id='line_1_118' title="bbox 2014 4882 3520 4961; baseline 0.013 -31"><span class='ocrx_word' id='word_1_810' title='bbox 2014 4893 2035 4920; x_wconf 85' lang='lat' dir='ltr'><strong>e</strong></span> <span class='ocrx_word' id='word_1_811' title='bbox 2064 4882 2217 4961; x_wconf 66' lang='lat' dir='ltr'><strong>Qolb.</strong></span> <span class='ocrx_word' id='word_1_812' title='bbox 2246 4897 2343 4961; x_wconf 62' lang='lat' dir='ltr'><strong>In.,</strong></span> <span class='ocrx_word' id='word_1_813' title='bbox 2369 4882 2494 4935; x_wconf 87' lang='lat' dir='ltr'><strong>Bad.</strong></span> <span class='ocrx_word' id='word_1_814' title='bbox 2524 4894 2579 4961; x_wconf 84' lang='lat' dir='ltr'><strong>et</strong></span> <span class='ocrx_word' id='word_1_815' title='bbox 2604 4883 2901 4961; x_wconf 30' lang='lat' dir='ltr'><strong>Chesunal&quot;</strong></span> <span class='ocrx_word' id='word_1_816' title='bbox 2935 4886 3261 4961; x_wconf 65' lang='lat' dir='ltr'><strong>Euandrius.</strong></span> <span class='ocrx_word' id='word_1_817' title='bbox 3284 4893 3373 4947; x_wconf 85' lang='lat' dir='ltr'><strong>Sic</strong></span> <span class='ocrx_word' id='word_1_818' title='bbox 3393 4908 3520 4961; x_wconf 82' lang='lat' dir='ltr'><strong>quo-</strong></span> 
     </span>
    </p>
   </div>
   <div class='ocr_carea' id='block_1_118' title="bbox 1942 4952 3516 5027">
    <p class='ocr_par' dir='ltr' id='par_1_118' title="bbox 1942 4952 3516 5027">
     <span class='ocr_line' id='line_1_119' title="bbox 1942 4952 3516 5027; baseline 0.007 -23"><span class='ocrx_word' id='word_1_819' title='bbox 1942 4969 2045 5021; x_wconf 90' lang='lat' dir='ltr'><strong>que</strong></span> <span class='ocrx_word' id='word_1_820' title='bbox 2073 4952 2267 5027; x_wconf 74' lang='lat' dir='ltr'><strong>dicitur</strong></span> <span class='ocrx_word' id='word_1_821' title='bbox 2308 4953 2357 5027; x_wconf 78' lang='lat' dir='ltr'><strong>in</strong></span> <span class='ocrx_word' id='word_1_822' title='bbox 2410 4954 2731 5027; x_wconf 67' lang='lat' dir='ltr'><strong>patriarehio</strong></span> <span class='ocrx_word' id='word_1_823' title='bbox 2784 4952 3117 5027; x_wconf 75' lang='lat' dir='ltr'><strong>Bitericeusi,</strong></span> <span class='ocrx_word' id='word_1_824' title='bbox 3140 4974 3260 5027; x_wconf 82' lang='lat' dir='ltr'><strong>cap.</strong></span> <span class='ocrx_word' id='word_1_825' title='bbox 3293 4963 3387 5025; x_wconf 74' lang='lat'><strong>28,</strong></span> <span class='ocrx_word' id='word_1_826' title='bbox 3412 4952 3516 5015; x_wconf 60' lang='lat' dir='ltr'><strong>&#39;ubi</strong></span> 
     </span>
    </p>
   </div>
   <div class='ocr_carea' id='block_1_119' title="bbox 1941 5021 3520 5097">
    <p class='ocr_par' dir='ltr' id='par_1_119' title="bbox 1941 5021 3520 5097">
     <span class='ocr_line' id='line_1_120' title="bbox 1941 5021 3520 5097; baseline 0.006 -23"><span class='ocrx_word' id='word_1_827' title='bbox 1941 5025 2102 5097; x_wconf 70' lang='lat' dir='ltr'><strong>sancti</strong></span> <span class='ocrx_word' id='word_1_828' title='bbox 2133 5023 2284 5074; x_wconf 91' lang='lat' dir='ltr'><strong>titulo</strong></span> <span class='ocrx_word' id='word_1_829' title='bbox 2310 5021 2559 5097; x_wconf 66' lang='lat' dir='ltr'><strong>donatur.</strong></span> <span class='ocrx_word' id='word_1_830' title='bbox 2598 5024 2760 5077; x_wconf 85' lang='lat' dir='ltr'><strong>Porro</strong></span> <span class='ocrx_word' id='word_1_831' title='bbox 2796 5025 3063 5095; x_wconf 88' lang='lat' dir='ltr'><strong>Sulpicius</strong></span> <span class='ocrx_word' id='word_1_832' title='bbox 3103 5021 3223 5097; x_wconf 79' lang='lat' dir='ltr'><strong>ejus</strong></span> <span class='ocrx_word' id='word_1_833' title='bbox 3243 5021 3520 5095; x_wconf 80' lang='lat' dir='ltr'><strong>decessor,</strong></span> 
     </span>
    </p>
   </div>
   <div class='ocr_carea' id='block_1_120' title="bbox 1946 5093 3519 5163">
    <p class='ocr_par' dir='ltr' id='par_1_120' title="bbox 1946 5093 3519 5163">
     <span class='ocr_line' id='line_1_121' title="bbox 1946 5093 3519 5163; baseline 0.007 -19"><span class='ocrx_word' id='word_1_834' title='bbox 1946 5093 2031 5147; x_wconf 90' lang='lat' dir='ltr'><strong>hic</strong></span> <span class='ocrx_word' id='word_1_835' title='bbox 2060 5106 2409 5163; x_wconf 77' lang='lat' dir='ltr'><strong>memoratus,</strong></span> <span class='ocrx_word' id='word_1_836' title='bbox 2438 5093 2652 5147; x_wconf 83' lang='lat' dir='ltr'><strong>Severus</strong></span> <span class='ocrx_word' id='word_1_837' title='bbox 2666 5093 3073 5163; x_wconf 65' lang='lat' dir='ltr'><strong>cognominatus</strong></span> <span class='ocrx_word' id='word_1_838' title='bbox 3094 5093 3198 5161; x_wconf 62' lang='lat' dir='ltr'><strong>eSt,</strong></span> <span class='ocrx_word' id='word_1_839' title='bbox 3230 5110 3285 5153; x_wconf 90' lang='lat' dir='ltr'><strong>ut</strong></span> <span class='ocrx_word' id='word_1_840' title='bbox 3308 5093 3519 5155; x_wconf 55' lang='lat' dir='ltr'><strong>abalie§</strong></span> 
     </span>
    </p>
   </div>
   <div class='ocr_carea' id='block_1_121' title="bbox 1946 5162 3519 5237">
    <p class='ocr_par' dir='ltr' id='par_1_121' title="bbox 1946 5162 3519 5237">
     <span class='ocr_line' id='line_1_122' title="bbox 1946 5162 3519 5237; baseline 0.008 -24"><span class='ocrx_word' id='word_1_841' title='bbox 1946 5179 2005 5215; x_wconf 91' lang='lat' dir='ltr'><strong>ro</strong></span> <span class='ocrx_word' id='word_1_842' title='bbox 2032 5162 2267 5237; x_wconf 76' lang='lat' dir='ltr'><strong>Sulpicio</strong></span> <span class='ocrx_word' id='word_1_843' title='bbox 2296 5164 2546 5230; x_wconf 88' lang='lat' dir='ltr'><strong>episcopo</strong></span> <span class='ocrx_word' id='word_1_844' title='bbox 2579 5162 2913 5237; x_wconf 72' lang='lat' dir='ltr'><strong>BiturnCensi,</strong></span> <span class='ocrx_word' id='word_1_845' title='bbox 2937 5170 3025 5235; x_wconf 92' lang='lat' dir='ltr'><strong>qui</strong></span> <span class='ocrx_word' id='word_1_846' title='bbox 3062 5168 3187 5219; x_wconf 75' lang='lat' dir='ltr'><strong>Pius</strong></span> <span class='ocrx_word' id='word_1_847' title='bbox 3218 5172 3519 5237; x_wconf 85' lang='lat' dir='ltr'><strong>appellatus</strong></span> 
     </span>
    </p>
   </div>
   <div class='ocr_carea' id='block_1_122' title="bbox 1944 5232 3517 5300">
    <p class='ocr_par' dir='ltr' id='par_1_122' title="bbox 1944 5232 3517 5300">
     <span class='ocr_line' id='line_1_123' title="bbox 1944 5232 3517 5300; baseline 0.005 -15"><span class='ocrx_word' id='word_1_848' title='bbox 1944 5246 2059 5294; x_wconf 86' lang='lat' dir='ltr'><strong>est,</strong></span> <span class='ocrx_word' id='word_1_849' title='bbox 2112 5232 2545 5300; x_wconf 80' lang='lat' dir='ltr'><strong>diSIiugueretor.</strong></span> <span class='ocrx_word' id='word_1_850' title='bbox 2602 5236 2783 5289; x_wconf 41' lang='lat' dir='ltr'><strong>Sex‘eri</strong></span> <span class='ocrx_word' id='word_1_851' title='bbox 2840 5232 3029 5290; x_wconf 84' lang='lat' dir='ltr'><strong>festum</strong></span> <span class='ocrx_word' id='word_1_852' title='bbox 3079 5237 3165 5291; x_wconf 88' lang='lat' dir='ltr'><strong>die</strong></span> <span class='ocrx_word' id='word_1_853' title='bbox 3212 5232 3266 5290; x_wconf 75' lang='lat' dir='ltr'><strong>w’</strong></span> <span class='ocrx_word' id='word_1_854' title='bbox 3293 5232 3517 5295; x_wconf 81' lang='lat' dir='ltr'><strong>Kalend.</strong></span> 
     </span>
    </p>
   </div>
   <div class='ocr_carea' id='block_1_123' title="bbox 1950 5302 3522 5371">
    <p class='ocr_par' dir='ltr' id='par_1_123' title="bbox 1950 5302 3522 5371">
     <span class='ocr_line' id='line_1_124' title="bbox 1950 5302 3522 5371; baseline 0.008 -18"><span class='ocrx_word' id='word_1_855' title='bbox 1950 5302 2219 5357; x_wconf 81' lang='lat' dir='ltr'><strong>Februarii</strong></span> <span class='ocrx_word' id='word_1_856' title='bbox 2274 5303 2489 5356; x_wconf 86' lang='lat' dir='ltr'><strong>colitur.</strong></span> <span class='ocrx_word' id='word_1_857' title='bbox 2518 5303 2774 5371; x_wconf 89' lang='lat' dir='ltr'><strong>Sepultus</strong></span> <span class='ocrx_word' id='word_1_858' title='bbox 2798 5304 2974 5359; x_wconf 84' lang='lat' dir='ltr'><strong>fuerat</strong></span> <span class='ocrx_word' id='word_1_859' title='bbox 3000 5309 3051 5359; x_wconf 91' lang='lat' dir='ltr'><strong>in</strong></span> <span class='ocrx_word' id='word_1_860' title='bbox 3086 5308 3315 5362; x_wconf 89' lang='lat' dir='ltr'><strong>ecclesia</strong></span> <span class='ocrx_word' id='word_1_861' title='bbox 3342 5308 3522 5367; x_wconf 79' lang='lat' dir='ltr'><strong>sancti</strong></span> 
     </span>
    </p>
   </div>
   <div class='ocr_carea' id='block_1_124' title="bbox 1944 5372 3523 5448">
    <p class='ocr_par' dir='ltr' id='par_1_124' title="bbox 1944 5372 3523 5448">
     <span class='ocr_line' id='line_1_125' title="bbox 1944 5372 3523 5448; baseline 0.003 -22"><span class='ocrx_word' id='word_1_862' title='bbox 1944 5373 2178 5448; x_wconf 62' lang='lat' dir='ltr'><strong>Iuliani,</strong></span> <span class='ocrx_word' id='word_1_863' title='bbox 2210 5372 2350 5448; x_wconf 88' lang='lat' dir='ltr'><strong>unde</strong></span> <span class='ocrx_word' id='word_1_864' title='bbox 2401 5373 2466 5448; x_wconf 84' lang='lat' dir='ltr'><strong>ad</strong></span> <span class='ocrx_word' id='word_1_865' title='bbox 2520 5384 2766 5448; x_wconf 76' lang='lat' dir='ltr'><strong>sanctum</strong></span> <span class='ocrx_word' id='word_1_866' title='bbox 2820 5376 3063 5448; x_wconf 85' lang='lat' dir='ltr'><strong>Ursinum</strong></span> <span class='ocrx_word' id='word_1_867' title='bbox 3096 5380 3386 5434; x_wconf 88' lang='lat' dir='ltr'><strong>translatus</strong></span> <span class='ocrx_word' id='word_1_868' title='bbox 3416 5397 3523 5448; x_wconf 74' lang='lat' dir='ltr'><strong>est,</strong></span> 
     </span>
    </p>
   </div>
   <div class='ocr_carea' id='block_1_125' title="bbox 1946 5443 3527 5512">
    <p class='ocr_par' dir='ltr' id='par_1_125' title="bbox 1946 5443 3527 5512">
     <span class='ocr_line' id='line_1_126' title="bbox 1946 5443 3527 5512; baseline 0.008 -17"><span class='ocrx_word' id='word_1_869' title='bbox 1946 5444 2034 5496; x_wconf 84' lang='lat' dir='ltr'><strong>tibi</strong></span> <span class='ocrx_word' id='word_1_870' title='bbox 2062 5444 2218 5495; x_wconf 88' lang='lat' dir='ltr'><strong>hodie</strong></span> <span class='ocrx_word' id='word_1_871' title='bbox 2246 5443 2490 5510; x_wconf 88' lang='lat' dir='ltr'><strong>quiescit.</strong></span> <span class='ocrx_word' id='word_1_872' title='bbox 2519 5444 2618 5511; x_wconf 88' lang='lat' dir='ltr'><strong>Ipsi</strong></span> <span class='ocrx_word' id='word_1_873' title='bbox 2644 5453 2974 5512; x_wconf 85' lang='lat' dir='ltr'><strong>nuncupatus</strong></span> <span class='ocrx_word' id='word_1_874' title='bbox 2996 5446 3365 5505; x_wconf 84' lang='lat' dir='ltr'><strong>circumfertur</strong></span> <span class='ocrx_word' id='word_1_875' title='bbox 3390 5443 3527 5507; x_wconf 80' lang='lat' dir='ltr'><strong>liber</strong></span> 
     </span>
    </p>
   </div>
   <div class='ocr_carea' id='block_1_126' title="bbox 1950 5513 3523 5583">
    <p class='ocr_par' dir='ltr' id='par_1_126' title="bbox 1950 5513 3523 5583">
     <span class='ocr_line' id='line_1_127' title="bbox 1950 5513 3523 5583; baseline 0.008 -19"><span class='ocrx_word' id='word_1_876' title='bbox 1950 5514 2017 5583; x_wconf 75' lang='lat' dir='ltr'><strong>de</strong></span> <span class='ocrx_word' id='word_1_877' title='bbox 2053 5521 2254 5581; x_wconf 89' lang='lat' dir='ltr'><strong>septem</strong></span> <span class='ocrx_word' id='word_1_878' title='bbox 2308 5513 2727 5579; x_wconf 86' lang='lat' dir='ltr'><strong>Dormiennbus,</strong></span> <span class='ocrx_word' id='word_1_879' title='bbox 2756 5515 3010 5583; x_wconf 87' lang='lat' dir='ltr'><strong>Gregorio</strong></span> <span class='ocrx_word' id='word_1_880' title='bbox 3042 5528 3223 5572; x_wconf 89' lang='lat' dir='ltr'><strong>nostro</strong></span> <span class='ocrx_word' id='word_1_881' title='bbox 3273 5522 3523 5576; x_wconf 89' lang='lat' dir='ltr'><strong>tributus.</strong></span> 
     </span>
    </p>
   </div>
   <div class='ocr_carea' id='block_1_127' title="bbox 1951 5581 3526 5653">
    <p class='ocr_par' dir='ltr' id='par_1_127' title="bbox 1951 5581 3526 5653">
     <span class='ocr_line' id='line_1_128' title="bbox 1951 5581 3526 5653; baseline 0.009 -19"><span class='ocrx_word' id='word_1_882' title='bbox 1951 5581 2084 5635; x_wconf 77' lang='lat' dir='ltr'><strong>Vide</strong></span> <span class='ocrx_word' id='word_1_883' title='bbox 2133 5598 2291 5651; x_wconf 86' lang='lat' dir='ltr'><strong>supra</strong></span> <span class='ocrx_word' id='word_1_884' title='bbox 2349 5584 2442 5638; x_wconf 90' lang='lat' dir='ltr'><strong>lib.</strong></span> <span class='ocrx_word' id='word_1_885' title='bbox 2496 5600 2567 5649; x_wconf 75' lang='lat' dir='ltr'><strong>vr,</strong></span> <span class='ocrx_word' id='word_1_886' title='bbox 2619 5600 2739 5653; x_wconf 88' lang='lat' dir='ltr'><strong>cap.</strong></span> <span class='ocrx_word' id='word_1_887' title='bbox 2773 5581 2958 5652; x_wconf 46' lang='lat' dir='ltr'><strong>59,&#39;et</strong></span> <span class='ocrx_word' id='word_1_888' title='bbox 2990 5586 3133 5644; x_wconf 88' lang='lat' dir='ltr'><strong>diem</strong></span> <span class='ocrx_word' id='word_1_889' title='bbox 3165 5587 3234 5645; x_wconf 68' lang='lat'><strong>29</strong></span> <span class='ocrx_word' id='word_1_890' title='bbox 3285 5591 3526 5648; x_wconf 82' lang='lat' dir='ltr'><strong>Januarii</strong></span> 
     </span>
    </p>
   </div>
   <div class='ocr_carea' id='block_1_128' title="bbox 1953 5653 2304 5706">
    <p class='ocr_par' dir='ltr' id='par_1_128' title="bbox 1953 5653 2304 5706">
     <span class='ocr_line' id='line_1_129' title="bbox 1953 5653 2304 5706; baseline 0 -1"><span class='ocrx_word' id='word_1_891' title='bbox 1953 5653 2304 5706; x_wconf 84' lang='lat' dir='ltr'><strong>Bollandiani.</strong></span> 
     </span>
    </p>
   </div>
   <div class='ocr_carea' id='block_1_129' title="bbox 1966 5720 2673 5791">
    <p class='ocr_par' dir='ltr' id='par_1_129' title="bbox 1966 5720 2673 5791">
     <span class='ocr_line' id='line_1_130' title="bbox 1966 5720 2673 5791; baseline -0.003 -12"><span class='ocrx_word' id='word_1_892' title='bbox 1966 5782 1973 5791; x_wconf 51' lang='grc'>,</span> <span class='ocrx_word' id='word_1_893' title='bbox 2027 5720 2045 5759; x_wconf 73' lang='grc' dir='ltr'>ί</span> <span class='ocrx_word' id='word_1_894' title='bbox 2077 5723 2275 5789; x_wconf 86' lang='lat' dir='ltr'><strong>Casin.,</strong></span> <span class='ocrx_word' id='word_1_895' title='bbox 2307 5723 2455 5777; x_wconf 81' lang='lat' dir='ltr'><strong>illata</strong></span> <span class='ocrx_word' id='word_1_896' title='bbox 2485 5739 2673 5778; x_wconf 79' lang='lat' dir='ltr'><strong>mensa.</strong></span> 
     </span>
    </p>
   </div>
  </div>
