3946 6188
311 173 404 230 56!

1228 160 1546 218 HISTORIA
1586 149 2033 213 FﬂANCORUM.
2076 148 2278 212 LIBER
2324 148 2642 210 DECIMUS.

3466 154 3570 206 532

312 292 403 346 Dei
433 288 677 344 laudibus
706 283 1105 358 perstrepeb.it;
1135 279 1228 334 sed
1252 277 1483 338 assidue,
1513 273 1612 327 etsi
1644 269 1894 336 quiddam
1926 262 1974 318 Α
2003 260 2085 312 nis
2106 273 2221 326 ejus
2250 259 2354 324 dte,
2380 256 2568 320 mulier
2596 256 3336 358 quaeabspiritu,itnmuttdo
3373 275 3464 358 Sil',
3484 259 3574 318 its

310 384 490 452 operis
531 389 836 444 exerceret,
877 390 1090 446 semper
1139 374 1439 427 orationem
1482 365 1741 428 Domino,
1775 373 1893 414 tan.

311 488 467 543 quam
497 462 714 527 odorem
754 468 957 525 incensi
991 461 1336 542 acreptabllis
1363 457 1642 513 oﬁ‘erebat.
1685 453 1890 506 Interea

312 566 379 623 ad
421 575 662 620 sanctunt
715 565 964 620 Aredium
1015 567 1295 625 creperum
1342 553 1542 611 inﬁrmi
1585 549 1892 614 conﬂuere,

313 670 468 726 quos,
497 670 688 708 manus
730 654 950 723 singulis
985 667 1106 705 cum
1137 647 1338 703 vexillo
1361 644 1537 700 crucis
1578 643 1888 710 imponens,

312 751 526 807 sanitati
571 748 865 816 reddebat;
916 758 1180 814 qttnrum,
1228 741 1273 795 si
1316 736 1626 808 singillatim
1676 733 1892 787 nomina

314 843 551 900 scribere
571 842 752 906 velim,
781 853 878 894 nec
902 852 1181 892 numerum
1206 847 1520 904 percurrere
1542 828 1768 891 valeam,
1793 838 1895 888 nec

315 934 571 989 vocabula
603 946 940 991 memorare:
979 943 1150 994 unum
1173 939 1350 980 tamen
1403 923 1560 990 novi,
1593 918 1738 990 quod
1770 916 1891 987 qui-

316 1042 522 1095 eunque
544 1026 612 1080 ad
642 1041 762 1079 eum
790 1039 930 1094 aeger
961 1021 1215 1085 advenit,
1261 1033 1450 1087 sospes
1503 1013 1783 1072 abscessit.
1817 1011 1895 1080 De

317 1116 606 1184 majoribus
635 1130 848 1184 quoque
880 1112 1152 1167 miraculis
1181 1125 1344 1178 parva
1373 1107 1747 1177 proponimus.
1790 1099 1897 1154 lter

318 1207 558 1277 quodam
575 1219 814 1276 tempore
839 1220 958 1260 cum
981 1204 1242 1274 genitrice
1268 1201 1394 1256 dum
1420 1209 1622 1268 ageret,
1650 1203 1704 1249 et
1723 1194 1895 1248 sancti

319 1297 514 1355 Juliatti
563 1297 817 1366 martyris
846 1295 910 1349 ad
945 1295 1216 1350 basilicam
1259 1300 1605 1361 properaret,
1634 1294 1898 1342 venerunt

319 1403 543 1458 vespere
572 1392 621 1444 in
655 1388 884 1458 quodam
916 1386 1050 1439 loco.
1090 1385 1216 1438 Erat
1256 1392 1433 1438 autem
1476 1381 1623 1435 locus
1666 1379 1758 1432 ille
1793 1376 1898 1430 ari-

320 1480 458 1548 dus,
510 1489 566 1536 et
631 1483 834 1550 absque
891 1479 1103 1535 ﬂuentis
1163 1477 1500 1541 currentibus
1557 1470 1898 1527 infecundus.

323 1572 567 1642 Dixitque
588 1573 654 1630 ad
684 1588 804 1626 eum
835 1579 1004 1628 mater
1032 1571 1148 1638 ejus
1177 1587 1190 1623 :
1224 1568 1344 1634 Fili,
1374 1582 1562 1637 aquam
1596 1581 1702 1618 non
1736 1563 1899 1616 babe-

1995 362 2214 416 vexata,
2255 365 2284 404 a
2327 365 2518 405 saneto
2547 339 2826 406 emundari
2854 367 2960 406 non
2996 339 3234 421 poterat,
3267 354 3440 423 ligatis
3471 369 3566 423 per

1993 457 2052 496 se
2081 457 2106 493 a
2135 451 2283 512 tergo
2309 443 2587 510 manibus,
2623 443 2861 500 clamare
2890 429 3055 513 erepit
3085 427 3149 498 ac
3178 431 3361 520 dicere
3387 464 3399 496 :
3434 447 3567 501 Cur-

1995 535 2098 590 rite
2119 535 2293 600 cives,
2322 535 2531 590 exsilite
2563 536 2782 604 populi,
2817 537 2960 592 exite
2993 538 3204 593 obviam
3245 523 3566 610 martyribus

1994 627 2534 698 conlessoribusque,
2582 626 2672 697 qui
2719 628 2787 682 ad
2836 630 3148 700 exlsequium
3196 630 3336 706 beati
3381 630 3568 686 Aredii

1995 721 2341 776 conveniunt.
2376 720 2514 776 Ecce
2542 720 2696 775 adest
2720 720 2963 786 Julianus
2992 737 3020 775 a
3055 722 3301 788 Brivate,
3329 723 3576 794 Privatus

1996 823 2060 864 ex
2084 804 2316 874 Mimate,
2348 811 2606 867 Martinus
2635 827 2663 866 a
2687 812 2939 877 Turonis,
2972 813 3333 890 Ma‘rtialisque
3353 816 3420 868 ab
3444 816 3578 870 urbe

1999 900 2213 970 propria
2240 911 2286 954 ο.
2317 900 2486 957 Adest
2524 901 2850 958 Saturninus
2887 917 2917 958 a
2939 903 3163 972 Tolosa,
3195 904 3482 976 Dionysius
3506 906 3575 959 ab

1950 1018 1960 1037 .
1999 991 2129 1044 urbe
2168 989 2452 1058 Parisiaca,
2484 993 2726 1047 nonnulli
2754 1000 2806 1047 et
2835 994 2946 1065 alii,
2972 1009 3103 1067 quos
3130 981 3322 1049 caelum
3357 997 3574 1060 retinet,

1999 1096 2134 1150 quos
2159 1096 2254 1134 vos
2301 1091 2359 1135 ut
2399 1083 2739 1138 confessor-es
2769 1094 2823 1139 et
2866 1085 2958 1140 Dei
3009 1096 3273 1156 martyres
3319 1071 3576 1141 adoratis.

2002 1171 2128 1227 llaec
2151 1187 2270 1226 cum
2300 1174 2351 1227 in
2384 1175 2606 1256 exordio
2636 1177 2807 1230 noctis
2837 1178 3072 1232 clamare
3109 1179 3390 1245 ccepissct,
3425 1196 3452 1230 a
3485 1179 3579 1231 do-

2003 1267 2146 1318 ntino
2175 1280 2274 1320 suo
2304 1269 2539 1322 revincta
2569 1279 2668 1324 est.
2708 1270 2813 1325 Sed
2838 1285 3172 1340 nequaquam
3203 1273 3373 1343 potuit
3401 1275 3577 1326 conti-

2003 1355 2120 1408 neri
2151 1373 2162 1408 :
2196 1371 2314 1423 qttte
2345 1372 2601 1426 rumpens
2652 1361 2860 1414 vincula
2883 1400 2898 1425 ,
2940 1361 3005 1434 ad
3047 1361 3428 1415 monasterium
3461 1378 3580 1414 cum

2005 1451 2088 1506 his
2135 1453 2352 1528 vocibus
2399 1439 2685 1524 properare
2729 1454 2915 1521 cmpit.
2983 1455 3208 1522 Medique
3257 1455 3445 1509 beatus
3500 1458 3580 1508 vir

2005 1540 2247 1611 spiritum
2280 1542 2514 1608 tradidit,
2535 1559 2638 1597 non
2669 1544 2785 1598 sine
2813 1545 3118 1598 testimonio
3149 1545 3409 1610 veritatis,
3439 1547 3582 1616 quod

324 1678 462 1727 tuus,
487 1673 542 1718 et
563 1663 787 1731 qualiter
817 1663 900 1716 hic
941 1671 1094 1716 nocte
1125 1659 1373 1732 praesenti
1404 1658 1682 1728 quiescere
1714 1669 1900 1724 possu-

2019 1632 2075 1686 sit
2101 1644 2380 1702 susceptus
2416 1636 2482 1689 ab
2512 1637 2734 1704 angelis.
2763 1637 3032 1707 Mulir-rem
3081 1655 3293 1707 quoque
3341 1638 3393 1691 in
3434 1654 3588 1693 exse-

324 1752 480 1808 tttus?
510 1754 694 1808 Atille
725 1762 1018 1822 prostratus
1050 1753 1100 1806 in
1125 1753 1422 1806 orationem
1443 1790 1458 1814 ,
1506 1758 1559 1803 et
1600 1747 1902 1806 diutissime

326 1857 514 1911 preces
543 1839 677 1897 fudit
707 1844 771 1900 ad
810 1843 1090 1900 Dominum
1120 1883 1136 1909 ,
1166 1853 1218 1895 et
1246 1843 1459 1911 erigens
1494 1855 1553 1894 se
1585 1838 1772 1893 deﬁxit
1802 1837 1883 1890 vir

326 1950 443 2006 gam
477 1936 526 1988 in
556 1943 692 1990 terra
725 1951 881 2003 quam
929 1949 1090 1987 manu
1128 1933 1378 2004 gerebat,
1418 1944 1647 2000 eamque
1673 1943 1793 1982 cum
1825 1928 1904 1982 bis

325 2033 416 2078 aut
442 2025 603 2079 tertio
631 2027 680 2078 iu
710 2039 899 2094 gyrum
933 2025 1217 2088 vertisset,
1258 2021 1324 2076 ad
1363 2036 1421 2074 se
1444 2022 1601 2074 laetus
1628 2017 1899 2074 extraxit:

327 2130 560 2183 moxque
612 2115 751 2170 unda
800 2130 950 2184 aqua:
990 2125 1174 2170 secuta
1219 2123 1303 2169 est
1330 2121 1436 2168 tam
1470 2111 1678 2175 valida,
1715 2120 1770 2164 ut
1797 2125 1904 2164 non

326 2205 501 2260 solum
531 2207 663 2276 ipsis
692 2207 760 2261 de
784 2207 1055 2275 praesenti,
1081 2207 1176 2262 sed
1199 2206 1360 2260 etiam
1391 2204 1674 2272 pecoribus
1701 2203 1903 2260 aﬁ‘atim

327 2296 582 2367 deinceps
611 2299 794 2366 pocula
829 2299 1178 2352 ministraret.
1207 2296 1528 2366 Nuper-rimo
1557 2306 1738 2349 au'em
1766 2304 1905 2348 tent-

329 2403 460 2458 pore
487 2387 589 2443 iter
615 2403 842 2458 earpens
868 2430 882 2455 ,
918 2391 1128 2444 nimbus
1155 2389 1220 2442 ad
1249 2403 1371 2442 cum
1420 2387 1611 2456 pluviae
1653 2386 1908 2442 advenire

327 2482 493 2551 coepit
519 2499 534 2536 :
564 2498 720 2551 quem
753 2483 842 2536 ille
871 2498 1120 2547 cernens,
1149 2482 1418 2550 paululum
1447 2493 1606 2548 super
1630 2495 1822 2548 equum
1851 2477 1906 2532 in

329 2588 435 2644 quo
463 2574 680 2629 sedebat
708 2583 870 2644 caput
899 2576 1183 2639 inclinans,
1213 2590 1403 2629 manus
1432 2574 1672 2629 extendit
1701 2573 1769 2628 ad
1801 2572 1906 2627 Do-

329 2669 557 2723 minum.
589 2669 962 2736 Consummata
994 2684 1119 2723 vero
1147 2669 1408 2732 oratione,
1440 2668 1607 2721 divisa
1633 2677 1710 2720 εει
1741 2664 1910 2722 nubes

331 2759 384 2816 iu
405 2761 616 2817 duabus
645 2763 913 2830 partibus,
955 2777 1018 2817 ac
1049 2763 1101 2816 itt
1144 2761 1372 2816 circuitu
1422 2776 1608 2816 eorum
1661 2759 1909 2814 immanis

331 2852 615 2918 descendit
643 2855 844 2923 pluvia;
878 2868 1036 2922 super
1063 2868 1158 2907 eos
1190 2862 1387 2918 tamen,
1420 2854 1584 2916 nulla,
1618 2852 1660 2905 si
1693 2851 1796 2905 dici
1827 2851 1908 2905 l'as

333 2954 446 3010 est,
497 2956 644 3014 gutta
692 2945 987 3000 descendit.
1024 2943 1410 2999 Wistrimundo
1439 2959 1676 3014 quoque,
1705 2957 1908 3014 cogno-

2004 1724 2140 1793 quiis
2168 1725 2277 1777 suis
2307 1741 2429 1780 cum
2459 1726 2560 1800 alia
2592 1729 2822 1782 muliere
2851 1730 3091 1797 neqttiori
3135 1729 3326 1796 spiritu
3358 1740 3585 1795 vexata,

2005 1805 2062 1867 ut
2091 1822 2172 1867 Cal.
2210 1810 2235 1849 ἀ
2263 1814 2415 1881 sepul
2453 1831 2510 1867 ro
2542 1823 2714 1869 tectus
2737 1858 2750 1880 ,
2792 1832 2819 1868 a
2857 1817 3088 1885 nequitia
3132 1815 3307 1870 infesti
3339 1817 3588 1873 daemonii

2004 1906 2334 1970 etnundavit.
2372 1907 2433 1958 Et
2481 1907 2673 1971 credo,
2725 1907 2794 1960 ob
2843 1911 2940 1960 hor
2976 1910 3066 1962 Dei
3121 1917 3250 1961 nutu
3278 1909 3492 1962 easdem
3536 1909 3589 1966 in

2005 2011 2230 2064 corpore
2260 2000 2462 2063 positus
2490 2014 2592 2050 non
2628 2000 2796 2066 potuit
2824 2000 2983 2068 526
3005 2005 3322 2066 emundare,
3352 2009 3408 2052 ιιι
3438 2016 3589 2055 exse-

2005 2085 2142 2152 quiae
2191 2084 2332 2138 illius
2389 2085 2487 2139 bac
2542 2088 2732 2140 virtute
2779 2088 3225 2156 gloriﬁcareutur.
3279 2073 3410 2142 Ρυει
3458 2089 3587 2143 cele-

2008 2176 2218 2231 bratum
2261 2193 2387 2231 vero
2429 2177 2623 2244 l‘untts,
2671 2181 2862 2233 mulier
2909 2181 3148 2249 quaedam
3203 2181 3339 2236 rictu
3379 2161 3590 2250 patulo,

2008 2267 2124 2323 sine
2170 2268 2314 2323 vocis
2357 2267 2533 2322 ofﬁcio
2559 2313 2571 2335 ,
2619 2269 2685 2322 ad
2730 2271 2844 2336 eius
2883 2271 3114 2325 accessit
3145 2271 3404 2325 tumulum
3435 2289 3445 2324 ε
3481 2287 3590 2340 quo

2009 2359 2206 2414 osculis
2250 2359 2518 2434 delibato,
2551 2361 2870 2416 elocutionis
2913 2365 3108 2417 meruit
3153 2365 3397 2434 recipere
3429 2365 3589 2419 bette-

2019 2446 2219 2502 ficium.
2521 2447 2523 2450 ’
3357 2443 3360 2446 ’
3397 2451 3399 2453 ’

2085 2538 2251 2593 XXX.
2286 2539 2397 2594 Hoc
2426 2555 2566 2594 anno
2591 2555 2776 2595 mense
2806 2539 3068 2606 secundo,
3101 2551 3205 2596 tam
3239 2543 3289 2595 in
3319 2543 3587 2618 Turouico

2011 2647 2170 2702 quam
2200 2633 2250 2685 in
2282 2632 2594 2687 Namnetico
2624 2631 2798 2699 gravis
2830 2633 3082 2701 populum
3115 2618 3234 2694 lues
3257 2633 3483 2700 attrivit,
3515 2635 3585 2689 ita

2013 2735 2070 2779 ut
2097 2724 2305 2777 modico
2330 2724 2571 2794 quisquis
2595 2733 2825 2792 aegrotus
2857 2724 3048 2792 capitis
3082 2723 3175 2785 dol
3195 2739 3273 2779 ire
3319 2711 3593 2791 pulsatus,

2013 2815 2247 2869 animam
2281 2813 2541 2868 funderet.
2575 2812 2678 2868 Sed
2708 2813 2859 2868 factis
2908 2814 3274 2883 rogationibus
3295 2831 3413 2868 cum
3449 2831 3580 2884 grau

2013 2904 2068 2959 di
2091 2905 2413 2958 abstinentia
2437 2911 2492 2958 et
2512 2903 2736 2973 jejunio,
2769 2905 2988 2976 sociatis
3018 2906 3176 2959 etiam
3207 2901 3585 2985 eleemosynis,

336 2993 526 3091 ita;
547 2993 1510 3102 radiataii‘i.;..;.i'.;',“;i;.;.;;
1527 2993 1910 3102 git—illaaliirc-
1939 2993 1985 3056 ο
2016 2997 2281 3102 idmst“,
2302 2998 2466 3052 ἀίνίίιί
2511 2997 2706 3102 "mis
2738 2999 2964 3102 ίτηρξθιξε
2997 3000 3262 3102 ιιξίιὶεξιιξιξ
3283 3014 3406 3101 ,εῖεις
3437 3001 3591 3101 eruti

309 3165 312 3168 .
338 3123 528 3186 [ebant
557 3125 818 3190 dolorem,
851 3139 914 3180 ex
945 3140 1051 3194 quo
1081 3125 1243 3179 etiam
1290 3126 1502 3178 maxilla
1544 3126 1908 3180 intumuerat:

338 3216 479 3286 quod
508 3232 628 3271 cum
659 3218 812 3286 beato
841 3218 952 3272 viro
984 3219 1144 3289 525
1169 3229 1389 3287 questus
1418 3217 1605 3272 fuisset
1631 3259 1645 3281 ,
1693 3231 1909 3271 manum

339 3326 500 3379 super
527 3312 701 3366 locum
732 3311 934 3366 doloris
964 3312 1237 3380 imposuit,
1270 3313 1558 3382 statimque
1585 3312 1736 3366 dolor
1765 3311 1912 3381 fuga-

341 3411 447 3465 tus,
480 3417 739 3472 nusquam
763 3403 1014 3471 deinceps
1036 3405 1099 3456 ad
1125 3403 1373 3472 injuriam
1399 3403 1627 3456 hominis
1655 3405 1914 3458 excitatus

342 3504 444 3547 est.
490 3493 613 3548 llaec
665 3495 776 3573 ipse
826 3494 915 3564 qui
961 3511 1148 3564 passus
1192 3508 1273 3551 est
1322 3497 1520 3550 retulit.
1558 3496 1630 3550 De
1673 3496 1755 3550 his
1787 3510 1916 3550 vero

343 3588 511 3654 signis
538 3602 656 3655 quae
686 3602 779 3655 per
805 3587 1052 3642 virtutem
1083 3588 1251 3642 sancti
1277 3586 1470 3641 Juliani
1498 3587 1747 3656 martyris
1771 3587 1914 3640 illar-

344 3677 550 3744 tinidue
588 3678 908 3732 confessoris
938 3678 1114 3741 beati,
1149 3677 1200 3731 in
1230 3677 1345 3746 ejus
1387 3676 1632 3730 manibus
1665 3676 1918 3728 Dominus

345 3779 602 3837 operatus
627 3778 729 3834 est,
762 3769 1012 3839 pleraque
1062 3768 1115 3822 in
1156 3768 1304 3823 libris
1335 3767 1738 3832 Miraculoruut,
1782 3769 1920 3820 sicut

348 3859 463 3926 ipse
491 3860 683 3916 eﬁ‘atus
709 3870 811 3925 est,
842 3860 1175 3930 scripsimus.
1203 3860 1328 3915 Post
1357 3861 1452 3914 has
1485 3874 1613 3913 vero
1646 3869 1701 3912 et
1726 3859 1928 3928 multas

349 3953 478 4007 alias
501 3956 760 4016 virtutes,
791 3967 924 4023 quas
970 3952 1184 4008 Christo
1229 3961 1552 4020 cooperante
1598 3950 1919 4018 complevit,

349 4041 566 4096 advenit
589 4041 820 4096 Turonis
852 4051 970 4110 post
997 4041 1338 4098 festivitatem
1365 4040 1534 4093 sancti
1565 4039 1796 4104 Martini,
1826 4039 1924 4093 ibi-

350 4150 454 4203 que
485 4135 752 4201 paululum
783 4145 1166 4199 comtnnratus,
1197 4131 1328 4188 dixit
1361 4133 1514 4187 nobis
1543 4146 1602 4186 se
1636 4133 1773 4184 haud
1809 4131 1927 4184 lett-

354 4238 506 4294 gaevo
531 4232 556 4260 ⁸
586 4233 826 4288 tempore
871 4224 1045 4277 adhuc
1076 4225 1127 4276 in
1161 4227 1276 4276 hoc'
1306 4222 1505 4275 tttttttdo
1547 4221 1801 4285 retineri,
1834 4229 1926 4273 aut

355 4325 503 4381 certe
533 4318 769 4371 velocius
795 4317 1044 4376 dissolvi;
1077 4323 1130 4369 et
1161 4315 1464 4370 valedicens
1487 4313 1746 4367 abscessit
1765 4356 1778 4378 ,
1808 4328 1930 4382 grav

277 4447 290 4452 -
361 4409 454 4462 tias
488 4424 654 4479 agens
682 4409 820 4474 Deo,
853 4409 990 4478 quod
1045 4406 1346 4476 priusquam
1399 4407 1572 4460 obiret
1622 4406 1927 4472 sepulcrum

360 4500 497 4556 beati
524 4503 774 4556 antistitis
797 4503 1023 4555 osculari
1050 4501 1451 4570 promet-uisset.
1476 4500 1713 4567 Cumque
1736 4499 1800 4554 ad
1825 4496 1936 4554 (Ξει-

364 4601 521 4658 lulam
553 4617 704 4657 suam
730 4604 1065 4668 accessisset,
1097 4613 1415 4658 testamento
1444 4601 1469 4640 δ
1495 4603 1714 4658 condito
1734 4643 1750 4667 ,
1781 4603 1930 4656 ordi-

365 4705 502 4760 natis
527 4706 798 4770 omnibus,
830 4721 891 4760 ac
914 4714 1099 4759 sancto
1133 4706 1357 4759 Martino
1385 4706 1699 4776 llilarioque
1726 4707 1934 4760 antisti-

368 4809 503 4862 tibus
561 4807 862 4862 hrcredibus
927 4808 1276 4872 constitutis,
1334 4817 1595 4876 :egrotare
1653 4808 1819 4876 coepit
1874 4823 1939 4862 ac

367 4907 684 4978 dysenteriae
713 4905 898 4962 morbo
925 4907 1155 4974 gravari.
1187 4907 1346 4961 Sexta
1375 4914 1588 4977 quoque
1633 4909 1939 4978 aegrotatio-

437 5071 463 5104 ⁸
505 5061 595 5116 Sic
625 5061 748 5131 Bec.
781 5060 906 5124 Alii,
936 5078 990 5115 se
1015 5070 1103 5114 aut
1134 5061 1371 5131 lonngi.
1404 5062 1569 5115 Porro
1599 5063 1938 5116 l'estiv’tatetn

369 5135 539 5186 sancti
575 5130 777 5184 Martini
827 5132 912 5185 hic
943 5130 1287 5186 tttentorata’tn
1331 5133 1564 5200 intelligo
1618 5133 1943 5184 'l‘rauslatio-

373 5219 492 5256 Item
513 5246 524 5258 .
559 5217 677 5271 qua:
705 5217 754 5254 tv
787 5202 919 5255 Non.
969 5201 1090 5255 Julii
1121 5203 1451 5264 celebratur,
1493 5203 1539 5256 si
1571 5205 1780 5270 quidem
1813 5206 1942 5256 Are-

372 5273 490 5327 dius
517 5272 605 5326 die
634 5287 721 5324 vnt
746 5272 863 5325 Kal.
899 5272 1169 5339 Septemb.
1203 5272 1351 5326 obiit.

444 5363 472 5404 δ
508 5365 685 5431 Ipsum
711 5364 760 5416 in
788 5363 1091 5430 Appendicc
1117 5362 1357 5416 dabimus
1381 5378 1443 5416 ex
1468 5371 1612 5415 tomo
1638 5361 1678 5415 ll
1713 5363 1938 5416 \ualect.

377 5434 648 5489 Mabillon.
685 5432 758 5488 De
784 5433 978 5487 Aredio
1004 5434 1291 5500 Gregorius
1331 5433 1544 5500 scripsit
1571 5433 1621 5485 in
1652 5433 1784 5484 libro
1815 5448 1844 5484 tt
1873 5433 1940 5486 de

379 5503 557 5560 lirac.
605 5503 774 5558 sancti
805 5503 1046 5566 Martini,
1087 5520 1202 5570 cap.
1235 5503 1332 5563 Z9,
1380 5513 1431 5556 et
1470 5504 1560 5555 lib.
1595 5519 1627 5556 Il
1655 5507 1720 5555 de
1765 5502 1940 5556 Gloria

383 5575 533 5630 Mart.
557 5615 570 5631 .
617 5590 735 5640 cap.
768 5573 850 5627 i0.
889 5574 1014 5642 Ejus
1044 5583 1204 5627 Vztum
1251 5572 1385 5628 infra
1425 5573 1696 5634 dabimus,
1753 5583 1942 5638 praeter

2016 3088 2408 3144 Letnovicinatn
2438 3101 2566 3141 vero
2596 3087 2782 3142 utbem
2807 3089 2876 3141 ob
2905 3089 3159 3142 Dominici
3191 3089 3294 3143 diei
3321 3089 3589 3159 iujttriatn,

2015 3194 2114 3250 pro
2139 3195 2204 3233 eo
2231 3177 2446 3249 quodin
2477 3194 2540 3232 eo
2569 3193 2785 3247 operam
2819 3180 3082 3248 publicam
3113 3188 3445 3244 exercerent,
3486 3180 3593 3248 plc-

2017 3267 2167 3338 riq‘ue
2194 3271 2314 3338 igne
2342 3268 2549 3323 cmlesti
2582 3268 2883 3335 consumpti
2915 3281 3057 3322 sunt.
3083 3251 3312 3323 Sanctus
3343 3281 3420 3336 est
3445 3270 3586 3324 enim

2019 3361 2106 3416 hic
2132 3362 2270 3424 dies,
2300 3362 2387 3430 qui
2417 3360 2467 3413 iu
2500 3359 2757 3426 principio
2787 3360 2956 3415 lucetu
2989 3361 3254 3436 epttditant
3286 3363 3482 3429 primus
3516 3361 3597 3413 vi-

2019 3455 2117 3520 dit,
2143 3469 2205 3508 ac
2231 3453 2518 3508 Dotuinice
2541 3454 2950 3506 resurrectionis
2975 3456 3126 3507 ιεειὶε
3153 3437 3320 3507 factus
3346 3439 3594 3507 emicuit:

2021 3545 2247 3614 ideoque
2274 3543 2417 3596 omni
2448 3541 2550 3595 ﬁde
2585 3556 2615 3595 a
2651 3542 2974 3602 Christianis
3001 3544 3270 3600 observari
3302 3543 3492 3604 debet,
3529 3558 3595 3595 ne

2023 3636 2108 3690 ﬁat
2141 3636 2192 3688 iu
2232 3649 2297 3688 eo
2335 3648 2493 3686 omne
2536 3649 2669 3700 opus
2713 3632 3003 3702 publicum.
3045 3633 3412 3687 lu‘Turouico
3464 3646 3595 3687 vero

2022 3726 2261 3781 nonnulli
2289 3727 2356 3779 ab
2399 3726 2499 3778 hoc
2548 3725 2702 3793 igne,
2735 3725 2827 3780 sed
2877 3743 2980 3779 non
3025 3727 3111 3779 die
3160 3727 3432 3781 Dominico
3472 3734 3600 3782 sunt

2023 3816 2218 3871 adusti.
2253 3816 2475 3872 Siet-itas
2527 3816 2780 3868 immensa
2833 3807 3112 3886 l'ttit,'qu.ie
3152 3833 3309 3877 omne
3347 3809 3593 3887 pabulum

2026 3907 2308 3964 herbarum
2337 3909 2530 3963 avertit
2555 3925 2566 3959 :
2603 3908 2743 3962 unde
2773 3909 2968 3966 factum
2998 3920 3080 3964 est
3104 3949 3118 3969 ,
3164 3921 3218 3964 ut
3247 3910 3424 3980 gravis
3453 3926 3598 3965 mor-

2025 4000 2124 4054 bus
2172 4001 2222 4052 iu
2272 3999 2552 4068 pecoribus
2601 4013 2664 4052 ac
2701 3997 2959 4070 jumentis
3002 4000 3367 4065 invalescens,
3414 4015 3596 4068 parum

2027 4093 2168 4148 uade
2196 4101 2499 4146 sumeretur
2524 4091 2671 4160 origo
2687 4090 3037 4162 relinqueret;
3057 4093 3192 4145 sicut
3217 4092 3458 4154 [labat-uc
3476 4074 3600 4160 pro;

2028 4184 2184 4252 pheta
2217 4181 2529 4236 vaticinatus
2549 4190 2632 4234 est
2659 4198 2671 4233 :
2702 4180 2946 4247 Deﬁcient
2977 4180 3040 4232 ab
3061 4197 3185 4234 tesca
3226 4198 3337 4234 oves
3363 4222 3379 4246 ,
3410 4190 3454 4234 et
3497 4198 3599 4238 non

2031 4285 2175 4328 erunt
2203 4275 2255 4327 in
2281 4272 2590 4341 prwsepibus
2629 4271 2773 4324 boves
2799 4269 3024 4339 (llabac.
3053 4287 3126 4335 ιιι,
3163 4272 3271 4340 17).
3307 4271 3419 4325 Non
3442 4273 3602 4326 ntodo

1956 4357 2012 4417 D
2037 4366 2261 4421 enim-in
2294 4363 2633 4428 domesticis,
2668 4364 3053 4417 verumetiam
3102 4365 3152 4416 itt
3203 4363 3332 4432 ipsis
3376 4363 3602 4416 ferarum

2041 4459 2320 4526 itmnitium
2347 4455 2633 4526 generibus
2659 4454 2772 4508 haec
2803 4455 2916 4527 lues
2947 4464 3180 4523 grassata
3208 4464 3309 4508 est.
3341 4448 3481 4508 Nam
3512 4468 3605 4523 per

2039 4537 2206 4610 Saltus
2252 4548 2504 4602 silvarum
2547 4546 2830 4600 multitudo
2867 4560 3147 4599 cervorum
3176 4553 3233 4599 et
3278 4546 3603 4615 reliquorum

2042 4638 2390 4691 animantium
2423 4645 2683 4705 prostrata
2716 4652 2810 4706 per
2863 4636 3001 4689 invia
3034 4648 3189 4691 nacta
3217 4646 3323 4692 est.
3356 4637 3556 4704 Fcnum
3582 4646 3607 4676 ε

2044 4729 2110 4780 ab
2137 4727 2397 4795 ittfttsiottc
2417 4717 2787 4794 pluviztrutn'et
2805 4727 3152 4783 inundatione
3173 4729 3409 4783 amnium
3431 4728 3612 4798 periit,

2039 4802 2252 4886 segetes
2281 4816 2488 4886 exiguae
2511 4858 2525 4880 ,
2560 4818 2727 4882 vinea:
2753 4832 2877 4874 vero
2915 4819 3148 4886 profusae
3189 4818 3431 4887 fuerunt;
3456 4836 3613 4890 quer-

2047 4924 2206 4964 cuum
2235 4909 2438 4964 fructus
2455 4909 2655 4967 osteusi
2676 4910 2922 4965 ell'ectum
2951 4927 3059 4966 non
3086 4912 3448 4969 obtinuerunt.

2049 5082 2166 5120 eam
2197 5080 2314 5132 qua:
2347 5065 2483 5118 inter
2516 5066 2644 5118 Acta
2670 5067 2769 5121 SS.
2797 5066 3009 5122 Ordinis
3042 5070 3204 5121 nostri
3227 5068 3367 5122 edita
3395 5077 3478 5120 est
3503 5070 3615 5123 Sae-

2050 5139 2169 5189 cqu
2199 5151 2210 5188 ι
2258 5135 2628 5259 geloledimiuo,
2659 5152 2774 5206 pag.
2806 5135 2933 5192 549i
2964 5138 3022 5192 Ei
3053 5139 3265 5205 scripsit
3296 5138 3618 5196 Fortunatus

2050 5222 2211 5259 carm.
2243 5213 2276 5256 ἵ.
2356 5222 2424 5258 ι).
2461 5221 2507 5259 v.

2046 5222 2211 5259 carm.
2243 5213 2312 5259 ‘20
2335 5213 2424 5258 lib.
2461 5221 2507 5259 v.

2123 5306 2144 5332 c
2186 5294 2555 5368 μειιιιιγιιοὶιιυε
2611 5295 2845 5359 Srilicet,
2902 5294 3052 5362 cujus
3111 5295 3289 5362 populi
3347 5299 3620 5364 apostolus

2051 5363 2304 5418 Martialis
2337 5364 2455 5417 l'uit.

2119 5431 2144 5469 ἀ
2184 5432 2462 5512 Casittcus,
2488 5447 2683 5486 vexata.
2724 5432 2845 5485 l’ost
2890 5433 3138 5485 celebrato
3191 5453 3304 5489 vero
3348 5437 3526 5507 funere
3565 5444 3620 5492 ut

2050 5514 2152 5561 ρει,
2187 5516 2290 5556 Cic.

2121 5575 2139 5596 ‘
2175 5574 2325 5638 BJtl.,
2376 5585 2424 5626 ut
2450 5584 2594 5627 nario
2623 5584 2690 5626 cs!
2713 5575 2902 5641 [ettutrr
2929 5576 3014 5642 ab,
3047 5587 3148 5631 ctr.
