3928 6184
389 153 492 209 563

1377 145 1434 202 S.
1475 139 1797 198 GREGORII
1841 137 2144 193 EPISCOPl
2186 136 2609 193 TURONE‘NSIS
3503 134 3588 187 564

460 267 650 325 xxx}.
695 267 769 322 De
798 273 826 303 ι
851 261 1115 332 episcopis
1143 259 1421 313 Turonicis
1472 258 1594 311 licet
1622 257 1672 309 iu
1713 253 1953 319 superio-
1985 253 2032 311 Α
2057 251 2122 303 de
2150 250 2368 318 regione
2396 248 2700 310 Pannoniae,
2728 246 2941 300 civitate
2965 244 3199 299 Sabarize
3223 263 3233 295 :
3266 246 3348 312 qui
3378 247 3442 298 ob
3461 261 3590 302 amo-

386 361 538 417 ribus
589 357 738 415 tibris
785 352 1029 424 quaedam
1073 351 1353 420 scripsisse
1401 349 1543 402 visus
1588 348 1724 409 sim,
1779 356 1950 398 tamen

387 461 606 522 propter
634 444 1021 504 ordinationem
1051 458 1234 497 eorum
1263 453 1314 495 et
1361 441 1812 508 suppuL'ttionem,
1846 452 1952 505 quo

390 555 625 609 tempore
655 537 882 606 primum
915 533 1229 601 praedicator
1273 533 1336 583 ad
1381 529 1695 582 Turonicctm
1727 530 1953 580 accessit

388 635 599 695 urbem,
634 628 968 693 reciprocare
999 625 1211 691 placuit.

301 766 304 769 -
456 726 508 778 Ι.
549 722 757 776 Primus
787 718 1040 772 Gatianus
1073 719 1097 753 υ
1126 716 1406 783 episcopus
1426 751 1443 776 ,
1477 713 1632 783 527
1665 726 1820 766 emno
1849 711 1949 762 im-

297 805 317 880 ,Ϊ
386 813 517 884 perii
549 811 688 866 Decii
723 812 916 880 primo,
943 824 970 860 ιι
998 808 1247 860 Romanae
1275 805 1413 858 sedis
1443 819 1574 870 papa
1606 803 1951 886 transmissus

383 915 511 960 est:
551 905 603 957 in
633 918 736 970 qua
780 906 909 954 urbe
939 895 1220 951 multitudo
1263 908 1589 964 paganorum
1634 890 1951 945 idololatriis

384 994 562 1050 dedita
602 989 1061 1051 commorabatur;
1102 988 1168 1040 de
1197 985 1390 1054 quibus
1431 984 1713 1036 nonnullos
1747 983 1950 1050 praedi-

384 1087 594 1140 catione
618 1099 711 1138 sua
746 1081 983 1136 converti
1015 1077 1140 1133 fecit
1165 1077 1229 1131 ad
1282 1078 1582 1130 Dominum.
1625 1075 1730 1130 Sed
1782 1075 1946 1128 inter-

383 1180 507 1232 dum
536 1176 810 1234 occulebat
856 1190 914 1228 se
943 1174 1011 1225 ob
1056 1172 1506 1240 impugnati-ncm
1537 1177 1807 1234 potentum
1831 1208 1844 1229 ,
1884 1184 1950 1221 eo

384 1269 524 1338 quod
567 1267 760 1334 sacpius
787 1279 906 1318 eum
941 1262 1145 1330 injuriis
1192 1272 1243 1314 et
1269 1259 1607 1313 contumeliis
1637 1272 1755 1313 cum
1799 1272 1948 1324 repe-

386 1367 563 1411 reraut
604 1356 936 1418 allecissent,
979 1367 1041 1404 ac
1070 1366 1162 1418 per
1208 1359 1421 1418 cryptas
1465 1359 1522 1402 et
1572 1347 1788 1401 latibula
1827 1363 1945 1399 cum

386 1446 565 1515 paucis
591 1442 924 1502 (Iliriqiauis,
958 1450 1011 1492 ιιι
1043 1439 1294 1501 diximus,
1331 1452 1422 1506 per
1451 1437 1694 1491 eumdem
1726 1452 1946 1490 conver-

382 1539 489 1598 sis,
540 1533 849 1601 mysterium
893 1529 1246 1584 solernnitatis
1275 1527 1378 1582 dici
1412 1528 1669 1581 Dominici
1702 1528 1946 1581 clanculo

2057 355 2165 393 rem
2195 337 2283 393 Dei
2314 338 2449 404 apud
2500 340 2684 391 urbem
2733 338 3179 391 Mediolanensem
3209 336 3365 390 ltalirc
3386 381 3401 405 ,
3443 340 3596 408 primo

2053 431 2429 480 monasterium
2461 427 2622 497 528
2648 429 2951 492 constituit;
2984 428 3076 480 sed
3125 427 3192 480 ab
3222 427 3498 492 hazreticis,
3538 445 3597 484 eo

2052 519 2190 582 qttnd
2220 529 2458 569 sanctam
2489 515 2802 569 Trinitatem
2836 517 3129 584 intrepidus
3161 518 3477 585 prtedicnret,
3506 522 3597 574 vir-

2050 607 2130 674 gis
2160 622 2328 659 cmsus
2357 615 2381 652 8
2413 615 2570 672 atque
2599 606 2849 673 expulsus
2881 607 2947 659 de
2997 607 3141 659 Italia
3163 644 3179 670 ,
3213 609 3260 659 in
3290 607 3478 661 Gallias
3515 626 3596 663 ac-

2050 697 2244 760 cessit;
2280 698 2475 749 multos
2506 712 2825 765 paganorum
2859 697 3098 750 converti
3131 697 3273 760 fecit,
3309 699 3489 764 templa
3517 715 3599 752 eoa

2050 799 2166 837 rum
2219 793 2530 853 statuasque
2567 785 2863 854 confregit,
2915 785 3144 853 fecitque
3193 787 3349 838 nudta
3379 787 3515 856 signa
3553 790 3596 841 in

2055 875 2308 941 pepulos,
2369 875 2438 928 ita
2493 882 2550 925 ut
2579 885 2701 928 ante
2750 875 3116 943 episcopatum
3167 876 3297 928 duos
3341 877 3599 931 suscitaret

2051 978 2322 1031 mortuos,
2373 978 2492 1035 post
2527 968 2891 1034 episc0patutn
2923 979 3135 1030 autem,
3181 983 3340 1020 unum
3385 977 3600 1021 lautum-

2052 1061 2208 1115 modo
2237 1059 2534 1113 suscitavit.
2566 1060 2660 1112 llic
2693 1060 2961 1112 trait-tulit
2987 1074 3181 1127 corpus
3222 1060 3358 1111 beati
3389 1060 3600 1124 Gatiani,

2050 1155 2396 1220 sepelivitque
2428 1155 2602 1221 ipsum
2626 1152 2776 1220 juxta
2801 1153 3102 1218 sepulcrum
3133 1152 3301 1205 sancti
3332 1150 3524 1217 Litorii,
3557 1153 3602 1206 in

2052 1243 2141 1298 illa
2171 1245 2401 1298 nominis
2425 1245 2503 1296 sui
2528 1244 2745 1313 ρτςνιιιιιι
2779 1243 3018 1296 basilica.
3054 1242 3149 1296 llic
3176 1241 3437 1308 prohibuit
3458 1242 3606 1294 Maxi-

2052 1351 2215 1399 mum,
2242 1351 2308 1388 ne
2334 1335 2566 1404 gladium
2597 1335 2649 1387 in
2685 1334 2987 1402 Hispaniam
3019 1334 3086 1385 ad
3117 1332 3502 1386 interﬁciendos
3520 1331 3605 1386 de-

2049 1429 2274 1481 stinaret
2321 1427 2603 1479 haireticos
2632 1421 2658 1460 ιι
2686 1443 2697 1476 :
2727 1426 2918 1493 quibus
2947 1424 3192 1477 sufﬁcere
3234 1423 3435 1489 statuit,
3475 1421 3603 1490 quod

2051 1531 2079 1568 a
2101 1517 2480 1570 catholicorum
2510 1515 2757 1569 ecclesiis
2798 1525 2975 1568 essent
3009 1514 3093 1566 vel
3125 1513 3493 1566 communicare
3530 1529 3605 1564 re-

382 1626 709 1684 οειειηηικιι,
756 1622 883 1675 Emi
919 1628 1094 1673 autem
1144 1618 1298 1672 vame
1345 1618 1623 1685 religiosus
1662 1628 1714 1672 et
1757 1620 1946 1673 timens
1983 1621 2023 1678 Β
2051 1608 2200 1660 moti.
2228 1606 2607 1659 Consummato
2637 1621 2764 1674 ergo
2805 1605 3080 1672 prmsentis
3109 1604 3230 1656 vitae
3276 1617 3459 1666 cursu,
3488 1603 3608 1656 obiit

387 1719 546 1777 Deum
573 1734 586 1767 ι
614 1726 666 1766 ιιι
699 1714 795 1766 nisi
847 1712 1029 1764 fuisset
1059 1710 1207 1776 talis,
1239 1723 1344 1761 non
1389 1709 1565 1777 utique
1595 1710 1812 1775 domos,
1859 1725 1949 1778 pa-

383 1817 562 1869 rentes
583 1818 632 1860 et
665 1806 886 1873 [uiti-iam
919 1806 986 1856 ob
1013 1802 1267 1855 Dominici
1293 1803 1491 1853 amoris
1517 1801 1844 1870 diligentiam
1869 1817 1949 1856 rc-

357 1915 360 1918 ί
386 1898 648 1976 liquisset.
694 1897 748 1949 lu
776 1895 872 1947 hac
901 1893 1028 1946 urbe
1065 1892 1163 1944 sub
1189 1892 1276 1944 tali
1308 1889 1630 1953 conditione,
1664 1900 1722 1943 ut
1751 1892 1942 1956 lerunt,

381 2003 550 2042 annos
587 1984 964 2055 quinquaginta
1007 1991 1395 2044 cummoratus,
1430 1981 1561 2034 obiit
1591 1981 1640 2033 in
1677 1997 1804 2048 pace
1831 2022 1844 2043 ,
1896 1994 1947 2036 et

381 2078 620 2148 sepultus
641 2084 723 2130 est
747 2075 798 2128 in
831 2074 994 2139 ipsius
1016 2072 1115 2126 vici
1140 2073 1467 2136 cmmeterio,
1499 2072 1636 2138 quod
1659 2081 1772 2124 erat
1796 2073 1950 2126 Chri-

380 2173 703 2236 stianorum;
735 2179 787 2221 et
825 2167 1054 2226 cesSavit
1100 2165 1438 2239 episcopatus
1493 2161 1706 2243 triginta
1741 2174 1945 2232 septem

381 2265 535 2326 annis
563 2273 608 2317 ο.

453 2339 508 2407 ἓξ
549 2352 846 2414 Secundus,
873 2365 1013 2403 anno
1043 2349 1248 2414 imperii
1277 2347 1582 2402 Constantis
1621 2347 1791 2416 primo
1812 2387 1827 2410 ,
1860 2347 1948 2402 Li-

385 2449 551 2509 torius
581 2444 604 2481 α
632 2446 907 2499 ordinatur
955 2441 1234 2510 episcopus
1274 2457 1289 2495 :
1340 2440 1435 2493 fuit
1482 2451 1655 2493 autem
1703 2442 1772 2495 de
1819 2443 1950 2494 civi-

384 2544 482 2595 bus
511 2540 807 2601 Turonicis,
831 2547 883 2596 et
913 2537 998 2590 hic
1025 2537 1177 2588 valde
1206 2534 1510 2604 religiosus.
1547 2535 1639 2589 llic
1667 2537 1952 2591 aedificavit.

380 2633 661 2696 ecclesiam
695 2632 914 2702 primam
942 2629 1073 2686 infra
1105 2629 1287 2686 urbem
1319 2629 1358 2681 Τ
1364 2628 1654 2693 ur0uicam,
1691 2646 1810 2682 cum
1837 2630 1947 2698 jam

379 2726 530 2781 muiti
565 2721 851 2786 Christiani
897 2731 1120 2788 essent;
1157 2721 1427 2789 primaque
1456 2721 1523 2774 ab
1568 2737 1632 2774 eo
1677 2737 1742 2774 ex
1790 2721 1949 2776 domo

376 2815 654 2886 cujusdam
676 2815 960 2877 senatoris,
985 2813 1202 2868 basilica
1229 2811 1360 2865 facta
1389 2822 1489 2864 est.
1519 2811 1681 2879 ""le
1711 2821 1948 2878 tempore

375 2916 592 2962 sanctus
613 2906 865 2960 Martinus
895 2906 944 2956 in
964 2901 1065 2967 Gal
1084 2903 1148 2956 is
1173 2901 1458 2970 praedicare
1481 2918 1700 2956 exorsus
1725 2912 1825 2955 cst.
1853 2903 1949 2957 Se-

373 2997 452 3052 dit
475 3007 651 3051 autcm
683 3010 851 3050 annos
881 2994 1092 3064 triginta
1127 3004 1232 3046 tres
1268 3001 1312 3058 ο,
1340 3003 1392 3046 et
1417 2993 1548 3046 obiit
1578 2995 1627 3045 in
1663 3008 1820 3060 pace,
1861 3011 1945 3047 se-

378 3088 661 3158 pultusque
690 3093 774 3140 est
807 3087 854 3138 in
885 3085 1244 3153 suprascripta
1274 3083 1515 3150 basilica,
1539 3099 1654 3152 qua:
1684 3084 1944 3154 hodieque

371 3179 488 3248 ejus
517 3180 728 3232 nomine
756 3177 1036 3230 vocitatur.
1137 3229 1141 3233 _

440 3268 497 3324 3.
537 3270 769 3334 Tertius,
795 3277 1012 3324 sanctus
1053 3265 1325 3329 Martinus,
1355 3281 1494 3318 anno
1533 3277 1718 3327 octavo
1749 3267 1940 3322 Valen-

370 3361 440 3427 tis
465 3370 519 3416 et
546 3359 896 3414 Valentiniani
914 3357 969 3426 Ι,
997 3358 1279 3428 episcopus
1299 3357 1590 3413 ordinatur.
1622 3357 1742 3420 Fuit
1763 3369 1937 3426 autem

443 3513 472 3542 ι
509 3504 619 3558 lloc
647 3513 807 3570 caput
846 3504 994 3556 deest
1024 3502 1074 3554 in
1115 3503 1267 3556 Alex.

441 3571 471 3613 δ
509 3573 604 3626 Ed.
638 3575 895 3641 plerique,
926 3571 1233 3633 Gratianus;
1261 3570 1414 3624 Colb.
1447 3588 1541 3638 m.,
1578 3573 1840 3629 (Julianus.

442 3653 466 3682 ε
506 3641 714 3707 Casin.,
736 3658 929 3694 xxxvm
955 3644 1088 3694 sicut
1107 3652 1159 3694 et
1182 3641 1437 3704 Bec.;.~ed
1459 3644 1708 3708 taicsupra
1734 3661 1819 3698 vm
1846 3646 1938 3700 ba-

368 3722 454 3786 bet
484 3722 566 3786 t3;
599 3723 738 3775 unde
766 3723 994 3787 coujicio
1025 3722 1122 3788 legi
1167 3723 1362 3774 debere
1391 3734 1598 3790 septem,
1630 3737 1787 3791 atque
1811 3727 1935 3779 ulti-

366 3808 510 3845 mum
539 3793 557 3844 ἱ
589 3793 799 3847 incaute
825 3793 892 3845 ab
935 3792 1244 3844 amauucnsi
1277 3791 1435 3843 tuisse
1468 3792 1722 3844 additum.
1757 3795 1934 3851 Sancti

365 3858 572 3916 Gatiani
616 3862 804 3916 festum
841 3861 1139 3916 celebratur
1168 3877 1232 3914 xv
1263 3861 1375 3913 Kal.
1402 3862 1618 3914 .lanuar.
1659 3863 1788 3932 Ejus
1812 3882 1936 3921 vero

364 3947 574 3986 sacrum
608 3947 801 3998 corpus
829 3947 947 3984 cum
990 3932 1105 3984 aliis
1146 3943 1446 3983 sattClotltttt
1488 3934 1723 4001 reliquiis
1754 3952 1779 3985 a
1811 3938 1933 3988 (lal-

364 4002 588 4059 vinianis
604 4003 863 4056 haereticis
879 4018 967 4055 an.
994 4001 1131 4056 156:2
1146 4002 1336 4054 cumbu
1349 4013 1482 4053 ~tnm
1506 4015 1606 4055 est.
1622 4033 1692 4043 —
1707 4007 1931 4060 Sanctus

299 4103 301 4105 ι
363 4071 616 4126 Catianus
639 4075 690 4126 in
720 4073 997 4126 caemeterio
1025 4075 1122 4125 vici
1140 4073 1374 4138 sepultus
1397 4072 1609 4136 dicitur,
1641 4077 1776 4130 quod
1801 4077 1928 4129 olim

365 4143 627 4198 exstitisse
669 4159 734 4196 eo
790 4143 906 4196 loco
951 4153 1193 4208 putatur,
1243 4143 1327 4194 ubi
1379 4153 1557 4209 postea
1603 4148 1826 4200 ecclesia
1880 4150 1928 4201 in

362 4211 528 4268 beata:
571 4214 1032 4285 Maritehonorem
1061 4224 1329 4285 essuueta
1359 4214 1482 4275 fuit,
1515 4230 1634 4282 qua:
1666 4215 1931 4285 hodieque

361 4293 559 4352 perstat
592 4284 877 4352 parochiali
912 4283 1064 4336 titulo
1088 4283 1343 4335 illustrata
1371 4285 1469 4336 sub
1494 4288 1706 4337 nontine
1732 4283 1931 4341 sancta:

360 4351 538 4406 Maria-
573 4351 776 4408 Divitis.
812 4353 1024 4407 Nullum
1067 4366 1240 4405 tamen
1267 4353 1336 4404 ibi
1368 4362 1612 4422 superest
1644 4358 1931 4422 sepultura:

361 4422 499 4476 beati
531 4426 735 4478 Gatiani
772 4425 1070 4494 vestigium,
1095 4425 1234 4491 quod
1266 4423 1352 4494 ille
1372 4421 1515 4494 forte
1542 4421 1929 4493 patdoipostea,

361 4494 436 4561 uti
469 4495 600 4548 intra
629 4512 772 4548 num.
799 4495 832 4547 5
863 4491 1076 4557 dicitur,
1109 4496 1160 4545 in
1192 4491 1470 4546 erclesiam
1505 4496 1673 4548 sancti
1709 4491 1931 4561 Lidorii,

361 4559 519 4632 fuerit
544 4579 571 4614 a
618 4575 801 4617 sancto
847 4565 1071 4617 Martiuo
1103 4563 1388 4615 translatus
1410 4602 1423 4621 ,
1458 4573 1615 4631 atque
1645 4565 1727 4618 sibi
1772 4559 1934 4632 prope

363 4631 536 4703 ipsum
582 4632 641 4685 Li
667 4634 852 4686 'orium
895 4635 1186 4701 depositus.
1239 4633 1372 4688 llinc
1405 4635 1488 4689 illa
1519 4631 1781 4700 ecclesia,
1815 4652 1934 4703 qua:

361 4702 596 4770 ninnium
631 4703 774 4757 urbis
802 4703 1171 4770 antiquissima
1211 4719 1331 4757 esse
1368 4704 1634 4769 creditur,
1671 4714 1724 4759 et
1753 4702 1934 4760 cathe-

361 4769 530 4842 dralis
569 4772 722 4825 titulo
751 4773 990 4842 gaudet1
1022 4774 1142 4825 licet
1184 4773 1315 4826 alios
1361 4786 1608 4841 agnoscat
1661 4786 1928 4842 patronus,

363 4841 630 4913 pra'cipue
676 4851 914 4895 sant-tum
937 4840 1292 4913 Mauricium,
1327 4840 1588 4913 hodieque
1617 4840 1793 4900 taliten
1833 4847 1934 4901 sub

361 4911 536 4968 sancti
558 4911 763 4966 Gatiani
809 4911 1022 4964 nomine
1065 4913 1238 4965 notior
1265 4924 1364 4966 i-St.

433 4981 460 5033 d.
500 4984 652 5035 tiolb.
679 4998 747 5034 ιιι.
774 4993 822 5033 et
859 4981 1011 5044 Bad.,
1045 4981 1308 5034 Littorius.
1336 4986 1481 5045 ϐαρ..
1509 4995 1640 5048 etc.,
1674 4985 1930 5039 Lidorius.

359 5050 561 5124 Colitur
591 5054 677 5114 die
702 5050 766 5106 l5
794 5051 1067 5117 Septemb.
1098 5051 1226 5107 Vide
1273 5061 1381 5105 not.
1408 5055 1457 5106 in
1490 5054 1584 5112 lib.
1619 5071 1655 5118 ι,
1688 5072 1807 5124 cap.
1835 5059 1929 5110 ult.

435 5131 459 5194 ξ
499 5123 701 5194 Casin.,
735 5124 941 5194 triginta
970 5131 1098 5175 octo.

438 5189 457 5227 ί
499 5192 648 5247 (ΣοΙΙι.
681 5210 751 5264 In.
783 5189 837 5245 et
859 5193 988 5264 Reg
1019 5236 1033 5258 ,
1065 5208 1198 5264 anno
1224 5208 1358 5244 nono
1395 5191 1620 5264 Valentis
1643 5195 1930 5264 episcopus.

368 5263 549 5313 Annus
597 5262 813 5316 octavus
857 5262 1208 5317 Valentiniani
1251 5263 1468 5330 inrmpit
1529 5281 1712 5318 mense
1771 5262 1928 5319 Febr.

363 5334 486 5398 anni
515 5330 637 5392 571,
669 5335 731 5384 ad
776 5350 919 5398 ptem
950 5349 1012 5386 ex
1047 5335 1145 5388 hoc
1176 5335 1290 5385 locri
1322 5335 1614 5386 revocanda
1647 5348 1722 5387 est
1763 5337 1930 5391 Sancti

364 5395 571 5453 Martini
600 5395 896 5464 ordinatio,
929 5406 1188 5469 siquidem
1223 5406 1336 5466 ejus
1375 5405 1660 5458 celebritas
1684 5405 1793 5470 jam
1833 5409 1933 5460 sub

364 5470 625 5536 Pentheum
651 5471 733 5524 die
759 5471 788 5520 3
817 5471 940 5523 Julii
982 5477 1329 5526 recolebatur.

401 5607 407 5613 _
435 5551 460 5591 tt
501 5538 554 5595 Id
586 5556 752 5608 ipsum
789 5553 963 5594 narrat
991 5547 1218 5598 Severus
1250 5547 1299 5597 in
1329 5545 1445 5614 ejus
1477 5545 1607 5598 Vita.

2049 1699 2185 1766 apud
2217 1698 2602 1752 Condatensem
2653 1698 2825 1749 vicum
2869 1696 3015 1748 urbis
3041 1709 3149 1748 sua:
3177 1736 3190 1755 ,
3236 1710 3376 1747 anno
3402 1703 3608 1760 octoge-

2049 1789 2182 1842 simo
2222 1788 2392 1855 primo
2435 1789 2627 1841 :etatis.
2676 1787 2747 1840 De
2789 1801 2895 1854 quo
2937 1789 3053 1838 vico
3083 1785 3296 1854 navigio
3342 1785 3604 1844 sublatus,

2050 1879 2274 1932 TUronis
2295 1887 2376 1930 est
2400 1879 2657 1944 sepultus,
2675 1875 2725 1928 in
2745 1877 2862 1930 loco
2884 1891 2986 1942 quo
3010 1891 3147 1928 nunc
3174 1875 3427 1927 adorator
3448 1873 3606 1945 [Bec.,

2049 1964 2361 2037 adornatur]
2393 1967 2695 2033 sepulcrum
2739 1964 2856 2034 ejus
2882 1982 2894 2017 :
2925 1966 2990 2018 de
3019 1965 3169 2033 cujus
3219 1965 3321 2016 vita
3350 1975 3495 2017 tresa
3525 1965 3608 2018 Se-

2053 2073 2177 2112 vero
2206 2058 2438 2125 Sulpicio
2466 2057 2628 2110 libros
2657 2057 2990 2124 conscriptos
3017 2056 3265 2124 legimus.
3289 2056 3391 2109 Sed
3414 2063 3464 2107 et
3486 2071 3607 2122 prte-

2049 2149 2186 2202 senti
2219 2157 2455 2216 temp-tre
2487 2148 2666 2200 multis
2711 2162 2769 2201 se
2798 2148 3077 2200 virtutibus
3109 2147 3370 2200 declarat.
3413 2146 3464 2197 In
3509 2163 3608 2197 mu-

2051 2240 2282 2293 nasterio
2313 2255 2437 2291 vero
2465 2240 2601 2307 quod
2650 2253 2790 2292 nunc
2821 2238 2985 2305 Majas
3022 2236 3035 2274 ί
3073 2239 3303 2300 dicitur,
3356 2239 3608 2291 basilicam

2049 2329 2103 2383 in
2136 2329 2388 2381 honorem
2438 2336 2739 2380 sanctorum
2789 2329 3148 2396 apostolorum
3205 2330 3345 2382 Petri
3386 2339 3436 2382 et
3476 2327 3606 2381 Pauli

2051 2420 2367 2475 mdifrcavit:
2401 2420 2450 2472 in
2502 2421 2631 2472 vicis
2662 2434 2901 2488 quoque,
2936 2421 2984 2471 id
3031 2431 3112 2472 est
3162 2419 3513 2488 A'ingaviensi
3566 2416 3605 2482 ἱ,

2050 2514 2428 2578 Solonacensi,
2483 2513 2842 2576 Ambaciensi,
2875 2513 3051 2566 Cisom
3091 2515 3275 2581 gensi,
3328 2515 3608 2566 Torttoma-

2049 2609 2220 2679 gensi,
2253 2608 2596 2671 Condatensi,
2626 2607 2910 2660 destructis
2941 2608 3196 2667 delubris,
3239 2608 3609 2674 baptizatisquc

2049 2699 2360 2768 gentilibus,
2411 2697 2668 2752 ecclesias
2697 2697 2999 2750 aediﬁcavit.
3040 2697 3187 2753 Sedit
3235 2709 3409 2752 autem
3457 2715 3608 2753 anno!

2049 2791 2232 2860 viginti
2255 2806 2373 2853 sex,
2401 2802 2608 2841 menses
2634 2799 2860 2855 quatuor
2889 2786 2934 2848 κ,
2957 2790 3069 2843 dies
3099 2791 3283 2859 viginti
3317 2801 3535 2860 septem,
3565 2798 3610 2845 el

2051 2881 2278 2937 cessavit
2318 2879 2806 2947 episcopatusdies
2853 2880 3055 2950 viginti.

1974 2973 2018 3036 C
2121 2971 2175 3024 4.
2216 2971 2478 3036 Quartus,
2533 2969 2768 3022 Briccius
2798 2970 3075 3022 ordinatur
3127 2973 3442 3039 cpiscopus,
3485 2987 3612 3024 anno

2048 3060 2261 3117 Arcadii
2291 3072 2343 3116 et
2371 3061 2588 3114 l-lonorii
2621 3060 2890 3123 secundo,
2923 3076 3041 3114 cum
3088 3063 3290 3130 pariter
3322 3073 3607 3131 regnarent.

2048 3152 2169 3206 Fuit
2212 3162 2384 3206 autem
2435 3152 2567 3204 civis
2622 3151 2961 3215 Turonicus,
3011 3152 3095 3204 cui
3150 3154 3424 3222 trigesimo
3469 3155 3608 3206 tertio

2048 3245 2209 3316 529
2236 3243 2579 3312 episeopaius
2613 3259 2773 3309 anno,
2804 3247 3000 3298 crimen
3053 3246 3301 3300 adulterii
3342 3257 3422 3301 est
3451 3249 3606 3314 itnpa-~

2047 3342 2189 3388 ctum
2223 3350 2253 3386 a
2279 3336 2480 3388 civibus
2521 3333 2800 3388 'l‘uronicis
2828 3353 2840 3388 :
2867 3347 3195 3405 expulsoque
3235 3353 3334 3403 eo,
3371 3337 3606 3392 Iustinia-

2118 3512 2145 3552 ¹ι
2186 3515 2630 3577 l’t‘iscillianistas,
2679 3516 2911 3579 scilicet,
2961 3532 3092 3584 quos
3140 3515 3421 3576 Maximus,
3465 3517 3604 3569 insti-

2045 3595 2203 3653 gante
2233 3586 2433 3639 lthacio
2460 3586 2736 3655 episcopo,
2755 3586 2988 3655 jusserat
3016 3587 3190 3653 gladio
3219 3585 3562 3640 animadverti
3591 3605 3601 3638 :

2047 3650 2167 3718 una:
2198 3671 2282 3709 res
2307 3659 2569 3709 maximas
2612 3650 2660 3706 in
2696 3650 2933 3710 Ecclesia
2967 3650 3145 3708 turbas
3168 3659 3442 3710 excitavit.
3485 3657 3605 3709 Vide

2047 3723 2320 3793 Dialog-um
2351 3727 2384 3778 3‘
2415 3725 2598 3780 Severi
2629 3727 2864 3792 Sulpicii,
2895 3725 2981 3794 qui
3006 3735 3057 3779 et
3087 3726 3328 3794 ejusdem
3355 3727 3604 3780 hzereseos

2041 3805 2215 3847 ortum
2247 3809 2302 3848 et
2348 3811 2692 3861 progressum
2725 3798 2889 3848 fusius
2928 3797 3212 3864 dest-ripsit
3241 3799 3342 3851 sub
3375 3800 3524 3851 linem
3553 3797 3605 3850 li-

2044 3864 2122 3917 bri
2166 3881 2198 3916 ιι
2231 3867 2475 3919 Historia:
2506 3881 2689 3919 sacrm.

2120 3933 2132 3970 ί
2183 3936 2255 3988 De
2289 3937 2500 3998 Maioris
2547 3936 2847 3988 lllonasterii
2881 3937 3084 4004 origine
3105 3978 3120 3999 ,
3153 3937 3603 3989 etquonachorum

2043 4004 2111 4056 ibi
2143 4007 2444 4071 degentium
2479 4007 2811 4059 sanctissima
2846 4011 2982 4067 vita,
3019 4007 3164 4072 plura
3199 4008 3360 4059 habet
3387 4007 3604 4061 Severus

2042 4076 2307 4141 Sulpicius
2337 4077 2387 4127 in
2423 4075 2535 4126 Vita
2566 4078 2730 4128 saneti
2761 4075 2987 4130 Martini.
3016 4079 3271 4142 Superest
3293 4078 3447 4128 etiam
3477 4089 3605 4127 nunc

2039 4147 2250 4198 celebre
2279 4145 2452 4198 ordini
2483 4147 2821 4199 Benedictum
2845 4147 3111 4200 addictum
3135 4147 3235 4200 sub
3257 4150 3424 4200 sancti
3450 4143 3600 4198 Mauri

2037 4217 2463 4281 congregatione.

2111 4286 2126 4333 ι
2180 4285 2476 4349 Aliugavia,
2503 4285 2648 4338 vicus
2677 4299 2811 4336 nunc
2836 4283 2968 4343 intra
2995 4285 3143 4337 urbis
3172 4301 3354 4336 umros
3382 4286 3601 4339 inclusus

2038 4354 2103 4405 ad
2130 4354 2383 4421 Ligerim,
2405 4355 2597 4408 dicitur
2617 4357 2774 4406 etiam
2800 4355 3134 4422 Langesium,
3160 4356 3317 4423 vulgo
3341 4355 3601 4423 Langeais,

2036 4423 2124 4476 ubi
2159 4425 2392 4477 habitum
2420 4435 2503 4477 est
2530 4425 2812 4478 concilium
2845 4440 2985 4478 anno
3011 4425 3165 4487 H70,
3196 4429 3296 4479 sub
3321 4426 3520 4478 Joanne
3547 4426 3602 4474 de

2036 4491 2346 4548 Monsonnu.
2378 4495 2692 4546 Sulcuacnm
2716 4506 2819 4560 est,
2849 4503 2897 4548 nl
2935 4505 3080 4560 putat
3110 4494 3373 4559 Vale~i_us,
3401 4495 3598 4560 Soimay

2034 4576 2127 4615 Seu
2161 4564 2364 4624 Souné,
2399 4567 2536 4618 inter
2563 4565 2748 4617 ﬂuvios
2781 4565 3036 4618 Andriam
3065 4574 3114 4616 ct
3155 4565 3387 4618 Clasiam
3421 4566 3602 4629 pariter

2035 4642 2088 4685 et
2113 4637 2276 4686 silvas
2305 4635 2436 4686 duas
2455 4674 2470 4698 ,
2503 4650 2606 4688 non
2640 4636 2822 4700 procul
2872 4636 2935 4686 ab
2963 4634 3404 4688 lnsula-Savarici
3433 4647 3484 4686 et
3513 4635 3600 4693 Ca-

2034 4704 2282 4757 stellione
2304 4705 2369 4755 ad
2405 4705 2680 4756 Andriam.
2729 4705 2820 4756 Est
2849 4714 3025 4758 tamen
3056 4706 3192 4755 alius
3222 4706 3341 4757 huic
3377 4707 3494 4757 vico
3521 4719 3600 4757 co.-

2035 4775 2298 4840 guominis
2329 4776 2465 4827 inter
2494 4775 2679 4827 silvam
2720 4783 2773 4824 et
2804 4775 3092 4826 Castellum
3129 4774 3405 4840 Reginaldi
3453 4776 3594 4827 situs.

2035 4843 2312 4896 Marollius
2341 4842 2714 4910 Villalupensis
2744 4844 2904 4896 abbas
2938 4845 2986 4896 in
3018 4844 3254 4897 editione
3283 4845 3480 4898 Gallica
3512 4859 3598 4912 pu-

2036 4921 2110 4966 tat
2136 4927 2256 4967 esse
2288 4913 2462 4982 Sully,
2493 4924 2584 4968 aut
2623 4913 2818 4983 Sougé.
2852 4913 2924 4968 De
2952 4914 3270 4967 Ambaciaco
3297 4916 3494 4967 dictum
3524 4922 3599 4966 est

2034 4999 2192 5048 supra
2226 4984 2314 5036 lib.
2343 4999 2400 5048 ιι,
2431 4999 2552 5051 cap.
2584 4982 2672 5036 55.
2706 4982 3040 5049 Cisomagum
3072 4983 3310 5037 Mamilio
3337 4998 3416 5038 νει
3448 4983 3598 5035 Chur-

2036 5055 2181 5120 nisag
2216 5055 2352 5105 inter
2383 5053 2568 5105 silvam
2595 5065 2645 5107 el
2682 5055 2911 5106 Clasiam
2939 5070 3177 5114 onmem,
3219 5066 3310 5105 aut
3337 5064 3481 5106 certe
3518 5053 3595 5105 Ct"-

2035 5126 2249 5194 cougué.
2272 5128 2346 5194 iAt
2374 5124 2584 5184 melius,
2618 5135 2671 5176 ut
2701 5125 2910 5194 quidem
2949 5125 3156 5178 Valesio
3187 5124 3425 5183 videtur,
3467 5123 3596 5194 Maa-

2038 5191 2146 5245 nns
2167 5196 2215 5244 in
2247 5193 2472 5245 llistoria
2506 5208 2733 5260 metrnp.
2764 5193 3106 5255 Turonensis,
3151 5203 3298 5258 putat
3325 5209 3442 5246 esse
3466 5191 3576 5244 Chi:

2034 5279 2176 5325 scan,
2200 5266 2372 5314 vicum
2409 5262 2472 5314 ad
2500 5264 2690 5316 (larem
2735 5266 2971 5326 ﬂuvium,
3005 5265 3142 5315 hami
3175 5264 3352 5329 procul
3380 5281 3405 5312 a
3431 5265 3592 5313 Monte

2037 5333 2294 5385 'l‘rii-ardi.
2356 5332 2718 5400 'l‘nrnomagus
2770 5336 2919 5399 vulgo
2978 5333 3212 5385 Tournou
3269 5335 3332 5386 ad
3384 5332 3587 5385 Cresam

2037 5404 2280 5456 lluvimn.
2319 5403 2389 5453 De
2415 5404 2651 5455 Cuttdate
2679 5405 2768 5456 lib.
2799 5420 2835 5464 ι,
2879 5421 2994 5468 cap.
3025 5406 3112 5458 43.

2111 5471 2134 5507 ³(
2175 5473 2304 5525 Cod.
2351 5475 2502 5536 lieg.,
2532 5491 2721 5526 incuses
2751 5486 2869 5532 tres,
2912 5475 3017 5526 dies
3049 5474 3412 5541 septemdecim.
3449 5471 3584 5534 Item,

2039 5544 2184 5597 Culb.
2220 5560 2288 5594 In.
2332 5557 2376 5596 et
2419 5545 2518 5595 liad
2556 5588 2566 5609 ,
2603 5561 2793 5596 nimam
2822 5558 3058 5613 ψιίιίιικιι,
3095 5547 3194 5598 dies
3226 5544 3581 5608 septena/ccidi.
