3946 6188
296 216 396 275 565

1213 210 1528 269 HISTORIA
1572 211 2020 267 FRANCORUM.
2062 213 2263 270 LIBER
2305 213 2627 272 DECIMUS.

3453 213 3559 270 566

291 346 416 387 num
441 328 750 399 episcopum
782 327 1165 381 ordinaverunt
1189 347 1200 380 :
1235 328 1469 383 Briccius
1498 343 1631 383 vero
1659 329 1861 397 episco-
1899 328 1948 387 Α
1971 328 2255 396 episcopus
2279 329 2633 384 aadillcaverat
2656 342 2818 398 super
2838 337 3080 384 sanctum
3107 328 3405 399 Martinam,
3428 333 3562 385 mdis

294 438 391 492 pus
412 428 440 458 α
462 421 527 473 ad
559 435 744 489 papam
767 419 923 474 Urbis
951 419 1149 487 dirigit.
1180 418 1513 474 Justiniauus
1542 433 1720 474 autem
1752 432 1870 487 post

291 529 410 569 eum
442 513 649 576 abiens,
679 511 816 579 apud
859 513 1043 564 urbem
1082 510 1468 565 Vercellcnsem
1510 510 1661 565 obiit.
1698 510 1869 564 Turo-

294 604 396 659 nici
426 618 610 656 verum
643 604 831 656 iterum
882 602 1261 669 malignantes,
1307 601 1639 655 Armentium
1671 610 1874 656 statue-

294 703 434 748 runt.
474 693 710 748 ltriccius
738 707 864 745 vero
905 702 1107 759 septem
1144 691 1281 758 apud
1316 706 1501 759 papam
1535 691 1690 745 Urbis
1720 692 1874 746 annis

295 786 512 855 degens,
548 784 770 838 idoneus
816 784 1061 836 inventus
1089 798 1117 834 a
1144 784 1391 846 crimine,
1424 782 1489 836 ad
1518 783 1701 836 urbem
1724 798 1872 836 suam

296 876 470 929 redire
496 875 677 943 jussus
705 885 807 927 est.
844 874 938 927 llic
977 873 1262 926 aediﬁcavit
1293 874 1567 928 basilicam
1599 874 1874 942 parvulam

295 981 457 1033 super
497 980 691 1031 corpus
721 964 862 1019 beati
891 965 1131 1029 Martini,
1167 964 1217 1018 in
1264 980 1365 1034 qua
1396 975 1448 1019 et
1482 966 1595 1032 ipse
1636 968 1877 1034 sepultus

294 1069 396 1112 est.
435 1058 676 1125 Cumque
725 1072 823 1126 por
847 1073 931 1109 am
986 1058 1378 1123 ingrederetur,
1431 1058 1745 1112 Armentius
1783 1072 1879 1127 per

296 1149 454 1202 aliam
488 1160 693 1217 portam
727 1158 968 1201 mortuus
1012 1148 1355 1213 eii‘erebatur,
1389 1164 1497 1217 quo
1522 1149 1759 1217 sepulto,
1791 1163 1880 1203 ca-

297 1238 541 1291 thedram
573 1252 719 1291 suam
746 1238 968 1306 recepit.
1001 1237 1149 1291 llunc
1180 1237 1353 1292 ferunt
1382 1239 1675 1293 instituisse
1702 1239 1879 1293 eccle-

294 1331 405 1386 sias
447 1344 541 1395 per
565 1332 738 1392 vicos,
775 1328 825 1381 id
855 1337 966 1394 est,
998 1329 1343 1381 Catalonuum
1372 1327 1421 1393 δ,
1456 1330 1692 1383 Briccam
1715 1370 1732 1397 ,
1775 1329 1881 1383 Ro-

294 1427 592 1487 tomagum,
622 1417 1005 1484 Briotreidem,
1038 1417 1363 1483 Cainmtem;
1410 1418 1727 1489 fueruntque
1764 1435 1879 1473 om.

296 1522 393 1562 nes
471 1508 595 1559 anni
654 1506 993 1574 episcopatus
1068 1506 1185 1574 ejus
1243 1508 1591 1576 quadraginta
1650 1520 1875 1577 septem.

296 1599 581 1667 Ubiitque,
631 1608 684 1651 ct
728 1598 967 1664 sepultus
1011 1607 1095 1651 est
1140 1597 1191 1651 in
1226 1599 1483 1663 basilica,
1524 1616 1680 1670 quam
1720 1616 1883 1670 super

294 1701 541 1746 sanctum
586 1691 870 1744 Martinum
903 1691 1202 1745 aediﬁcavit.

362 1783 422 1838 5.
462 1782 688 1848 Quintus
738 1780 1054 1834 Eustochius
1104 1782 1379 1836 ordinatur
1431 1784 1748 1853 episcopus,
1804 1784 1885 1837 vir

293 1881 516 1928 sanctus
560 1883 611 1928 et
641 1873 831 1928 timens
865 1874 1047 1939 Deum,
1080 1889 1146 1928 ex
1184 1890 1378 1944 genure
1416 1877 1702 1930 senatorio.
1735 1877 1883 1932 Hunc

293 1964 469 2017 lerunt
494 1963 788 2017 instituisse
816 1963 1071 2018 ecclesias
1097 1979 1189 2032 per
1217 1966 1381 2032 vicos,
1439 1966 1610 2020 Brixis
1656 1976 1701 2031 °,
1752 1968 1884 2021 lcio-

295 2054 513 2123 dorum,
549 2053 770 2119 Luccas,
818 2055 999 2109 Dolus.
1052 2054 1358 2109 [Edilicavit
1398 2058 1557 2111 etiam
1600 2058 1880 2113 ecclesiam

294 2147 433 2201 infra
462 2162 642 2201 muros
663 2147 915 2209 civitatis,
943 2148 994 2200 in
1024 2163 1125 2217 qua
1152 2148 1401 2217 reliquias
1426 2163 1727 2202 sanctorum
1752 2150 1883 2205 Ger-

292 2243 428 2298 vasii
451 2252 507 2297 et
537 2242 759 2297 Protasii
786 2243 1034 2312 martyris
1056 2242 1313 2307 condidit,
1338 2258 1456 2312 qua:
1484 2251 1671 2296 sancto
1705 2244 1882 2297 Marti-

292 2348 361 2387 no
383 2328 417 2370 ἀ
446 2333 515 2387 de
544 2333 690 2386 Italia
720 2341 845 2386 sunt
880 2332 1071 2387 delatae
1091 2375 1106 2399 ,
1140 2335 1277 2387 sicut
1304 2346 1516 2387 sanctus
1550 2335 1799 2388 Paulinus
1827 2335 1881 2389 in

292 2424 522 2492 epistola
551 2438 643 2477 sua
676 2424 936 2478 meminit.
965 2424 1114 2478 Sedit
1148 2433 1321 2478 autem
1352 2439 1521 2477 annos
1575 2425 1880 2493 septemde-

291 2518 425 2572 cim.
460 2517 527 2571 Et
554 2518 792 2586 sepultus
820 2528 901 2572 est
932 2518 981 2571 in
1018 2517 1264 2582 basilica,
1298 2534 1453 2588 quam
1496 2519 1735 2575 Briccius
1763 2520 1876 2591 epio

292 2623 494 2678 scapus
521 2624 683 2679 super
711 2620 951 2664 sanctum
987 2610 1267 2664 Mar:inum
1298 2619 1631 2666 struxerat'.

360 2699 531 2771 53o
555 2700 608 2754 6.
650 2701 844 2756 Sextus
873 2717 889 2750 ι
908 2700 1147 2755 rdinatnr
1171 2701 1479 2771 Perpetuus,
1506 2701 1574 2757 de
1602 2716 1797 2772 genere
1828 2710 1880 2757 et

293 2794 450 2861 ipse,
485 2805 539 2847 ut
582 2796 750 2858 aiunt,
802 2796 1106 2860 senatorio,
1140 2804 1191 2848 ct
1222 2794 1546 2863 prapinquus
1584 2795 1881 2850 decessoris

293 2887 372 2940 sui
406 2927 420 2947 ,
448 2886 601 2939 dives
627 2885 778 2939 valde
798 2927 812 2946 ,
841 2895 895 2939 et
923 2901 1014 2953 per
1047 2886 1239 2940 multas
1263 2886 1506 2940 civitates
1536 2888 1737 2940 habens
1762 2902 1881 2954 pos-

293 2979 585 3032 sessiones.
620 2977 732 3041 Ilic,
764 2978 1006 3031 submma
1041 2978 1254 3032 basilica
1284 2994 1440 3048 quam
1466 2978 1610 3048 prius
1642 2979 1880 3035 Briccius

1978 419 2153 474 licavit
2179 420 2339 475 aliam
2369 421 2681 490 ampliorem
2713 425 2848 476 miro
2872 435 3037 490 opere
3059 418 3101 475 ι.
3127 421 3184 476 In
3207 421 3360 492 cujus
3379 423 3561 477 absida

1975 511 2189 567 beatum
2229 527 2425 581 corpus
2469 514 2636 582 ipsius
2680 514 2999 569 venerabilis
3045 514 3217 569 sancti
3266 515 3561 574 transtulit.

1978 601 2074 656 llic
2099 602 2326 657 instituit
2346 601 2584 673 jejuuia,
2616 603 2924 674 vigiliasque
2946 645 2961 667 ,
2993 604 3223 671 qualiter
3259 620 3356 673 per
3392 608 3568 661 circu-

1976 693 2081 747 lum
2110 694 2233 748 auni
2260 697 2487 750 observa
2500 703 2698 758 rentur,
2723 695 2865 764 quod
2894 694 3160 765 hodieque
3188 694 3327 765 apud
3358 711 3455 752 uos
3487 706 3567 753 te-

1978 795 2135 842 netur
2162 788 2443 856 scriptum,
2473 802 2697 856 quorum
2729 786 2863 841 ordo
2891 785 2979 842 hic
3006 796 3108 842 est.

2611 897 2685 950 De
2695 898 2933 968 jejuniis.

2050 1006 2180 1060 Post
2209 1005 2711 1075 Quinquagesimam
2731 1016 2756 1054 ε
2783 1016 2970 1076 quarta
2995 1016 3048 1063 et
3068 1018 3217 1064 sena
3242 1008 3372 1065 feria
3402 1026 3570 1082 usque

1979 1099 2159 1153 natale
2189 1100 2358 1153 sancti
2391 1099 2630 1155 Joannis.
2667 1100 2741 1155 De
2768 1099 3009 1156 kalendis
3040 1101 3373 1172 Septembris
3402 1120 3571 1175 usque

1980 1189 2236 1245 kalendas
2263 1190 2511 1245 Octobris
2542 1192 2664 1246 bina
2696 1193 2749 1246 in
2787 1194 3081 1263 septimana
3107 1194 3334 1264 jejunia.
3375 1198 3450 1253 De
3473 1197 3569 1251 ka-

1982 1281 2153 1336 lendis
2196 1281 2443 1336 Octobris
2496 1297 2663 1351 usque
2702 1282 3091 1350 depositiouem
3131 1284 3312 1341 (Iouini
3362 1287 3570 1344 Martini

1982 1374 2101 1428 bina
2126 1375 2179 1426 in
2209 1373 2503 1442 septimana
2531 1373 2754 1443 jejunia.
2774 1373 2855 1428 Ab
2874 1376 3209 1443 depositione
3234 1377 3415 1432 domui
3432 1378 3570 1433 Mar-

1984 1463 2079 1517 tini
2111 1477 2276 1531 usque
2304 1463 2489 1517 Natale
2523 1463 2724 1517 Domini
2769 1473 2916 1521 terna
2944 1466 2997 1519 iu
3024 1469 3319 1534 septimana
3346 1469 3569 1538 jejuuia.

1982 1554 2059 1608 De
2087 1554 2246 1607 natali
2289 1554 2459 1608 sancti
2513 1553 2695 1608 Hilarii
2742 1570 2911 1625 usque
2941 1556 3175 1612 medium
3221 1558 3569 1616 Februarium

1989 1646 2113 1700 bina
2148 1646 2199 1700 in
2232 1648 2529 1715 septimana
2556 1647 2779 1717 jejunia.

2623 1762 2699 1816 De
2732 1764 2936 1836 vigiliis.

2056 1872 2227 1927 Natali
2263 1874 2466 1928 Domini
2497 1875 2548 1928 in
2576 1874 2801 1930 ecclesia
2831 1877 2872 1930 ί.
2907 1877 3217 1947 Epiphania,
3244 1879 3295 1935 in
3322 1881 3565 1938 ecclesia.

1984 1965 2150 2020 Natali
2168 1964 2658 2029 sanctiJoannis,ad
2672 1965 2939 2021 basilicam
2953 1968 3131 2023 domui
3151 1970 3378 2027 Martini.
3396 1973 3565 2029 Natali

1982 2059 2148 2113 sancti
2180 2057 2320 2112 Petri
2349 2057 2747 2127 episcopatusi,
2772 2058 2835 2112 ad
2878 2059 3034 2131 531
3071 2061 3236 2129 ipsius
3268 2063 3562 2122 basilicam.

1983 2150 2145 2206 Sexto
2174 2150 2267 2222 [αι.
2286 2150 2489 2223 quinto]
2515 2150 2767 2206 kalendas
2792 2153 2987 2223 Aprilis
3018 2154 3428 2214 Resurrectione
3460 2161 3567 2216 Do-

1983 2240 2113 2295 mini
2146 2243 2315 2296 nostri
2339 2241 2463 2297 Jesu
2495 2241 2714 2308 Christi,
2746 2244 2809 2299 ad
2835 2246 3105 2300 basilicam
3130 2247 3310 2304 domui
3334 2251 3571 2310 Martini.

1984 2333 2207 2399 Pascha,
2232 2331 2322 2387 ink
2349 2334 2598 2390 ecclesia.
2630 2334 2724 2391 Die
2744 2334 3111 2403 Ascensionis,
3146 2339 3197 2393 in
3226 2338 3443 2396 basilica
3467 2342 3567 2397 do—

1985 2424 2091 2479 mni
2122 2425 2349 2479 Martini.
2398 2426 2492 2481 Die
2533 2426 3038 2497 quinquagesimol,
3071 2431 3123 2484 in
3154 2433 3404 2487 ecclesia.
3439 2434 3567 2489 Pas-

1982 2518 2134 2573 sione
2170 2519 2336 2573 sancti
2360 2517 2581 2593 Joannis
2609 2528 2672 2584 ω,
2714 2519 2781 2574 ad
2812 2520 3109 2590 basilicam,
3151 2522 3205 2577 in
3236 2523 3567 2593 baptisterio.

1981 2606 2152 2663 Natali
2178 2616 2484 2664 sanctorum
2511 2591 2870 2676 apostolorum
2898 2611 3039 2665 Petri
3069 2619 3124 2666 et
3144 2591 3317 2681 Pauli,
3344 2615 3409 2669 ad
3432 2614 3568 2682 ipso.

1983 2717 2100 2757 rum
2141 2701 2431 2756 basilicam.
2476 2700 2644 2754 Natali
2684 2703 2851 2756 sancti
2884 2701 3206 2769 Martini,ad
3237 2704 3350 2774 ejus
3391 2706 3567 2762 basili-

1984 2806 2122 2847 cam.
2149 2791 2321 2846 Natali
2351 2791 2520 2847 sancti
2563 2792 2959 2862 Sympboriani,
2991 2794 3056 2849 ad
3088 2795 3356 2851 basilicam
3387 2798 3568 2854 domui

1986 2883 2216 2938 Martini.
2243 2884 2410 2937 Natali
2433 2883 2606 2938 sancti
2632 2883 2839 2952 Litorii,
2863 2884 2928 2939 ad
2948 2884 3063 2954 ejus
3080 2886 3370 2942 basilicam.
3399 2888 3528 2944 Item
3542 2899 3567 2926 η

1984 2973 2168 3029 Natale
2195 2974 2363 3028 sancti
2394 2975 2624 3043 Martini,
2649 2973 2714 3028 ad
2741 2974 2856 3044 ejus
2878 2975 3172 3030 basilicam.
3198 2976 3368 3033 Natali
3397 2981 3568 3035 sancti

362 3100 395 3161 εξ
434 3088 524 3143 Sic
549 3087 667 3161 cod.
704 3087 929 3161 Regius;
960 3089 1044 3142 alii
1082 3088 1312 3161 Βνὶεξὶιιδ
1343 3105 1542 3161 υθγοῗεε
1575 3089 1643 3141 ad
1673 3107 1877 3161 papam.
1906 3073 1953 3135 C
1985 3087 2378 3161 ProtasiiAinlra
2426 3103 2606 3143 muros
2635 3089 2781 3145 urbis
2810 3090 3082 3147 exstitisse
3120 3091 3315 3148 dicitur
3349 3094 3569 3153 inferius

296 3158 430 3213 Vidn
461 3168 615 3229 notas
643 3157 694 3210 iu
718 3158 815 3229 lib.
860 3174 915 3223 ll,
950 3174 1067 3229 cap.
1108 3160 1155 3214 I.
1188 3159 1399 3213 Festum
1436 3160 1553 3229 ejus
1582 3157 1882 3215 celebratur

299 3230 379 3283 die
416 3229 485 3283 15
513 3228 846 3282 Novembris.

366 3299 393 3338 δ
434 3299 811 3361 Calatonnum,
854 3296 1007 3351 Colb.
1046 3314 1118 3352 m.
1153 3308 1205 3351 et
1241 3298 1339 3353 Ch.
1386 3300 1488 3363 al.,
1520 3300 1879 3357 Catolonnum.

300 3370 452 3423 llunc
486 3369 657 3421 locum
688 3383 807 3423 esse
833 3368 1318 3424 Calvum-Montem
1340 3410 1355 3433 ,
1386 3371 1541 3438 vulgo
1569 3370 1878 3438 Chaumont,

300 3441 348 3493 iu
377 3440 578 3493 Iiuibus
606 3440 878 3491 'l‘uronum
911 3449 965 3493 et
996 3441 1346 3505 Bleseusium,
1391 3442 1658 3495 existimat
1687 3442 1882 3497 Marol-

300 3507 419 3574 lius,
446 3508 589 3581 quod
612 3522 639 3560 a
679 3509 887 3581 Valesio
918 3510 1265 3581 improbatur,
1297 3512 1382 3577 qui
1417 3515 1595 3581 potius,
1629 3526 1748 3566 esse
1777 3528 1883 3581 pu-

301 3589 375 3633 tat
409 3580 596 3641 Clion,
629 3578 692 3631 ad
725 3578 977 3633 Andriam
1012 3582 1147 3634 inter
1175 3578 1524 3647 Paludellum,
1566 3578 1794 3647 Paluau,
1826 3593 1883 3639 et

302 3651 708 3704 Castellionem.
744 3649 934 3721 ABricca
960 3664 1047 3721 ian
1084 3649 1220 3719 Bray
1259 3659 1347 3703 aut
1377 3648 1477 3704 Bré
1506 3651 1573 3705 ad
1617 3652 1881 3721 Angerem

303 3734 392 3774 seu
426 3721 681 3774 Andriam
726 3718 975 3772 ﬂuvium?
1008 3721 1102 3774 Est
1143 3718 1350 3788 quoque
1391 3721 1538 3775 locus
1570 3724 1621 3774 in
1650 3718 1885 3778 conﬁnio

302 3790 593 3844 Turonum'
609 3798 665 3862 el.
682 3790 1122 3862 Andegavorum,
1156 3791 1327 3843 dictus
1348 3790 1508 3862 vulgo
1530 3790 1746 3847 Bréche.
1774 3794 1883 3847 Bo-

306 3861 617 3929 thnmagnm
649 3861 913 3913 Marollius
944 3861 1143 3926 putavit
1169 3873 1288 3913 esse
1318 3861 1489 3914 vicum
1517 3902 1531 3923 ,
1571 3864 1656 3917 cui
1690 3879 1882 3919 nomen

303 3932 351 3983 la
371 3931 539 3994 Roué‘,
563 3940 654 3982 aut
676 3930 1409 3985 δοίη-Αιιιοὶιιε-άιι-Ιίοεήεν.
1432 3933 1500 3985 At
1528 3933 1743 3987 Maanus
1772 3952 1884 3988 ina-

301 4003 409 4056 vult
443 4002 778 4064 interpretari
810 4001 877 4053 de
910 3999 1095 4064 (luant,
1121 4001 1209 4069 qui
1241 4000 1388 4054 locus
1418 4012 1498 4055 est
1530 4002 1667 4057 haud
1701 4006 1883 4067 procul

302 4087 328 4125 ιι
357 4071 787 4127 Monte—Basonis
815 4071 971 4134 situs,
993 4072 1148 4137 vulgo
1169 4071 1338 4123 dictus
1368 4072 1413 4124 le
1446 4071 1578 4124 Ροηι
1607 4077 1668 4127 de
1693 4075 1883 4139 linum,

301 4156 328 4194 a
358 4151 523 4209 ponte
550 4140 742 4212 quiibi
768 4141 981 4194 Andria:
1013 4141 1253 4208 (l‘lndre)
1282 4141 1441 4194 ﬂuvio
1485 4141 1759 4212 impositus
1782 4155 1881 4199 cst.

306 4212 622 4265 Briotreidis
645 4211 883 4263 Marullio
906 4224 985 4264 eat
1008 4212 1277 4274 Autréche,
1299 4213 1466 4265 tribus
1486 4211 1647 4267 Ieu'cis
1669 4214 1732 4267 ad
1760 4222 1885 4268 Am-

305 4284 453 4335 bacia
500 4282 724 4335 distans.
758 4281 977 4333 Maanus
1006 4292 1153 4348 putat
1190 4296 1308 4335 esse
1339 4280 1529 4345 Bresis,
1563 4296 1796 4338 castrum
1828 4286 1881 4339 itt

302 4353 469 4423 gestis
494 4351 831 4423 dominorum
864 4351 1292 4405 Ambacieusium
1327 4365 1697 4423 memoratum,
1725 4358 1883 4423 vulgo

305 4421 514 4508 βηὶεαῃ.
646 4421 881 4508 Valesius
904 4423 1179 4508 Clillllglldil
1207 4436 1325 4508 esse
1358 4422 1405 4473 le
1429 4424 1644 4476 Bridoré
1674 4429 1737 4508 ad
1771 4421 1880 4479 Au-
1914 4452 1958 4508 ι)

303 4493 495 4566 driam.
529 4492 916 4566 _Caino,_vulgo
948 4490 1143 4546 Chiuon
1171 4494 1236 4546 ad
1272 4493 1595 4561 Viugeuuam
1620 4533 1637 4561 ,
1667 4494 1736 4551 de
1776 4510 1883 4566 quo

305 4562 406 4634 jam
432 4562 835 4634 (lixrittittsﬂatias.

377 4644 398 4670 ε
446 4632 618 4703 Brixis
652 4631 858 4685 Valesio
882 4638 966 4685 est
994 4630 1195 4703 Brisay,
1227 4632 1292 4688 de
1314 4650 1417 4701 quo
1446 4632 1499 4687 in
1523 4644 1644 4687 nota
1678 4650 1879 4700 praece-

306 4704 471 4774 denti.
511 4702 831 4774 Iciodorum,
864 4710 921 4754 ut
950 4703 1057 4774 jam
1104 4702 1334 4758 diximus
1371 4703 1504 4757 libro
1535 4720 1608 4769 vt,
1638 4720 1756 4770 cap.
1792 4709 1882 4774 Η,

209 4804 219 4814 ι
306 4786 382 4825 eat
416 4772 615 4837 lseure,
647 4776 697 4825 in
736 4772 928 4825 limbus
956 4773 1224 4826 Turonum
1255 4784 1309 4829 et
1344 4774 1639 4831 Pictonum.
1676 4772 1881 4842 Lucem,

270 4894 276 4900 .
305 4857 421 4912 seu,
455 4854 508 4912 ut
533 4844 731 4895 habent
755 4842 909 4895 Colb.
950 4858 1021 4896 ιιι.
1051 4852 1107 4898 et
1140 4844 1262 4899 Bcc.
1282 4886 1296 4910 ,
1327 4844 1507 4912 Luae,
1549 4854 1649 4899 aut-
1670 4856 1726 4899 ut
1754 4849 1885 4902 alias

306 4911 795 4983 babetGregorius,
830 4912 1034 4976 Locirc,
1068 4914 1220 4979 vulgo
1262 4914 1480 4977 Laches,
1529 4916 1598 4969 ab
1627 4916 1880 4971 Andriam

305 4998 397 5035 seu
427 4981 676 5050 Augerim
702 4981 951 5052 (l‘lndre)
983 4984 1128 5038 locus
1156 4984 1402 5051 celebris,
1435 4984 1521 5038 ubi
1552 4986 1739 5041 beatus
1780 4989 1881 5041 Se-

307 5054 443 5107 uoch
490 5054 869 5107 monasterium
911 5056 1180 5107 excitavit.
1237 5055 1394 5110 Dolus
1440 5072 1631 5110 nomen
1672 5070 1753 5112 est
1785 5058 1880 5111 vici

308 5123 443 5176 haud
478 5125 659 5192 procul
688 5126 753 5176 ab
781 5124 974 5176 Andria
1000 5125 1158 5176 ﬂuvio
1182 5124 1287 5177 siti.

376 5196 399 5229 (³
441 5197 527 5247 Sic
563 5196 683 5246 Bcc.
709 5193 808 5245 Alii
838 5211 870 5245 a
896 5194 958 5247 S.
996 5194 1241 5258 dlartino,
1270 5197 1363 5250 scd
1391 5200 1663 5252 mendose.
1690 5197 1887 5252 Confer

304 5276 460 5330 Caput
494 5268 552 5319 Π
587 5265 678 5319 lib.
712 5280 726 5315 ι
756 5264 821 5316 de
853 5264 1030 5316 Gloria
1064 5267 1212 5318 Mart.
1247 5267 1303 5319 Et
1338 5271 1551 5333 quidem
1581 5280 1883 5322 sanctorum

306 5337 542 5390 tiernsti
571 5346 623 5389 et
650 5334 876 5388 Protasii
909 5336 1159 5402 reliquias
1190 5340 1391 5390 invenit
1419 5348 1635 5391 sanctus
1656 5340 1883 5392 Ambro-

302 5408 413 5457 sius
438 5424 523 5459 au.
551 5405 674 5468 586,
703 5406 927 5473 quojam
945 5419 1055 5457 crat
1080 5407 1361 5474 cpiscopus
1375 5422 1590 5463 sanctus
1610 5410 1880 5462 Martinus.

308 5476 539 5542 I'Lplslnla
555 5480 721 5528 sancti
747 5476 944 5528 Paulini
964 5476 1264 5528 biclaudata
1282 5490 1589 5535 nouexstat.
1614 5479 1881 5546 Ιιιιιιίειιιιιε

303 5547 660 5615 visiturjnxta
692 5546 969 5619 ecclesiam
992 5546 1359 5619 lieathartae
1386 5549 1466 5601 Di~
1484 5552 1567 5602 itis
1584 5551 1873 5602 oratorium

303 5629 425 5667 cum
456 5632 615 5682 parvo
643 5618 946 5669 nosocomiu
966 5656 981 5679 ,
1011 5618 1107 5670 S‘.
1136 5618 1389 5671 Ger-vasin
1420 5630 1474 5672 et
1515 5621 1756 5673 Prutasio
1785 5635 1871 5669 sa-

246 5698 257 5711 '
306 5699 457 5739 crum
479 5726 492 5744 .
525 5689 616 5741 sed
665 5688 725 5741 in-
759 5687 1033 5741 suburbio.
1068 5692 1132 5740 At
1163 5689 1386 5744 ecclesia
1410 5691 1507 5745 SS.
1538 5692 1775 5746 Ucrvasii
1820 5701 1869 5744 et

1986 3174 2136 3214 num.
2181 3159 2263 3213 12.

2060 3239 2084 3267 θ
2104 3230 2338 3303 festum
2370 3229 2639 3303 Eustachii
2668 3231 2864 3285 colitur
2887 3232 2938 3303 in
2967 3231 3343 3303 Martyrologio
3374 3236 3568 3290 Roma-

1985 3314 2055 3354 no
2085 3300 2268 3379 die
2301 3300 2652 3379 Septembris.
2688 3302 2741 3379 ls_
2766 3300 3566 3379 interfuitconcilio—Andegav.

1984 3386 2127 3424 anno
2152 3369 2278 3445 455.
2308 3370 2684 3445 scripsitcum
2723 3372 2982 3445 Leoneet
3020 3372 3258 3428 Victurio
3283 3369 3570 3445 epistiﬁam,

1984 3450 2171 3566 gontra
2210 3442 2439 3496 clericos
2476 3443 2566 3510 qui
2599 3441 2664 3496 ad
2698 3442 2980 3498 tribunalia
3010 3444 3290 3500 saecularia
3321 3441 3569 3503 recurre-

2022 3521 2131 3565 ant.

2022 3521 2131 3565 ant.

2063 3581 2082 3619 τ
2124 3581 2290 3648 Hujus
2320 3580 2561 3636 ecclesiis
2604 3582 3016 3651 descriptionem
3064 3596 3365 3640 accuratam
3408 3588 3591 3643 habes-

1985 3666 2143 3718 supra
2168 3653 2259 3705 lib.
2284 3668 2320 3707 ιι
2346 3692 2361 3716 ,
2388 3667 2504 3721 cap.
2538 3652 2620 3707 14.
2649 3653 2782 3708 Vide
2803 3662 2858 3707 et
2878 3653 2971 3707 Iib.
2997 3669 3013 3709 ι
3038 3654 3218 3709 Mirac.
3244 3662 3411 3714 sancti
3438 3660 3571 3713 Mar-

1987 3723 2106 3786 tini,
2133 3738 2251 3786 cap.
2284 3724 2336 3776 6.

2058 3739 2081 3775 u
2133 3739 2191 3776 ca
2238 3762 2251 3774 .
2284 3739 2336 3776 υ.

2058 3764 2106 3837 κ’
2127 3739 2268 3847 Ιίίἓει
2293 3809 2320 3847 a
2348 3793 2677 3847 Pentecoste.
2694 3794 3192 3867 Quinquagesimam
3218 3797 3358 3851 enim
3382 3800 3569 3867 appet.

1988 3863 2169 3918 labant
2217 3874 2428 3918 veteres
2471 3876 2679 3933 tempus
2729 3863 2862 3919 illud
2902 3863 3040 3931 quod
3080 3867 3215 3918 inter
3265 3863 3462 3922 Pascha
3514 3880 3566 3924 et

1988 3934 2335 4059 {:CIIﬁCCOSIen
2382 3935 2699 4001 intercedit,
2739 3951 2843 4004 quo
2894 3944 3133 4005 tempore
3182 3935 3583 4005 jejuuarenon

2010 4020 2087 4058 tce
2127 4014 2200 4058 at.

2010 4006 2200 4058 icebat.

2060 4072 2085 4149 ξι
2126 4076 2232 4149 Iste
2260 4075 2513 4149 articulus
2546 4091 2649 4130 non
2676 4076 2985 4149 habctur‘in
3011 4079 3132 4133 cod.
3168 4078 3363 4149 Regio.-

2066 4143 2080 4181 ί
2126 4144 2177 4197 ιιι
2210 4155 2291 4199 est
2317 4147 2368 4198 in
2398 4146 2622 4200 ecclesia
2652 4147 2965 4201 eathedrali.

2062 4212 2077 4265 i
2108 4215 2180 4287 rld
2206 4225 2288 4268 est
2330 4215 2520 4287 festum
2551 4215 2831 4270 Catbedrae
2873 4220 3040 4271 sancti
3068 4216 3228 4281 Petri,
3256 4228 3311 4273 ut
3340 4219 3571 4287 appella-

1990 4294 2073 4338 tur
2102 4286 2152 4337 in
2181 4299 2335 4339 conc.
2368 4286 2667 4342 ’I'uroncnsi
2702 4303 2757 4352 ιι,
2788 4287 2927 4356 quod
2960 4290 3093 4343 adeo
3122 4289 3334 4344 celebre
3376 4286 3493 4343 erat
3518 4290 3569 4343 in

1989 4355 2192 4421 Galliis,
2239 4367 2292 4409 ut
2322 4355 2517 4410 exinde
2545 4358 2609 4410 ad
2640 4355 3113 4424 Quadragesimam
3160 4358 3440 4412 dominicae
3469 4361 3571 4425 pri-

1990 4443 2073 4479 ma
2096 4468 2110 4488 ,
2139 4429 2357 4480 secunda
2376 4469 2390 4490 ,
2424 4436 2526 4480 etc.
2546 4467 2559 4488 ,
2597 4439 2705 4492 post
2730 4428 3034 4481 Cathedram
3062 4430 3225 4481 sancti
3258 4428 3396 4481 Petri
3424 4430 3573 4483 dice-

1987 4498 2197 4550 bantur.
2237 4497 2366 4552 Vide
2421 4498 2703 4552 Mabillouii
2763 4498 3165 4552 observationes
3204 4500 3254 4552 in
3305 4514 3453 4554 nutu.
3502 4497 3572 4553 ‘24

1988 4567 2106 4619 labri
2145 4583 2191 4621 ιι
2232 4567 2298 4622 de
2346 4567 2580 4638 Liturgia
2627 4568 2916 4623 Gallicana.
2960 4568 3015 4623 In
3055 4569 3153 4624 Ch.
3188 4570 3342 4624 deest
3374 4570 3573 4639 episco-

2020 4646 2156 4691 atus.

1985 4655 2342 4761 ρὝωιίϊιέιιιιη
2375 4706 2652 4762 Paschalis
2691 4723 2719 4761 a
2768 4708 2903 4764 festo
2934 4708 3357 4765 Resurrectionis
3386 4710 3574 4766 distin-

1987 4780 2168 4845 guitur
2194 4779 2243 4831 iu
2274 4777 2653 4832 vetustioribus
2680 4778 3052 4834 Kalendariis:
3086 4783 3172 4835 ubi
3207 4783 3575 4837 Resurrectio-

1990 4847 2071 4901 "is
2100 4849 2291 4900 festum
2322 4848 2411 4901 die
2442 4847 2511 4902 27
2544 4850 2716 4902 Martii
2751 4851 3027 4915 recolitur,
3061 4851 3493 4918 Paschaautem,
3519 4862 3575 4907 ut

1989 4931 2176 4971 omnes
2200 4926 2413 4981 norunt,
2439 4920 2601 4973 variis
2628 4919 2817 4974 diebus
2848 4937 2944 4985 pro
2974 4924 3230 4978 varietate
3262 4923 3403 4976 luna:
3433 4938 3575 4977 sctu-

1990 5002 2086 5056 per
2112 4988 2433 5042 celebratum
2467 4990 2518 5043 in
2552 4990 2785 5046 Ecclesia
2819 4990 2935 5048 fuit.

2068 5056 2086 5096 ι
2133 5059 2182 5110 ld
2210 5069 2292 5132 est
2319 5059 2795 5132 PentecostemSic
2816 5077 3025 5132 quoque
3049 5062 3344 5131 appellatur
3362 5062 3412 5115 in
3439 5072 3570 5115 eon-

1989 5128 2080 5182 cil.
2116 5129 2386 5184 Aurelian.
2411 5144 2451 5191 ι,
2485 5145 2604 5184 can.
2633 5131 2723 5184 23$.

2057 5207 2095 5236 ιι
2139 5199 2191 5252 In
2223 5201 2651 5254 Sacramentario
2677 5200 2970 5265 Gallicano,
2999 5200 3139 5267 quod
3169 5215 3199 5253 e
3224 5208 3429 5254 vetusto
3451 5202 3574 5255 cod.

1989 5281 2171 5322 noster
2203 5269 2534 5324 M-billonius
2562 5273 2906 5326 edidit-torno
2942 5272 2960 5325 Ι
3007 5272 3171 5324 Musei
3204 5270 3391 5334 Italici,
3435 5272 3574 5328 inter

1990 5340 2329 5393 Nativitatcm
2374 5343 2542 5395 sancti
2575 5343 2795 5396 Joannis
2825 5352 2878 5394 ct
2915 5342 3107 5394 festum
3140 5353 3446 5396 sanctorum
3480 5344 3577 5399 Pe-

1992 5411 2058 5462 tri
2105 5420 2157 5463 ct
2189 5412 2332 5463 I’nuli
2366 5411 2594 5466 habetur
2617 5411 2776 5465 Missa
2804 5412 2853 5464 in
2882 5412 3044 5463 saucii
3071 5410 3287 5464 Joannis
3321 5415 3576 5480 passione.

1984 5544 2009 5551 τί
2059 5489 2086 5515 ιι
2130 5481 2237 5533 Hoc
2280 5482 2468 5535 festum
2508 5483 2559 5536 in
2585 5484 2700 5535 solo
2737 5481 2859 5535 cod.
2892 5482 3055 5549 Ilegio
3087 5482 3324 5537 habetur.
3366 5485 3428 5536 Et
3453 5484 3577 5551 qui-

1981 5550 2100 5602 dem
2129 5561 2330 5603 certum
2355 5563 2433 5605 εει
2466 5567 2528 5605 ex
2574 5554 2687 5617 ipso
2716 5552 2973 5619 Gregorio
3014 5552 3201 5607 fesmm
3233 5556 3400 5607 sancti
3436 5550 3572 5608 Mar-

1983 5621 2076 5673 tui
2101 5622 2208 5689 jam
2251 5623 2332 5675 his
2364 5624 2690 5682 temporibus
2735 5622 2927 5689 duplex
2977 5623 3157 5684 fuisse.
3194 5641 3363 5676 uunm-
3390 5637 3577 5677 tneiise

1975 5690 2138 5750 Juliu,
2170 5694 2390 5746 alterum
2416 5708 2542 5747 vero
2571 5707 2753 5749 mense
2778 5692 3084 5764 Novembri,
3112 5697 3195 5751 hic
3222 5706 3561 5763 evprcssum.
