3946 6188
452 224 546 282 1571

1485 228 1544 284 S.
1586 225 1908 282 GRUSORII
1950 225 2245 280 EPISCOPI
2286 224 2712 289 TUIlONENSlS
3541 242 3626 297 572

448 339 529 392 dit
549 348 724 391 autem
756 353 925 393 annos
939 339 1340 408 septemdecim,
1369 339 1602 409 obiitque
1628 350 1783 393 aetate
1807 350 2013 407 septua-
2056 344 2100 401 Α
2128 352 2287 388 unnm
2320 336 2387 390 de
2413 338 2545 391 Vitis
2567 338 2780 392 Patrum
2813 338 3033 408 scripsi,
3069 341 3119 394 itt
3150 342 3376 399 Psalterii
3400 356 3634 403 tractuum

452 432 689 499 genaria,
714 439 767 483 et
805 431 1043 497 sepultus
1073 439 1155 483 est
1182 431 1233 483 in
1265 431 1481 484 basilica
1511 430 1678 484 sancti
1727 429 1937 483 Martini
1968 436 2018 480 ⁸.

450 520 797 587 (lassavitque
825 523 1165 589 episcopatus
1193 522 1307 575 dies
1338 523 1728 576 novemdecim.

438 678 439 687 χ
526 612 610 665 19.
636 612 813 667 Nonus
835 613 1074 667 decimus
1106 615 1393 681 Gregorius
1425 627 1526 683 ego
1569 614 1818 683 indignus
1853 613 2024 667 eccle-

434 690 585 756 suam
617 704 766 757 urbis
788 703 1089 767 Turonicae,
1123 705 1173 757 in
1202 721 1305 773 qua
1332 707 1518 759 beatus
1549 706 1805 758 Martinus
1835 712 1889 758 et
1917 718 2025 758 caa-

453 793 553 846 teri
582 792 888 846 sacerdotes
914 793 1121 846 Domini
1145 795 1209 846 ad
1243 795 1580 862 pontificatus
1619 793 1851 848 officium
1888 809 2021 848 con-

454 883 645 935 secrati
701 890 845 947 sunt,
874 883 942 935 ab
991 883 1240 937 incendio
1284 885 1597 939 dissolutam
1650 887 2021 953 diruptamque

454 981 640 1025 nactus
670 987 809 1032 sum,
850 988 1004 1039 quam
1051 973 1422 1027 rezedilicatatn
1456 976 1506 1028 in
1547 975 1790 1042 ampliori
1819 975 2025 1028 altiori—

457 1077 560 1127 qtte
596 1060 804 1128 fastigio
834 1063 1061 1129 septimo
1099 1065 1305 1117 decimo
1334 1066 1685 1118 ordinationis
1725 1080 1856 1118 meae
1884 1080 2026 1119 anno

453 1150 810 1222 dedicaviﬁin.
839 1168 964 1221 qua,
994 1163 1131 1206 stcut
1159 1169 1187 1206 a
1222 1156 1470 1223 loug:cvis
1504 1156 1831 1226 presbyteris
1874 1171 2025 1210 com-

454 1242 590 1309 peri,
641 1242 913 1295 beatornm
959 1243 1154 1297 ibidem
1193 1244 1430 1313 reliquias
1468 1247 1859 1314 Agauuensium
1888 1257 1910 1284 ο
1959 1247 2027 1299 ab

454 1334 687 1401 antiquis
744 1334 949 1387 fuerant
1003 1338 1295 1389 collocatas.
1341 1338 1509 1404 Ipsam
1541 1339 1701 1391 etiam
1751 1339 2025 1407 capsulam

462 1425 515 1478 iu
546 1426 794 1478 thesauro
845 1426 1077 1480 basilica:
1126 1428 1292 1479 sancti
1342 1428 1550 1481 Martini
1594 1430 1790 1496 reperi,
1823 1429 1877 1482 in
1923 1444 2027 1497 qua

459 1516 614 1569 valde
646 1517 923 1583 putredine
971 1527 1085 1570 erat
1128 1518 1315 1586 pignus
1361 1518 1703 1583 dissolutum,
1735 1519 1876 1588 quod
1932 1534 2028 1587 pro

458 1620 647 1659 eorum
680 1607 951 1675 religionis
990 1616 1072 1660 est
1111 1608 1306 1662 virtute
1346 1607 1581 1661 delatum
1612 1606 1659 1661 δ.
1687 1612 1762 1662 Ac
1792 1610 1915 1662 dum
1947 1610 2027 1663 vi-

2128 428 2326 483 librum
2359 448 2520 484 unum
2550 441 2940 487 commentatus
2966 449 3082 486 sum
3110 449 3125 498 ;
3158 435 3223 490 de
3249 436 3482 491 Cursibus
3502 442 3637 495 etiam

2123 522 2502 574 ecclesiasticis
2527 538 2687 574 unum
2722 523 2915 576 librum
2946 525 3181 581 condidi.
3206 527 3341 593 Quos
3369 528 3517 582 libros
3537 530 3639 586 licet

2126 611 2268 679 stylo
2299 612 2565 665 rnsticiori
2598 613 3008 681 conscripserim
3028 654 3043 676 ,
3071 623 3239 668 tamen
3260 617 3467 684 conjuro
3485 635 3641 674 omnes

2124 699 2431 753 sacerdotes
2465 701 2707 766 Domini,
2737 702 2829 767 qui
2858 712 2980 772 post
3011 720 3093 756 me
3123 703 3364 759 humilem
3398 708 3643 762 ecclesiam

2125 788 2444 843 'l‘uronicam
2474 801 2595 843 sunt
2621 791 2847 856 recturi,
2875 808 2967 858 per
2987 794 3265 848 adventum
3292 796 3484 851 Domini
3507 811 3646 854 nostri

2124 880 2250 935 Jesn
2273 882 2495 949 Christi,
2524 897 2587 936 ac
2614 883 2903 936 terribilem
2929 884 3038 938 reis
3058 885 3300 939 omnibus
3318 887 3486 954 judicii
3505 889 3647 952 diem,

2125 970 2168 1022 si
2211 985 2479 1037 nunquam
2510 970 2717 1024 confusi
2747 973 2814 1025 de
2845 974 2958 1039 ipso
2985 972 3188 1042 judicio
3215 976 3527 1030 discedentes
3548 993 3649 1031 ctuu

2126 1058 2341 1113 diabolo
2379 1061 2766 1128 condemnandi
2807 1065 2936 1115 estis
2956 1103 2970 1126 ,
3019 1076 3075 1116 ut
3101 1080 3360 1131 nunquam
3392 1065 3541 1119 libros
3568 1067 3648 1120 hos

2128 1151 2346 1203 abolere
2374 1151 2609 1215 faciatis,
2638 1160 2729 1204 aut
2759 1152 3018 1216 rescribi,
3053 1153 3204 1219 quasi
3244 1154 3469 1219 quaedam
3501 1154 3652 1221 legen-

2129 1255 2241 1306 tes.
2273 1256 2325 1298 et
2356 1248 2506 1312 quasi
2552 1247 2792 1314 quazdam
2824 1249 3320 1315 pra‘tertuittentes:
3350 1252 3435 1304 sed
3467 1252 3527 1303 ita
3554 1266 3653 1304 om-

2128 1333 2214 1386 nia
2245 1333 2519 1388 vobiscum
2553 1334 2759 1405 iutegra
2785 1337 3091 1407 illibataque
3119 1351 3450 1407 permaneant
3478 1339 3519 1404 ί,
3542 1343 3657 1394 sicut

2127 1440 2157 1479 a
2189 1427 2343 1480 nobis
2370 1429 2557 1481 relicta
2586 1437 2732 1481 sunt.
2763 1430 2914 1495 Quod
2944 1432 2989 1483 si
3021 1442 3071 1485 te
3100 1432 3346 1486 sacerdos
3391 1433 3514 1496 Dei,
3553 1434 3657 1500 qui-

2127 1530 2335 1585 cunque
2382 1534 2441 1571 es
2467 1559 2482 1583 ,
2536 1519 2826 1572 Martiattus
2854 1529 2878 1567 κ
2921 1531 3104 1576 noster
3148 1530 3350 1592 septem
3396 1523 3660 1591 disciplinis

2133 1606 2295 1676 538
2318 1608 2543 1670 erudiit,
2572 1608 2729 1669 id,est
2749 1650 2762 1672 ,
2797 1610 2841 1661 si
2874 1618 2923 1663 te
2954 1612 3005 1664 in
3035 1612 3392 1679 grammaticis
3416 1612 3580 1664 docuit
3601 1612 3659 1663 le-

457 1696 601 1765 giliae
634 1697 684 1749 in
731 1712 915 1750 eorum
949 1698 1151 1751 honore
1197 1699 1617 1761 celebrarentur,
1651 1700 1804 1754 libuit
1850 1702 2030 1756 animo
2062 1714 2108 1773 Β
2137 1711 2296 1765 gere,
2333 1697 2383 1748 in
2418 1696 2707 1749 dialecticis
2737 1699 3139 1753 altercationunt
3188 1700 3555 1769 prapositiones
3581 1702 3659 1753 ad-

461 1787 576 1839 ltzec
603 1787 798 1841 iterum
843 1791 1254 1856 praelucescente
1279 1804 1437 1844 cereo
1468 1790 1687 1845 visitare
1719 1808 1730 1842 :
1761 1807 1879 1859 qua;
1908 1792 2031 1845 dum

457 1891 485 1928 a
511 1879 662 1931 nobis
683 1888 884 1931 attente
914 1880 1345 1947 riiuantur,dixit
1372 1882 1501 1934 tedis
1522 1881 1749 1934 mdituus
1769 1900 1783 1937 :
1804 1883 1896 1934 Est
1925 1884 2028 1949 hic,

462 1966 655 2032 inquit,
695 1967 828 2034 lapis
855 1970 1123 2035 opertorio
1167 1978 1359 2035 tectus,
1395 1971 1445 2023 in
1485 1986 1592 2037 quo
1618 1971 1741 2038 quid
1776 1970 2035 2024 habeatur

462 2073 683 2124 prorsus
734 2061 953 2127 ignoto,
996 2060 1089 2113 sed
1136 2076 1237 2114 nec
1290 2062 1715 2129 prwdect-sstires
1764 2063 2033 2116 ministros

464 2150 622 2217 hujus
671 2150 928 2203 custodiae
985 2152 1123 2204 scire
1176 2153 1437 2217 comperi.
1499 2152 1740 2204 Deleram
1797 2168 1942 2216 eum,
1983 2160 2035 2204 et

461 2239 771 2290 scrutarniui
815 2239 1099 2306 diligenter
1127 2240 1251 2308 quid
1279 2240 1613 2295 contineatur
1642 2241 1776 2293 infra
1820 2242 2035 2295 conclu-

463 2340 603 2379 sum.
635 2326 802 2393 Quem
848 2329 1082 2381 delatum
1135 2332 1394 2395 reseravi,
1426 2328 1619 2394 fateor,
1660 2340 1714 2384 et
1758 2332 1933 2385 inveni
1979 2332 2033 2386 in

460 2415 565 2470 hoc
605 2417 873 2483 capsulam
919 2428 1245 2485 argenteam,
1277 2420 1327 2473 in
1375 2436 1474 2488 qua
1511 2438 1614 2474 non
1660 2422 1817 2476 modo
1865 2423 2037 2477 beatas

461 2505 689 2574 legionis
719 2508 955 2572 testium,
990 2524 1174 2561 verum
1208 2511 1366 2563 etiam
1402 2511 1688 2566 multorum
1726 2523 2032 2567 sanctorum

462 2608 570 2652 tam
599 2608 890 2668 martyrum
915 2616 1070 2669 quam
1096 2606 1465 2656 Confessornm
1505 2604 1741 2671 reliquiae
1769 2605 1924 2675 537
1959 2614 2038 2659 te-

463 2689 747 2743 nebantur.
779 2689 930 2744 Nacti
961 2692 1123 2745 etiam
1153 2706 1336 2746 sumus
1367 2702 1420 2747 et
1463 2695 1596 2748 alios
1628 2694 1848 2762 lapides,
1886 2697 1954 2748 ita
1983 2703 2040 2749 tit

466 2780 555 2835 hic
583 2792 717 2847 erat,
743 2798 933 2838 concm
946 2800 1026 2850 os,
1056 2786 1106 2837 in
1127 2785 1318 2853 quibus
1346 2796 1653 2841 sanctarum
1678 2788 2037 2856 apostolorum

463 2888 584 2927 cum
641 2875 965 2944 reliquorum
1014 2887 1304 2947 martyrum
1338 2879 1561 2946 pignora
1604 2879 2035 2933 continebantur.

466 2967 616 3034 Quod
645 2984 836 3023 munus
859 2985 957 3038 ego
974 2971 1226 3025 divinitus
1252 2973 1514 3026 indultum
1546 2973 1816 3027 admirans
1841 2984 1892 3026 et
1920 2988 2040 3043 gra-

2135 1796 2345 1839 vertere
2368 1827 2382 1851 ,
2418 1788 2466 1838 in
2498 1789 2777 1841 rhetoricis
2817 1804 3010 1857 genera
3055 1804 3341 1844 metrorum
3378 1805 3663 1859 agnoscere,

2136 1877 2186 1930 iu
2220 1878 2556 1945 geometricis
2589 1891 2846 1931 terrarum
2894 1879 3259 1948 liuearumque
3288 1894 3549 1935 mensuras
3572 1879 3664 1932 col-

2136 1966 2330 2034 ligere,
2364 1968 2413 2019 in
2445 1968 2782 2037 astrologicis
2811 1984 2998 2022 cursus
3027 1970 3260 2023 siderum
3306 1970 3665 2037 contemplari,
3692 2002 3695 2005 »

2136 2060 2187 2111 ἱιι
2219 2058 2571 2112 arithmeticis
2598 2074 2940 2113 numerormn
2975 2069 3151 2127 partes
3181 2062 3459 2131 eol.igere,
3489 2061 3534 2113 iu
3564 2062 3668 2112 har-

2136 2147 2330 2201 moniis
2373 2162 2625 2201 sonorum
2668 2148 3056 2202 modulationes
3100 2152 3342 2203 suavium
3385 2158 3667 2204 accentuum

2138 2237 2464 2291 carminibus
2505 2252 2870 2306 concrepare:
2905 2241 2947 2290 si
2980 2239 3030 2291 in
3062 2236 3146 2291 his
3171 2239 3413 2293 omnibus
3440 2239 3504 2292 ita
3534 2238 3671 2291 fueris

2136 2328 2490 2390 exercitatus,
2516 2337 2573 2381 ut
2596 2327 2686 2381 tibi
2714 2329 2882 2398 stylus
2911 2338 3090 2382 noster
3118 2332 3190 2383 sit
3220 2330 3471 2394 rusticus,
3501 2344 3588 2383 nec
3607 2329 3673 2382 sic

2138 2432 2353 2487 quoque
2381 2418 2643 2487 deprecor
2673 2426 2730 2471 ut
2760 2419 2957 2472 avellas
2996 2434 3112 2489 qua:
3147 2421 3358 2491 scripsi.
3397 2419 3495 2475 Sed
3520 2419 3559 2473 si
3596 2417 3673 2471 tibi

2139 2510 2193 2563 in
2224 2508 2307 2563 his
2333 2510 2583 2579 quiddam
2614 2511 2907 2579 placuerit,
2932 2512 3079 2565 salvo
3104 2528 3272 2582 opere
3297 2522 3472 2568 nostro
3498 2523 3546 2566 te
3568 2511 3676 2565 scri-

2138 2604 2267 2658 bere
2295 2618 2454 2658 versu
2492 2618 2596 2658 non
2619 2603 2820 2658 abnuo.
2847 2603 2953 2658 Hos
2982 2613 3157 2659 autem
3192 2606 3359 2660 libros
3390 2607 3441 2658 in
3466 2618 3593 2658 anno
3616 2602 3680 2656 vi-

2139 2698 2341 2753 cesimo
2370 2697 2542 2767 primo
2568 2697 2921 2751 ordinationis
2946 2704 3141 2751 nostrae
3165 2697 3579 2766 praeseripsimus
3601 2711 3613 2747 :
3637 2701 3682 2747 et

2140 2787 2265 2841 licet
2291 2785 2397 2858 [ΑΙ.
2428 2783 2655 2855 scilicet]
2686 2784 2738 2838 in
2769 2786 3131 2853 superioribus
3158 2786 3233 2841 de
3259 2784 3515 2855 episcOpis
3541 2783 3682 2837 Turo-

2142 2879 2277 2933 nicis
2302 2877 2679 2948 scripserimus
2705 2877 2799 2949 [al.
2823 2876 3181 2947 scripsimus],
3214 2886 3522 2932 annotantes
3541 2885 3683 2927 anno:

2145 2985 2328 3025 eorum
2356 3008 2371 3031 ,
2403 2983 2507 3021 non
2551 2979 2730 3022 tamen
2760 2968 3001 3036 sequitur
3028 2981 3089 3020 ac
3117 2977 3437 3036 supputatur
3464 2978 3683 3018 numerus

464 3060 567 3115 tias
608 3074 793 3128 agens,
827 3062 1112 3116 celebratis
1146 3063 1362 3131 vigiliis,
1388 3063 1547 3117 dictis
1589 3064 1751 3117 etiam
1782 3064 1954 3117 Missis
1988 3073 2035 3130 ο,
2069 3092 2113 3152 C
2144 3062 2465 3118 cbronicalis
2497 3058 2548 3125 ιι,
2589 3062 2712 3129 quia
2752 3061 3027 3115 intervalla
3071 3060 3466 3116 ordinationum
3510 3062 3685 3128 integre

467 3148 584 3204 haec
624 3151 672 3202 in
703 3150 931 3205 ecclesia
962 3152 1244 3205 collocavi.
1280 3152 1333 3206 Ιιι
1363 3155 1558 3207 cellula
1607 3154 1774 3207 sancti
1827 3153 2035 3208 Martini

465 3238 713 3293 ecclesia:
740 3241 838 3309 ipsi
870 3240 1137 3310 contigua,
1165 3252 1466 3295 sanctorum
1495 3242 1703 3296 Cosmie
1720 3254 1771 3297 et
1798 3242 2038 3297 Damiaui

465 3341 763 3400 martyrum
795 3334 1048 3400 reliquias
1080 3334 1253 3397 posui.
1292 3333 1546 3388 Basilicas
1588 3333 1759 3387 sancti
1794 3334 2038 3402 Perpetui

465 3422 684 3478 adustas
708 3424 955 3478 inccndio
987 3425 1185 3494 reperi,
1204 3441 1337 3493 quas
1370 3429 1419 3478 in
1455 3426 1545 3479 illo
1566 3425 1741 3479 nitore
1764 3425 1847 3479 vel
1875 3425 2037 3494 pingi,

466 3517 548 3569 vel
579 3516 846 3581 exornari,
882 3528 938 3570 ut
962 3519 1107 3586 prius
1141 3518 1369 3584 fuerant,
1416 3518 1681 3571 artiﬁcum
1730 3528 2037 3571 nostrorum

464 3620 631 3676 Opere
677 3607 953 3676 imperavi.
1007 3610 1378 3678 Baptisterium
1428 3611 1491 3663 ad
1539 3609 1709 3677 ipsam
1764 3610 2036 3664 basilicam

466 3696 721 3751 :cdilicari
750 3701 999 3767 praecepi,
1047 3700 1098 3754 in
1130 3716 1235 3769 quo
1276 3701 1444 3754 sancti
1498 3700 1740 3765 Joannis,
1766 3714 1885 3755 cum
1916 3701 2039 3755 Ser-

465 3790 539 3861 gii
569 3792 840 3862 martyris,
872 3792 1120 3861 reliquias
1154 3792 1326 3861 posui,
1357 3802 1411 3847 et
1443 3793 1494 3845 in
1531 3793 1621 3845 illo
1663 3793 1838 3861 priore
1868 3793 2041 3861 bapti-

466 3882 632 3937 sterio
670 3883 840 3937 sancti
874 3883 1093 3952 Benigni
1124 3884 1374 3954 martyris
1419 3884 1639 3952 pignora
1668 3884 1947 3937 collocavi.
1981 3883 2035 3938 lu

468 3972 653 4031 multis
678 3988 805 4027 vero
850 3974 979 4027 locis
1017 3973 1152 4028 infra
1179 3975 1501 4029 Turonicum
1528 3974 1835 4039 terminum,
1861 3983 1916 4029 et
1948 3990 2039 4029 ec-

468 4065 680 4129 clesias,
711 4076 764 4120 et
788 4068 1021 4121 oratoria
1052 4067 1313 4133 dedicavi,
1347 4078 1764 4136 sanctorumque
1805 4067 2044 4135 reliquiis

469 4154 884 4223 illustravi,qu:e
910 4170 1206 4209 memorare
1234 4171 1297 4208 ex
1325 4156 1515 4209 ordine
1545 4156 1807 4223 prolixum
1838 4156 2044 4211 censui.

540 4246 731 4303 Decem
773 4248 936 4302 libros
966 4248 1352 4310 Historiarum,
1384 4239 1590 4313 septem
1619 4248 1989 4303 Miraculorum
2017 4285 2034 4313 ,

2142 3170 2250 3208 non
2293 3153 2563 3222 potuimus
2605 3150 2857 3219 reperire.
2898 3151 2992 3204 Est
3034 3166 3161 3221 ergo
3190 3153 3371 3206 omnis
3397 3165 3585 3203 summa
3610 3162 3685 3200 an—

2146 3260 2335 3299 norum
2368 3242 2714 3297 mundialium
2749 3243 2905 3295 taiis:
2938 3244 2979 3294 Λ
3012 3242 3277 3309 principio
3305 3255 3466 3310 usque
3487 3239 3545 3292 ad
3567 3237 3686 3292 dilu-

2141 3335 2286 3387 vium
2332 3332 2455 3385 auui
2505 3346 2792 3395 IMCCXLII;
2835 3344 2865 3383 a
2901 3330 3100 3385 diluvio
3144 3346 3319 3401 usque
3345 3331 3407 3385 ad
3440 3330 3686 3383 transitum

2143 3425 2373 3478 ﬁliorum
2404 3423 2563 3477 Israel
2593 3437 2687 3491 per
2717 3436 2864 3475 mare
2894 3421 3134 3475 Rubrum
3174 3424 3305 3476 anni
3348 3434 3591 3483 ICCCCIV;
3626 3416 3683 3469 ab

2147 3518 2247 3570 hoc
2277 3516 2437 3568 maris
2466 3512 2692 3568 transitu
2724 3527 2889 3581 usque
2930 3512 2997 3565 ad
3042 3513 3489 3568 resurrectionem
3528 3508 3689 3563 Domi-

2147 3607 2321 3661 nicam
2343 3647 2360 3672 ,
2390 3606 2514 3659 anui
2546 3618 2840 3672 nnxxxvm,
2870 3619 2896 3654 a
2924 3603 3319 3658 resurrectione
3342 3600 3597 3656 Dominica
3620 3612 3690 3650 us-

2146 3713 2252 3768 que
2290 3698 2357 3752 ad
2400 3697 2680 3751 transitum
2728 3696 2897 3750 sancti
2946 3695 3193 3758 Martini.
3249 3696 3375 3749 anni
3414 3703 3690 3754 ccccxu;a

2148 3791 2372 3845 transitu
2396 3789 2566 3843 sancti
2592 3788 2799 3841 Martini
2824 3801 2991 3855 usque
3012 3787 3076 3840 ad
3102 3796 3456 3842 memoratum
3477 3780 3690 3852 superius

2146 3896 2343 3934 annum
2363 3922 2376 3947 ,
2408 3881 2457 3933 id
2489 3888 2599 3943 est,
2629 3878 2980 3932 ordinationis
3011 3858 3209 3931 nostrae
3246 3880 3469 3943 primum
3496 3874 3692 3949 etvice-

2146 3975 2379 4037 simum,
2431 3974 2521 4043 qui
2578 3972 2677 4025 fuit
2727 3970 2970 4041 Gregorii
3020 3984 3165 4039 papae
3197 3969 3427 4024 Romani
3473 3966 3688 4037 quintus,

2147 4063 2534 4119 Guntchramni
2577 4061 2719 4130 regis
2770 4061 3076 4128 trigesimus
3122 4060 3360 4128 primus,
3400 4051 3690 4112 Childeberti

2142 4154 2372 4225 junioris
2400 4153 2639 4207 decimus
2668 4167 2857 4218 nonus,
2888 4152 3013 4205 anni
3039 4149 3056 4187 ί
3089 4166 3309 4205 CLXVIII.
3340 4152 3570 4216 Quorum
3595 4156 3687 4198 om-

2147 4250 2230 4302 nis
2259 4261 2464 4302 summa
2495 4252 2579 4299 εει
2606 4258 2867 4298 annorum
2898 4258 3319 4303 ιιιιιιιίιωβιιοιιν
3345 4243 3397 4296 Ι.

822 4384 1123 4462 Explicit
1158 4382 1448 4443 Historia
1479 4382 1931 4443 Ecclesiastica
1965 4382 2355 4442 Francorum
2403 4379 2699 4458 Gregorii
2730 4379 3003 4457 episcopi
3030 4381 3364 4440 Turonici.

541 4514 568 4543 ⁸
595 4506 723 4572 Ejus
753 4506 939 4560 festum
967 4507 1160 4559 colitur
1184 4505 1271 4558 die
1300 4502 1334 4555 4
1363 4503 1606 4574 Augusti;
1641 4502 1876 4557 interfuit
1913 4518 2038 4556 con—
2072 4509 2120 4567 ι)
2148 4504 2216 4557 tis
2246 4504 2462 4556 incerta!
2483 4543 2498 4566 ,
2528 4503 2595 4556 de
2624 4518 2729 4572 quo
2761 4501 2980 4556 Vossius
3010 4502 3102 4556 lib.
3132 4518 3192 4556 ιιι
3223 4503 3294 4558 de
3326 4501 3589 4557 Historicis
3612 4498 3692 4552 La-

470 4577 592 4630 cilio
614 4577 784 4630 Paris.
818 4594 872 4630 nt
897 4593 985 4630 an.
1014 4576 1138 4641 5'57,
1170 4585 1223 4629 et
1254 4574 1465 4643 pratfuit
1496 4573 1695 4626 Turon.
1729 4588 1764 4627 ιι
1792 4589 1880 4626 an.
1911 4575 2035 4629 567.

471 4645 734 4699 Laudatur
768 4662 793 4699 a
830 4649 1119 4700 Fortunato
1151 4646 1239 4697 lib.
1275 4660 1356 4705 nt,
1386 4660 1555 4696 carui.
1587 4644 1636 4697 4.

543 4714 566 4751 ι’
590 4717 728 4768 Idem
757 4726 976 4770 testatur
1000 4718 1314 4769 Fortunatus
1348 4716 1499 4775 lib.x,
1529 4730 1693 4767 carm.
1717 4711 1772 4778 ‘2,
1802 4712 1937 4779 quod
1961 4723 2042 4766 est

428 4802 433 4807 '
473 4792 638 4838 totum
669 4790 733 4838 de
765 4787 864 4840 hac
890 4786 1111 4839 ecclesia
1161 4801 1188 4838 a
1220 4798 1400 4837 uoSIro
1431 4784 1691 4849 Gregorio
1722 4794 2035 4838 teatanrata.

545 4866 565 4893 ε
603 4856 917 4908 Sanctomtn
950 4857 1152 4909 scilicet
1202 4855 1437 4908 Mauricii
1486 4866 1539 4908 et
1576 4856 1866 4913 sociorum.
1909 4868 2041 4919 quos

472 4927 605 4982 infra
638 4926 804 4979 beatis
833 4925 1052 4995 legionis
1100 4934 1261 4978 testes
1296 4924 1547 4991 appellat.
1594 4925 1668 4977 De
1701 4928 1781 4976 his
1812 4927 1923 4977 luse
1952 4938 2040 4995 ac-

472 5009 580 5050 tutn
614 5006 695 5048 est
739 4996 790 5047 in
840 4992 983 5049 Actis
1014 4995 1299 5064 Martyrum
1332 4994 1557 5047 sinceris
1587 4995 1650 5046 ad
1681 5008 1876 5046 annum
1907 4992 2030 5047 286.

472 5068 765 5122 Ecclesiatu
796 5066 931 5119 hanc
959 5084 984 5115 a
1019 5064 1279 5133 Gregorio
1314 5073 1622 5116 renovatum
1654 5064 1892 5132 pluribus
1921 5066 2037 5116 lau-

471 5140 560 5193 dat
595 5139 917 5191 Fortunatus
953 5135 1045 5189 lib.
1079 5151 1129 5198 x,
1162 5149 1324 5186 eartu.
1350 5133 1405 5186 9..

539 5209 565 5244 ά
595 5209 725 5261 Cod.
755 5207 909 5260 Coll).
943 5222 1015 5258 ru.
1050 5215 1103 5257 et
1143 5205 1304 5256 editio
1353 5200 1507 5263 Bad.,
1542 5203 1591 5255 in
1622 5219 1724 5271 qua
1772 5203 1917 5256 valde
1947 5219 2039 5266 pu-

475 5280 684 5331 tredinis
708 5286 815 5331 erat
862 5277 1046 5347 pietate
1083 5275 1326 5328 uirtutum
1358 5288 1449 5339 pro
1478 5288 1652 5326 eorum
1680 5275 1864 5327 virtute
1892 5273 2039 5327 dela-

475 5361 523 5401 ιιι
535 5367 577 5397 ιιι
591 5388 603 5402 .
1172 5390 1175 5391 ,

544 5428 570 5486 ἒ
608 5418 755 5471 Colb.
788 5434 857 5471 tn.
891 5428 945 5473 et
975 5418 1127 5483 Bad.,
1159 5423 1207 5472 et
1231 5415 1432 5486 hymnis
1461 5417 1608 5468 etiam
1639 5414 1825 5467 missis.

545 5485 566 5527 ί
605 5489 697 5539 llic
737 5489 929 5542 desiuit
969 5490 1090 5542 cod.
1141 5485 1295 5540 (lolb.
1347 5503 1455 5552 ut.,
1491 5502 1588 5538 nec
1634 5486 1919 5553 quidquam
1959 5494 2041 5538 est

477 5561 734 5611 evulsum.
772 5557 920 5612 Unde
959 5559 1201 5611 Cointius
1242 5572 1302 5610 ea
1346 5573 1463 5623 quae
1502 5564 1797 5609 sentiuntur
1835 5570 1863 5606 a
1904 5570 2037 5623 quo-

477 5646 612 5698 ‘natn
647 5626 923 5698 Neoterico
953 5629 1126 5698 addita
1155 5630 1313 5679 fuisse
1343 5638 1543 5698 censet.

549 5710 570 5744 ις
612 5698 742 5751 (Ital.
772 5695 926 5759 Reg,
958 5695 1317 5748 illnrtiniaius.
1349 5696 1449 5747 Sed
1483 5697 1564 5747 llic
1594 5694 1778 5747 alludit
1806 5694 1869 5746 ad
1903 5695 2036 5746 illar-

480 5772 675 5824 tiauuui
710 5767 977 5820 Cave-ilum
1011 5779 1273 5819 auctmctn
1308 5768 1607 5829 celebrent,
1640 5766 1878 5827 quamvis
1910 5774 2035 5817 tnta-

2148 4576 2301 4629 tiuis.
2334 4583 2479 4640 parte
2511 4588 2568 4627 ιι.

2216 4642 2243 4681 ιι
2274 4643 2419 4705 Bcc.,
2447 4644 2822 4695 chronicorum.
2845 4640 3046 4705 Casin.,
3070 4651 3372 4696 annotanm
3393 4644 3567 4704 annos,
3589 4654 3694 4701 quo-

2144 4730 2260 4767 rum
2302 4730 2402 4766 non
2442 4725 2608 4765 tamen
2654 4714 2882 4782 sequitur
2937 4712 3043 4765 lucc
3097 4716 3401 4782 supputatio
3450 4724 3690 4766 numerum

2147 4786 2507 4837 cltrom'calem.

2221 4853 2237 4891 ί
2280 4854 2369 4907 Sic
2422 4853 2548 4917 Reg.
2596 4864 2649 4907 et
2693 4854 2926 4915 Cltesn.,
2970 4853 3058 4919 qui
3100 4853 3170 4905 al.
3223 4852 3413 4916 habet,
3456 4861 3692 4921 CLXXVIII.

2148 4924 2286 4978 Editi
2315 4924 2433 4986 alii,
2463 4937 2678 4977 ccxvut.
2708 4925 2853 4983 Bec.,
2877 4936 3075 4984 cxvut,
3101 4922 3235 4975 forte
3260 4937 3356 4988 pro
3373 4936 3593 4983 cxcvnt,
3614 4930 3690 4985 qui

2146 5008 2401 5048 numerus
2428 5009 2546 5044 rum
2580 4994 2682 5046 line
2713 4992 2832 5045 libri
2866 5007 2915 5044 tv
2946 4995 3319 5047 concordaret.

2221 5065 2235 5113 l
2283 5062 2370 5115 Sic
2410 5063 2566 5116 iitletn
2611 5064 2740 5130 lteg.
2769 5072 2821 5115 et
2849 5061 2949 5114 Cb.
2994 5064 3060 5114 At
3109 5062 3198 5116 alii
3230 5062 3398 5125 editi,
3441 5069 3690 5115 ncccutv.

2147 5133 2342 5187 Neuter
2368 5148 2617 5186 numerus
2646 5148 2764 5185 cum
2794 5131 3022 5198 singulis
3054 5134 3289 5198 partibus
3316 5132 3555 5184 collectis
3577 5140 3691 5181 con-

2147 5204 2351 5257 cordat.
2382 5202 2485 5255 Sed
2510 5212 2750 5255 nostrum
2776 5211 2855 5253 est
2881 5201 3117 5254 sinceras
3145 5216 3274 5253 is.
3305 5203 3428 5255 cod.
3461 5199 3692 5253 lectiones

2151 5282 2571 5341 repracsentare:
2616 5276 3060 5341 quonatu'autem
3100 5272 3256 5324 modo
3304 5272 3420 5323 hanc
3458 5279 3690 5341 annorqu

2150 5339 2315 5398 series
2341 5357 2458 5395 cum
2491 5343 2720 5408 antiquis
2749 5340 3051 5412 anetoribus
3079 5351 3169 5394 aut
3206 5344 3368 5395 etiam
3413 5356 3531 5392 cum
3571 5339 3695 5412 ipso:

2150 5423 2259 5467 met
2287 5412 2546 5481 Gregorio
2570 5410 2933 5478 componenda
2955 5410 3032 5481 sit
3051 5452 3064 5472 ,
3093 5411 3257 5464 fusius
3303 5410 3693 5481 inquisiercjtti

2143 5483 2323 5555 docti,
2356 5472 2919 5555 SEaliger,Petavius,
2953 5478 3259 5555 Menander,
3300 5472 3555 5555 Manlius,

2143 5553 2330 5611 lesins.
2364 5563 2469 5606 etc.
2496 5549 2521 5615 ;~
2542 5554 2633 5605 sed
2678 5567 2797 5602 cunt
2842 5566 2944 5602 non
2988 5552 3226 5604 eamdem
3270 5552 3412 5602 viam
3458 5549 3692 5607 inierint,

2143 5624 2193 5676 itt
2228 5624 2397 5674 varias
2428 5624 2608 5673 abiere
2638 5623 2948 5673 sententias.
2990 5619 3229 5673 Coiutius
3269 5636 3399 5673 vero
3445 5621 3538 5671 has
3578 5627 3693 5677 snp-

2141 5693 2468 5761 pntatiuuei,
2505 5702 2638 5743 sacut
2664 5704 2712 5743 et
2747 5707 2837 5741 eas
2867 5704 2984 5756 qua:
3012 5707 3167 5759 supra
3200 5690 3481 5753 habentur,
3514 5697 3691 5753 suppo-

2140 5763 2225 5817 siti
2254 5764 2330 5817 ias
2358 5779 2473 5817 esse
2506 5763 2795 5815 contendit.
