3946 6188
284 318 381 375 577

1286 316 1603 375 HISTORIA
1646 308 2065 372 FRANCORUM
2108 314 2521 372 EPITOMATA.

3431 326 3533 378 D78

287 433 527 500 protinus
574 430 637 483 ad
686 431 952 483 civitatem
997 442 1147 485 suam
1186 407 1376 499 rediit‘,
1412 432 1704 501 prtedicens
1735 430 1850 498 ejus
1879 431 1931 490 Α
1961 430 2102 484 veris
2144 429 2403 497 perlatum
2452 429 2677 496 fuisset,
2726 429 3000 485 Nanninus
3041 430 3149 503 [ΑΙ.
3191 431 3446 505 Nannius}
3478 444 3534 491 et

285 523 511 589 obitum,
543 532 599 576 ut
626 522 724 575 hoc
756 522 950 575 malum
988 538 1092 575 non
1121 506 1346 576 vider-et.
1373 523 1609 576 Aiecium
1635 529 1660 556 ἰ
1685 520 1853 589 patri-

284 615 421 670 cium
459 613 618 680 hujus
646 611 916 666 'Chronici
958 623 1105 680 gesta
1151 613 1387 668 laudant.
1444 612 1622 666 Virilis
1672 612 1854 665 habitu

286 708 579 769 turntatus,
628 704 807 756 animo
845 704 1056 765 alacer,
1109 703 1365 757 membris
1408 711 1659 772 vegetus,
1705 700 1857 769 equis

286 793 740 861 promptissimus.
798 800 1106 862 sagittarum
1156 794 1387 861 peritus,
1435 794 1575 846 conti
1610 793 1855 861 impiger,

286 882 439 940 hellis
477 885 823 952 aptissimus,
881 886 1025 951 pagis
1075 891 1315 950 captator
1356 882 1614 947 celebris,
1663 882 1859 936 nullius

286 977 523 1030 avaritiae
554 984 805 1039 sectator,
832 977 984 1028 bonis
1008 975 1200 1028 anima:
1231 974 1511 1043 praeditus,
1545 973 1857 1045 injuriarum

287 1068 725 1137 patientissimus,
754 1067 950 1120 laboris
980 1075 1255 1135 appetens,
1279 1066 1577 1135 impavidus
1600 1066 1869 1136 periculo-‘

289 1175 402 1212 rum
420 1174 434 1221 ;
451 1158 623 1220 famis,
644 1156 778 1220 sitis,
801 1157 1091 1224 vigiliarum
1114 1156 1578 1221 tolerantissimus;
1596 1156 1757 1227 55.8
1775 1158 1860 1210 cui

287 1248 505 1302 ineunte
565 1255 722 1299 :rtate
780 1247 1093 1314 praedictum
1139 1247 1302 1315 liquet
1345 1256 1562 1315 quantae
1613 1248 1860 1315 potentia:

288 1336 405 1391 fatis
437 1338 542 1407 [AL
578 1334 752 1405 factis]
780 1335 1167 1403 destinaretur,
1208 1337 1538 1405 temporibus
1574 1338 1683 1390 suis
1710 1335 1859 1389 futu-

284 1430 463 1499 risque
490 1427 842 1482 celebrandus
871 1424 1022 1497 (Cap.
1056 1426 1133 1495 6).
1180 1425 1303 1480 Haec
1332 1426 1669 1495 supradictus
1697 1426 1861 1480 histo-

284 1518 599 1591 ri0graphus
613 1518 679 1572 de
692 1518 871 1572 Aiecio
888 1525 1085 1571 narrat.
1100 1517 1232 1571 Cum
1249 1518 1431 1571 inisset
1454 1526 1722 1571 certamen
1740 1531 1860 1570 cum

278 1598 512 1675 Chunis,
530 1623 648 1680 qua:
662 1609 890 1679 gesserit
911 1608 1117 1663 ldacius
1145 1624 1255 1663 suae
1278 1607 1515 1662 historia:
1533 1607 1692 1678 hujus
1713 1608 1855 1661 volu-

280 1702 430 1755 mine
461 1710 640 1755 narrat
664 1698 691 1738 δ
721 1699 872 1771 (Cap.
902 1700 979 1768 7).
1010 1698 1138 1753 Nam
1164 1699 1247 1752 his
1269 1700 1453 1753 diebus
1475 1702 1713 1753 oratione
1732 1712 1861 1751 uxo-

284 1792 359 1844 ris
392 1805 506 1843 sute
535 1790 600 1842 ad
634 1788 815 1842 limina
848 1788 1277 1842 beatissimorum
1313 1788 1674 1855 apostolorum
1718 1787 1858 1841 Petri
1890 1784 1938 1843 Β

282 1882 333 1935 'et
364 1881 515 1935 Pauli
541 1880 759 1949 jejuniis
794 1889 849 1935 et
886 1878 1079 1949 vigiliis
1116 1878 1482 1945 discurrente,
1527 1880 1861 1933 interceden-

284 1973 428 2026 tibus
460 1970 742 2040 apostolis,
773 1972 987 2025 Aieeius
1013 1985 1043 2023 a
1072 1968 1318 2039 periculis
1355 1970 1629 2023 liberatur.
1686 1970 1861 2024 Reve-

284 2063 446 2116 latum
497 2071 577 2117 est
602 2062 808 2117 cuidam
856 2062 1106 2132 pauperi,
1158 2062 1421 2117 nuntianti
1459 2065 1638 2116 uxoris
1693 2063 1859 2117 Aiceii

282 2153 614 2208 orationibus
658 2152 821 2208 fuisse
869 2154 1155 2207 salvatum.
1213 2152 1366 2219 Quod
1417 2168 1535 2206 eum
1567 2169 1594 2205 a
1628 2168 1860 2222 paupere

284 2245 551 2315 proditum
577 2244 788 2311 fuisset,
820 2259 1023 2315 pauper
1050 2246 1287 2300 caecitate
1316 2245 1627 2314 percutitur.

332 2332 335 2337 ’
358 2337 421 2391 ll.
453 2339 526 2393 De
542 2338 869 2393 Francorum
884 2352 1012 2393 vero
1035 2337 1248 2407 regibus
1277 2338 1462 2392 beatus
1484 2336 1855 2407 Hieronymus,

283 2429 377 2498 qui
399 2430 511 2497 jam
533 2429 661 2485 olim
693 2431 931 2497 fuerant,
959 2430 1172 2497 scripsit
1203 2440 1251 2483 ο.
1283 2429 1432 2496 Quod
1480 2430 1622 2497 prius
1650 2429 1859 2500 Virgilii

287 2528 459 2589 poeta:
489 2530 671 2573 narrat
712 2513 952 2575 Historia
980 2560 994 2584 ,
1032 2519 1298 2573 Priamum
1341 2518 1567 2587 primum
1607 2518 1860 2573 habuisse

289 2623 466 2680 regem
490 2652 504 2675 ,
542 2624 661 2664 cum
693 2609 849 2680 Troja
872 2607 1064 2663 fraude
1112 2608 1276 2664 Ulixis
1307 2618 1604 2678 caperetur,
1638 2608 1859 2663 exinde-

289 2714 387 2769 que
411 2699 576 2755 fuisse
596 2709 864 2771 egressos.
886 2698 1077 2754 Postea
1094 2698 1304 2769 Frigam
1320 2698 1570 2753 habuisse
1594 2696 1754 2769 549
1785 2712 1863 2754 re-

288 2805 441 2858 gem,
468 2789 659 2844 bifaria
709 2790 975 2845 divisione
1019 2798 1223 2858 partem
1271 2804 1457 2843 eorum
1501 2788 1860 2843 Macedoniam

294 2881 454 2936 fuisse
479 2884 818 2950 aggressam;
856 2880 991 2934 alios
1016 2882 1017 2885 “
1039 2893 1159 2933 curn
1192 2878 1346 2948 Friga
1376 2886 1594 2933 vocatos
1630 2877 1860 2948 Frigios,

292 2973 466 3026 Asiam
519 2981 904 3043 pervagantes,
954 2970 1006 3025 in
1051 2972 1228 3027 littore
1279 2971 1497 3025 Danuvii
1546 2970 1779 3024 ﬂuminis
1810 2980 1864 3025 et

292 3049 693 3119 maris'Oceani
737 3063 1067 3117 consedisse.
1133 3064 1318 3115 Denuo
1368 3060 1551 3114 bifaria
1600 3059 1862 3114 divisione

1958 520 2238 587 Quintinns
2269 520 2521 587 Magister
2553 530 2577 557 θ
2610 521 2833 575 militum
2857 522 3081 576 collecto
3103 522 3341 578 exercitu
3365 524 3532 577 Fran-

1957 627 2050 666 cos
2093 611 2161 666 de
2206 609 2490 665 Germania
2522 612 2811 680 ejecerunt.
2862 612 3016 679 Apud
3056 614 3533 670 Carbonariantdo

1960 698 2182 756 Francis
2212 710 2419 769 strages
2447 700 2584 755 titur.
2618 702 2743 755 Post
2766 701 3009 755 lleiaclio
3032 710 3083 755 et
3113 701 3334 756 Joviano
3363 700 3382 740 ί
3409 719 3531 759 cum

1958 794 2197 847 exercitu
2247 792 2384 846 ultra
2434 792 2677 847 Rhenum
2712 795 3106 849 transeuntibus
3133 836 3147 861 ,
3182 795 3536 863 disponentes

1962 880 2199 934 Francos
2232 881 2297 934 ad
2328 882 2748 936 internecionem
2780 884 3100 949 perducere,
3136 892 3297 937 tanta:
3330 894 3537 955 strages

1960 980 2025 1023 ex
2053 969 2310 1022 militibus
2351 984 2378 1021 a
2427 969 2642 1022 Francis
2674 970 2825 1023 facta:
2870 980 3027 1031 sunt,
3076 980 3138 1023 ut
3166 971 3445 1026 Heraclius
3477 982 3536 1028 et

1960 1058 2214 1113 Jovianus
2266 1059 2350 1111 vix
2387 1058 2452 1112 de
2497 1059 2687 1113 eodem
2729 1060 2912 1128 prmliu
2957 1062 3254 1127 potuissent
3283 1062 3534 1117 evadere.

1963 1148 2068 1202 Nec
2098 1147 2324 1202 ulterius
2360 1150 2621 1200 adversus
2650 1147 2886 1200 Francos
2914 1144 3362 1215 prtesumpserunt
3391 1164 3538 1202 arma

1963 1240 2218 1305 arripere.
2251 1237 2379 1291 Post
2404 1252 2628 1305 paucum
2660 1240 2913 1302 temporis
2945 1240 3265 1307 Arhogastes
3292 1240 3539 1306 superbia

1964 1328 2135 1381 elatus
2183 1328 2436 1381 adversus
2470 1328 2705 1383 Francos
2738 1344 2887 1382 arma
2926 1332 3254 1395 commovit,
3287 1346 3406 1385 eum
3436 1334 3539 1385 cis-
3592 1350 3597 1355 λ

1967 1419 2087 1472 dem
2119 1418 2378 1471 dimicans
2405 1419 2577 1471 victus
2608 1418 2809 1487 effugit.

2032 1548 2119 1601 lV.
2167 1550 2353 1603 Franci
2404 1550 2649 1604 Treveris
2698 1549 2984 1603 hiemando
3044 1551 3279 1605 residere
3339 1567 3541 1620 prtcsu-

1962 1650 2113 1694 munt
2151 1640 2361 1711 (lbid.).
2417 1642 2786 1695 Valentiniano
2820 1643 3144 1711 imperatore
3182 1646 3313 1697 infra
3347 1647 3539 1714 privati

1965 1731 2179 1784 modum
2220 1732 2435 1785 redacto
2459 1772 2475 1797 ,
2515 1733 2756 1787 militaris
2786 1736 2859 1786 rei
2893 1750 3017 1787 cura
3052 1736 3270 1789 Francis
3296 1740 3540 1792 sateilui-

1966 1826 2064 1879 bus
2083 1826 2294 1880 tradita.
2319 1827 2502 1880 Civilia
2517 1827 2910 1896 quoqneofiicia
2946 1832 3283 1896 transgressi,
3302 1832 3465 1903 550
3489 1838 3540 1886 in

1967 1917 2393 1987 coniurationem
2425 1920 2737 1987 Arbogastis
2756 1923 3105 1974 sacramentis
3128 1922 3366 1977 obstricti
3396 1934 3540 1977 sunt.

1965 2010 2289 2076 Arhogastes
2334 2009 2715 2063 Marcomerem
2755 2018 2808 2063 et
2850 2009 3154 2065 Sonnonem
3201 2012 3364 2066 duces
3405 2011 3539 2067 odiis

1965 2098 2259 2163 insectans,
2292 2101 2563 2154 exercitus
2595 2099 2777 2153 fraude
2810 2100 3045 2155 Francos
3073 2100 3359 2167 deceptos,
3385 2118 3543 2156 uren-

1964 2189 2171 2257 dosque
2198 2206 2317 2245 cum
2347 2189 2591 2243 deens~is
2623 2189 2791 2255 foliis,
2823 2189 2979 2243 nudae
3019 2201 3179 2259 atque
3200 2200 3429 2245 arentes
3450 2190 3543 2245 sil-

1967 2294 2048 2334 va:
2080 2279 2395 2334 insidiantes
2417 2280 2709 2349 aggredere
2729 2322 2745 2346 ,
2776 2290 3106 2349 transgresso
3141 2280 3327 2336 Rheno
3350 2296 3542 2351 pagum

1965 2383 2122 2438 quem
2149 2367 2403 2421 Cbamavi
2429 2378 2453 2415 ε
2477 2368 2734 2435 incolunt,
2765 2368 3113 2437 dep0pulatus
3138 2378 3239 2423 est.

2040 2495 2105 2551 V.
2149 2496 2347 2551 Dehine
2395 2496 2673 2551 exstinctis
2720 2496 2943 2550 ducibus
2996 2496 3050 2550 in
3101 2497 3321 2551 Francis
3366 2498 3543 2555 denuo

1968 2599 2127 2654 reges
2176 2596 2425 2642 creantur
2471 2602 2539 2640 ex
2589 2586 2773 2642 eadem
2816 2588 2980 2656 stirpe
3026 2603 3129 2657 qua
3162 2588 3306 2657 prius
3338 2588 3544 2645 fuerant

1969 2673 2178 2745 (llud).

2044 2805 2127 2865 Vl.
2158 2805 2355 2859 Eodem
2402 2814 2642 2874 tempore
2690 2804 2943 2859 Jovianus
2986 2817 3206 2861 ornatus
3251 2809 3426 2877 regios
3453 2824 3542 2862 as-

1969 2896 2217 2962 sumpsit.
2258 2896 2642 2949 Constantinus
2693 2896 2868 2963 fugatn
2917 2907 3128 2952 vertens
3175 2899 3374 2952 italiam
3417 2901 3545 2955 diric

1967 2984 2065 3055 git,
2097 2984 2273 3038 missis
2298 2999 2325 3036 a
2342 2984 2565 3038 Joviano
2583 2982 2608 3020 ιι
2629 2985 2862 3053 principe
2883 2985 3092 3041 obviam
3119 2989 3542 3056 percussoribus,

1970 3089 2128 3143 super
2162 3072 2356 3127 Mentio
2396 3071 2409 3109 ί
2447 3073 2661 3127 ﬂumine
2685 3077 2857 3145 capite
2889 3088 3181 3132 truncatur.
3221 3079 3362 3132 Multi
3398 3081 3545 3134 nobi-

278 3152 557 3223 'E'nrop'am
590 3153 763 3207 media
800 3167 863 3206 ex
895 3152 1023 3220 ipsis
1048 3166 1168 3221 pars
1193 3166 1311 3204 cum
1355 3151 1653 3204 Fraucione
1680 3164 1862 3203 eorum

1979 3165 2097 3218 liu‘m
2126 3165 2279 3232 jussu
2306 3164 2512 3217 Joviani
2543 3165 2682 3231 apud
2712 3168 2965 3220 Arvernis
2996 3169 3155 3236 capti,
3189 3178 3241 3223 et
3267 3184 3295 3223 a
3323 3171 3545 3226 ducibus

291 3257 411 3313 rege
443 3247 681 3314 ingressa
712 3245 827 3297 fuit.
886 3243 985 3309 Qui
1033 3243 1299 3311 Europam
1330 3250 1712 3311 pervagantes,
1743 3254 1862 3294 cum

290 3336 544 3391 'nxoribus
592 3345 646 3390 et
689 3334 872 3389 liberis
913 3335 1081 3387 Rheni
1126 3334 1292 3402 ripam
1342 3342 1712 3399 occuparunt,
1768 3345 1866 3388 nec

292 3426 472 3495 procul
511 3440 541 3479 a
574 3425 776 3479 ‘Rlieno
819 3426 1086 3481 civitatem
1133 3425 1197 3478 ad
1230 3426 1399 3478 instar
1426 3422 1602 3492 Trojae
1633 3426 1867 3477 nominis

274 3510 555 3572 'mdificare
576 3508 755 3570 conati
794 3522 929 3569 sunt.
995 3514 1235 3583 Cmptum
1264 3514 1475 3583 quidem
1505 3523 1610 3578 est,
1642 3514 1736 3568 sed
1770 3517 1869 3568 ini-

292 3610 581 3679 perfectum
613 3623 747 3678 opus
775 3608 1050 3662 remansit.
1095 3606 1323 3662 Residna
1350 3622 1532 3661 eorum
1566 3622 1711 3675 pars,
1740 3623 1859 3675 que

291 3716 447 3769 super
480 3697 657 3752 littore
687 3698 912 3752 Danuvii
946 3705 1306 3762 remanserat,
1339 3697 1565 3751 electum
1592 3710 1621 3750 a
1652 3713 1708 3751 se
1730 3697 1866 3751 Tur-

292 3794 409 3848 ehot
442 3791 469 3828 ἀ
505 3792 720 3846 nomine
752 3805 925 3859 regem
947 3830 964 3855 ,
998 3805 1091 3859 per
1118 3804 1274 3857 quem
1304 3790 1474 3843 vocati
1499 3798 1621 3842 sunt
1648 3787 1865 3853 Turchi,

293 3894 340 3938 et
385 3899 481 3952 per
530 3882 876 3937 Francionem
909 3881 999 3934 alii
1040 3883 1207 3933 vocati
1258 3888 1381 3933 sunt
1413 3879 1640 3942 Franci,
1690 3879 1869 3934 multis

294 3990 409 4044 post
457 3966 791 4042 temporibus
830 3989 950 4027 cum
1003 3971 1227 4027 ducibus
1277 3983 1523 4027 externas
1552 3971 1870 4025 dominatio-

292 4082 385 4120 nes
414 4080 631 4134 semper
662 4062 1091 4136 negantes‘[Ch.,
1121 4060 1405 4133 regentes].

360 4158 445 4213 ΙΙΙ.
490 4156 728 4211 Francos
788 4157 1111 4224 transegisse
1168 4153 1531 4222 comperimus
1588 4169 1759 4223 usque
1801 4154 1866 4208 ad

270 4250 693 4311 Marcomerem,
721 4246 1034 4301 Sbnnonem
1053 4255 1104 4298 et
1130 4245 1511 4299 Genebaudum
1540 4243 1704 4297 duces
1730 4245 1868 4312 (cap.

290 4340 364 4411 9).
396 4342 530 4392 Cum
568 4339 765 4407 quibus
818 4336 1147 4405 temporibus
1200 4335 1539 4403 imperatoris
1579 4334 1870 4389 Theodosii

292 4436 340 4486 in
370 4433 712 4488 Germaniam
766 4439 1197 4500 prorumpentes,
1246 4436 1412 4497 pagos
1458 4428 1865 4496 depopulantes,

1970 3253 2187 3308 Ilonorii
2215 3253 2503 3307 crudeliter
2536 3256 2841 3323 interempti
2872 3264 2995 3309 sunt
3023 3255 3237 3326 (tum).

2028 3386 2157 3441 ‘Vll.
2179 3387 2533 3440 Treverorum
2567 3386 2758 3441 civitas
2791 3388 3020 3443 factione
3050 3392 3203 3445 unius
3230 3407 3294 3447 ex
3333 3403 3547 3447 senato-

1970 3479 2138 3543 ribus,
2178 3478 2263 3533 cui
2291 3490 2483 3532 nomen
2516 3480 2603 3531 Lm
2625 3480 2704 3532 ius
2726 3519 2739 3543 ,
2770 3496 2798 3534 τι
2830 3481 3048 3535 Francis
3069 3494 3219 3550 capta
3250 3493 3305 3537 et
3326 3484 3545 3541 incensa

1968 3579 2070 3625 est.
2100 3572 2231 3622 tium
2275 3572 2461 3623 Avitus
2495 3570 2785 3635 imperator
2812 3582 2953 3624 esset
2984 3574 3205 3625 luxuria:
3234 3574 3465 3636 deditus,
3496 3586 3548 3629 et

1970 3663 2072 3717 iste
2110 3663 2304 3716 Lucius
2330 3662 2547 3715 haberet
2580 3662 2858 3716 mulierem
2891 3664 3305 3732 ptlcherrimam
3335 3677 3548 3720 cuncti-

1969 3770 2117 3818 rum,
2155 3756 2360 3824 fingens
2401 3755 2589 3806 Avitus
2635 3753 2703 3807 ob
2750 3755 3112 3807 inlirmitatctn
3142 3757 3382 3824 corporis
3409 3756 3550 3810 lecto

1968 3862 2028 3901 se
2068 3846 2388 3914 depromere
2413 3888 2427 3910 ,
2469 3845 2626 3911 jussit
2665 3844 2730 3896 ad
2779 3860 2967 3898 omnes
2996 3847 3308 3908 senatrices,
3352 3858 3550 3900 utenin

1966 3941 2309 4005 requirerent
2340 3935 2389 3989 i.
2430 3935 2669 3998 Cumque
2690 3951 2821 3987 uxor
2848 3936 3080 3989 venisset
3103 3934 3271 3999 Lucii,
3303 3939 3457 4005 vique
3481 3942 3552 3990 ah

1971 4028 2127 4080 Avito
2158 4016 2414 4094 Oppressa
2441 4027 2648 4087 fuisset,
2679 4026 2727 4077 in
2750 4029 2984 4079 crastino
3015 4042 3237 4094 surgens
3279 4028 3345 4080 de
3377 4038 3550 4082 stratu

1970 4118 2153 4169 Avitus
2196 4115 2333 4168 dixit
2384 4114 2445 4168 nd
2492 4114 2751 4168 Lucium:
2786 4114 3037 4168 Pu’cliras
3082 4118 3318 4171 thermas
3365 4118 3551 4184 habes,

1969 4216 2023 4260 et
2055 4204 2240 4276 frigida
2276 4206 2417 4258 lavas
2443 4203 2488 4257 ιι.
2525 4206 2649 4259 llaec
2671 4205 2972 4273 indignante
3004 4207 3092 4260 Lu.
3115 4208 3196 4271 io,
3239 4222 3332 4262 sua
3363 4208 3551 4261 factio-

1971 4312 2037 4350 ne
2063 4296 2267 4364 direpta
2291 4306 2373 4350 est
2400 4296 2612 4361 civitas,
2646 4304 2699 4349 et
2726 4295 2943 4349 incensa
2975 4312 3004 4349 a
3029 4296 3266 4351 Francis.

2046 4428 2176 4483 Vlll.
2201 4426 2449 4482 Castinus
2476 4431 3117 4484 dornestieoramcomes
3146 4429 3545 4499 expeditionem

290 4523 444 4577 etiam
477 4524 716 4578 Colonia:
757 4522 1347 4577 metum'ineusserunt.
1392 4518 1541 4586 Quod
1570 4533 1691 4575 cum
1732 4519 1867 4574 Tre-
1898 4509 1950 4568 1)
1976 4520 2184 4590 accepit
2226 4535 2410 4573 contra
2464 4519 2698 4575 Francos
2723 4559 2747 4584 ,
2768 4534 2968 4588 eosque
3011 4521 3263 4589 proterit,
3302 4522 3549 4580 Rhenum

357 4690 383 4718 ι
420 4679 510 4735 Sic
538 4655 705 4743 Clamo,
725 4678 854 4731 Bob.
885 4686 937 4732 et
960 4677 1180 4733 Freher.
1199 4676 1395 4731 Chesn.
1428 4691 1581 4745 vero,
1612 4677 1862 4749 Agclium.

289 4751 440 4811 Cain,
476 4750 698 4813 Aetium,
727 4751 866 4816 quod
898 4759 980 4802 est
1009 4752 1158 4816 vulga
1189 4764 1283 4801 um
1310 4763 1525 4801 nomen.

360 4820 384 4858 δ
424 4813 777 4885 Fredegarius
803 4862 817 4884 ,
847 4827 906 4872 ut
952 4818 1004 4872 in
1034 4813 1349 4885 praifatiooe
1380 4819 1574 4871 dictum
1604 4828 1708 4880 est,
1737 4817 1864 4871 Col-
1894 4813 1906 4827 ⁸

266 4892 567 4945 'lectimem
612 4889 999 4942 Chronicorum
1045 4891 1096 4941 in
1140 4888 1379 4957 quinque
1426 4901 1513 4940 ant
1559 4903 1649 4941 sex
1705 4889 1865 4942 libros

287 4961 505 5012 divisam
537 4959 724 5013 edidit.
783 4959 941 5012 Liber
958 4960 1143 5011 tertius
1168 4968 1336 5013 estex
1368 4958 1531 5011 ldatio
1554 4969 1863 5026 excerptus,

262 5031 373 5099 “qui
417 5032 508 5084 hic
558 5030 824 5094 laudatur,
869 5030 1044 5093 ibique
1086 5028 1267 5082 Aetius
1301 5029 1495 5083 dicitur
1525 5031 1695 5095 primo
1724 5030 1863 5082 Atti-

286 5101 410 5163 lam,
444 5110 556 5154 tum
586 5099 1069 5165 Thorismundum,
1103 5111 1319 5167 accepta
1349 5102 1416 5151 ab
1446 5110 1672 5168 utroque
1704 5114 1860 5167 pecn-

287 5173 389 5234 nia,
420 5170 691 5224 fefellisse.

358 5253 378 5277 ε
424 5241 777 5311 Hieronymus
805 5240 856 5291 iu
890 5240 993 5292 vita
1027 5246 1196 5292 sancti
1229 5239 1549 5294 Hilarionis:
1591 5238 1737 5293 Inter
1759 5240 1861 5294 Sa-

260 5312 439 5364 ":rorm
467 5312 653 5381 quippe
674 5311 1039 5381 ctAlemanno!
1066 5326 1186 5379 gens
1212 5320 1306 5373 est,
1331 5328 1429 5363 non
1452 5318 1557 5362 tam
1580 5313 1683 5381 lato
1706 5327 1858 5377 quam

266 5383 482 5443 'valida,
513 5382 652 5448 apud
680 5381 967 5434 Historicos
992 5380 1290 5448 Germania,
1318 5397 1451 5434 nunc
1481 5396 1595 5434 vero
1632 5380 1856 5433 Francia

285 5398 482 5443 eatiaa,
513 5398 650 5504 arua
680 5398 967 5434 muoriros
992 5398 1290 5448 harmonia,
1318 5398 1451 5434 nunc
1481 5398 1595 5434 vero
1632 5398 1855 5433 rrnucm

270 5458 507 5504 vocatur.
566 5450 1007 5515 ’rocopiusetiaiu
1035 5452 1421 5504 Germanorum
1445 5454 1657 5505 nomine
1692 5452 1855 5506 Fran-

282 5534 371 5575 ρος
405 5524 597 5587 passim
627 5524 889 5590 designat.

251 5634 262 5645 .
350 5591 376 5627 ά
419 5594 649 5645 Aiinm'n.
692 5593 786 5644 lib.
840 5605 896 5648 ιι.
946 5605 1061 5654 cap.
1096 5590 1150 5653 2,
1179 5592 1462 5645 cnm'Boh.
1491 5631 1504 5658 ,
1536 5590 1849 5649 Torchot....

286 5660 489 5714 Torchi.
522 5664 738 5724 lion-iro,
774 5661 864 5713 lib.
898 5678 929 5723 t,
965 5661 1168 5713 'l'm'rm.

260 5738 261 5741 “
357 5742 378 5768 ⁸
421 5733 550 5785 Rob.
578 5743 627 5784 tt
654 5731 811 5796 Can.,
842 5734 1068 5795 ntugistri
1098 5732 1333 5785 militum.

2053 4675 2073 4714 τ
2122 4676 2281 4741 Editi,
2314 4674 2622 4738 Joviniano;
2651 4675 2851 4729 etinfra
2882 4676 3047 4746 Clar.,
3080 4676 3130 4729 in
3162 4676 3337 4732 indice
3360 4680 3549 4746 capit.,

1972 4746 2267 4819 laviniano.
2290 4748 2455 4819 ΔΒιιιιη
2484 4747 2641 4808 infra,
2676 4747 2882 4819 Erectio
2908 4757 2954 4800 et
2977 4745 3254 4800 Jiwiniano
3276 4764 3386 4800 eum
3416 4745 3548 4819 pm;

1969 4820 2062 4871 cis.
2098 4818 2143 4871 Is
2172 4827 2253 4890 est
2278 4816 2613 4890 Jovinu~,ut
2639 4820 2796 4872 hairet
2824 4817 2920 4870 Ch.
2952 4822 3047 4880 al.,
3084 4833 3218 4871 unus
3246 4834 3312 4873 ex
3344 4816 3425 4872 his
3454 4822 3546 4890 qni

1970 4888 2296 4955 temporibus
2328 4888 2547 4957 llonnrti
2589 4890 2920 4957 tyrannidem
2960 4900 3378 4955 assumpserunt.
3429 4888 3543 4943 Fal-

1968 4972 2084 5011 sum
2116 4967 2196 5011 est
2218 4970 2392 5011 autem
2417 4975 2444 5010 a
2475 4956 2648 5011 Jnvini
2678 4964 2854 5012 missrs
2882 4958 3287 5011 Constantintun
3311 4961 3540 5013 occisum

1971 5028 2155 5081 fuisse.
2189 5029 2261 5081 De
2288 5031 2613 5095 Arhogaste,
2643 5028 2731 5097 qui
2754 5044 2949 5097 genere
2976 5040 3088 5082 erat
3114 5030 3353 5083 Francus
3378 5069 3392 5092 ,
3426 5033 3545 5084 ν.άο

1974 5098 2145 5151 Vitam
2162 5102 2329 5151 sancti
2365 5098 2652 5151 Ambrosii.

2040 5178 2064 5237 tt
2103 5171 2269 5231 Clar.,
2304 5169 2499 5237 Amavi.
2530 5168 2687 5233 Boh.,
2715 5168 2915 5237 Amogi.

2039 5234 2066 5273 ιι
2108 5238 2319 5291 Incaute
2350 5236 2695 5306 Fredegaiins
2728 5243 2810 5291 hic
2845 5234 2960 5307 qua:
3000 5240 3065 5289 de
3097 5236 3332 5292 Honorio
3358 5238 3541 5308 Frige-

1934 5322 1941 5327 ‘
1966 5309 2114 5361 ritlus
2145 5310 2380 5377 scripsit,
2414 5310 2589 5361 tribuit
2619 5310 2827 5363 Jov'tnu.

2048 5378 2063 5415 ί
2104 5381 2262 5451 lion,
2292 5378 2504 5431 Momm.
2534 5382 2839 5451 Appetlatnr
2862 5377 3105 5441 Mincius,
3135 5378 3290 5449 vulgo
3318 5379 3545 5451 Mancia,

1932 5474 1935 5477 λ
1967 5463 2061 5503 seu
2092 5450 2294 5512 Meum,
2325 5451 2489 5502 Italiae
2534 5449 2757 5510 fluvius,
2787 5451 2873 5517 qui
2926 5452 3189 5503 Mantuam
3244 5453 3426 5505 urbem
3465 5449 3542 5507 al;

1966 5520 2083 5582 luit,
2111 5531 2163 5573 et
2195 5538 2242 5572 ιιι
2280 5524 2475 5572 l’adntn
2512 5519 2720 5571 labitur.

2039 5595 2051 5640 ι
2101 5592 2197 5643 Ch.
2233 5606 2422 5660 marg.
2446 5596 2594 5659 jtusu
2622 5589 2689 5640 ad
2715 5604 2884 5640 omnes
2913 5593 3182 5644 amatrices
3206 5599 3258 5643 ut
3291 5606 3403 5644 eum
3422 5591 3517 5644 vis.

1967 5671 2149 5725 tarem,
2182 5664 2333 5713 misit.

2040 5730 2061 5769 ἰ
2105 5735 2243 5785 tlzztr.
2279 5744 2330 5784 et
2364 5730 2515 5782 liti!:..
2545 5726 2679 5779 Nam
2708 5729 2808 5799 [νέξ]
2832 5732 2899 5783 (Io
2924 5732 3079 5785 (uvas.
3114 5731 3298 5792 Frelt.,
3332 5729 3542 5798 frigide.
