3946 6188
468 336 568 393 57'.)

1457 330 1515 386 S.
1557 328 1881 385 GRECORII
1923 324 2227 381 EPISCOPI
2266 323 2695 380 TURONENSIS
3586 333 3671 388 5m

469 456 681 514 transit,
711 451 911 507 Gallias
936 458 1271 518 pervagatur,
1296 461 1463 516 usque
1486 446 1550 499 ad
1578 445 1861 516 Pyrenaeos
1894 460 2041 498 mon-
2070 448 2118 503 Α
2150 440 2481 510 pariterque]
2503 442 2805 509 conjuncta:
2834 441 2993 497 unum
3018 442 3286 496 effecerint
3310 444 3542 511 solidum,
3572 460 3676 502 tunc

472 556 550 598 tes
574 545 809 609 pervenit
832 550 881 593 ι.

542 634 632 687 lx.
666 633 855 686 Franci
905 631 1131 688 eiectum
1181 646 1210 682 a
1257 643 1315 683 se
1359 644 1560 698 regem,
1591 629 1902 694 sicutprius
1928 627 2039 679 fue-

472 736 585 786 rat,
618 725 869 777 crinitum
921 723 1249 789 inquirentes
1272 720 1555 789 diligenter
1578 734 1638 772 ex
1665 732 1861 786 genere
1893 717 2041 771 Pria-

473 815 565 878 mi,
594 814 734 883 Frigi
761 852 775 877 ,
817 821 870 867 et
900 811 1209 867 Francionis
1231 852 1246 877 ,
1298 826 1460 880 super
1482 826 1540 865 se
1561 819 1786 871 creant,
1830 808 2045 863 nomine

2155 544 2377 584 securus
2407 532 2628 597 patriam
2660 532 2818 602 552
2854 533 3148 600 repedabis.
3193 532 3515 589 Childericus
3553 536 3678 591 habi-

2147 628 2268 672 tans
2298 620 2348 673 in
2383 620 2670 689 Tlioringia
2713 621 2849 688 apud
2882 637 3059 691 regem
3092 623 3324 675 Bisinum
3346 663 3361 687 ,
3397 640 3681 694 uxoremque

2143 710 2260 779 ejus
2294 710 2543 763 Basinam
2564 719 2588 755 ε
2616 712 2785 763 latuit.
2814 710 3002 765 Franci
3026 721 3147 766 tunc
3178 714 3440 782 A‘lgidium
3468 710 3496 751 ί
3524 716 3687 770 nnani.

2146 803 2305 855 miter
2332 817 2509 870 regem
2539 802 2860 857 adsciscunt.
2902 798 3221 860 Wiomadus
3268 808 3465 860 amicus
3500 806 3685 862 Childe-

2150 893 2248 946 rici
2303 892 2622 961 subregulus
2668 894 2736 946 ab
2790 893 3002 963 Aigidio
3059 893 3280 951 Francis
3334 898 3602 951 instituitur
3647 899 3682 964 ί,

470 906 892 961 Ἰιιθυάεωθτεηι
944 899 1533 976 [ΑΙ.ΤΙιεοόοηιὶι·ιιιιι]
1582 902 1745 955 filium
1777 898 2047 953 Ricbeme-

472 997 566 1060 ris,
596 999 683 1063 qui
716 997 767 1050 in
793 996 895 1049 hoc
918 993 1104 1063 prtelio
1123 1035 1139 1059 ,
1167 994 1310 1064 quod
1332 1008 1494 1062 supra
1526 991 1774 1052 memini,
1798 1006 1826 1043 a
1853 990 2045 1043 Roma-

473 1088 559 1139 nis
601 1086 915 1139 interfectus
958 1094 1038 1137 est
1086 1083 1277 1152 (lbid.,
1327 1091 1373 1136 et
1397 1099 1510 1152 cap.
1544 1084 1656 1149 10),
1698 1081 2048 1137 Substituitur

480 1176 620 1229 filius
649 1177 766 1245 ejus
793 1174 1033 1228 Chloden
1078 1176 1100 1210 δ
1133 1173 1186 1225 in
1236 1188 1457 1239 regnum
1485 1213 1499 1239 ,
1532 1172 1691 1243 551
1734 1171 2049 1224 utilissimus

475 1268 555 1317 vir
595 1266 645 1317 in
679 1275 837 1333 gente
861 1280 976 1327 sua,
1012 1267 1099 1333 qui
1131 1266 1268 1333 apud
1291 1264 1581 1333 Esbargem
1607 1275 1840 1318 castrum
1878 1274 1900 1302 ο
1926 1265 2053 1318 resi-

474 1356 654 1417 debat,
682 1355 822 1423 quod
862 1364 945 1409 est
988 1357 1038 1407 in
1086 1356 1313 1409 termino
1343 1355 1757 1421 Tharingorum.
1811 1354 2050 1421 Burgun-

475 1444 666 1498 diones
696 1460 906 1513 quoque
938 1446 1253 1498 Arianorum
1281 1455 1426 1499 secta
1459 1446 1766 1504 utebantur.
1804 1445 2052 1498 sedentes

476 1534 530 1587 in
564 1534 868 1601 Cisalpinis.
916 1533 1152 1588 Chlodeo
1191 1534 1366 1587 missis
1392 1533 1822 1602 exploratoribus
1870 1533 1934 1586 ad
1966 1548 2054 1585 ur-

473 1622 598 1675 bem
624 1623 974 1676 Camaracum
999 1665 1014 1689 ,
1047 1624 1372 1692 perlustrans
1408 1624 1583 1677 omnia
1603 1665 1617 1688 ,
1645 1625 1761 1692 ipse
1792 1624 2048 1690 sequitur,
2154 1620 2350 1673 tributa
2372 1619 2581 1673 solvere
2606 1662 2619 1685 ,
2669 1635 2829 1689 quam
2865 1634 2983 1673 cum
3014 1618 3321 1673 Childeiico
3362 1619 3694 1686 gravissimam

479 1713 746 1768 Romanos
789 1716 1039 1782 proterit,
1088 1717 1355 1770 civitatem
1404 1718 1577 1785 capit;
1620 1724 1674 1770 et
1722 1715 1844 1768 inde
1888 1728 2053 1781 usque
2153 1710 2315 1764 vitam
2338 1711 2553 1764 ducere.
2599 1710 2913 1763 Wiomadus
2942 1709 3130 1763 iterum
3160 1713 3224 1762 ad
3250 1710 3515 1778 IEgidium
3540 1709 3691 1762 dicit:

474 1805 753 1859 Sumiuam
785 1807 999 1860 fluvium
1031 1809 1335 1875 oet-upavit.
1386 1806 1511 1860 ilzec
1540 1806 1815 1875 generatio
1861 1804 2051 1856 fauati-
2080 1794 2126 1852 B
2156 1802 2405 1855 Rebelles
2436 1802 2671 1855 existunt
2704 1801 2793 1854 tibi
2822 1801 3043 1863 Franci;
3076 1801 3175 1854 nisi
3211 1801 3519 1868 prmceperis
3554 1816 3609 1853 ex
3629 1800 3693 1853 eis

477 1895 554 1948 cis
578 1894 760 1947 usibus
788 1896 926 1947 culta
950 1902 1051 1949 est.
1095 1894 1286 1948 Fertur
1312 1909 1471 1962 super
1502 1894 1679 1947 littore
1703 1893 1864 1947 maris
1891 1902 2049 1944 aesta—
2157 1893 2413 1960 plurimos
2441 1892 2665 1968 iugulari
2693 1933 2707 1953 ,
2757 1908 2938 1946 eorum
2985 1892 3295 1959 superbiam
3348 1907 3450 1946 non
3490 1890 3688 1959 mitigas.

2154 1982 2365 2034 Electos
2390 1996 2417 2033 a
2452 1981 2732 2034 Wiomado
2761 1993 2971 2034 centum
3004 1982 3217 2035 inutifes
3247 1992 3302 2035 et
3344 1984 3393 2033 iu
3439 1980 3693 2034 necessita-

476 1986 544 2037 tis
570 1995 807 2053 tempore
836 1984 1143 2039 Chlodeone
1174 1983 1347 2054 [Boh.,
1380 1980 1693 2052 Chlodevei]
1734 1999 1850 2036 cum
1886 1996 2051 2035 uxore

472 2075 754 2128 re~edente
804 2075 1058 2136 meridie,
1105 2089 1239 2127 uxor
1282 2074 1345 2126 ad
1399 2089 1543 2126 mare
1577 2076 1802 2125 lavatutn
1830 2073 2048 2135 vadens,
2155 2072 2291 2123 tibus
2323 2067 2689 2138 incongruosi
2747 2071 2811 2123 ad
2859 2069 3130 2139 [Egidinm
3161 2070 3390 2135 direxit,
3421 2086 3547 2140 quos
3566 2068 3692 2139 Αἰεί-

2148 987 2369 1055 ejusque
2391 988 2617 1041 consilio
2657 1002 2845 1042 omnes
2892 988 3127 1042 Francos
3165 991 3388 1057 singulis
3427 992 3587 1043 aureis
3617 994 3688 1043 tri-

2157 1079 2380 1133 butavit.
2458 1078 2533 1132 llli
2588 1078 2988 1146 acquiescentes
3049 1081 3421 1148 impleverunt.
3479 1080 3690 1150 Dixitque

2150 1169 2340 1222 iterum
2373 1167 2438 1220 ad
2474 1166 2743 1236 Aigidium
2781 1168 3131 1223 Wiomadus:
3164 1169 3308 1223 Gens
3349 1167 3457 1222 hare
3501 1168 3692 1222 durissi-

2149 1272 2259 1323 ma,
2289 1273 2406 1326 quae
2436 1258 2566 1310 mihi
2596 1258 2660 1310 ad
2688 1258 2945 1326 agendum
2972 1258 3196 1323 juSsisti,
3228 1274 3408 1324 parum
3434 1259 3691 1311 attributati

2153 1357 2302 1401 sunt.
2330 1348 2585 1416 Superbia
2615 1348 2864 1411 saeviunt;
2890 1347 3017 1415 jube
3040 1356 3096 1399 ut
3124 1356 3302 1400 ternos
3330 1347 3523 1401 solidos
3552 1348 3695 1401 tribu-

2154 1449 2350 1493 tentur.
2420 1440 2570 1505 Quod
2639 1454 2759 1494 cum
2810 1440 3001 1493 factum
3052 1441 3237 1493 fuisset
3267 1480 3281 1500 ,
3329 1444 3695 1507 acquiescentcs

2152 1527 2343 1583 Franci
2389 1530 2684 1583 dixerunt:
2728 1530 2914 1583 Melius
2956 1530 3108 1582 nobis
3150 1539 3234 1584 est
3293 1540 3470 1583 ternos
3517 1530 3695 1583 solidos

480 2174 707 2218 terretur
752 2179 780 2218 a
825 2165 995 2219 beStia
1028 2163 1055 2201 ά
1089 2148 1313 2233 Neptuni
1342 2207 1356 2230 ,
1402 2165 1491 2233 qui
1542 2162 1837 2217 Minotauro
1863 2161 2052 2215 similis

480 2270 598 2308 eam
653 2256 962 2324 appetisset.
1031 2254 1272 2322 Cumque
1312 2254 1365 2306 in
1414 2254 1665 2307 continuo
1710 2260 1857 2315 autja
1884 2250 2050 2304 bestia

477 2358 568 2400 aut
592 2364 619 2400 a
654 2349 768 2401 viro
801 2346 987 2401 fuisset
1018 2355 1064 2414 ε,
1094 2346 1358 2412 concepit,
1387 2358 1449 2397 ac
1476 2342 1681 2411 peperit
1716 2341 1879 2394 filium
1901 2382 1915 2403 ,
1941 2341 2053 2394 Me-

478 2445 701 2488 rnv'euiu
755 2435 1006 2498 nomine,
1066 2449 1095 2486 a
1143 2449 1249 2503 quo
1295 2448 1450 2503 reges
1499 2432 1825 2488 Francorum
1868 2440 2051 2500 postea

478 2524 785 2593 llerovingii
820 2535 1094 2577 vocantur.

558 2614 624 2667 Χ.
656 2614 844 2669 Avitus
874 2615 1165 2684 imperator
1206 2614 1509 2669 luxuriosus
1545 2615 1682 2682 apud
1731 2614 2050 2669 Placentiam

481 2707 666 2761 urbem
690 2708 968 2775 episcopus
990 2708 1282 2771 ordinatur,
1302 2715 1355 2759 et
1383 2707 1577 2773 postad
1605 2706 1881 2761 ecclesiam
1900 2704 2053 2761 ‘san-

481 2799 548 2849 cti
580 2796 772 2849 Juliani
803 2798 1009 2864 fugiens
1034 2798 1195 2848 vitam
1217 2796 1393 2850 amisit
1411 2794 1559 2866 (Cap.
1588 2793 1695 2864 11).

553 2886 640 2939 XI.
674 2887 1004 2940 Childericus
1037 2902 1167 2940 vero
1199 2885 1337 2939 lilius
1366 2885 1591 2939 Merovei
1618 2900 1737 2938 cum
1761 2885 2053 2939 successis-

480 2982 563 3027 Sci.
610 2972 741 3042 putri
788 2974 840 3028 in
892 2989 1075 3044 regno,
1125 2974 1285 3027 nimia
1332 2974 1534 3028 luxuria
1567 2974 1887 3042 dissolutus,
1919 2974 2052 3028 filias

480 3064 810 3118 Francorum
852 3073 1036 3133 stupro
1078 3064 1297 3117 tradidit
1331 3060 1497 3133 (Cap.
1546 3061 1666 3131 12).
1720 3062 1798 3116 illi
1828 3077 1954 3118 vero
1983 3061 2054 3118 ob

2154 2160 2273 2214 dius
2294 2160 2517 2212 consilio
2560 2160 2825 2213 Wiomadi
2863 2176 2991 2214 usus
3037 2161 3343 2216 interficere
3369 2162 3540 2230 jussit.
3564 2158 3690 2213 Wio-

2153 2248 2340 2301 madus
2386 2249 2519 2302 dixit
2558 2250 2817 2302 secretius
2854 2249 2919 2302 ad
2967 2249 3242 2304 Francos:
3296 2249 3409 2304 Non
3447 2249 3688 2303 sufficiunt

2154 2339 2348 2391 tributa
2374 2355 2490 2406 qua:
2533 2340 2776 2393 solvitis?
2823 2340 3064 2407 Quandiu
3096 2342 3195 2395 hoc
3223 2342 3416 2396 malum
3457 2342 3690 2396 sustinere

2154 2428 2314 2481 vultis
2342 2469 2356 2492 ,
2390 2438 2445 2481 ut
2481 2438 2726 2497 parentes
2766 2432 2928 2484 vestri
2977 2432 3115 2486 sicut
3152 2447 3347 2500 peciira
3374 2430 3690 2502 iugulentur?

2155 2518 2307 2572 Tunc
2350 2518 2541 2572 Franci
2588 2521 2906 2575 unanimiter
2942 2521 3236 2577 dixerunt:
3281 2523 3335 2578 Si
3366 2522 3689 2577 Childericum

2154 2609 2458 2676 ubicunque
2488 2612 2842 2679 pomissemus
2873 2613 3127 2681 reperire,
3162 2614 3390 2668 libenter
3416 2629 3531 2667 eum
3553 2624 3691 2679 super

2154 2716 2252 2755 nos
2276 2701 2639 2771 reciperemus
2662 2703 2726 2757 ad
2756 2719 2954 2773 regem,
2986 2705 3202 2759 forsitan
3230 2722 3325 2775 per
3349 2707 3513 2772 ipsum
3535 2705 3593 2760 de
3621 2705 3689 2758 his

2155 2792 2533 2848 afflictionibus
2563 2795 2912 2861 eriperemur.
2969 2796 3120 2852 Tunc
3150 2797 3460 2852 Wiomadus
3482 2798 3690 2866 protinus

2154 2882 2219 2937 ad
2246 2881 2518 2954 Egidium
2554 2885 2756 2940 vadens
2775 2927 2790 2951 ,
2817 2886 2983 2941 dixit:
3024 2888 3177 2942 Modo
3206 2899 3291 2943 est
3328 2905 3457 2959 gens
3486 2889 3689 2944 France.

2154 2987 2269 3026 rum
2320 2984 2423 3027 tua:
2468 2972 2764 3041 disciplinae
2811 2976 3129 3043 perdomita.
3210 2979 3457 3049 Dansque
3492 2976 3688 3033 eidem‘

2154 3063 2437 3118 consilium
2490 3064 2694 3134 legatos
2740 3065 2805 3118 ad
2850 3067 3155 3121 Mauricium
3190 3070 3554 3139 imperatorem
3580 3067 3688 3123 diri-

481 3155 585 3208 hoc
610 3155 946 3223 indignantes
971 3196 985 3216 ,
1028 3169 1149 3209 eum
1182 3155 1246 3209 de
1272 3169 1434 3223 regno
1466 3152 1707 3223 ejiciunt.
1737 3153 2050 3208 Wiomadus
2080 3155 2124 3217 C
2154 3172 2303 3226 gere,
2334 3168 2627 3227 gentesque
2655 3159 2884 3223 vicinas,
2912 3161 2954 3213 si
2989 3170 3202 3227 posset,
3237 3164 3525 3225 attrahere,
3553 3172 3602 3215 ut
3621 3158 3689 3216 vel

481 3245 717 3301 Francus
761 3246 1101 3300 fidelissimus
1140 3247 1349 3300 caeteris
1391 3245 1713 3309 Childerico,
1764 3246 1852 3314 qui
1902 3260 2042 3309 eum,

482 3352 602 3391 cum
633 3352 661 3389 a
691 3337 895 3391 Cbuuis
925 3353 1044 3391 cum
1087 3346 1255 3391 matre
1283 3337 1527 3404 captivus
1567 3334 1872 3398 duceretur,
1900 3336 2048 3404 fuga-

477 3431 611 3481 eiter
640 3429 982 3483 liberaverat.
1038 3427 1133 3481 ilic
1180 3429 1449 3481 inventum
1496 3443 1656 3481 unum
1686 3442 1901 3482 aureum
1927 3443 2046 3481 cum

478 3521 781 3573 Childerico
808 3520 1073 3584 dividens,
1096 3520 1220 3573 dum
1254 3528 1500 3574 cerneret
1529 3519 1672 3589 quod
1702 3534 1821 3574 eum
1859 3520 2045 3575 Franci

481 3608 781 3669 interficere
817 3616 1172 3673 cantarentur,
1216 3609 1354 3662 dixit
1400 3610 1487 3663 ei:
1535 3609 1678 3676 Fuge
1716 3609 1767 3662 in
1816 3609 2047 3663 Thoriu-

482 3699 648 3768 giam,
683 3701 826 3752 lutita
852 3701 1231 3768 aliquantulum
1259 3700 1349 3753 ibi.
1377 3700 1432 3755 Si
1458 3702 1547 3754 tibi
1571 3710 1791 3770 potuero
1817 3701 2050 3756 Francos

482 3791 718 3856 placare.
750 3792 906 3843 istum
936 3806 1155 3843 aureum
1196 3790 1427 3843 medium
1473 3790 1564 3844 tibi
1592 3792 1658 3845 ad
1688 3791 1894 3858 signum
1926 3793 2055 3847 diri-

481 3895 633 3950 gam;
667 3891 718 3934 et
750 3882 792 3933 si
824 3897 928 3934 non
954 3891 1195 3949 potuero,
1236 3882 1536 3948 ubicunque
1566 3898 1848 3952 aggressus
1870 3884 2049 3949 fueris,

486 3973 615 4025 mihi
657 3982 834 4026 notum
876 3970 1040 4025 facias
1085 3973 1221 4025 viam
1268 3988 1428 4028 tuam.
1477 3973 1700 4037 Quando
1729 3973 1939 4041 quidem
1961 3990 2055 4041 po.-

485 4072 657 4127 tuero,
691 4071 742 4115 et
771 4063 923 4116 istam
953 4071 1156 4131 partem
1191 4064 1281 4117 tibi
1311 4063 1590 4128 dircxero,
1627 4071 1905 4132 partesque
1934 4062 2053 4135 [(ΣΙι.

556 4225 581 4252 ι
625 4216 747 4269 ΙΙωο
790 4216 856 4269 de
904 4215 1161 4270 Stilicone
1191 4215 1478 4281 Gregorius
1509 4215 1597 4267 lib.
1634 4231 1715 4282 ix,
1753 4231 1871 4282 cap.
1903 4217 1957 4276 2,
1989 4234 2053 4271 ex

482 4286 671 4340 Orosio
701 4297 1106 4349 cuimuemoiat,
1139 4301 1257 4353 qua:
1293 4288 1499 4338 incaute
1529 4286 1767 4349 Castino,
1795 4288 1917 4351 CIL,
1949 4287 2056 4338 Ga-

484 4358 636 4420 stino,
662 4358 729 4410 de
759 4372 863 4423 qun
897 4357 1052 4422 paulo
1081 4358 1327 4424 superius
1357 4357 1567 4408 dixerat
1593 4355 1905 4425 Gregorius,
1938 4357 2054 4411 Fre-

483 4427 728 4494 degarins
757 4427 1015 4477 attribuit.

2153 3248 2533 3317 quinquaginta
2570 3248 2733 3301 millia
2766 3248 3054 3301 solidorum
3083 3251 3149 3305 ab
3192 3251 3509 3322 imperatore
3537 3249 3553 3287 ¹
3584 3248 3689 3306 diri~

2149 3351 2417 3407 gerentur,
2451 3352 2555 3406 quo
2580 3339 2752 3405 potius
2776 3348 2961 3409 gentes
2982 3349 3201 3409 accepto
3228 3344 3282 3397 in
3308 3357 3519 3397 munere
3544 3356 3595 3395 se
3618 3341 3678 3393 im

2156 3428 2306 3496 perio
2349 3426 2695 3495 snbjicerent.
2750 3428 3070 3496 Addensque
3116 3431 3257 3485 dixit
3297 3432 3360 3486 ad
3384 3431 3534 3503 553
3552 3443 3688 3484 eum:

2152 3518 2522 3585 Aliquantulos
2556 3516 2758 3570 solidos
2800 3527 2902 3570 tua:
2940 3519 3203 3573 instantiae
3255 3520 3428 3575 locum
3458 3519 3692 3587 accipiens

2154 3608 2399 3671 militavi,
2425 3623 2608 3675 parum
2650 3616 2976 3661 servustuus
3005 3619 3286 3677 argentum
3318 3612 3498 3666 habeo.
3550 3608 3692 3662 Vole-

2159 3700 2278 3754 bam
2308 3713 2430 3752 cum
2482 3699 2584 3751 tuis
2636 3698 2825 3767 legatis
2869 3714 3089 3768 puerum
3115 3701 3350 3772 dirigere
3375 3743 3390 3769 ,
3440 3710 3493 3755 ut
3530 3696 3692 3753 melius

2156 3788 2620 3857 Constantinopoli
2649 3790 2777 3843 mihi
2809 3804 3087 3861 argentum
3118 3804 3400 3849 mercaret.
3455 3794 3595 3848 Tunc
3613 3802 3692 3841 ac-

2161 3882 2333 3947 ceptis
2357 3882 2422 3933 ab
2454 3881 2666 3950 IEgidio
2691 3882 2991 3951 quingentis
3022 3885 3074 3937 in
3106 3902 3327 3943 munere
3361 3887 3559 3947 aureis,
3580 3893 3693 3952 quos

2156 3972 2220 4025 ad
2246 3974 2345 4025 hoc
2371 3986 2503 4039 opus
2536 3974 2817 4026 emendum
2870 3976 3251 4031 transmitteret
3277 4020 3293 4042 ,
3333 3978 3471 4031 misit
3502 3984 3691 4045 puerum

2160 4062 2498 4118 creditarium
2546 4063 2643 4118 sibi
2690 4078 2808 4117 cum
2846 4066 3018 4118 media
3051 4076 3198 4134 parte
3225 4068 3371 4123 aurei
3418 4080 3563 4135 quem
3590 4072 3692 4115 cum

2159 4219 2479 4273 haberentur
2504 4218 2640 4285 apud
2668 4219 2886 4286 populos
2913 4221 3103 4285 pretio.
3136 4220 3204 4273 At
3233 4220 3421 4273 falsam
3445 4214 3689 4286 essehanc

2160 4291 2256 4343 viri
2288 4290 2478 4342 eruditi
2505 4284 2862 4356 coiijecturain
2903 4284 2966 4342 ex
2998 4305 3063 4342 eo
3090 4300 3263 4356 patet,
3298 4289 3433 4359 quod
3463 4288 3540 4339 hic
3565 4284 3689 4359 locus

2162 4362 2366 4426 integer
2396 4360 2649 4411 habeatur
2675 4359 2726 4410 in
2759 4360 2877 4411 cod.
2902 4361 3336 4421 Clarumontano,
3360 4361 3445 4427 qui
3473 4359 3534 4409 ab
3560 4360 3691 4427 anuis

2163 4424 2306 4482 mille
2337 4431 2435 4481 sub
2472 4429 2641 4496 prima
2672 4444 2853 4498 regum
2894 4438 3194 4481 nostrorum
3240 4424 3404 4497 stirpe
3431 4424 3692 4490 descriptus

552 4495 579 4534 δ
620 4501 707 4572 Sic
735 4496 1169 4572 Clar.,aliantam
1207 4510 1237 4546 n
1269 4509 1449 4572 manu,
1486 4503 1539 4546 et
1566 4495 1781 4572 quidem
1797 4495 2047 4572 antiqua,
2080 4513 2132 4572 D
2163 4510 2264 4572 est_.

483 4566 675 4633 aliquis
730 4567 943 4633 scripsit
1014 4564 1311 4618 Ctodoveus.
1358 4564 1446 4618 Sic
1488 4574 1539 4617 et
1589 4565 1745 4618 habet
1791 4564 1921 4618 Can.
1962 4570 2049 4617 At.

486 4635 617 4687 Bob.
650 4646 693 4688 et
736 4637 873 4701 ﬁlius
897 4634 1164 4687 Cliloveus.
1200 4635 1324 4697 Alii,
1351 4633 1905 4703 ('Iilogio.Giegorius,
1932 4650 2048 4702 cap.

484 4707 537 4766 il,
569 4705 633 4757 de
660 4706 1027 4757 'l‘heodemere
1062 4716 1109 4756 i-t
1154 4706 1446 4757 Chludione
1475 4710 1580 4771 agit
1608 4745 1622 4767 ,
1669 4706 1761 4757 sed
1793 4720 2052 4773 nusquam

484 4774 698 4836 scripsit
722 4774 1070 4827 Clilodioneiu
1104 4776 1265 4827 fuisse
1310 4774 1691 4826 Thcoitenieris
1722 4776 1907 4827 lilium.
1957 4777 2050 4827 At-

485 4844 695 4896 moinus
719 4854 775 4898 et
805 4844 1002 4895 liurico
1050 4843 1424 4896 Marcnntereut
1467 4844 1663 4896 Priami
1697 4848 1856 4897 lilium
1891 4844 2054 4898 fuisse

482 4924 668 4977 amnt,
725 4926 779 4966 et
826 4928 891 4966 ex
940 4913 1268 4966 Marcomerc
1300 4913 1731 4967 i’lniramundum
1768 4915 2052 4981 prodiisse,

483 4984 582 5064 cui
616 4985 894 5064 innt'egem
939 4986 1109 5061 electo
1136 5022 1153 5047 ,
1198 4996 1250 5036 et
1298 4992 1477 5049 postea
1527 4982 1799 5050 defuncto,
1830 4986 2055 5038 Cliliidio

484 5054 653 5123 ipsius
683 5054 820 5106 films
848 5054 1122 5106 successit.

560 5134 583 5163 ο
629 5125 751 5188 Ed.,
786 5122 1114 5192 Hespergem.
1153 5121 1252 5174 Alii
1281 5136 1399 5192 cum
1434 5124 1736 5190 Anonymo,
1770 5123 2054 5188 Ruricmie,

490 5203 538 5275 et
565 5196 812 5249 Aiinoino
843 5190 1249 5262 Diapargum....
1288 5190 1485 5245 Omnes
1516 5192 1710 5247 habent
1748 5194 1886 5247 infra
1917 5194 2057 5247 Tito-

480 5280 760 5317 nnaorum.

578 5363 584 5398 ;
619 5334 787 5396 Clar.,
823 5331 1118 5386 Lavandum
1163 5333 1349 5385 vadens
1388 5331 1547 5385 bestia
1593 5332 1825 5401 Neptuni
1872 5335 2054 5403 quino-

486 5406 618 5456 tauri
648 5404 846 5456 similis.

557 5481 581 5509 ⁶
624 5473 781 5537 Bob.,
804 5483 1064 5539 concepta,
1087 5474 1303 5543 peperit.
1327 5472 1549 5531 Chesn.,
1578 5476 1816 5526 continuo
1838 5472 1872 5526 a
1898 5474 2056 5527 bestia

485 5552 620 5596 tacta
646 5543 841 5607 fuisset.
876 5543 1023 5595 lianc
1057 5560 1214 5610 porro
1255 5543 1611 5595 narrationem
1664 5544 1730 5596 ab
1770 5548 2057 5611 Interpola-

488 5624 602 5668 tore
632 5612 865 5665 additam
897 5612 1061 5664 fuisse
1089 5622 1272 5666 censet
1309 5613 1549 5665 Cointius
1587 5611 1653 5663 ad
1698 5629 1894 5665 annum
1928 5614 2053 5679 426,

489 5685 645 5753 idque
673 5682 772 5735 sub
802 5680 1062 5753 Caro‘iittis
1088 5683 1436 5753 principibus,
1463 5691 1518 5733 ut
1549 5682 1890 5753 Merovingici
1922 5683 2059 5748 prin-

487 5749 649 5823 cipes,
688 5749 855 5805 inuuit
895 5750 982 5801 ille
1006 5790 1020 5813 ,
1054 5752 1140 5815 qui
1186 5766 1216 5804 e
1265 5767 1426 5819 regno
1449 5752 1774 5817 exciderant,
1802 5751 1853 5805 in
1881 5754 2055 5806 viliori

2235 4567 2254 4605 ί
2300 4568 2456 4631 ΒοΙι.,
2489 4566 2766 4619 Basilicam
2784 4607 2798 4630 ,
2826 4576 2879 4619 et
2907 4568 2983 4620 sic
3009 4583 3124 4622 eam
3156 4569 3373 4622 inferius
3402 4562 3630 4634 appellat.

2228 4648 2253 4685 8
2290 4630 2459 4707 Clar.,
2502 4636 2784 4707 Bysinum,
2815 4646 2868 4691 et
2900 4638 3032 4690 infra
3079 4644 3244 4692 semel
3266 4630 3527 4707 Bgsinam.
3558 4630 3689 4687 Boh.»

2156 4709 2305 4761 latuit
2330 4705 2561 4759 Francis.
2597 4706 2755 4759 Tunc.
3302 4712 3307 4719 '

2230 4776 2252 4812 δ
2295 4776 2460 4847 Clar.,
2498 4775 2718 4847 Ejeium,
2752 4783 2805 4828 cl.
2844 4776 2975 4828 infra
3020 4791 3230 4847 semper
3273 4775 3479 4847 Ejegius
3505 4768 3687 4823 dicitur.

2157 4847 2287 4900 Altis
2314 4845 2543 4915 Egidius.
2581 4846 2736 4907 Boit.,
2768 4856 2822 4898 tit
2851 4849 3154 4915 plurimum,
3188 4845 3384 4900 Eicit—ts.
3462 4911 3483 4915 _
3642 4906 3650 4915 ,
3678 4901 3688 4912 ,

2237 4918 2249 4952 ³
2297 4910 2386 4970 Sic
2412 4916 2575 4977 Clar.,
2606 4927 2660 4968 at
2687 4915 2813 4967 editi
2835 4910 2864 4978 ,’
2886 4916 3186 4968 Viontadum
3212 4918 3421 4968 nmicnm
3447 4910 3687 4966 Childeﬂ'“

2157 4988 2480 5059 subregulum
2530 4987 2591 5059 ob
2640 4984 2855 5059 .iEgidio
2911 4989 3093 5059 iterum
3149 4985 3345 5059 Alt'ranci
3379 4984 3670 5059 instituerunt

2165 5048 2327 5110 Deesf
2339 5057 2520 5107 iterum
2552 5055 2602 5107 in
2627 5048 2776 5116 (iam,
2809 5070 2857 5106 at
2890 5055 3086 5108 Litesu.
3119 5056 3185 5108 al.
3218 5048 3688 5121 ειΔὶιιιυιιιηξνξιξρ·

2159 5131 2387 5196 martum.
2424 5127 2579 5189 Bolt.,
2610 5114 3062 5177 Widoinadum....
3095 5128 3184 5177 sub
3209 5127 3393 5196 regulis
3416 5125 3475 5175 ab
3499 5114 3685 5186 ίΕςιὶάὶο

2160 5194 2353 5247 Franci
2384 5195 2773 5247 instituerunt...
2803 5198 3028 5265 singulos
3050 5211 3251 5248 aureos.

2234 5266 2247 5314 ι
2297 5266 2384 5318 Sic
2405 5265 2551 5319 Clar.
2585 5273 2638 5317 ιιι
2675 5265 2805 5318 Iinh.
2842 5266 2977 5317 Editi
3011 5280 3167 5328 vero,
3198 5266 3407 5318 utiles...
3444 5266 3683 5324 congruo!-

2232 5334 2255 5371 ¹ί
2294 5333 2439 5389 Clar.
2483 5348 2533 5385 et
2582 5334 2767 5397 Freh.,
2815 5335 2941 5387 dans
2982 5335 3230 5402 idemque.
3281 5330 3687 5393 Ches.,damqttl

2160 5406 2363 5459 eisdem.
2390 5404 2587 5458 Canisii
2615 5405 2897 5456 lectionum
2944 5402 3233 5469 sequimur.
3260 5404 3535 5457 Marcianus
3556 5403 3682 5469 tum}.

2162 5487 2252 5529 aut
2282 5488 2428 5528 certe
2465 5477 2569 5544 Leo
2596 5479 2710 5541 ejus
2742 5467 3149 5527 SUCCESSUI'VCP.
3184 5473 3457 5544 regnabat;
3485 5471 3531 5520 in
3550 5467 3680 5544 96015

2160 5547 2317 5599 dente
2346 5560 2471 5597 vero
2519 5540 2806 5610 Majorianu
2842 5583 2854 5594 .
2910 5540 3365 5596 Alterutrum'liic
3414 5540 3682 5610 Mauricwm

2161 5616 2390 5682 appellat
2421 5604 2788 5681 Freilegarius.
2842 5613 2971 5665 Nam
3023 5612 3302 5668 Mauricius
3340 5612 3461 5679 imp.
3496 5604 3686 5661 sui”?

2162 5684 2265 5738 culi
2288 5698 2438 5749 seqq.
2466 5686 2618 5735 linem
2652 5682 2802 5738 vixit.

2238 5750 2252 5789 ¹
2304 5752 2547 5817 Ριυὶιωκ,
2578 5753 2645 5805 ad
2675 5754 3047 5818 imperatorem.
