3946 6188
234 362 329 417 581

1226 356 1544 416 HISTORIA
1592 356 2015 410 FRANCUE’RUM
2059 354 2391 411 ΕΙἾΤΟΜᾹΊ
2419 364 2473 409 δ..

3391 361 3425 417 5
3440 360 3496 415 νῖῖ

230 474 538 529 (ῖιιίιάριίου
581 475 835 529 diviserat
857 514 871 539 ,
920 474 1208 528 soci-ellum
1266 482 1479 542 p‘cnum
1529 474 1811 539 plumbi-is,
1844 475 1891 532 Α
1919 469 1987 523 de
2020 481 2191 526 strato
2214 471 2351 525 dixit
2378 472 2568 522 Bastna
2604 469 2667 522 ad
2701 468 3055 523 Cbildericum
3086 490 3094 521 :
3127 473 3251 537 Qum
3274 471 3500 529 visibill-

229 581 371 631 quos
399 582 533 631 puer
559 581 659 635 pro
688 565 872 618 solidis
897 581 1076 618 secum
1108 572 1364 632 portaret.
1398 566 1682 631 Comperto
1707 563 1817 632 jam

228 650 591 706 Cbildericum
620 652 1084 721 Constantinopoli
1126 668 1277 716 esse,
1308 667 1427 704 cum
1460 645 1649 720 legat-s
1670 650 1820 717 Algi-

229 743 305 796 dii
340 758 475 810 puer
504 745 813 816 aggreditur
842 746 924 798 his
955 746 1133 799 verbis
1178 746 1499 809 instructus,
1528 753 1586 797 ut
1619 745 1822 811 legatos

228 834 603 901 prrecederet,
639 844 699 888 et
726 834 1028 890 Childerico
1052 835 1292 903 protinus
1320 836 1617 897 nuntiaret,
1650 835 1823 902 prius-

228 940 395 993 quam
442 926 594 996 Iegati
646 928 697 981 in
749 935 1097 996 conspectum
1158 927 1500 997 imperatoris
1554 928 1819 995 venirent,

233 1017 383 1085 quod
433 1018 674 1087 Egidius
725 1020 813 1088 qui
862 1020 1056 1074 tributa
1105 1021 1331 1090 publicis
1360 1021 1566 1075 agrariis
1611 1020 1825 1075 soliere

232 1109 498 1172 debebat,
519 1111 712 1165 tributa
739 1112 1048 1181 imperatori
1079 1113 1333 1166 solvenda
1351 1122 1638 1181 quareret.
1664 1111 1824 1180 Quod

232 1216 365 1255 cum
414 1203 747 1257 Childericus
810 1204 1063 1259 Mauricio
1138 1207 1443 1271 imperatori
1494 1206 1822 1270 ιιιιηιίεςευι,

233 1293 484 1360 repletur
530 1293 708 1349 furore
737 1303 793 1349 et
834 1296 1232 1365 indignatione,
1287 1312 1407 1350 cum
1439 1297 1593 1365 legati
1624 1294 1823 1365 [Egidii

230 1383 279 1437 ei
311 1385 623 1453 praesentati
663 1386 923 1452 fuissent,
967 1387 1048 1441 his
1077 1390 1254 1443 verbis
1278 1398 1646 1459 suggerentes,
1674 1390 1828 1457 jubet

231 1489 330 1528 eos
385 1476 587 1529 retrudi
645 1477 696 1530 in
735 1492 1029 1533 carcerem.
1083 1479 1330 1549 Dixitque
1387 1480 1719 1535 Childericus
1759 1480 1824 1533 ad

234 1564 555 1619 Mauricium
586 1566 963 1635 imperatorem
996 1584 1009 1623 :
1048 1568 1183 1623 .lube
1209 1586 1293 1624 me
1320 1585 1532 1625 servum
1561 1579 1706 1624 tuum
1749 1571 1829 1624 ire

235 1655 289 1708 in
336 1654 563 1709 Gallias.
616 1656 729 1727 Ego
793 1657 1031 1712 furorem
1084 1659 1464 1728 indignationis
1523 1670 1626 1713 tute
1670 1674 1831 1727 super

237 1743 466 1814 £gidio
498 1746 743 1800 ulciscar.
780 1747 958 1802 Multis
992 1750 1301 1803 muneribus
1329 1764 1359 1802 a
1392 1751 1646 1805 Mauricio
1680 1751 1831 1805 Chil-

1926 568 2005 611 ter
2032 563 2228 621 vidisti,
2260 567 2479 612 veritate
2503 559 2815 612 subsistunt.
2851 559 2974 611 llaec
3006 560 3491 628 interpretationem

1925 649 2143 702 habent.
2163 650 2416 702 Nascetur
2440 652 2542 701 uob
2566 664 2590 701 s
2611 650 2746 702 ltltus
2770 650 3075 704 fortitudine
3099 653 3263 704 leonis
3287 652 3493 719 signum

1924 750 1980 795 et
2007 742 2173 793 instar
2202 750 2423 803 tenens;
2460 740 2550 793 lilii
2583 757 2711 793 vero
2741 739 2856 809 ejus
2887 741 3115 807 leopardi
3146 750 3200 795 et
3226 742 3496 795 unicornis

1926 831 2241 887 fortitudine
2275 834 2479 901 signum
2513 843 2710 888 tenent.
2734 834 2935 887 Deinde
2961 845 3279 903 generantur
3303 851 3365 888 ex
3391 836 3498 889 illis

1924 925 2014 993 qui
2049 926 2188 978 ursis
2219 935 2275 978 et
2307 927 2442 993 lupis
2472 925 2833 980 fortitudinem
2866 936 2919 979 et
2946 921 3283 980 v'oracitatem
3311 943 3496 981 eorum

1925 1014 2255 1067 similabttnt.
2292 1014 2354 1067 Et
2393 1015 2549 1068 tertio
2591 1030 2709 1081 qua:
2740 1014 2913 1067 vidisti
2957 1018 3020 1067 ad
3062 1016 3381 1086 discessum,
3411 1033 3499 1069 co-

1927 1103 2124 1158 lumna:
2170 1105 2317 1174 regni
2364 1104 2517 1173 hujus
2558 1115 2731 1166 erunt,
2762 1105 2852 1174 qui
2894 1108 3186 1173 regnaiunt
3221 1108 3286 1159 ad
3339 1112 3501 1160 instar

1926 1208 2140 1258 cauum,
2173 1205 2227 1247 et
2274 1195 2570 1248 minoribus
2619 1196 2800 1248 bestiis
2840 1211 3025 1248 eurum
3070 1197 3360 1249 consimilis
3400 1202 3499 1251 erit

1927 1285 2203 1338 fortitudo.
2240 1285 2466 1339 Pluritas
2516 1296 2690 1340 autem
2736 1287 2997 1340 minorum
3046 1288 3357 1352 bestiarum,
3387 1305 3501 1355 qua

1927 1372 1996 1426 ab
2026 1374 2253 1428 invicem
2286 1375 2632 1428 detrahentes
2662 1375 3001 1440 volutabant,
3038 1377 3259 1442 pOpqus
3287 1379 3401 1430 sine
3436 1378 3505 1431 ti-

1929 1480 2078 1518 more
2130 1465 2424 1533 principum
2485 1465 2553 1518 ab
2615 1467 2839 1519 invicem
2889 1466 3172 1519 vastandos
3215 1468 3503 1537 significat.

1927 1554 2183 1622 Concepit
2229 1553 2450 1619 Basina,
2478 1565 2532 1607 ρι
2564 1540 2767 1623 peperit
2795 1555 2993 1621 filium,
3024 1556 3238 1611 nomine
3275 1557 3505 1612 Cblode-

1928 1658 2106 1697 veum.
2131 1644 2225 1697 llic
2247 1644 2344 1697 fuit
2366 1658 2590 1713 magnus
2615 1653 2668 1698 et
2692 1654 2953 1714 pugnator
2972 1648 3312 1716 egregius,ad
3338 1648 3505 1703 instar

1934 1735 2103 1787 leonvs
2134 1735 2456 1788 fortissimus
2497 1737 2706 1791 czcleris
2748 1737 2979 1806 regibus.
3009 1738 3343 1797 Childericus
3383 1756 3505 1795 cum

238 1836 462 1889 dericus
490 1837 688 1891 ditatus
711 1877 725 1901 ,
769 1847 955 1893 eveetu
990 1841 1164 1893 navali
1196 1841 1483 1895 revertitur
1514 1844 1564 1895 in
1607 1841 1826 1896 Gallias.

1944 1825 2216 1882 3douacro
2249 1842 2372 1895 rege
2405 1827 2739 1879 Saxonerum
2774 1828 3070 1881 Aurelianis
3104 1843 3368 1897 pugnans,
3397 1832 3507 1883 An-

240 1927 415 1994 Quem
445 1942 566 1982 cum
600 1928 909 1983 Wiomadus
942 1932 1219 1987 nuntiante
1251 1947 1415 2002 puero
1451 1935 1820 2000 comperisset,

238 2028 421 2071 castro
452 2020 617 2072 Barro
645 2030 668 2056 ιι
701 2020 765 2073 ad
810 2018 980 2089 ipsum
1015 2020 1179 2088 venit,
1217 2034 1271 2076 et
1310 2039 1337 2075 a
1362 2024 1711 2077 Barrensibus
1744 2040 1825 2076 rc-

239 2117 428 2177 ceptus
449 2120 549 2166 est.
599 2110 799 2164 Eorum
837 2128 1023 2167 omnes
1053 2115 1255 2168 reditus
1283 2116 1522 2184 publicos
1555 2131 1648 2184 pro
1675 2116 1825 2170 initio

240 2200 571 2267 receptionis
593 2202 822 2255 consilio
850 2200 1122 2257 Wiomadi
1154 2204 1380 2273 benigne
1404 2206 1691 2260 concessit.
1726 2206 1827 2260 De-

243 2295 370 2349 inde
420 2296 489 2348 ab
534 2296 781 2350 omnibus
840 2296 1061 2353 Francis
1113 2298 1490 2353 resublimatur
1547 2300 1598 2353 in
1641 2313 1825 2368 regno,

245 2394 517 2462 multaque
565 2394 747 2461 praelia
793 2410 913 2448 cum
954 2394 1171 2464 IEgidio
1215 2396 1341 2465 egit.
1408 2395 1595 2450 Plures
1622 2404 1828 2465 strages

246 2486 311 2539 ab
342 2486 461 2553 ipso
485 2484 634 2539 facta:
660 2494 783 2539 sunt
810 2486 859 2537 in
892 2484 1168 2540 Romanis.

318 2579 433 2633 XII.
483 2578 672 2631 Basina
719 2594 837 2648 quae
897 2579 1128 2632 Bisinum
1188 2593 1367 2649 regem
1427 2578 1479 2632 in
1530 2578 1827 2644 Thoriugia

250 2672 480 2740 jugalem
507 2669 753 2737 habebat,
775 2686 893 2725 cum
916 2670 1154 2725 audisset
1177 2670 1532 2725 Cbildericum
1559 2685 1586 2722 a
1615 2669 1832 2725 Francis

253 2764 304 2814 in
329 2776 495 2829 regno
516 2760 876 2825 sublimatum,
895 2775 1055 2814 cursu
1079 2759 1243 2815 veloci
1268 2759 1573 2828 relinquens
1597 2760 1832 2813 Bisinum

253 2856 314 2907 ad
362 2852 719 2909 flbilderirum
773 2853 980 2907 transiit
1031 2852 1190 2924 (Cap.
1236 2854 1354 2922 12).
1395 2851 1493 2918 Qui
1545 2867 1664 2905 cum
1714 2866 1833 2905 eam

260 2945 489 2998 suIIIt‘IIe
518 2945 903 3012 interrogasset
941 2958 1042 3011 qua
1076 2942 1142 2995 de
1194 2956 1352 2995 causa
1384 2941 1449 2993 ad
1479 2955 1597 2993 eum
1629 2939 1696 2992 de
1728 2948 1831 2992 tam

256 3037 409 3101 longe
439 3035 693 3096 venisset,
720 3031 1061 3099 reSpondisse
1090 3032 1255 3083 fertur
1285 3046 1298 3082 :
1329 3030 1482 3094 Novi,
1509 3028 1700 3095 inquit,
1732 3025 1831 3080 uti.

260 3127 458 3178 litatem
484 3135 646 3187 tuam,
667 3124 807 3190 quod
837 3122 910 3175 sis
939 3121 1091 3176 valde
1116 3128 1395 3183 strenuus;
1422 3118 1585 3199 554
1610 3117 1835 3186 ideoque

1928 1918 2189 1984 degabum
2241 1919 2411 1971 victor
2461 1921 2714 1983 perrexit.
2766 1920 2971 1972 Mortuo
3020 1920 3263 1990 Egidio,
3296 1921 3508 1991 reliquit

1931 2010 2119 2073 filium,
2152 2008 2433 2079 Syagrium
2467 2011 2677 2064 nomine
2712 2012 2856 2078 (Cap.
2894 2012 3005 2081 l8).
3038 2012 3237 2066 Eodem
3273 2024 3507 2083 tempore

1930 2100 2192 2155 Brittones
2233 2103 2301 2154 de
2346 2102 2580 2154 Betorica
2627 2102 2733 2172 [ΑΙ.
2768 2103 3018 2175 Biturica]
3049 2119 3075 2155 a
3106 2105 3265 2176 555
3298 2105 3506 2162 Gottliis

1930 2192 2158 2259 expulsi,
2190 2193 2340 2244 tnttlti
2372 2193 2507 2259 apud
2542 2193 2821 2246 Do‘ensem
2856 2205 2877 2232 ο
2910 2200 3165 2263 perempti
3197 2207 3338 2251 sunt.
3366 2197 3506 2251 Pau-

1932 2283 2013 2335 lus
2042 2297 2226 2335 comes
2266 2296 2384 2334 cum
2433 2282 2685 2335 Romanis
2716 2295 2767 2336 et
2802 2284 3020 2339 Francis
3053 2286 3249 2340 bellum
3293 2288 3506 2342 Gettbis

1930 2371 2123 2429 intulit.
2146 2382 2200 2426 et
2223 2375 2429 2441 prmdas
2455 2373 2578 2441 egit.
2600 2371 2929 2428 Childericus
2953 2376 3231 2431 Odouacro
3257 2389 3507 2446 superato

1937 2462 2155 2515 Paulum
2177 2463 2425 2517 comitem
2458 2464 2751 2528 interfecit,
2775 2466 3071 2535 Andegavis
3097 2470 3323 2521 obtinuit
3353 2468 3502 2540 (Cap.

1936 2552 2044 2620 l9).
2078 2553 2167 2605 llis
2199 2552 2353 2619 actis,
2379 2552 2512 2606 inter
2545 2552 2784 2607 Saxones
2815 2564 2866 2607 et
2896 2554 3160 2610 Romanos
3192 2558 3385 2612 bellum
3417 2575 3509 2628 ge-

1934 2650 2077 2695 stuin
2108 2652 2210 2697 est.
2245 2642 2483 2696 Santones
2515 2654 2657 2713 terga
2692 2648 3185 2707 vertentes,mnltis
3210 2666 3275 2703 ex
3306 2653 3384 2704 eis
3410 2667 3509 2705 ex-

1935 2735 2162 2796 SlIncliS,
2190 2734 2376 2787 insula:
2398 2733 2423 2768 ά
2455 2748 2663 2799 eorum,
2688 2749 2805 2788 cum
2842 2738 3005 2789 inulto
3037 2739 3228 2805 populo
3257 2739 3510 2796 interem-

1936 2834 2047 2893 pto,
2071 2840 2100 2876 a
2130 2824 2348 2878 Francis
2378 2828 2546 2892 capite
2577 2835 2735 2893 atque
2761 2826 3029 2881 subversa:
3059 2836 3221 2883 sunt.’

2009 2924 2145 2977 XIII.
2179 2925 2297 2993 Ipso
2323 2940 2463 2979 anno
2498 2934 2834 2981 terrmmotus
2887 2928 3001 2981 fuit.
3037 2931 3254 2985 Eoricus
3286 2932 3507 2991 Gottbo-

1935 3032 2051 3071 rum
2100 3031 2194 3070 rex
2241 3018 2451 3072 decimo
2497 3030 2686 3085 quarto
2733 3020 2876 3088 regni
2920 3023 2999 3075 sui
3048 3038 3187 3078 anno
3232 3026 3512 3085 ecclesiam

1938 3108 2106 3161 sancti
2153 3108 2348 3163 Juliani
2403 3108 2612 3163 Brivate
2661 3110 2923 3166 columnis
2985 3125 3223 3168 ornatam
3288 3118 3514 3174 mirifice

240 3208 377 3268 veni
402 3213 702 3267 utbabitem
728 3211 990 3265 tecum.Si
1011 3211 1277 3264 utiliorem
1300 3210 1397 3262 sub
1412 3198 1550 3263 coelo
1572 3210 1789 3262 scissem
1810 3248 1827 3274 ,
1856 3196 1905 3259 C
1937 3200 2233 3253 construxit
2264 3210 2310 3253 ε.
2353 3199 2600 3269 Regnans
2644 3200 2861 3256 Eoricus
2920 3219 3088 3259 annos
3123 3205 3308 3276 viginti
3342 3207 3514 3280 (Cap.

261 3310 321 3359 ad
344 3307 588 3361 eumdem
610 3305 953 3373 expetissem.
969 3306 1135 3369 Quam
1159 3303 1493 3358 Childericus
1514 3302 1839 3371 gaudens,et

262 3399 482 3463 diligens
508 3398 743 3463 ejusdem
779 3395 1245 3464 pulchritudinem,
1270 3395 1319 3449 in
1350 3395 1598 3464 conjugio
1624 3395 1839 3463 copula-

269 3492 359 3543 vit.
386 3488 517 3544 Cum
552 3490 719 3559 prima
752 3499 907 3542 necte
938 3488 1128 3556 iugiter
1158 3496 1327 3540 stratu
1351 3486 1683 3555 junxissent,
1709 3486 1838 3540 dicit

267 3579 325 3632 ad
351 3595 468 3633 eum
493 3579 684 3632 mulier
711 3597 722 3630 :
749 3578 855 3631 llac
878 3585 1031 3631 nocte
1054 3592 1078 3628 a
1106 3577 1245 3630 coitu
1271 3576 1403 3631 virili
1430 3576 1836 3631 abstinebimus.

270 3670 433 3739 Surge
476 3670 730 3722 secretius
750 3709 765 3732 ,
796 3676 852 3722 et
889 3668 1029 3736 quod
1058 3667 1254 3721 videris
1292 3677 1416 3721 ante
1445 3667 1593 3719 aulas
1624 3666 1834 3736 palatii,

270 3764 408 3815 dices
435 3762 641 3815 ancillae
668 3772 788 3813 tuae.
810 3758 1416 3828 Cumque‘aorrexisset,
1438 3759 1567 3813 vidit
1593 3758 1839 3813 similitu-

272 3852 439 3904 dinem
483 3851 767 3905 bestiarum
799 3847 826 3885 δ
860 3848 1056 3912 leonis,
1088 3848 1360 3901 unicornis
1393 3856 1446 3902 et
1475 3848 1708 3917 leopirdi
1740 3849 1835 3903 de-

278 3941 675 3995 ambulantium.
693 3939 1062 4008 Reversusque
1087 3939 1221 3991 dixit
1244 3939 1451 3993 mulieri
1475 3956 1590 4008 quze
1615 3941 1838 3997 viderat.

277 4032 402 4085 Dicit
437 4032 503 4084 ad
544 4046 663 4084 eum
708 4032 895 4084 mulier
942 4047 955 4083 :
984 4028 1225 4083 ’Domine
1271 4030 1363 4095 nti,
1398 4031 1532 4084 vade
1563 4031 1754 4097 denuo,
1788 4042 1843 4087 et

276 4125 407 4193 quod
439 4123 634 4177 videris
664 4138 815 4175 narra
848 4122 1055 4174 ancillae
1101 4131 1222 4174 tute.
1257 4121 1347 4175 Ille
1386 4137 1512 4175 vero
1551 4138 1669 4175 cum
1712 4122 1841 4178 foris

277 4218 502 4280 abisset,
527 4216 657 4268 vidit
686 4213 883 4268 bestias
913 4215 1261 4267 similitudine
1295 4215 1403 4268 ursi
1434 4223 1487 4268 et
1522 4216 1624 4285 lupi
1657 4217 1835 4272 deam-

278 4307 779 4361 bulantes.Narrans
816 4317 865 4359 et
905 4306 1014 4359 lucc
1048 4305 1563 4374 mulieri,compellit
1586 4323 1706 4361 eum
1734 4318 1843 4363 ter-

278 4403 345 4453 tio
374 4410 427 4452 ut
456 4399 579 4460 iret,
610 4407 663 4450 et
689 4397 826 4465 quod
858 4396 1067 4451 videbat
1099 4398 1385 4450 nuntiaret.
1416 4396 1656 4464 Cumque
1684 4400 1842 4453 tertio

277 4490 496 4555 exisset,
529 4488 663 4541 vidit
703 4488 897 4541 bestias
941 4488 1169 4540 minores
1214 4486 1556 4542 similitudine
1597 4490 1744 4543 canis
1789 4498 1842 4544 et

1940 3288 2054 3357 20).

2013 3389 2148 3445 XIV.
2180 3389 2235 3444 lu
2271 3390 2572 3460 Burgundio
2603 3390 2761 3446 nimia
2794 3394 2944 3448 lamis
2973 3397 3251 3465 oppressio
3295 3400 3512 3456 advenit

1945 3482 2097 3553 (Cap.
2125 3480 2239 3553 ‘24).
2263 3483 2506 3553 Cumque
2538 3486 2760 3552 populus
2789 3501 2817 3538 a
2850 3483 2991 3542 fame
3020 3488 3246 3546 diversis
3271 3493 3512 3560 regioni-

1943 3573 2041 3627 bus
2068 3574 2480 3644 dispergeretur,
2502 3591 2598 3629 nec
2618 3586 2759 3630 esset
2781 3578 2867 3645 qui
2896 3578 3196 3634 alimoniam
3222 3583 3512 3651 praeberet;

1944 3664 2184 3719 Edicius
2212 3666 2227 3702 ί
2261 3664 2472 3734 quidam
2505 3683 2568 3720 ex
2602 3668 2936 3722 senatoribus
2967 3685 3207 3739 magnam
3242 3683 3365 3728 tunc
3398 3660 3511 3731 rcni

1943 3754 1995 3808 in
2040 3754 2149 3807 Deo
2202 3754 2391 3809 fecisse
2437 3757 2762 3822 perhibetur.
2798 3758 2939 3811 illisit
2983 3774 3175 3828 pueros
3219 3777 3346 3818 suos
3393 3780 3514 3822 cum

1943 3843 2208 3912 equitibus
2249 3845 2338 3916 [id
2368 3854 2439 3897 est
2469 3843 2650 3916 equis]
2694 3855 2746 3899 et
2781 3848 3026 3911 plaustris
3057 3865 3149 3915 per
3178 3852 3375 3908 vicinas
3419 3857 3517 3915 sibi

1945 3934 2222 4001 civitates;
2258 3944 2315 3988 ut
2344 3951 2436 3990 eos
2463 3941 2548 4004 qui
2585 3937 2756 4004 inopia
2786 3941 3112 3994 vexabantur
3139 3943 3238 3997 sibi
3280 3946 3518 4003 adduce-

1945 4038 2082 4081 rent.
2113 4026 2346 4081 Cunctos
2376 4044 2634 4097 pauperes
2664 4043 2795 4097 quos
2826 4031 3062 4085 invenire
3092 4044 3392 4102 potuerunt,
3422 4039 3518 4092 ad-

1947 4119 2214 4173 duxerunt
2241 4119 2305 4172 ad
2335 4120 2552 4173 domum
2586 4123 2736 4187 ejus,
2766 4122 2942 4188 ibique
2973 4138 3064 4177 eos
3097 4134 3333 4193 tempore
3362 4131 3518 4182 steri-

1945 4214 2110 4266 litatis
2133 4227 2353 4281 pascens
2379 4228 2407 4265 a
2437 4214 2573 4266 fame
2603 4214 2865 4266 liberavit.
2884 4215 3218 4285 Fueruntqtte
3242 4219 3514 4288 plusquam

1948 4312 2175 4373 quatuor
2218 4303 2377 4356 millia
2401 4346 2414 4368 ,
2448 4318 2581 4372 quos
2615 4303 2745 4356 aluit
2778 4318 2942 4371 usque
2975 4313 3211 4373 tempore
3240 4308 3515 4368 ubertatis.

1946 4405 2070 4463 post
2097 4409 2320 4462 quorum
2355 4396 2644 4448 discessum
2677 4411 2777 4447 vox
2809 4411 2839 4448 e
2869 4396 3020 4450 cmlis
3064 4398 3206 4465 lapsa
3248 4404 3517 4471 pervenit,

1948 4486 2129 4539 dicens
2158 4484 2370 4539 Aidicio
2397 4503 2407 4538 :
2439 4487 2566 4551 Quia
2598 4482 2771 4539 fecisti
2806 4485 2939 4541 hanc
2970 4503 3103 4553 rem,
3128 4489 3215 4543 tibi
3248 4501 3300 4544 et
3327 4494 3519 4547 semini

277 4583 534 4633 minorum
568 4579 856 4632 bestiarum
888 4578 954 4630 ab
982 4578 1208 4632 invicem
1242 4579 1631 4634 detrahentium
1665 4589 1718 4634 et
1745 4596 1837 4634 νο·
1870 4569 1924 4629 D
1949 4585 2037 4630 tuo
2090 4577 2239 4645 panis
2286 4592 2387 4629 non
2436 4576 2694 4645 indigebit
2742 4576 2793 4629 in
2842 4578 3245 4645 sempiternum.
3279 4581 3522 4639 IEdicius

282 4671 577 4725 lutautium.
605 4670 840 4738 Cutuqtte
873 4669 1078 4722 Basinte
1111 4671 1223 4722 ltzec
1253 4669 1506 4724 universa
1548 4682 1837 4738 narrasset,

277 4761 594 4817 abstinentes
638 4775 697 4815 se
738 4770 884 4814 caste
928 4775 1095 4828 usque
1125 4760 1175 4813 in
1207 4759 1529 4828 crastinum,
1561 4772 1840 4830 surgentes

1244 4891 1270 4915 ο

344 4945 369 4972 ⁸
400 4935 511 4989 Non
536 4950 697 4987 unum
729 4942 808 4987 est
829 4933 984 5002 hujus
1014 4934 1243 4989 nominis
1264 4936 1689 5005 castrum,vulgo
1715 4937 1836 5002 Bar,

277 5006 337 5059 de
363 5021 466 5073 quo
497 5005 583 5058 hic
620 5007 767 5058 locus
799 5005 1016 5070 intelligi
1045 5006 1378 5072 possit.Tam
1408 5009 1549 5059 enim
1579 5008 1743 5060 Barro
1768 5010 1835 5061 ad

276 5078 477 5139 Albani,
502 5091 658 5142 quam
692 5075 854 5127 Barro
883 5076 945 5127 ad
975 5074 1271 5142 Sequanam
1302 5087 1606 5143 competere
1640 5085 1832 5141 potest.

279 5146 492 5199 Ilarruin
521 5146 697 5209 Ducis,
727 5145 864 5213 quod
898 5160 1034 5197 nunc
1062 5147 1268 5198 videtur
1296 5148 1507 5199 crs-teris
1536 5147 1833 5213 celebrius,

279 5226 396 5269 tunc
439 5216 693 5283 temporis
735 5215 964 5268 nonduin
1006 5226 1367 5269 constructum
1401 5218 1563 5271 fuisse
1599 5218 1836 5271 Valesius

279 5296 438 5353 pzitat.
458 5290 524 5340 At
547 5302 666 5339 cum
699 5288 811 5352 pagi
848 5284 1117 5337 Barrensis
1146 5287 1342 5338 mentio
1367 5289 1430 5340 sit
1460 5290 1526 5336 ab
1555 5289 1705 5340 anuis
1729 5294 1836 5343 fere

290 5358 429 5408 inille
475 5361 524 5408 in
568 5366 883 5409 testamento
924 5353 1189 5409 Wolfautli
1233 5357 1441 5409 comitis
1489 5373 1580 5424 pro
1623 5360 1835 5411 conditu

279 5427 577 5480 monasterii
608 5427 774 5479 Sancti
806 5426 1073 5478 MICIIat'IlS
1104 5426 1156 5477 in
1187 5440 1312 5491 agro
1342 5426 1679 5490 Virdunonsi,
1704 5437 1757 5482 et
1786 5432 1835 5481 in

278 5498 389 5549 aliis
423 5496 536 5565 ejus
568 5496 666 5549 aevi
699 5497 1071 5560 monumentis,
1104 5497 1273 5547 locum
1308 5497 1443 5551 hunc
1465 5496 1572 5565 jam
1606 5508 1727 5551 tuttc
1757 5515 1845 5551 ce-

281 5566 475 5619 lebrem
509 5567 672 5620 fuisse
701 5566 1029 5632 oportuit,ut
1061 5582 1189 5630 pago
1216 5571 1517 5634 cognomini
1548 5584 1739 5620 nomen
1767 5570 1847 5620 in-

278 5636 482 5701 diderit,
507 5639 594 5701 qui
623 5637 843 5705 proinde
866 5638 947 5687 hic
974 5636 1199 5700 potuerit
1224 5638 1510 5705 designari,
1530 5638 1653 5691 licet
1675 5654 1846 5691 serius

287 5706 498 5758 Barrttln
534 5711 687 5759 Ducis
717 5705 1138 5775 ('ognmttitmtue.
1627 5750 1651 5765 ,

347 5775 374 5813 δ
431 5779 556 5829 Istas
610 5776 840 5830 visiones
896 5776 961 5831 ab
1017 5775 1393 5831 ititertmlaot'c
1443 5776 1645 5829 additas
1700 5785 1846 5842 potnt

1949 4672 2098 4725 mira:
2131 4671 2427 4724 velocitatis
2460 4671 2589 4733 fuit,
2623 4669 2860 4735 pluribus
2891 4669 3093 4723 vicibus
3125 4674 3516 4730 multitudinem

1950 4760 2265 4816 Gottborum
2298 4777 2417 4815 cum
2448 4761 2627 4829 paucis
2659 4762 2707 4813 in
2737 4759 2911 4828 fugam
2940 4762 3223 4817 convertit.
3256 4764 3467 4820 Evatrix
3491 4775 3518 4814 ε

1948 4936 2209 4989 Cointius.
2242 4938 2521 5010 At,_pr_o_ttt
2559 4933 2662 5003 jam
2709 4934 3106 4990 observavimus
3148 4937 3215 4991 ad
3264 4950 3419 5009 caput
3448 4941 3515 5010 9,

1949 5010 2243 5071 refragatur
2268 5007 2388 5058 eod.
2415 5006 2807 5058 Claromontani
2838 5011 3149 5061 auctoritas.

2021 5087 2044 5115 ο
2081 5077 2218 5131 Editi
2249 5076 2466 5142 aliquot,
2494 5076 2564 5127 al.
2602 5072 2857 5140 Tolosam,
2891 5078 3041 5131 falso.
3078 5078 3171 5132 Est
3196 5078 3335 5132 enim
3365 5083 3519 5135 vicus

1947 5148 2263 5217 Biturigum.
2290 5145 2426 5217 Χίας
2459 5156 2608 5217 notas
2637 5146 2702 5198 ad
2733 5146 2969 5217 Gregorii
3002 5150 3093 5202 lib.
3127 5164 3182 5212 it,
3208 5164 3323 5215 eap.
3355 5149 3439 5203 l8.

2016 5214 2041 5289 _d
2082 5214 2255 5271 Eddio
2287 5215 2467 5281 Freb.,
2502 5216 2555 5268 in
2583 5217 2711 5269 solo.
2745 5214 2899 5282 Boii,
2924 5218 2977 5269 in
3005 5220 3181 5270 sola...
3212 5219 3345 5285 capti
3370 5229 3521 5289 atque

1943 5287 2185 5341 subversi.

2019 5367 2042 5394 ο
2075 5358 2289 5410 Fallitur
2314 5355 2695 5421 Frcdeaarius;
2716 5371 2857 5421 nam,
2879 5365 2935 5407 ut
2958 5358 3064 5421 jam
3090 5356 3512 5425 observavimus,

1948 5444 2051 5480 non
2084 5429 2324 5486 Eoricus,
2354 5426 2446 5478 sed
2482 5426 2742 5496 Victorius
2771 5427 2838 5477 ab
2871 5426 3064 5478 Eurico
3092 5429 3342 5496 Arvernis
3376 5446 3513 5496 pm-

1950 5499 2152 5563 positus
2180 5497 2451 5566 basilicam
2479 5498 2644 5548 sancti
2675 5494 2890 5558 Iuliani,
2911 5508 3012 5566 non
3037 5495 3249 5566 quidem
3279 5494 3511 5566 Brivate,

1947 5568 2038 5621 sed
2072 5572 2122 5621 itt
2156 5568 2263 5634 ipsa
2294 5565 2431 5619 urbe
2464 5568 2729 5626 Arverna,
2760 5579 2915 5630 quam
2950 5564 3108 5618 hodie
3139 5564 3516 5620 (llaruuunoné

1950 5648 2051 5691 tem
2083 5638 2438 5703 appellamus,
2469 5635 2733 5703 eolunmis
2763 5634 3069 5699 adornavit,
3097 5650 3199 5689 non
3232 5639 3513 5691 exstruxit.

2025 5706 2041 5745 ί
2078 5701 2184 5772 AL,
2213 5705 2460 5765 Ecditius.
2485 5720 2576 5755 seu
2612 5701 2876 5754 AEdea'ns.

2024 5789 2045 5825 ε
2084 5780 2204 5835 ιω..
2237 5777 2368 5828 Erar
2390 5793 2443 5826 .ι·.
2473 5776 2600 5826 Boii.
2628 5782 2679 5825 et
2710 5774 2807 5825 Gtt.
2839 5776 2930 5838 aL,
2964 5773 3200 5844 Euagrus.
