3946 6188
520 279 629 337 583

1484 326 1489 331 ς
1534 294 1593 351 s.
1631 291 1953 351 Gnscoun
1995 290 2299 348 EPISCOPI
2327 244 2750 345 reportasse

3606 302 3687 357 δα

531 423 624 465 rex
647 408 963 464 Gotthorum
988 404 1251 459 excedens
1278 404 1513 473 Spanum
1542 404 1783 470 limitem,
1802 419 2017 475 gravem
2045 404 2098 458 in
2130 405 2181 464 A
2207 400 2365 468 lig-tlo
2395 400 2460 451 ad
2492 399 2688 452 collum
2738 398 2913 466 lapide
2959 400 3110 468 aquis
3150 401 3414 469 immersit:
3442 406 3557 463 duos
3579 410 3694 471 ﬁlios

528 497 717 553 Galliis
746 496 921 550 intulit
948 496 1370 563 persecutionem
1400 491 1555 564 (Cap.
1578 493 1692 563 25).

600 588 715 643 XV.
737 588 994 642 Defuncto
1016 585 1681 653 Childerico,Cblodoveus
1701 585 1938 655 ejusdem
1959 585 2097 640 ﬁlius

528 679 772 747 regnavit
798 694 894 746 pro
929 694 994 730 eo
1024 678 1173 743 (Cap.
1205 676 1320 745 97).
1349 678 1504 729 Anno
1533 685 1708 730 autem
1737 677 1920 744 quinto
1949 675 2097 745 regni

525 768 643 838 ejus
671 769 924 839 Syagrins
958 768 1313 823 Romanorum
1356 767 1605 834 patricius
1645 768 1782 834 apud
1825 766 2097 825 civitatem

527 861 767 915 Saxonas
793 870 817 897 ⁸
839 901 852 924 ,
883 873 1038 929 quam
1069 859 1333 927 quondam
1366 866 1515 923 pater
1540 871 1667 910 suus
1698 866 1972 920 tenuerat,
2000 872 2098 913 se-

526 950 648 1005 dem
697 950 926 1005 habebat
958 967 971 1002 :
1005 965 1166 1017 super
1192 963 1346 1016 quem
1376 947 1709 1001 Chlodoveus
1735 962 1854 999 cum
1885 946 2095 1015 Ragna-

524 1040 709 1095 chario
741 1042 964 1102 irruens,
994 1040 1243 1109 Syagrius
1273 1040 1465 1091 illisum
1498 1052 1724 1091 cernens
1755 1037 1916 1107 556
1942 1053 2095 1092 exer-

522 1135 687 1187 citum
716 1144 860 1201 terga
892 1133 1076 1195 vertit,
1106 1141 1159 1185 et
1188 1130 1252 1183 ad
1285 1131 1549 1183 Maritum
1598 1145 1776 1198 regem
1808 1130 2092 1185 Tholosam

523 1240 680 1283 cursu
701 1225 864 1281 veloci
892 1226 1139 1291 perrexit.
1158 1224 1491 1277 Cltlodoveus
1517 1224 1715 1288 legatos
1738 1222 1801 1275 ad
1828 1223 2092 1277 Alaricum

526 1318 717 1380 mittit,
744 1326 804 1370 ut
830 1332 948 1370 eum
982 1317 1247 1379 redderet,
1274 1316 1502 1380 alioquin
1536 1315 1735 1369 noverit
1769 1315 1866 1368 sibi
1898 1315 2091 1368 bellum

500 1407 735 1461 inferri.
768 1409 838 1459 At
867 1407 956 1460 ille
987 1416 1227 1459 metuens
1248 1448 1261 1469 ,
1293 1415 1349 1457 ut
1378 1405 1695 1458 Gotthorum
1738 1418 1933 1472 pavere
1978 1418 2092 1458 mus

493 1498 916 1569 ~est,Syagrium
935 1499 1164 1552 vinctum
1185 1498 1372 1566 legatis
1406 1497 1637 1551 tradidit.
1673 1497 1839 1564 Quem
1859 1496 2092 1550 Chlodo-

494 1612 497 1615 λ
520 1604 646 1642 veus
658 1589 917 1644 custodia:
934 1589 1246 1657 mancipavit
1258 1628 1272 1652 ,
1293 1603 1562 1658 regnoque
1577 1588 1693 1654 ejus
1707 1596 1952 1654 accepto,
1968 1599 2089 1640 eum

517 1678 692 1747 gladio
707 1678 971 1732 trucidare
985 1676 1432 1749 [Boh.,trnncare]
1450 1674 2085 1746 praecepit.Chlodoveus,

2201 506 2383 544 eorum
2414 492 2591 560 gladio
2636 491 2944 556 trucidavit;
2976 492 3109 546 duas
3140 494 3267 549 ﬁlias
3288 498 3459 552 exsilio
3483 504 3695 560 condem-

2204 581 2377 645 navit,
2406 598 2632 650 quarum
2675 583 2853 635 senior
2898 585 3111 638 nomine
3147 584 3447 642 Saedeleuba
3468 588 3511 656 ά,
3534 605 3697 650 mutata

2205 677 2375 731 veste,
2396 685 2455 734 se
2484 669 2587 722 Deo
2610 669 3035 738 devovit,junior
3057 671 3424 729 Chrotecbildts
3444 681 3697 739 vocabatur.

2272 758 2453 811 XVIII.
2493 759 2654 812 Porro
2696 758 3029 815 Cblodoveus
3068 764 3367 831 legationem
3412 768 3460 835 in
3506 770 3702 840 Burgun-

2199 847 2339 901 diam
2368 848 2556 915 saepius
2581 852 2795 904 mittens
2813 852 3082 906 ambiebat
3102 854 3503 913 Chrotecbildem
3527 858 3701 932 (Ibid.).

2176 939 2266 995 .Et
2307 956 2426 993 cum
2470 956 2573 994 non
2614 951 2758 995 esset
2788 943 2985 996 licitum
3032 958 3147 998 eam
3192 946 3382 1011 videre,
3416 946 3707 1006 Cblodoveus

2176 1031 2537 1093 .Aurelianum
2565 1042 2587 1069 ο
2636 1035 2918 1102 quemdam
2963 1051 3029 1090 ex
3074 1037 3353 1102 Romanis,
3397 1041 3586 1109 ingenio
3621 1060 3705 1109 quo

2199 1131 2426 1189 poterat,
2453 1123 2517 1174 ad
2548 1123 2972 1178 Chroteehildem
3015 1128 3392 1196 prmvidendam
3431 1132 3617 1186 direxit.
3655 1138 3709 1187 At

2197 1211 2287 1264 ille
2319 1214 2416 1264 nisi
2445 1212 2698 1281 singulus,
2730 1214 2795 1266 ad
2821 1215 2986 1268 instar
3004 1216 3229 1270 mendici
3260 1221 3507 1289 peratnad
3528 1222 3708 1274 dorsum

2197 1303 2370 1355 ferens
2398 1314 2542 1357 thaie
2567 1304 2810 1368 deformi,
2839 1307 2941 1361 illis
2964 1309 3194 1373 perrexit
3227 1311 3467 1375 partibus,
3494 1313 3709 1364 annulum

2196 1392 2502 1456 Cblodovei,
2532 1410 2637 1463 quo
2661 1396 2705 1448 ci
2741 1398 2911 1464 potius
2941 1398 3272 1465 crederetur,
3305 1416 3471 1454 secum
3510 1412 3710 1468 portans.

2193 1480 2428 1551 Cutnqne
2458 1483 2521 1535 ad
2552 1484 2771 1545 Ianuarii
2790 1486 3055 1541 civitatem
3085 1485 3103 1523 τ
3131 1488 3217 1540 ubi
3241 1489 3595 1543 Clirotechildis
3614 1506 3713 1544 cum

2176 1587 2441 1640 germana
2472 1574 2804 1629 Saedeleuba
2828 1575 3070 1641 sedebat,
3099 1580 3359 1642 venisset,
3384 1580 3546 1633 etillze
3568 1580 3715 1649 hospi-

2197 1663 2397 1717 talitate
2414 1666 2720 1732 peregrinos
2758 1676 3021 1720 sectantes
3038 1683 3166 1737 eum
3196 1684 3349 1722 causa
3370 1671 3607 1725 mercedis
3626 1687 3716 1725 sus-

490 1784 584 1824 ‘eo
600 1769 738 1839 quod
757 1778 898 1824 esset
917 1769 1194 1833 fanaticus,
1224 1768 1472 1823 ecclesias
1504 1766 1799 1835 deprmdari
1829 1766 2083 1835 permisit.

2197 1757 2482 1822 cepissent,
2515 1766 2568 1811 et
2593 1757 2752 1824 pedes
2782 1758 2896 1827 ejus
2924 1758 3309 1827 Chrotechildis
3338 1762 3542 1825 Iavaret,
3574 1764 3713 1818 Aure-

591 1859 729 1913 XVI.
765 1860 922 1928 Igitur
946 1860 1012 1912 de
1056 1859 1281 1913 ecclesia
1324 1858 1645 1912 Remicianm
1683 1857 1832 1911 urbis
1876 1871 2090 1911 urceum

486 1965 765 2019 Amagnum
810 1949 1307 2003 hostis.abstul«rat
1353 1963 1473 2002 cum
1523 1949 1740 2015 reliquis
1781 1946 2092 2001 ministeriis

485 2038 724 2111 .(Ibid.).
756 2040 986 2093 Sanctus
1033 2052 1095 2091 ac
1144 2038 1465 2104 apostolicus
1523 2033 2090 2103 Remediuspontifex

486 2172 487 2175 η
519 2130 759 2198 ejusdem
792 2129 942 2183 urbis
969 2128 1035 2182 ad
1068 2127 1429 2182 Chlodoveum
1462 2127 1681 2185 veniens
1710 2125 1981 2195 postulans
2002 2165 2017 2190 ,
2044 2124 2091 2178 si

522 2218 667 2273 aliud
697 2218 765 2273 de
796 2217 961 2272 sacris
989 2217 1128 2269 vasis
1156 2217 1390 2284 recipere
1420 2231 1525 2270 non
1559 2229 1872 2277 mereretur,
1900 2214 2090 2269 saltem

488 2340 492 2345 ο
517 2309 602 2364 vel
631 2324 847 2364 urceum
878 2308 1028 2363 illum
1056 2307 1590 2375 reciperet.Audiens
1616 2322 1707 2360 rex
1736 2305 1867 2361 dixit
1896 2322 1910 2359 :
1940 2306 2090 2365 Mitte

514 2401 757 2455 nuntium
806 2413 975 2468 usque
1023 2396 1356 2458 Suessionas,
1389 2396 1458 2451 ibi
1502 2411 1620 2465 quaa
1665 2394 1919 2464 acquisita
1967 2401 2092 2449 sunt

482 2530 485 2535 ‹
517 2489 810 2544 dividenda
842 2496 1029 2543 erunt.
1058 2486 1111 2543 Si
1146 2487 1275 2539 mihi
1308 2486 1437 2540 illud
1469 2501 1586 2541 sors
1612 2486 1847 2547 dederit.
1878 2488 2090 2555 petitio-

486 2621 491 2625 ρ
518 2595 641 2635 nem
672 2590 813 2633 tuam
836 2578 1095 2646 implebo.
1125 2576 1259 2631 Cum
1294 2577 1470 2644 prmda
1513 2576 1565 2629 in
1598 2576 1773 2633 medio
1803 2575 2088 2631 dividenda

484 2679 827 2739 .poneretur,
859 2667 932 2721 ait
978 2681 1069 2721 rex
1117 2682 1131 2720 :
1180 2665 1327 2734 Rogo
1356 2673 1413 2720 ut
1441 2665 1628 2719 saltem
1671 2664 1795 2718 mihi
1827 2679 1919 2718 vas
1948 2664 2087 2718 istud

517 2769 667 2816 extra
696 2768 897 2828 partem
927 2758 1254 2814 concedatis.
1286 2758 1407 2813 Ilaec
1436 2772 1559 2828 rege
1590 2757 1831 2823 dicente,
1860 2771 2084 2827 respon-

486 2851 645 2909 dent
676 2848 869 2905 Franci
900 2866 913 2902 :
949 2848 1193 2904 Gloriose
1220 2864 1337 2914 rex,
1367 2864 1485 2918 quas
1516 2848 1782 2911 cernimus
1814 2858 1897 2904 tua
1928 2860 2080 2917 sunt;

478 2988 484 2999 .
515 2943 606 2998 sed
631 2951 810 2998 etnos
839 2942 915 2996 tui
942 2956 1156 3009 sumus,
1184 2941 1425 3007 domine,
1457 2941 1596 3009 quod
1630 2939 1721 2994 tibi
1756 2942 1952 3007 placet,
1984 2944 2082 3009 fac.

518 3038 667 3092 Tunc
686 3051 835 3091 unus
854 3035 1031 3098 levis.
1063 3034 1275 3091 invidus
1303 3042 1357 3088 et
1386 3033 1551 3088 facilis
1571 3074 1585 3098 ,
1614 3034 1741 3087 voee
1772 3049 1959 3101 magna
1992 3051 2081 3089 ur-

2197 1849 2366 1925 lianus
2406 1849 2569 1903 verbo
2599 1860 2803 1907 secreto
2838 1851 3097 1906 inclinans
3138 1852 3206 1925 ad
3252 1868 3386 1920 eam,
3433 1853 3555 1906 dixit
3587 1870 3600 1907 :
3628 1853 3716 1906 Do-

2170 1922 2334 2005 mina
2366 1941 2461 2002 mi,
2501 1943 2699 2011 grande
2751 1944 2965 1997 verbum
3014 1944 3105 1997 tibi
3168 1948 3493 2000 nuntiaturus
3540 1961 3659 2005 sum,
3683 1946 3717 1999 si

2194 2028 2369 2082 locum
2453 2030 2579 2085 dare
2624 2032 2875 2099 dignaris
2912 2072 2927 2097 ,
2994 2032 3083 2087 ubi
3156 2035 3408 2089 secretius
3458 2049 3715 2105 suggeram.

2193 2119 2283 2173 Illa
2328 2135 2589 2185 annuens,
2652 2122 2819 2189 inquit
2865 2139 2878 2175 :
2945 2122 3184 2191 Loquere
3211 2133 3260 2178 ε.
3311 2124 3540 2192 Dixitque
3573 2128 3713 2178 Aure-

2194 2210 2367 2264 lianus
2394 2228 2409 2263 :
2432 2211 2769 2277 Cblodoveus
2796 2228 2888 2267 rex
2917 2205 3241 2268 Francorum
3276 2230 3357 2269 me
3382 2215 3559 2269 direxit
3582 2214 3637 2268 ad
3653 2224 3715 2278 te;

2189 2298 2233 2351 si
2264 2299 2507 2354 Voluntas
2535 2300 2628 2354 Dei
2661 2300 2839 2365 fuerit,
2869 2312 2919 2357 te
2949 2301 3061 2356 vult
3084 2304 3149 2356 ad
3181 2304 3423 2358 culminis
3452 2306 3525 2357 sui
3547 2305 3718 2358 sociare

2189 2385 2511 2462 conju'gium.
2547 2393 2609 2448 Ut
2643 2407 2786 2448 certa
2820 2393 2933 2459 ﬁas,
2966 2394 3105 2448 hunc
3131 2397 3382 2450 annulum
3414 2396 3501 2450 tibi
3537 2396 3715 2449 direxit.

2170 2478 2355 2551 Quem
2388 2482 2475 2535 illa
2506 2484 2792 2552 accipiens,
2827 2487 3005 2553 gavisa
3038 2497 3118 2541 est
3149 2487 3341 2557 gaudio
3364 2500 3561 2556 magno.
3585 2485 3722 2539 Dixit-

2187 2587 2289 2642 que
2318 2573 2383 2626 ad
2413 2588 2558 2629 eum.
2616 2576 2812 2645 Accipe
2841 2586 3051 2632 centum
3095 2578 3300 2633 solidos
3330 2594 3420 2647 pro
3452 2578 3625 2631 laboris
3659 2575 3716 2629 tui

2188 2678 2428 2728 munere,
2454 2674 2507 2718 ct
2533 2670 2782 2720 annulum
2808 2666 2948 2723 hunc
2970 2684 3165 2723 meum.
3192 2671 3463 2725 chtinaus
3484 2677 3719 2724 revertere

2186 2754 2253 2808 ad
2279 2754 2553 2823 dominum
2575 2767 2752 2825 .tuum,
2781 2769 2834 2813 et
2877 2760 2961 2815 tlic
2989 2762 3037 2815 ei
3081 2778 3094 2814 :
3122 2762 3180 2817 Si
3220 2778 3304 2817 me
3334 2764 3441 2818 Vult
3470 2762 3710 2814 matrimo-

2188 2844 2275 2898 nio
2303 2846 2527 2910 sociare,
2560 2850 2802 2915 protinus
2834 2864 2925 2919 per
2957 2851 3157 2920 legatos
3185 2869 3213 2907 a
3249 2863 3435 2922 patruo
3461 2868 3569 2905 meo
3602 2848 3721 2903 Gun-

2184 2935 2394 2993 dobado
2414 2939 2734 3008 postuletur.
2771 2940 2946 3009 Legati
2976 2941 3137 3013 558
3168 2944 3257 3012 qui
3302 2944 3519 3007 venient,
3542 2941 3719 2993 obtenta

2154 3090 2157 3093 _
2185 3030 2248 3080 ad
2282 3044 2517 3097 prtesens
2548 3031 2792 3086 firmitate
2811 3030 2860 3096 ιι,
2894 3036 3138 3099 placitum
3168 3038 3267 3090 sub
3305 3037 3562 3089 celeritate
3595 3030 3721 3085 insti-

514 3145 669 3185 ceum
702 3129 931 3197 impulit,
955 3128 1137 3183 dicens
1167 3144 1179 3181 :
1212 3126 1351 3181 Nihil
1380 3126 1500 3187 hinc
1529 3127 1780 3195 accipies,
1814 3122 2158 3199 uisiquod-MC
2189 3127 2356 3173 tuant.
2390 3120 2496 3174 Nisi
2526 3122 2591 3175 ad
2625 3122 2999 3192 perﬁciendum
3050 3125 3319 3191 festinent,
3354 3126 3509 3181 Aridii
3540 3124 3554 3161 i
3582 3121 3724 3191 cujus-

517 3220 608 3274 tibi
639 3235 756 3274 sors
782 3234 903 3275 vera
940 3219 1180 3287 largitur.
1210 3217 1321 3272 Rex
1368 3218 1618 3285 injuriam
1664 3219 1797 3272 hanc
1828 3222 2081 3288 patientia

478 3310 718 3369 .lenivit.
749 3310 905 3365 Sorte
935 3310 1127 3376 posita,
1153 3318 1428 3376 acceptum
1459 3324 1675 3362 urceum
1706 3308 2087 3363 beatofteme-

511 3402 602 3456 dio
632 3400 944 3464 transmisit,
981 3414 1201 3456 servans
1230 3399 1464 3451 abditum
1498 3399 1599 3452 sub
1629 3411 1844 3467 peetore
1873 3402 2080 3465 vpltms.

474 3542 483 3550 ,
514 3491 784 3548 Kalendas
808 3490 1026 3547 Martias
1051 3488 1213 3557 jussit
1242 3503 1427 3543 omnes
1453 3497 1774 3544 armatorum
1801 3490 2085 3560 phalanges

513 3600 574 3639 se
609 3594 921 3639 ostensuros
952 3583 1153 3637 venire.
1188 3581 1287 3637 Ubi
1313 3591 1534 3637 cunctos
1564 3583 1819 3643 circuibat
1850 3584 1993 3638 vcnit
2017 3584 2085 3638 ad

514 3675 673 3731 urcei
697 3688 1059 3743 percussorem
1084 3714 1098 3737 ,
1131 3673 1313 3727 dicens
1342 3672 1408 3726 ad
1438 3688 1559 3728 eum
1596 3674 1843 3735 :‘lncnlta
1877 3684 1961 3735 est
1990 3692 2081 3741 ar-

513 3774 719 3819 matura
754 3771 873 3827 tua,
906 3778 1078 3831 neque
1118 3764 1317 3817 securis
1346 3772 1431 3818 est
1455 3764 1617 3818 utilis.
1649 3764 2084 3834 Apprehensam-

511 3868 615 3922 que
637 3853 1019 3920 securemejus
1049 3862 1203 3907 terrae
1232 3853 1443 3921 dejecit.
1470 3855 1532 3907 Et
1555 3855 1643 3911 ille
1668 3872 1787 3917 cum
1817 3858 2082 3924 paululum

518 3943 806 3999 inclinatus
838 3943 1049 4009 fuisset,
1079 3959 1168 4001 rex
1199 3945 1419 3999 elevatis
1445 3946 1902 4003 manibustseeure
1926 3957 2085 4016 caput

507 4031 629 4101 ejus
648 4032 831 4087 deﬁxit
855 4051 867 4085 :
893 4032 1001 4097 Sic,
1022 4034 1210 4102 inquit,
1229 4044 1281 4087 et
1305 4044 1354 4087 tu
1382 4034 1682 4093 Suessionis
1709 4053 1866 4090 urceo
1891 4038 2079 4106 fecisti,

488 4120 757 4192 magnum
799 4122 900 4177 sibi
942 4138 1034 4192 per
1074 4124 1207 4178 hanc
1244 4140 1456 4180 causam
1490 4128 1733 4183 timorem
1764 4138 2006 4193 statuens
2030 4131 2079 4186 δ.

540 4264 543 4267 λ
582 4212 742 4267 XVII.
776 4212 895 4267 Fuit
926 4216 1084 4284 igitur
1116 4213 1458 4270 Guntliochus
1507 4233 1599 4272 rex
1648 4219 2077 4289 Burgundionum

508 4318 576 4359 ex
623 4317 820 4371 genere
851 4305 1153 4360 Athanarici
1180 4306 1335 4376 557
1368 4308 1505 4377 regis
1534 4311 1887 4377 persecutoris
1916 4311 2077 4383 (Cap.

506 4393 622 4465 28).
652 4395 784 4451 Iluic
814 4396 1022 4451 fuerunt
1048 4410 1272 4466 quatuor
1301 4400 1414 4464 ﬁlii,
1444 4397 1825 4468 Gundobadus,
1856 4414 1878 4443 ο
1903 4404 2079 4460 Code-

2172 3212 2305 3277 _dam
2350 3216 2601 3281 sapientis
2632 3221 2696 3268 de
2726 3216 3186 3287 Constantimqmli
3217 3222 3499 3275 adventum
3544 3229 3719 3277 vereor,

2185 3302 2336 3371 cujus
2368 3305 2611 3367 consilio,
2644 3306 2687 3358 si
2721 3307 2863 3373 prius
2897 3310 3121 3369 venerit,
3162 3310 3279 3363 Ιηξο
3308 3310 3479 3362 omnia
3524 3307 3715 3371 dissipa-

2152 3444 2155 3449 ,
2186 3393 2397 3447 buntur.
2433 3395 2748 3451 Aurelianus
2778 3404 2963 3451 eodem
2994 3400 3176 3452 ιι;›1›.ιιι
3205 3417 3310 3468 quo
3339 3409 3566 3462 venerat,
3591 3396 3720 3449 rediit

2185 3485 2250 3549 ad
2286 3486 2521 3553 prepria.
2571 3488 2699 3539 Cum
2742 3491 2851 3556 jam
2907 3506 3067 3558 pr~pe
3118 3493 3500 3545 Aurelianense
3547 3487 3723 3540 territu-

2182 3579 2344 3645 rium,
2396 3595 2491 3634 nec
2526 3583 2703 3648 procul
2751 3598 2779 3634 a
2811 3583 2968 3633 domo
3014 3599 3180 3651 pmpe
3210 3586 3537 3644 accessisset,
3567 3593 3719 3647 quum-

2185 3671 2306 3733 datu
2337 3687 2619 3739 pauperem
2664 3673 2959 3727 mendicum
2994 3677 3040 3727 in
3076 3675 3157 3728 via
3208 3691 3390 3729 secum
3431 3673 3617 3727 itineris
3655 3683 3724 3719 so-

2152 3764 2321 3830 -,cittm
2353 3763 2649 3830 habebati,
2679 3780 2795 3817 cum
2824 3763 2931 3834 jam
2964 3781 3188 3818 securus
3222 3766 3533 3819 Aurelianus
3564 3774 3723 3825 sopore

2184 3858 2468 3926 depressus
2492 3867 2661 3922 esset,
2691 3873 2720 3911 a
2745 3859 2941 3927 collega
2971 3873 3067 3910 suo
3102 3874 3231 3927 pera
3260 3874 3381 3912 cum
3414 3856 3587 3908 solidis
3608 3851 3724 3918 ejus-

2144 3992 2152 4002 .
2184 3952 2302 4009 dem
2337 3948 2559 4001 furatur.
2591 3949 2874 4017 Cumquea
2907 3964 3095 4005 smnuo
3119 3946 3526 4016 expergefactus
3549 3942 3720 3999 fuisset,

2146 4055 2413 4105 animare
2443 4041 2623 4106 plenus
2653 4054 2809 4092 cursu
2842 4038 3009 4090 veloci
3041 4024 3281 4104 perrexit
3312 4039 3374 4090 ad
3410 4034 3626 4105 propria,
3661 4027 3725 4081 di-

2184 4132 2466 4201 rigeusque
2498 4146 2689 4198 pueros
2718 4129 2780 4182 ad
2813 4129 3186 4197 inquirentium
3223 4129 3523 4181 mendicum
3553 4121 3629 4191 qui
3653 4133 3726 4186 p0-

2140 4286 2143 4289 η
2183 4237 2296 4274 ram
2337 4221 2455 4291 ejus
2502 4222 2761 4287 portabat.
2812 4221 2976 4285 Quem
3022 4220 3422 4287 apprehensum
3478 4212 3727 4271 Aureliano

2142 4372 2163 4381 η,
2184 4322 2527 4384 ρηιξεειιιειιιι,
2577 4328 2804 4381 eumque
2836 4313 3040 4365 fortiter
3070 4312 3253 4366 triduo
3285 4327 3480 4365 czesum
3523 4301 3728 4378 permisit

2187 4407 2263 4461 ire
2293 4402 2612 4457 mendicum.
2649 4400 2893 4453 Protinus
2941 4400 3265 4454 Aurelianus
3298 4401 3598 4455 flldodoveo
3640 4392 3727 4460 regi

500 4486 722 4556 giselus.
743 4486 1078 4556 Chilpericus
1096 4501 1149 4545 et
1176 4487 1527 4544 Godemarus.
1550 4492 1910 4548 Gundobadus
1929 4496 2078 4551 Chil-
2111 4480 2159 4539 D
2187 4512 2280 4564 per
2305 4496 2504 4562 singula
2536 4507 2756 4545 narrans
2781 4493 3202 4560 successionem,
3238 4491 3599 4561 suggestioms
3620 4500 3727 4537 nuu-

505 4578 743 4644 pericum
770 4578 984 4633 fratrem
1013 4594 1165 4639 suntm
1198 4579 1464 4636 interfecit
1487 4582 1694 4651 gladio;
1722 4600 1937 4643 uxorem
1960 4590 2078 4657 ejus

579 4743 604 4769 ἰ
634 4730 836 4794 Canis.,
864 4733 1142 4787 Santonus.
1175 4732 1276 4786 Sed
1308 4744 1517 4789 constat
1545 4736 1857 4791 Suessionas
1892 4742 2075 4797 urbem

504 4802 593 4879 hic
640 4803 1079 4879 designari,_qu:e
1124 4806 1173 4856 in
1223 4806 1752 4879 veterihusscriptis
1801 4810 2071 4879 Senonas,

468 4926 473 4933 _
505 4875 763 4935 Saxonas,
789 4884 880 4925 aut
907 4873 1143 4926 Satanas
1171 4874 1327 4939 vuigo
1356 4874 1626 4930 scribitur.

577 4942 602 4980 δ
630 4943 826 4997 Cbesn.
867 4955 921 4995 et
965 4942 1145 5001 ἢθη..
1179 4944 1408 4996 timorem
1456 4945 1593 5013 fecit.
1637 4947 1841 5013 Canis.,
1868 4968 2074 5006 causam

505 5014 701 5069 Franci
726 5014 960 5065 timerent
985 5022 1284 5077 statuerunt.

579 5095 601 5123 ε
629 5085 751 5149 Alii,
785 5081 1144 5145 Gundobadus,
1164 5082 1575 5153 Gunthegiselus,
1600 5088 1920 5142 Gotemarus.
1943 5092 2069 5147 Mss.

498 5154 642 5230 Clar.
694 5166 744 5208 et
781 5154 910 5208 Bob.
956 5153 1233 5207 lectionem
1280 5157 1612 5221 retiuuimus,
1661 5162 1715 5212 et
1756 5161 1830 5212 sic
1860 5176 2074 5230 semper

502 5226 651 5279 infra.

567 5293 774 5349 dCbes.
826 5293 1199 5367 al.,_Af.‘_hrona,
1243 5304 1297 5348 et
1343 5295 1473 5348 infra
1523 5297 1853 5353 Chrothifdis.
1901 5302 2060 5367 Boh.,

501 5362 888 5419 Chrotechildis.
929 5364 1060 5418 Vide
1092 5375 1239 5419 rotas
1270 5368 1319 5417 in
1346 5367 1679 5431 Gregorium.

580 5436 946 5507 °_Anrelianus
974 5435 1231 5507 Patrieus
1263 5452 1631 5491 memoratura
1656 5439 1910 5507 Gregorio
1932 5441 2023 5495 lih.
2056 5458 2072 5496 ι

480 5500 572 5556 ’de
600 5502 777 5557 Gloria
810 5516 966 5557 mart.
1000 5521 1121 5571 cap.
1153 5506 1241 5559 77.
1272 5509 1381 5561 Sed
1407 5509 1541 5559 hanc
1576 5508 1643 5561 de
1675 5523 1740 5562 eo
1764 5500 2069 5566 inendicum

501 5574 785 5645 simulaute
816 5575 1172 5628 narrationem
1202 5577 1337 5631 inter
1369 5576 1569 5630 fabulas
1597 5590 1908 5645 computant
1946 5596 2068 5636 euut

506 5642 715 5696 Valesm
768 5644 865 5696 viri
905 5646 1136 5709 eruditi;
1186 5663 1342 5714 quam
1386 5658 1561 5700 tamen
1612 5642 1807 5701 habent
1855 5650 2066 5714 Rorico,

500 5715 833 5778 Anonymus,
878 5714 1177 5780 Aitnoinus,
1205 5728 1388 5770 auctor
1432 5716 1562 5771 Vita:
1588 5728 1788 5772 sancta:
1811 5718 2068 5774 Chletlul-

2182 4588 2277 4644 tiat
2316 4585 2371 4647 It.
2421 4585 2570 4652 Quod
2623 4598 2744 4637 cum
2784 4582 3087 4636 Cblodoveo
3135 4583 3340 4637 utilitas
3386 4592 3440 4638 et
3486 4578 3726 4635 consilium

2178 4740 2281 4805 dis,
2307 4748 2361 4791 et
2402 4738 2485 4789 alii
2519 4737 2733 4803 passim.
2766 4735 3055 4802 Gregnrhts
3078 4752 3230 4798 vero,
3266 4737 3360 4790 lib.
3394 4751 3431 4788 tt
3476 4734 3603 4787 Ilist.
3625 4742 3720 4805 cap:

2176 4796 2611 4877 28,'Iegatiotietn
2642 4822 2669 4857 a
2710 4796 3012 4860 Illtlodoveo
3043 4796 3264 4861 missam
3316 4816 3571 4861 memorat
3610 4796 3723 4854 :scd

2179 4881 2306 4933 nihil
2331 4876 2398 4932 de
2429 4880 2526 4929 hac
2548 4894 2602 4929 re
2635 4876 2808 4928 habet.

2257 4949 2274 4987 ί
2304 4950 2390 5003 Sic
2414 4949 2578 5009 Clam,
2600 4961 2700 4997 mn
2727 4961 2850 4998 vero
2874 4946 3086 5010 januam
3109 4946 3354 5010 civitatis,
3374 4956 3428 5000 ut
3452 4940 3720 5005 Βοιιηαπιι.

2181 5029 2236 5074 et
2264 5021 2459 5081 Frclt.;
2489 5028 2574 5070 est
2615 5018 2806 5084 quippe
2837 5014 3058 5077 Genava,
3084 5031 3267 5084 quam
3318 5026 3525 5071 veteres
3549 5010 3722 5064 Jnnuba

2146 5140 2149 5143 .
2181 5092 2503 5143 scribebant.
2530 5088 2715 5151 Ches.,
2747 5083 3022 5138 Genavam.

2257 5168 2280 5206 s
2298 5160 2439 5211 Clar.
2466 5157 2622 5221 Boh.,
2646 5168 2698 5210 et
2725 5158 3121 5217 Can.,annuens
3140 5155 3293 5209 verba
3319 5166 3506 5211 secreto
3522 5152 3720 5207 audiens.

2183 5230 2424 5291 dixitque.

2255 5298 2279 5335 ιι
2314 5298 2468 5358 Boh..
2501 5296 2669 5349 obtain
2700 5297 2767 5346 ad
2795 5310 3016 5363 promens
3047 5295 3266 5358 ﬁrment.

2258 5368 2273 5406 ί
2309 5370 2464 5430 Etliti,
2498 5368 2689 5420 Atedii.
2739 5368 2811 5422 De
2863 5370 2962 5417 hoc
3007 5365 3124 5418 vide
3169 5366 3402 5434 Grcgor.
3444 5366 3531 5420 lib.
3564 5377 3597 5415 tt
3621 5370 3721 5422 cap.

2179 5440 2267 5499 5%,
2294 5454 2395 5493 etc.
3625 5497 3649 5506 ..

2254 5512 2266 5561 t'
2299 5510 2408 5562 Cau
2438 5549 2452 5569 ,
2482 5508 2674 5579 habuit.
2725 5507 2802 5560 Ch
2839 5522 2946 5570 5th.,
2998 5513 3202 5576 quidam
3256 5521 3454 5579 panper
3499 5501 3724 5579 nundinis

2176 5598 2322 5648 quem
2349 5581 2401 5631 in
2442 5579 2590 5630 via...
2624 5577 2935 5634 Itabnem'...
2970 5582 3174 5653 collega:
3223 5577 3318 5632 suo
3351 5594 3521 5647 perant
3551 5578 3723 5641 [ara‘tﬂ

2176 5662 2268 5703 et.

2249 5723 2267 5759 '-
2300 5720 2448 5789 .\pud
2484 5718 2637 5773 μοι..
2662 5750 2663 5753 η
2691 5719 2839 5774 deest
2885 5723 3268 5775 successionem.
3319 5718 3484 5778 Clam
3534 5714 3718 5764 tum“:
