3946 6188
130 396 209 450 ἴ)δὸ

1167 380 1522 441 HISTORIA
1561 378 1902 441 FRANCOR
1917 379 2017 439 ΠΜ
2064 380 2514 441 ΕΡΙΤΟΜΑἸἈ.
3481 378 3585 437 586

133 512 523 595 Chrotechildis
550 510 877 585 placuisset,
910 510 1123 581 legatos
1148 506 1217 565 ad
1247 503 1671 595 Gundobadum
1709 503 2182 595 di-Aipsamque
2212 505 2270 562 in
2307 501 2743 562 matrimonium
2772 504 3135 571 Chlodoveus
3158 506 3588 580 accepit,quam

137 600 258 674 tigit,
277 592 474 674 petens
505 595 1043 657 utChrotechildem
1070 599 1297 666 neptem
1323 605 1489 649 suam
1510 590 1563 647 ei
1590 589 1650 647 in
1672 605 1803 647 con-
1889 591 2050 651 cultu
2091 592 2274 665 regali
2314 593 2565 666 perfecto
2603 592 2811 651 dilexit
2851 608 3047 651 amore
3088 593 3273 665 (Ibid.,
3314 612 3436 667 cap.
3471 593 3587 666 29).

133 689 332 764 jugium
364 686 695 745 sociandam
726 685 989 743 traderet.
1022 681 1184 752 Quod
1219 678 1318 737 ille
1355 680 1643 750 denegare
1683 694 1803 736 me-
1892 682 2151 740 Habebat
2214 682 2336 756 jam
2401 690 2537 741 tunc
2596 683 2961 742 Chlodoveus
3015 684 3203 742 tilium
3255 684 3326 742 de
3373 699 3588 744 concu-

66 806 69 811 ι
138 785 299 843 tuens,
353 782 408 831 et
454 788 691 846 sperans
737 771 1051 829 amicitiam
1086 784 1219 825 cum
1268 764 1592 823 Chlodoveo
1634 765 1705 821 in:

1976 791 2047 845 ia,
2090 774 2326 832 nomine
2350 773 2793 833 Theudericum.
2812 773 3231 834 Chrotechildis
3249 792 3383 835 cum
3408 776 3592 849 primo

138 880 241 965 eam
268 879 327 922 se
369 864 641 965 daturum
687 861 933 965 spondit.
972 858 1164 965 ἓξὲἃῆ
1207 857 1511 915 OlTercllteS
1555 853 1807 965 801ίῇξῶ
1894 840 2158 939 genitum
2178 865 2363 922 tilium
2394 865 2705 935 habuisset,
2731 872 2874 930 560
2895 882 3068 939 quem
3095 866 3377 940 baptismo
3396 840 3596 927 conse-

139 965 180 1014 εἴ
203 955 516 1027 denarium:
571 961 635 1012 ιη
670 969 794 1011 11103
822 960 941 1009 erat
974 951 1344 1016 Francorum»
1384 961 1512 1004 eam
1556 944 1813 1018 partibus
1895 971 2053 1015 crare
2082 955 2273 1023 vellet,
2311 956 2504 1012 virum
2534 954 2763 1013 assidue
2800 954 3047 1012 suadens
3097 956 3479 1016 christianum
3520 959 3599 1017 ef-

141 1044 421 1105 Chlodovei
461 1053 736 1120 sponsant
765 1056 809 1113 ι,
850 1043 1125 1118 placitum
1154 1040 1223 1097 ad
1258 1053 1509 1113 prmsens
1536 1042 1810 1110 petentCS,
1898 1043 2065 1101 licere
2107 1045 2114 1079 ί
2157 1043 2493 1101 nullatenus
2546 1042 2617 1099 ad
2669 1042 3091 1099 consiliandum
3152 1043 3301 1115 regis
3362 1045 3597 1106 animus

141 1143 387 1215 utipsam
432 1143 502 1199 ad
553 1140 890 1214 coniugium
942 1138 1187 1197 traderet
1241 1134 1586 1193 Chlodoveo.
1642 1132 1817 1189 Nulla
1901 1134 2257 1204 movebatur,
2323 1132 2520 1189 dicens
2565 1156 2578 1188 :
2645 1131 2890 1189 Deorum
2962 1139 3289 1191 nostrorum
3337 1133 3599 1207 jussione

140 1240 303 1291 stante
329 1247 507 1301 mora,
541 1231 685 1287 inito
714 1230 919 1303 placito
947 1227 1246 1286 Cabillono
1274 1225 1310 1293 ",
1348 1222 1563 1296 nuptiae
1592 1237 1814 1294 praepa-
1897 1218 2102 1281 cuncta
2146 1228 2431 1282 creantur,
2466 1221 2620 1279 Deus
2652 1229 2837 1279 vester
2864 1219 3013 1278 nihil
3056 1236 3218 1294 posse
3264 1224 3600 1283 manifesta-

142 1330 335 1379 rantur.
375 1320 686 1378 Venientes
718 1336 852 1377 cum
895 1318 1179 1376 celeritate
1212 1314 1416 1373 Franci
1462 1312 1814 1370 Chrotechilo
1901 1319 2011 1372 tur.
2037 1312 2257 1385 Regina
2288 1312 2477 1370 lilium
2503 1311 2572 1368 ad
2602 1310 2962 1384 Baptismum
2989 1312 3246 1370 exhibet.
3277 1312 3607 1387 Baptizatus

142 1412 253 1469 dein
281 1427 311 1467 a
338 1409 697 1471 Gundobado
724 1416 1008 1481 acceptam
1044 1406 1298 1463 levantes
1330 1403 1387 1460 in
1418 1402 1742 1459 basternam
1774 1413 1814 1473 ο,
1900 1408 2092 1457 autem
2120 1416 2281 1474 puer,
2315 1416 2486 1474 quem
2521 1401 2881 1471 Ingomerem
2934 1397 3042 1473 [AL
3072 1399 3469 1475 Ingomerum]
3500 1417 3604 1460 vo-

143 1515 257 1557 cum
281 1498 479 1557 multis
504 1498 790 1556 thesauris
814 1496 885 1554 ad
906 1494 1303 1553 Chlodoveum
1333 1490 1612 1562 dirigunt.
1644 1492 1821 1548 Chro-
1902 1489 2173 1560 citabant,
2204 1490 2264 1547 in
2294 1488 2441 1546 albis
2478 1488 2638 1546 obiit.
2682 1487 2805 1557 Qua
2838 1487 2908 1545 de
2944 1504 3115 1548 causa
3148 1499 3443 1564 permotus
3472 1490 3606 1551 felle

147 1586 383 1643 techildis
451 1601 588 1645 cum
638 1586 759 1659 jam
812 1583 1181 1665 comperisset
1251 1580 1564 1637 adventum
1632 1579 1818 1637 Aridii
1906 1594 2030 1646 rex,
2064 1576 2394 1650 increpabat
2422 1577 2969 1649 reginam,dicens:
3017 1575 3077 1634 Si
3108 1577 3168 1635 in
3201 1578 3438 1636 nomine
3468 1579 3609 1638 deo-

146 1676 454 1735 revertentis
495 1677 568 1734 ab
597 1675 858 1748 imperio,
892 1673 1041 1732 dixit
1078 1671 1148 1729 ad
1178 1671 1431 1729 seniores
1457 1674 1601 1731 559
1640 1667 1820 1725 Fran-
1904 1682 2035 1725 rum
2074 1681 2336 1725 meorum
2386 1682 2526 1742 puer
2561 1667 2765 1726 fuisset
2790 1668 3170 1743 baptizatus’,
3198 1670 3461 1733 vixisset.
3491 1671 3607 1731 Re-

147 1778 226 1821 cos
255 1784 266 1822 :
317 1763 375 1823 Si
414 1764 597 1822 vultis
627 1780 718 1822 me
757 1762 993 1821 domino
1017 1770 1207 1820 vestro
1234 1767 1602 1845 praesentare,
1632 1772 1820 1816 remo-
1905 1754 2039 1827 gina
2065 1769 2201 1813 vero
2230 1753 2346 1813 Deo
2374 1754 2751 1829 omnipotenti
2783 1756 2994 1829 gratias
3016 1772 3213 1831 agens,
3257 1765 3323 1816 ut
3347 1760 3417 1817 de
3444 1767 3609 1819 utero

150 1861 256 1914 vete
275 1870 361 1914 me
384 1854 456 1912 de
485 1854 767 1922 basterna,
794 1860 849 1911 et
879 1867 1050 1925 supra
1075 1866 1298 1925 equum
1326 1850 1529 1921 levate,
1560 1855 1616 1908 et
1645 1863 1886 1929 quan-B
1906 1862 2011 1906 suo
2040 1846 2491 1920 primogenitum
2521 1848 2583 1904 in
2612 1862 2787 1919 regno
2817 1862 2923 1905 suo
2951 1850 3247 1922 acceperit.
3292 1849 3423 1907 Post
3446 1851 3609 1909 hunc

153 1951 257 2004 tum
293 1945 553 2019 protinus
586 1942 904 2018 potueritis,
952 1942 1070 1999 illis
1098 1940 1357 2015 partibus
1389 1940 1716 1999 accelerate.
1754 1936 1822 1995 In
1905 1937 2109 2013 genuit
2130 1936 2340 2007 lilium,
2369 1952 2543 2010 quem
2566 1934 3003 1994 Chlodomerem
3026 1936 3325 2009 vocitavit;
3349 1937 3612 2012 quicum

153 2034 243 2093 hac
288 2034 554 2093 basterna
596 2032 666 2091 ad
696 2047 861 2091 suam
903 2047 1020 2089 non
1057 2044 1293 2105 possum
1338 2028 1538 2087 venire
1567 2041 1826 2101 praesen-

155 2122 293 2181 tiam.
319 2123 522 2181 Franci
549 2122 735 2180 levata
764 2118 1161 2181 Chrotechilde
1186 2133 1358 2192 super
1378 2131 1615 2192 equum,
1631 2112 1827 2173 festini

150 2213 210 2272 ad
241 2214 627 2272 Chlodoveum
654 2216 922 2286 pergunt.

211 2306 354 2366 XIX.
385 2308 647 2380 Cumque
674 2304 910 2363 Aridius
930 2318 964 2361 a
995 2301 1247 2361 Massilia
1263 2299 1625 2361 velocissimo
1650 2312 1828 2357 cursu

150 2398 263 2457 hac
307 2399 547 2456 audiens
583 2396 656 2455 ad
692 2394 1123 2454 Gundobadum
1163 2392 1435 2463 venisset,
1483 2384 1749 2464 dixitque.
1773 2387 1829 2446 ei

149 2488 524 2557 Gundobadus
561 2507 573 2546 :
624 2486 853 2545 Audisti
880 2483 1032 2558 quod
1078 2482 1392 2541 amicitiam
1420 2497 1551 2541 cum
1594 2478 1831 2538 Francis
1864 2512 1877 2529 ς

146 2576 431 2643 inivimus,
474 2581 819 2649 neptemque
866 2587 1053 2629 meam
1086 2569 1411 2629 Chlodoveo
1442 2566 1648 2626 tradidi
1678 2581 1830 2625 uxo-

149 2668 303 2726 rem?
332 2667 684 2742 respondens
729 2662 968 2722 Aridius
996 2661 1146 2720 dixit
1175 2685 1188 2719 :
1232 2659 1358 2719 Non
1398 2666 1482 2718 est
1507 2659 1614 2717 hoc
1642 2655 1836 2715 amici-

148 2760 234 2819 tize
265 2764 468 2828 cultus,
516 2757 614 2816 sed
658 2756 896 2814 initium
937 2752 1237 2812 discordiae
1275 2757 1584 2826 perpetuae.
1635 2746 1834 2806 Remi-

146 2849 353 2908 niscere
380 2846 681 2913 debueras,
719 2833 957 2902 domine
979 2840 1082 2911 mi,
1123 2839 1276 2916 quod
1303 2836 1831 2912 genitorem'Chro-

147 2939 394 2998 tecbilda:
424 2950 768 3009 germanum
817 2941 984 2992 tuum
1017 2931 1404 3004 Chilpericum
1436 2927 1626 3003 gladio
1658 2923 1833 2983 truci-

143 3029 301 3099 dasti,
344 3036 589 3088 matrem
636 3041 762 3099 eius
811 3023 993 3098 lapide
1041 3022 1111 3081 ad
1158 3020 1374 3080 collum
1412 3020 1586 3091 ligato
1630 3031 1834 3073 necare

136 3119 369 3192 jussisti,
400 3119 543 3177 duos
583 3114 842 3189 ejusdem
873 3126 1175 3187 germanos
1218 3108 1401 3182 capite
1450 3112 1738 3165 truncatos
1768 3104 1830 3161 in

1907 2031 2224 2106 baptizatus
2267 2039 2544 2105 aegrotare
2592 2031 2874 2105 coepisset,
2905 2031 3129 2091 dicebat
3168 2048 3273 2092 rex
3313 2054 3327 2095 :
3378 2034 3448 2093 Et
3480 2034 3609 2108 iste,

1908 2124 2059 2182 sicut
2088 2123 2283 2194 frater,
2328 2120 2596 2180 moritur.
2647 2119 2858 2180 Orante
2905 2127 3107 2194 matre,
3148 2121 3394 2183 Domino
3438 2123 3610 2197 adju-

1910 2217 2101 2283 vante,
2178 2209 2493 2269 convaluit.
2571 2208 2793 2283 Regina
2865 2216 3055 2270 tamen
3124 2211 3358 2272 assidue
3419 2229 3614 2288 regem

1908 2308 2101 2368 verbis
2122 2306 2438 2366 blanditisk
2459 2306 2533 2365 ad
2552 2306 2770 2365 Christi
2790 2307 3015 2367 cultum
3035 2310 3313 2369 suadebat
3330 2314 3482 2386 (Cap.
3504 2292 3615 2386 30).

1980 2396 2134 2455 XXI.
2170 2396 2432 2471 Cumque
2467 2395 2690 2471 bellum
2728 2404 2925 2456 contra
2965 2398 3323 2459 Alamannos
3366 2400 3619 2462 Chlodo-

1912 2504 2055 2549 veus
2101 2504 2204 2547 rex
2242 2493 2520 2559 moveret,
2564 2486 2842 2547 suadente
2884 2489 3104 2563 regina,
3136 2490 3311 2560 vovit,
3354 2492 3403 2549 si
3434 2492 3617 2553 victo-

1915 2579 2062 2637 riam
2096 2580 2399 2649 obtineret,
2439 2577 2759 2637 elliceretur
2796 2578 3388 2655 christianus(1bid.).
3432 2582 3615 2643 Cum-

1915 2684 2028 2743 que
2058 2676 2320 2741 utraeque
2351 2667 2663 2742 phalanges
2688 2666 3001 2726 certamina
3026 2672 3355 2742 jungerent,
3386 2677 3442 2729 et
3470 2678 3618 2732 stra-
3684 2684 3689 2689 '

1879 2815 1887 2823 ,
1913 2773 2011 2831 ges
2038 2756 2301 2830 ingentes
2331 2763 2540 2825 essent,
2575 2756 2726 2814 dixit
2746 2756 3115 2817 .Chlodoveus
3140 2779 3153 2818 :
3175 2759 3360 2819 Deum
3387 2762 3617 2837 invoco,

1915 2862 2089 2921 quem
2140 2845 2561 2905 Chrotechildis
2604 2848 2803 2920 regina
2853 2849 3033 2907 colit:
3083 2850 3131 2908 si
3176 2866 3267 2909 me
3294 2855 3525 2926 juvaret
3554 2856 3617 2914 in

1914 2936 2023 2993 hoc
2055 2933 2275 3009 praelio,
2311 2942 2377 2991 ut
2408 2935 2635 2993 vincam
2668 2934 2774 2991 hos
2800 2936 3160 2994 adversarios
3201 2953 3377 3008 meos,
3411 2956 3509 2999 ero
3530 2941 3621 3001 illi

1916 3023 2121 3081 ﬁdelis.
2143 3023 2454 3081 Alamanni
2483 3030 2639 3095 terga
2666 3032 2947 3082 vertentes
2977 3026 3035 3083 in
3060 3026 3260 3099 fugam
3286 3029 3434 3104 lapsi
3460 3037 3617 3091 sunt.

1915 3113 2178 3189 Cumque
2200 3129 2397 3185 regem
2422 3129 2596 3171 suum
2617 3123 2916 3173 cernerent
2932 3115 3366 3193 interemptum,
3408 3130 3619 3182 novem

141 3224 372 3287 puteum
424 3213 605 3272 fecisti
656 3210 967 3297 projicere.
1004 3206 1065 3265 Si
1112 3201 1500 3297 pra-evaluerit,
1545 3198 1828 3297 .injuriam
1853 3204 2084 3297 Cannis
2120 3203 2134 3241 ι
2188 3202 2421 3261 exsules
2450 3220 2483 3261 a
2516 3203 2752 3263 sedibus
2778 3221 3001 3276 eorum,
3054 3223 3158 3265 nec
3198 3208 3379 3268 ullam
3415 3217 3617 3285 potue-

136 3312 433 3378 parentant
468 3299 803 3371 vindicabit.
852 3296 1045 3367 Dirige
1076 3292 1336 3366 protinus
1368 3288 1686 3348 exercitum
1711 3296 1835 3360 post

135 3374 277 3463 eam,
320 3399 384 3450 ut
422 3395 761 3448 revertatur.
824 3382 1075 3441 Facilius
1115 3381 1294 3439 unius
1351 3380 1497 3437 feres
1538 3374 1833 3453 jnrgium,

135 3499 307 3559 quam
357 3480 514 3540 omni
571 3487 822 3551 tempore
870 3480 934 3533 tu
983 3480 1038 3531 et
1089 3471 1173 3529 tui
1218 3464 1692 3528 scandalizemini
1727 3466 1753 3501 ἀ
1802 3480 1835 3522 a

133 3557 387 3631 Francis.
430 3570 570 3628 Hazc
610 3566 853 3625 audiens
880 3560 1295 3630 Gundobadus,
1342 3557 1661 3629 exercitum
1708 3560 1835 3628 post

135 3670 359 3737 tergum
382 3655 800 3719 Chrotechildis
827 3651 1233 3712 retentandum
1263 3663 1285 3687 θ
1313 3647 1529 3720 dirigit,
1565 3645 1667 3719 qui
1697 3660 1835 3701 con-

131 3760 439 3827 sequentes
460 3751 773 3809 thesauros
819 3752 875 3803 et
917 3744 1248 3802 basternam
1288 3746 1495 3797 cuncta
1529 3740 1836 3794 retentent.

134 3847 552 3907 Chrotechildis
594 3859 730 3903 vero
758 3856 893 3901 cum
922 3835 1433 3912 appropinquasset
1462 3828 1768 3887 Villariaco
1799 3828 1837 3896 ί,

126 3936 185 3995 in
213 3955 338 4013 qua
362 3935 721 3995 Chlodoveus
748 3928 1051 3993 residebat,
1078 3926 1141 3983 in
1164 3922 1450 3982 territorio
1478 3919 1524 3976 Τ
1532 3918 1835 3987 recassino,

128 4007 325 4087 adh-uc
353 4037 662 4101 antequam
704 4020 979 4080 terminos
1028 4012 1387 4101 Burgundiie
1422 4007 1841 4101 Chrotechildis

122 4117 471 4189 praeteriret,
506 4096 727 4188 rogans
756 4126 852 4168 eos
880 4125 914 4165 a
967 4104 1183 4179 quibus
1228 4099 1565 4189 ducebatur,
1602 4103 1667 4156 ut
1704 4096 1842 4154 duo-

123 4185 316 4264 decim
378 4185 651 4264 leuvasﬁs
699 4201 761 4259 in
816 4205 1089 4270 utrasque
1142 4198 1330 4266 partes
1378 4190 1449 4246 de
1496 4185 1841 4259 Burgundia

122 4299 463 4371 praedarent
523 4302 578 4354 et
630 4290 1024 4351 incenderent.
1076 4276 1242 4355 Quod
1294 4296 1433 4371 cum,
1480 4278 1843 4371 permittente

125 4364 469 4445 Chlodoveo
522 4384 723 4442 fuisset
772 4377 1100 4452 impletum,
1177 4372 1327 4431 dixit
1377 4364 1839 4429 Chrotechildis:

122 4474 360 4533 Gratias
392 4472 496 4531 tibi
525 4487 653 4545 ago,
688 4468 841 4527 Deus
859 4465 1244 4538 omnipotens,
1274 4460 1428 4535 quod
1455 4458 1687 4515 initium
1721 4455 1845 4512 vin-

116 4566 293 4625 dictae
333 4567 416 4623 de
448 4561 806 4637 genitoribus
835 4556 925 4616 vel
961 4552 1233 4613 fratribus
1261 4552 1406 4608 meis
1434 4548 1627 4637 video.

180 4654 320 4714 ΧΧ.
400 4633 565 4711 Tunc
615 4650 687 4708 ad
749 4659 1003 4722 praesens
1058 4639 1383 4702 Chlodoveo
1417 4638 1438 4667 "
1489 4633 1837 4710 perducitur,

110 4858 452 4911 Sutm‘onas
488 4850 728 4903 nuntiat.
788 4848 930 4905 Bob.,
994 4853 1237 4897 narrans
1285 4838 1449 4905 fuisse
1498 4835 1717 4887 bonetas
1748 4830 1840 4896 (al.

107 4946 199 4994 m,,
223 4926 533 4990 honestas)
555 4939 627 4975 διι-
651 4921 907 4985 gestiones
938 4917 1178 4970 nuntiat.

156 4979 400 5061 λ’
454 4979 574 5048 ϐδίι.
634 4979 688 5045 et
744 4994 915 5053 Chis.,
975 4986 1316 5061 desponsam.
1363 4981 1484 5061 ilic_
1516 4979 1840 5061 Francorum

104 5048 510 5130 mos'vd—ic'itur
542 5064 836 5118 :ecundum
882 5048 1330 5130 tegem'Saticani
1367 5057 1418 5104 in
1463 5048 1690 5130 formula
1728 5061 1835 5130 viz.

101 5119 226 5201 Et"
246 5119 807 5210 apudiitiignonicm,
856 5119 981 5210 post
1018 5128 1255 5210 illarculli
1304 5126 1698 5210 formulas,mp.
1728 5119 1837 5171 219.

247 5192 325 5270 —ert
339 5192 507 5278 -έξιιιε
532 5192 690 5262 notas
721 5212 773 5257 iu
796 5192 984 5278 vii-vias
1003 5203 1294 5278 formulas,
1325 5211 1394 5278 nn
1414 5201 1460 5257 5,
1478 5209 1534 5278 up
1586 5192 1696 5243 364.

154 5267 358 5344 incili.
405 5267 470 5336 Et
491 5282 680 5333 Chesn.
717 5279 807 5340 al.,
845 5274 1151 5328 Cavattono.
1188 5269 1331 5328 Βοὴ..
1356 5267 1669 5321 Cavitonno.

156 5375 175 5395 τ
212 5332 514 5416 EZs'ie'rhs
556 5332 805 5401 vibiculi'
844 5357 1021 5411 genus
1043 5345 1203 5416 “erat
1251 5343 1513 5391 matronis
1562 5332 1841 5399 pioprium

98 5414 243 5503 (ιιιοᾶ
317 5433 549 5503 testem
587 5426 738 5503 se"
800 5425 860 5503 ιιι
909 5414 1682 5503 ¢*_-_‘lltl2PFE?3-'E..E“B;.
1712 5414 1842 5503 2225'

278 5476 528 5562 colligit
571 5476 871 5563 Aitaserra,
906 5500 1030 5540 cum
1062 5480 1414 5563 umbraculis,
1443 5491 1557 5545 quas
1587 5488 1682 5528 nos
1712 5476 1838 5525 dor-

370 5554 756 5633 ἶηῖινρνειανὶ
788 5573 1065 5635 possumus
1090 5555 1171 5635 vet
1204 5554 1501 5635 basternas.

148 5620 507 5707 :Efa},wét
545 5620 557 5633 ’
589 5639 746 5698 Βοὴ..
789 5620 1209 5686 ’ςθαηάαιίιενίε.
1274 5626 1402 5679 Cen.
1466 5627 1521 5677 et
1582 5621 1733 5676 Freh.
1790 5620 1845 5673 et

94 5730 177 5781 ch,
207 5728 311 5786 ιι,
346 5714 658 5772 vexentur-

158 5767 177 5829 ἶ
207 5764 1099 5853 ὀξξιίξῇτωεηιαηάαηιηΒΟ-ζιη,
1136 5764 1514 5853 rotantem-da...
1546 5764 1845 5853 "tentari.

160 5876 177 5913 ι
211 5835 393 5927 i553"
420 5835 737 5921 arup’ersunt
800 5835 948 5916 apud
1009 5835 1340 5899 Tricasslnos
1385 5840 1520 5900 loca.
1575 5847 1697 5902 quae
1742 5835 1848 5887 huc

411 5972 690 6033 PATBOL.
715 5956 933 6021 'LXXI.

1918 3301 2054 3352 runt
2109 3301 2344 3367 gentem
2392 3294 2729 3367 comperire,
2787 3310 2920 3369 quae
2972 3296 3054 3353 eis
3120 3305 3318 3369 contra
3371 3298 3624 3359 Francos

1917 3383 2248 3453 auxiliaret,
2280 3384 2510 3441 tandem
2540 3400 2598 3441 se
2620 3384 2680 3443 in
2705 3384 2985 3444 ditionem
3011 3386 3337 3447 Chlodoveo
3366 3388 3621 3451 tradunt.

1917 3474 2063 3532 Nam
2096 3488 2230 3531 cum
2268 3473 2338 3531 de
2384 3473 2584 3547 praelio
2615 3482 2929 3533 memorato
2960 3476 3233 3549 superius
3261 3477 3631 3540 Chlodoveus

1920 3563 2116 3622 Remis
2146 3576 2186 3601 ηι
2245 3563 2448 3621 fuisset
2495 3578 2779 3636 reversus,
2833 3564 2981 3623 clam
3030 3582 3063 3623 a
3107 3573 3301 3626 sancto
3347 3567 3625 3631 Remedio

1921 3655 2270 3714 Rhemensis
2295 3655 2458 3713 urbis
2487 3655 2752 3730 episcOpo
2783 3659 2930 3729 (Cap.
2964 3656 3073 3729 31),
3104 3659 3425 3719 attrahente
3449 3662 3624 3720 etiam

1922 3744 2323 3815 Chrotechilde
2359 3745 2576 3819 regina,
2610 3744 2884 3818 baptismi
2926 3747 3106 3818 gratia
3134 3764 3267 3807 cum
3299 3765 3404 3808 sex
3442 3752 3623 3811 milli-

1922 3833 2030 3892 bus
2061 3831 2417 3892 Francorum
2446 3834 2508 3891 in
2554 3833 2767 3892 Pascha
2796 3846 2823 3873 ιι
2869 3834 3100 3893 Domini
3129 3846 3492 3899 consecratus
3519 3847 3624 3901 est.

1922 3925 2064 3984 Cum
2104 3941 2136 3983 a
2182 3933 2376 3985 sancto
2436 3925 2713 3984 Remedio
2755 3926 2818 3985 in
2883 3925 3048 3984 Albis
3103 3926 3407 4002 Evangelii
3462 3930 3630 3992 lectio

1922 4014 2249 4073 Chlodoveo
2304 4015 2769 4081 annuntiaretur,
2831 4013 3077 4086 qualiter
3121 4014 3405 4074 Dominus
3435 4024 3629 4077 noster

1921 4100 2089 4160 Jesus
2120 4100 2382 4159 Christus
2432 4100 2505 4157 ad
2549 4100 2870 4173 passionem
2910 4107 3161 4171 venerat,
3206 4101 3359 4159 dixit
3388 4103 3630 4165 Chlodo-

1924 4207 2068 4250 veus
2097 4209 2110 4247 :
2149 4189 2208 4249 Si
2248 4206 2352 4262 ego
2384 4190 2598 4247 ibidem
2633 4206 2763 4249 cum
2799 4190 3035 4249 Francis
3068 4191 3213 4249 meis
3243 4192 3504 4265 fuissem,
3530 4195 3627 4255 in-

1898 4346 1901 4350 ,
1919 4280 2135 4355 juriain
2166 4288 2304 4345 561
2345 4282 2470 4355 ejus
2502 4281 2903 4339 vindicassem.
2952 4280 3079 4340 Jam
3113 4281 3282 4340 ﬁdem
3316 4284 3408 4341 his
3434 4286 3626 4346 verbis

1925 4372 2251 4439 ostendens,
2295 4371 2678 4429 christianum
2716 4386 2777 4428 se
2810 4385 3006 4427 verum
3039 4387 3163 4429 esse
3190 4371 3455 4432 affirmat.

1997 4463 2176 4522 XXII.
2212 4463 2585 4537 Godegiselus
2625 4466 2795 4520 frater
2842 4459 3184 4520 Gundebadi
3228 4463 3494 4523 solatium
3527 4483 3628 4541 per

1925 4554 2139 4627 legatos
2191 4553 2515 4611 Chlodoveo
2563 4550 2828 4626 postulat,
2886 4565 3017 4609 cum
3071 4566 3207 4609 eum
3258 4557 3628 4628 comperisset

1924 4643 2303 4703 fortissimum
2338 4642 2397 4701 in
2421 4640 2667 4717 prmliis;
2704 4639 3062 4713 promittens,
3092 4654 3114 4680 ο
3143 4640 3192 4698 si
3216 4639 3448 4714 eiecerit
3467 4642 3627 4706 Gun-

1926 4822 2174 4873 revocart
2232 4820 2477 4884 possunt,
2539 4814 2718 4867 Vittcrs
2772 4813 2979 4885 scilicet
3017 4812 3160 4885 haud
3208 4814 3401 4877 procul
3430 4816 3498 4869 ab
3530 4820 3617 4871 Ar-

1922 4894 2071 4945 ciaco
2120 4896 2175 4944 et
2230 4883 2366 4941 ipsis
2426 4888 2609 4938 Trecis
2669 4891 2721 4937 et
2785 4883 2988 4942 Villarz',
3035 4883 3200 4936 vicus
3240 4889 3399 4945 paulo
3441 4889 3624 4941 Trecis

1926 4964 2204 5021 remotior,
2245 4960 2415 5012 Barro
2449 4958 2515 5011 ad
2538 4958 2720 5009 Albam
2753 4968 3092 5019 propinquus
3132 4962 3214 5015 .An
3246 4956 3379 5007 vitta
3420 4957 3626 5011 Iliaco?

1989 5045 2014 5081 ε
2048 5036 2147 5086 Cau
2175 5073 2188 5091 ,
2215 5032 2406 5084 teucris.
2439 5032 2571 5081 Clar.
2597 5027 2766 5080 altera
2802 5040 2962 5079 manu
2991 5031 3235 5091 exponit.
3263 5026 3458 5091 tangas.

1985 5106 2006 5136 ⁵
2046 5106 2192 5161 Εὰηιί,
2228 5107 2301 5155 ad
2322 5100 2665 5167 praesentiam
2694 5097 2992 5151 Chlodovei.

1981 5181 1993 5208 ¹
2026 5178 2137 5236 Ed,
2169 5178 2230 5228 ut
2261 5175 2586 5226 christianus
2617 5174 2920 5236 emacietur.

1976 5250 1991 5294 l
2022 5250 2198 5310 Freh.,
2241 5246 2578 5298 nominatus.
2615 5245 2682 5298 ειη
2714 5245 2832 5295 cod.
2867 5243 3003 5293 Clar.
3043 5241 3161 5293 haec
3192 5252 3299 5293 vox
3331 5240 3613 5299 omittitur.

1984 5322 2006 5353 ι
2041 5322 2182 5377 Can..
2229 5317 2453 5370 blandis.
2489 5316 2628 5368 Clar.
2655 5322 2705 5366 et
2738 5314 2881 5372 Βοὴ..
2908 5311 3210 5363 btandict'is.
3408 5324 3415 5325 ί

1990 5391 2191 5444 'Freh.
2239 5395 2293 5443 et
2354 5390 2448 5440 Ch.
2507 5388 2598 5445 aL,
2644 5396 2871 5438 centum.
2923 5387 3160 5447 quatuor
3208 5382 3387 5437 annis.
3442 5384 3616 5441 Locus

1926 5464 2217 5525 obscurus,
2250 5473 2408 5529 quam
2441 5460 2532 5512 alii
2564 5470 2665 5511 auc
2690 5469 2815 5507 oris
2846 5460 3274 5529 nouexponunt.

1943 5596 1957 5607 ο
1986 5546 2018 5566 ·
2051 5523 2215 5597 Clam,
2252 5523 2452 5607 Remus.
2480 5529 2626 5589 Boh.,
2660 5530 2903 5607 Ιξςηιιιις--ι
2935 5523 3222 5607 ἱηρνοίξυξ.

1992 5618 2014 5639 ι·
2050 5595 2209 5659 Hunc
2264 5605 2433 5658 secuti
2495 5607 2621 5654 sunt
2681 5599 3020 5656 Hincmarus,
3088 5595 3432 5664 Flodoardus,
3510 5606 3616 5659 etc.

1926 5679 2029 5733 Alii
2079 5683 2259 5730 tamen
2297 5688 2368 5729 ex
2432 5672 2603 5725 sancti
2665 5669 2799 5719 Aviti
2853 5668 3078 5732 epistola
3135 5668 3501 5727 Chlodovemn
3564 5674 3617 5726 tu

1928 5750 2207 5805 Nativitate
2243 5745 2447 5799 Domini
2476 5741 2803 5805 baptizatum
2830 5738 2998 5792 fuisse
3026 5734 3235 5792 volunt.

1989 5833 2011 5855 °
2046 5819 2194 5885 Bob.,
2218 5818 2537 5885 promittam
2558 5826 2613 5866 se
2644 5812 2749 5867 si...
2780 5810 3079 5864 dissolvere.

3278 5918 3341 5979 19
