3946 6188
144 288 229 346 589

143 415 269 484 (Cap.
320 410 398 480 4).
432 407 836 467 Ermenfridus
881 407 1248 466 Bertharium
1296 406 1599 474 interfecit,
1656 403 1885 465 insti—A

1192 279 1551 343 HISTORIA
1594 278 2050 340 FRANCORUM
2090 270 2541 337 EPITOMATA.

3503 277 3609 339 590

1970 400 2286 460 XXXVIII.
2317 399 2469 457 Inita
2504 390 2639 473 pace
2675 397 2825 456 inter
2864 396 3300 459 Childebertum
3336 410 3392 461 et
3419 406 3610 466 Theu-

148 509 292 576 gante
340 516 523 559 uxore
566 498 918 560 Ermenfridi
968 499 1346 572 nequissima,
1376 497 1609 556 nomine
1640 496 1827 555 Amal-
1907 491 2166 550 doricum
2196 506 2331 549 cum
2373 496 2749 559 sacramento,
2783 488 2931 576 datis
2973 488 3275 551 obsidibus
3303 496 3458 569 (Cap.
3495 498 3601 570 15).

154 592 318 663 berga,
371 595 428 646 et
454 588 794 647 Badericum
827 604 1172 662 germanum
1204 603 1378 646 suum
1412 603 1545 645 cum
1575 587 1774 645 solatio
1803 598 1825 624 ³

1910 578 2021 639 Sed
2056 578 2301 638 celerius
2330 577 2640 651 rumpitur,
2693 575 2980 651 multique
3013 576 3121 635 ﬁlii
3169 586 3500 645 senatorum
3532 587 3607 647 ob

155 679 473 738 Theuderici
526 680 831 737 interfecit.
865 680 995 753 Ipse
1045 695 1175 737 vero
1214 695 1248 736 a
1277 677 1676 737 Theudeberto
1706 678 1826 735 ﬁlio
1907 670 2015 727 hoc
2041 670 2060 704 ί
2087 668 2322 726 servitio
2351 667 2759 741 subjiciuntur.
2793 666 2980 740 Nepos
3008 668 3160 727 beati
3179 670 3441 744 Gregorii
3471 676 3607 736 Lin-

155 769 473 827 Theuderici
532 769 864 827 interfectus
916 774 1019 826 est.
1078 768 1342 841 Regnum
1400 766 1826 839 Thoringorum

154 858 485 916 Francorum
512 856 716 914 ditioni
741 857 1037 915 subactum
1069 862 1172 913 est.

212 946 465 1005 XXXIV.
501 946 845 1005 Gundobadi
872 945 1025 1004 ﬁlius
1058 944 1438 1017 Sigimundus
1466 944 1619 1019 apud
1650 943 1831 1003 Gena-

156 1052 370 1094 vensem
402 1034 425 1062 ¹³
456 1035 680 1105 urbem,
711 1034 850 1092 villa
879 1033 1215 1103 Quatruvio,
1260 1034 1427 1106 jussu
1454 1033 1631 1106 patris
1660 1032 1831 1091 subli-

157 1131 328 1181 matur
354 1129 501 1188 564
527 1123 589 1180 in
623 1138 889 1195 regnum,
920 1122 1139 1179 habens
1168 1136 1407 1179 uxorem
1444 1120 1622 1177 ﬁliam
1649 1119 1831 1177 Theu-

155 1212 312 1271 dorici
358 1212 506 1284 regis
543 1213 745 1285 Italiae,
778 1213 934 1271 unde
966 1212 1214 1270 habebat
1242 1211 1454 1281 ﬁlium,
1486 1211 1719 1269 nomine
1754 1211 1831 1269 Si-

155 1300 557 1373 giricuthap.
590 1303 660 1375 5).
715 1300 930 1359 Eadem
975 1308 1219 1371 mortua,
1268 1301 1444 1358 aliam
1478 1302 1650 1360 duxit
1678 1317 1833 1360 uxo-

156 1406 279 1447 rem.
311 1390 522 1449 Filium
552 1408 729 1453 suum
761 1391 1072 1464 Sigiricum
1101 1408 1361 1450 noveram
1407 1391 1633 1450 insidiis
1654 1392 1831 1465 jussit
1860 1424 1862 1427 τ

156 1478 396 1536 interﬁci.
444 1479 609 1538 Unde
666 1485 858 1553 postea
912 1479 1115 1537 fortem
1178 1480 1579 1552 pmnitentiam
1633 1495 1828 1552 agens,

157 1567 549 1635 monasterium
595 1574 923 1626 sanctorum
973 1569 1414 1641 Agaunensium
1473 1566 1608 1625 miri
1647 1565 1835 1639 operis

159 1654 461 1713 construxit
488 1666 529 1726 °,
581 1662 636 1713 et
696 1655 811 1713 alia
888 1656 1052 1728 plura
1106 1655 1455 1713 monasteria
1503 1653 1832 1712 aadiﬁcavit.

1910 757 2131 831 gonicze
2163 755 2324 815 urbis
2363 756 2631 830 episcopi,
2664 755 2932 813 Treveris
2958 757 3187 815 cuidam
3216 759 3458 822 barbaro
3483 780 3605 824 ser-

1910 844 2096 915 viens,
2130 845 2364 917 ingenio
2396 846 2605 905 Leonis
2652 845 2953 919 cujusdam
2990 861 3065 903 ex
3095 847 3242 907 cocis
3268 849 3455 923 ipsius
3494 857 3611 931 epi-

1912 934 2085 1008 δουρί,
2118 936 2394 994 liberatur
2414 942 2468 992 et
2495 936 2810 995 reducitur.

1982 1024 2243 1083 XXXIX.
2284 1025 2701 1083 Chrotechildis
2754 1026 2951 1098 regina
3003 1044 3137 1088 cum
3187 1032 3325 1093 ﬁliis
3372 1036 3612 1099 Chlodo—

1912 1115 2108 1184 meris,
2137 1130 2283 1187 quos
2330 1114 2538 1183 alebat,
2595 1114 2850 1173 Parisius
2880 1118 3167 1191 resedens,
3198 1138 3410 1199 eosque
3438 1129 3610 1190 unico

1913 1219 2106 1262 amore
2149 1203 2412 1277 diligens,
2459 1203 2856 1264 Childebertus
2903 1207 3124 1267 invidia
3175 1211 3247 1270 de
3297 1215 3381 1273 eis
3409 1217 3616 1281 ductus

1912 1284 2272 1356 Chlotarium
2322 1296 2544 1366 suadet,
2592 1302 2655 1354 ut
2692 1296 3153 1358 interﬁcerentur
3183 1302 3340 1376 (Cap.
3377 1305 3482 1379 18).
3522 1310 3614 1370 Ex

1913 1389 2125 1463 quibus
2151 1388 2285 1458 duo,
2347 1387 2751 1446 Theodoaldus
2804 1394 2858 1446 et
2902 1389 3289 1464 Guntharius,
3339 1395 3617 1460 Chlotarii

1912 1497 2093 1539 manu
2124 1480 2351 1553 propria
2381 1481 2834 1538 interﬁciuntur.
2869 1479 3253 1543 Cblodoaldus
3281 1486 3351 1543 ad
3380 1488 3620 1550 clerica-

1915 1576 2041 1630 tum
2092 1569 2376 1639 tondetur,
2410 1569 2763 1644 dignamque
2790 1570 2971 1628 vitam
2998 1587 3201 1644 gerens
3233 1577 3499 1651 transiit;
3544 1583 3617 1641 ad

1916 1660 2084 1733 cujus
2098 1658 2429 1732 sepulcrum
2440 1657 2726 1718 Dominus
2743 1658 2984 1718 virtutes
2997 1661 3272 1736 dignatur
3293 1670 3614 1732 ostendere.

160 1744 553 1802 Chrotechildis
601 1744 831 1805 assidue
871 1745 1021 1803 ﬁlios
1071 1745 1415 1803 admonebat
1461 1749 1702 1802 mortem
1734 1759 1834 1816 pa-
1854 1747 2313 1832 BTheudericus
2344 1748 2466 1806 ﬁlio
2498 1764 2603 1808 suo
2628 1748 3031 1809 Theudeberto
3052 1760 3078 1797 ε
3106 1751 3500 1827 Wisigardem
3525 1775 3623 1821 cu-

162 1836 246 1892 tris
300 1836 636 1912 matrisque,
690 1837 781 1896 vel
856 1850 1266 1908 germanorum
1340 1849 1582 1893 suorum
1638 1833 1840 1893 ulcisci
1918 1839 2147 1913 jusdam
2194 1839 2343 1913 regis
2387 1840 2570 1898 ﬁliam
2608 1841 2977 1915 desponsavit
3008 1845 3161 1915 (Cap.
3211 1844 3318 1918 20).
3351 1848 3624 1913 Theude-

163 1924 298 1994 (Cap.
328 1923 614 2005 6),.Quam
653 1925 726 1983 ob
752 1940 986 1983 causam
1037 1922 1124 1981 illi
1147 1922 1515 1996 Burgundias
1541 1926 1836 1996 appetunt,

166 2012 555 2087 Sigimundum
578 2024 633 2077 et
659 2018 1034 2077 Godemarem
1063 2017 1089 2053 ἀ
1117 2014 1178 2072 in
1204 2015 1402 2088 prazlio
1428 2016 1690 2073 vincunt.

219 2108 444 2166 XXXV.
493 2108 896 2168 Chlodomeres
950 2106 1382 2181 Sigimundum,
1425 2106 1568 2166 dum
1604 2106 1677 2164 ad
1714 2120 1840 2164 mo-
1882 2162 1887 2167 .

163 2198 458 2257 nasterium
489 2204 821 2257 sanctorum
851 2196 1297 2271 Agaunensium
1337 2196 1581 2270 fugeret,
1612 2199 1843 2269 captum

163 2305 272 2349 cum
308 2306 492 2349 uxore
516 2298 572 2348 et
603 2289 821 2360 liberis,
867 2288 1201 2348 Aurelianis
1229 2287 1460 2346 adducit
1486 2288 1690 2359 (Ibid)
1727 2286 1841 2345 Go-

162 2379 390 2438 demaris
439 2385 596 2450 terga
649 2384 879 2437 vertens
926 2377 1111 2435 latuit.
1147 2375 1484 2436 Godemaris
1532 2374 1847 2447 resumptis

163 2469 370 2528 viribus
395 2484 643 2542 regnum
691 2467 1045 2541 Burgundiae
1074 2472 1244 2525 tenet.
1292 2465 1699 2525 Chlodomeres
1735 2466 1845 2525 ite-

163 2576 274 2618 rum
300 2559 587 2618 adversus
627 2558 1003 2617 Godemarem
1049 2557 1373 2617 exercitum
1410 2562 1623 2629 movet,
1668 2555 1848 2613 inter-

164 2648 287 2707 fecto
321 2649 667 2723 Sigimundo
704 2663 837 2707 cum
866 2664 1052 2707 uxore
1080 2655 1135 2705 et
1164 2646 1382 2705 liberis.

225 2736 479 2796 XXXVI.
532 2736 882 2796 Praedictum
928 2741 1013 2794 est
1049 2733 1414 2793 Chlodomeri
1441 2731 1513 2789 ab
1546 2730 1715 2789 Avito
1746 2730 1848 2788 ab-

165 2823 291 2895 bate,
336 2823 493 2897 quod
544 2824 751 2882 fecerat
783 2822 1146 2895 Sigimundo,
1183 2821 1307 2895 ipso
1349 2821 1558 2877 itinere
1591 2818 1728 2892 [Al.,
1758 2817 1848 2890 ip-

166 2929 275 2972 sum
301 2914 463 2987 item]
513 2929 824 2988 passurum
876 2913 1083 2983 (Ibid).
1131 2910 1397 2984 Cumque
1447 2907 1789 2967 Veseroncia
1826 2914 1848 2941 °

168 3003 354 3063 Franci
385 3020 519 3063 cum
564 3001 1081 3076 Burgundionibus
1127 2999 1344 3058 bellum
1382 2998 1644 3067 inissent,
1684 2995 1851 3054 Chlo-

1923 1928 2125 1987 bertus
2144 1927 2481 2002 relinquens
2503 1928 2915 2004 Wisigardem,
2943 1930 3347 1995 Theotheriam
3368 1938 3389 1969 ¹³
3410 1954 3624 2012 genere

1924 2017 2247 2076 Romanam
2284 2016 2455 2077 duxit
2492 2034 2737 2077 uxorem
2768 2021 2916 2092 (Cap.
2956 2021 3064 2090 22).

1996 2107 2119 2165 XL.
2148 2106 2548 2166 Theudericus
2588 2108 2867 2183 vigesimo
2906 2113 3070 2172 tertio
3097 2116 3111 2153 ί
3140 2131 3294 2176 anno
3338 2121 3503 2194 regni
3533 2122 3627 2183 sui

1926 2194 2195 2275 moritur,
2236 2211 2597 2270 regnumque
2642 2196 2767 2269 ejus
2810 2197 3247 2263 Theudebertus
3291 2210 3625 2283 assumpsit,

1929 2283 2031 2357 qui
2067 2299 2348 2357 magnum
2377 2301 2441 2371 se
2479 2292 2653 2359 atque
2683 2286 2746 2343 in
2784 2288 2944 2346 omni
2973 2288 3227 2352 bonitate
3271 2298 3631 2371 praecipuum

1931 2370 2180 2430 ostendit
2209 2372 2369 2442 (Cap.
2388 2370 2500 2442 23).
2537 2371 2884 2432 Theotheria
2910 2375 3102 2434 zelans
3146 2396 3180 2438 a
3230 2370 3631 2447 Theudeberto

1932 2459 2113 2517 ﬁliam
2162 2475 2328 2518 suam
2377 2458 2509 2519 dolo
2554 2462 2860 2523 interfecit.
2892 2462 2901 2465 ’
2930 2465 3387 2547 Theudebertus,
3436 2477 3634 2537 relicta

1932 2548 2298 2708 ἓὸὴρὲξῗθῑίθ,
2335 2548 2727 2623 Wisigardem
2781 2553 2952 2613 duxit
2998 2570 3263 2619 uxorem.
3315 2564 3509 2637 (Capp.
3540 2565 3630 2639 25,

2004 2725 2155 2783 XLI.
2189 2725 2590 2789 Childebertus
2617 2736 2672 2788 et
2723 2731 3180 2807 Tbeudebertus,
3230 2738 3445 2800 fmdere
3491 2740 3637 2804 inito

1931 2812 2194 2906 interea,
2225 2821 2424 2906 contra
2451 2817 2810 2877 Chlotarium
2844 2829 3077 2880 movent
3106 2826 3426 2887 exercitum
3476 2833 3632 2906 (Cap.

1932 2902 2040 2973 28).
2087 2902 2197 2961 Sed
2243 2905 2601 2966 orationibus
2645 2909 3060 2970 Chrotechildis
3106 2915 3178 2973 ad
3224 2916 3429 2977 limina
3456 2902 3638 2983 sancti

1934 2991 2190 3064 Martini,
2220 3000 2275 3050 et
2303 2994 2504 3054 divino
2533 3001 2704 3067 nutu,
2741 2998 3023 3071 grandine
3075 3009 3129 3060 et
3165 3004 3531 3068 infestatione
3560 3017 3639 3071 to-

166 3090 409 3151 domeres
441 3090 625 3165 capite
651 3095 971 3160 truncatur,
1000 3090 1272 3161 deceptus
1302 3086 1374 3143 ab
1402 3084 1644 3144 auxiliis
1664 3083 1852 3142 Theu-
1871 3083 2117 3191 C.nitrui
2162 3088 2218 3141 et
2268 3083 2517 3158 fulguris
2574 3089 2857 3158 veniente,
2913 3092 3157 3164 separati
3211 3102 3365 3154 sunt.
3432 3098 3636 3160 Pacem

166 3180 345 3252 derici,
382 3180 482 3254 qui
513 3179 696 3237 ﬁliam
727 3176 1057 3250 Sigimundi
1084 3175 1331 3234 habebat
1364 3189 1630 3233 uxorem.

223 3272 507 3331 XXXVII.
541 3270 748 3328 Franci
777 3284 912 3327 vero
952 3268 1013 3325 in
1038 3268 1162 3341 ipso
1190 3266 1390 3341 praelio
1419 3263 1729 3337 resumptis
1760 3262 1851 3321 vi-

164 3364 333 3437 ribus,
372 3360 892 3436 Burgundionibus
939 3358 1293 3417 Veserontiaa
1338 3356 1648 3430 superatis,
1700 3359 1756 3411 et
1781 3353 1853 3411 ad

162 3453 603 3514 internecionem
633 3450 941 3525 perductis,
984 3449 1232 3523 patriam
1262 3464 1463 3507 eorum
1489 3440 1695 3505 ditiohi
1724 3445 1855 3503 sub-

162 3538 355 3612 jiciunt
389 3542 599 3610 (Ibid)
646 3536 969 3597 Chlotarius
1016 3551 1263 3595 uxorem
1299 3533 1713 3602 Chlodomeris,
1748 3546 1852 3588 no-

167 3628 305 3687 mine
327 3628 747 3697 Guntiucham,
776 3641 1024 3685 uxorem
1053 3624 1243 3695 duxit,
1270 3624 1535 3696 ﬁliosque
1561 3621 1688 3695 ejus
1718 3626 1850 3689 tres,

166 3719 244 3777 his
273 3719 636 3789 nominibus,
692 3716 1156 3787 Theudoaldum,
1194 3712 1692 3774 Gunthacharium
1739 3712 1851 3778 [AL

165 3805 562 3879 Guntharium]
600 3813 653 3865 et
705 3800 1132 3864 Chlodoaldum
1178 3802 1597 3862 Chrotechildis
1644 3800 1867 3867 alebat._

166 3894 552 3955 Childebertus
587 3894 781 3953 dolose
838 3896 1131 3953 Arvernos
1178 3898 1374 3951 contra
1427 3888 1853 3948 Theudericum

164 3985 379 4045 invasit.
431 3985 768 4045 Chlotarius
801 3990 857 4042 et
904 3982 1304 4041 Childebertus
1350 3979 1719 4053 Burgundias
1748 3993 1850 4050 ap-

168 4084 350 4149 petunt
405 4098 417 4137 :
476 4075 575 4135 sed
629 4074 1027 4135 Theudericus
1078 4088 1214 4131 cum
1258 4071 1342 4130 eis
1379 4069 1613 4143 aggredi
1643 4068 1849 4127 noluit.

167 4164 551 4225 Childebertus
576 4168 630 4223 et
656 4161 981 4221 Chlotarius
1014 4161 1210 4235 fugato
1236 4157 1552 4218 Godemare
1580 4156 1855 4228 Burgun-

168 4254 276 4314 dias
321 4261 629 4329 occupant.
681 4252 1080 4312 Theudericus
1108 4266 1241 4310 cum
1271 4247 1531 4308 exercitu
1562 4248 1856 4304 Arvernos

165 4354 331 4405 vastat
366 4350 521 4421 (Cap.
554 4345 724 4417 9,11,
760 4344 866 4413 l2).
908 4341 1283 4400 Mundericus
1318 4339 1423 4413 qui
1458 4353 1518 4396 se
1560 4339 1858 4409 parentem

164 4438 270 4509 regi
318 4437 625 4505 asserebat,
679 4448 1042 4508 regnumque
1092 4436 1237 4494 565
1281 4430 1335 4487 ei
1396 4426 1591 4486 deberi
1624 4423 1792 4493 dixit,
1826 4439 1860 4481 a

1935 3169 2202 3228 ineuntes
2225 3172 2298 3229 ad
2328 3175 2586 3245 pr0prias
2610 3174 2773 3234 sedes
2804 3183 2941 3236 sunt
2969 3180 3204 3239 reversi.

2015 3267 2159 3326 566
2190 3263 2370 3325 XLII.
2421 3264 2552 3323 Post
2593 3268 2725 3325 haec
2764 3267 3163 3330 Childebertus
3212 3280 3267 3333 et
3313 3273 3639 3339 Chlotarius

1938 3358 2181 3433 Spanias
2219 3360 2513 3430 appetunt,
2560 3371 2768 3430 easque
2813 3364 2970 3430 parte
3017 3361 3275 3419 maxima
3307 3360 3639 3439 depopulati

1936 3453 2073 3506 sunt
2100 3449 2253 3519 (Cap.
2283 3443 2398 3515 29).
2432 3444 2790 3503 Amalricum
2828 3463 3018 3521 regem
3048 3449 3380 3512 Barcenona
3413 3455 3639 3517 interﬁ-

1935 3536 2097 3595 ciunt
2140 3537 2290 3605 (Cap.
2328 3531 2437 3602 10).
2488 3533 2930 3605 Ctesaraugusta
2958 3536 3161 3597 civitas
3193 3541 3552 3603 orationibus
3586 3551 3641 3604 et

1931 3626 2171 3703 jejuniis
2198 3624 2477 3683 liberatur
2501 3616 2514 3652 ³
2543 3626 2697 3695 (Cap.
2722 3623 2829 3693 29).
2937 3640 2940 3644 '
3450 3630 3455 3633 ‘

2007 3716 2216 3776 XLIII.
2251 3716 2383 3775 Post
2411 3714 2765 3773 Amalricum
2794 3714 3034 3775 Theudo
3056 3718 3085 3757 ι
3103 3727 3303 3795 regnat
3323 3723 3385 3782 in
3410 3723 3641 3799 Spaniis

1941 3809 2095 3878 (Cap.
2130 3804 2238 3875 30).
2268 3803 2391 3873 Quo
2422 3802 2715 3861 interfecto
2757 3803 3212 3879 Theudegiselus
3256 3828 3504 3886 regnum
3545 3830 3638 3874 as-

1941 3897 2137 3968 sumit,
2169 3894 2269 3970 qui
2309 3893 2447 3952 dum
2472 3893 2547 3950 ad
2594 3909 2816 3952 cmnam
2862 3895 3029 3954 lmtus
3059 3897 3300 3970 sederet,
3338 3904 3642 3964 exstinctis

1939 3986 2136 4054 cereis,
2169 3999 2201 4040 a
2224 3983 2345 4041 suis
2371 3981 2668 4040 occiditur.
2705 3984 2810 4041 Cui
2851 3985 3020 4058 Agila
3064 3988 3320 4047 succedit
3345 3990 3407 4049 in
3439 4008 3638 4068 regno.

1940 4074 2132 4133 Gotthi
2162 4087 2296 4131 vero
2314 4071 2434 4144 jam
2463 4070 2602 4129 olim
2632 4072 2847 4129 habent
2870 4073 2977 4131 hoc
3006 4074 3235 4149 vitium,
3265 4092 3400 4137 cum
3422 4096 3527 4139 rex
3557 4082 3642 4141 eis

1939 4154 2058 4219 non
2085 4161 2280 4234 placet,
2304 4159 2377 4217 ab
2402 4159 2543 4231 ipsis
2571 4158 2929 4243 interﬁcitur.

2008 4247 2210 4305 XLIV.
2268 4247 2338 4304 Et
2384 4246 2521 4319 quia
2569 4246 2971 4307 Theudericus
3021 4265 3125 4307 rex
3158 4250 3341 4311 Italiaa
3388 4269 3641 4314 sororem

1940 4337 2251 4398 Chlodovei
2281 4336 2341 4393 in
2373 4336 2809 4395 matrimonium
2841 4338 3067 4411 habuit,
3100 4356 3173 4398 ex
3200 4358 3314 4416 qua
3338 4345 3643 4417 parvulam

1941 4430 2124 4487 ﬁliam
2161 4444 2297 4487 cum
2326 4444 2511 4486 uxore
2541 4428 2795 4505 reliquit,
2823 4444 2955 4488 cum
2984 4438 3165 4490 mater
3189 4433 3242 4491 ei
3270 4435 3421 4509 regis
3452 4435 3643 4495 ﬁlium

163 4526 498 4585 satellitibus
555 4523 902 4582 Theuderici
955 4519 1235 4579 occiditur
1309 4516 1511 4576 fraude
1588 4509 2277 4585 decepluSDsociandum
2329 4515 2670 4590 provideret,
2717 4533 2751 4574 a
2803 4532 2986 4588 servo,
3041 4519 3277 4578 nomine
3328 4521 3644 4598 Tranquil-

162 4618 302 4689 lCap.
337 4618 447 4691 14).
504 4616 620 4675 Res
654 4615 779 4689 ejus
811 4613 950 4671 ﬁsco
979 4610 1387 4686 subjiciuntur.

218 4820 236 4840 ·
269 4811 431 4871 Boh.,
466 4811 562 4863 Ch.
597 4809 689 4872 al.,
713 4809 871 4864 Freh.
901 4809 972 4861 al.
1006 4811 1062 4861 et
1089 4808 1241 4865 Can.,
1274 4820 1435 4858 suum
1465 4804 1703 4856 consilio.

220 4881 240 4912 δ
275 4883 409 4934 Can.
470 4887 523 4936 et
578 4883 675 4934 Ch.
739 4882 835 4946 al.,
890 4880 1331 4944 Ardegavensem.
1386 4878 1535 4929 Item.
1599 4875 1692 4927 Ch.
1767 4874 1858 4941 al.,

162 4954 547 5019 Agaunensem.
1522 4967 1531 4985 ν
1638 5016 1651 5019 ᾼ

218 5034 235 5053 ε
273 5026 389 5076 lmo
442 5028 553 5089 jam
612 5027 770 5077 antea
846 5025 1218 5077 constructum
1296 5021 1490 5077 fuerat,
1559 5016 1656 5071 sed
1729 5015 1865 5089 illud

163 5095 402 5155 adauxit,
446 5088 673 5162 iibique
761 5094 1112 5159 psallentium
1214 5092 1533 5145 continuum
1622 5088 1863 5141 instituit.

165 5167 286 5220 Vide
323 5167 647 5230 Gregorium
676 5169 729 5220 et
752 5170 928 5219 notas.

220 5237 243 5268 ⁸
273 5238 449 5301 Supra
471 5238 666 5290 dicitur
695 5234 1039 5298 Gotemarus;
1065 5236 1154 5288 hic
1176 5236 1231 5288 in
1266 5232 1422 5296 Boh.,
1456 5231 1805 5285 Godemarus.

220 5319 241 5345 ε
273 5308 443 5361 Ches.
478 5312 532 5361 et
597 5308 777 5372 Freh.,
834 5308 1107 5366 Vesanus,
1158 5309 1213 5359 et
1264 5308 1343 5358 sic
1398 5303 1561 5366 infra,
1602 5305 1758 5357 locus
1790 5304 1871 5354 est

163 5392 332 5444 prope
368 5379 631 5432 Viennam
655 5381 1021 5443 Allobrogum,
1054 5392 1124 5432 ex
1145 5376 1433 5441 Gregorio.

225 5450 244 5489 ι
280 5451 460 5504 Primo
512 5451 655 5517 apud
711 5452 998 5514 Romanos,
1072 5451 1120 5503 si
1174 5448 1312 5501 ﬁdes
1362 5447 1731 5511 frangeretur,
1772 5442 1867 5517 ob-

169 5523 316 5576 sides
355 5514 562 5586 capite‘
595 5523 1009 5585 damnabantur,
1075 5534 1147 5574 ex
1203 5520 1316 5572 Tito
1380 5519 1562 5581 Livio;
1610 5518 1739 5569 satis
1772 5514 1874 5567 fuit

166 5598 352 5660 postea
376 5605 480 5645 eos
504 5594 559 5646 in
588 5595 905 5663 servitutem
927 5594 1199 5656 redigere.
1280 5660 1331 5663 μ’
1442 5661 1451 5663 _
1534 5650 1539 5663 ς

224 5677 248 5713 ε
282 5663 434 5717 Clar.
503 5662 643 5718 cum.
699 5664 831 5717 Can.
909 5668 963 5718 et
1018 5663 1195 5727 Freh.,
1274 5660 1635 5715 Theudericus
1695 5656 1874 5723 ﬁlium

169 5750 327 5792 suum
368 5732 792 5792 Theudcbcrtum
822 5735 916 5790 ubi
956 5733 1345 5800 Wisigardem;
1388 5735 1443 5788 et
1479 5731 1640 5796 intra,
1684 5729 1875 5784 Roma-

1941 4613 2074 4671 lane
2102 4611 2137 4677 1,
2169 4608 2446 4683 accipitur
2495 4610 2647 4681 (Cap.
2691 4607 2801 4679 3i).
2848 4608 3186 4683 Tranquilla
3222 4626 3355 4671 cum
3385 4614 3645 4675 exercitu

1939 4816 2073 4857 nam
2120 4801 2295 4853 duxit.
2346 4801 2495 4852 Inter
2542 4801 2676 4853 duas
2716 4805 2897 4855 tamen
2944 4801 3043 4854 has
3071 4816 3240 4856 voces
3289 4804 3494 4869 aliquid
3527 4809 3647 4861 erat

1946 4876 2209 4938 scriptum
2243 4873 2297 4923 in
2320 4870 2485 4933 Clar.,
2516 4872 2662 4938 quod
2692 4875 2948 4925 detritum
2987 4877 3068 4926 est
3098 4888 3167 4927 ex
3191 4875 3481 4929 industria.

2007 4945 2031 4975 ιι
2066 4944 2220 4996 Ches.
2246 4942 2317 4996 al.
2349 4946 2402 4995 et
2440 4943 2599 5005 Boh.,
2627 4944 2991 4997 Deotheriam.

2007 5016 2020 5047 ⁵
2056 5016 2138 5067 Sic
2173 5015 2313 5066 Clar.
2349 5018 2401 5066 et
2433 5015 2568 5067 Boh.
2627 5028 2749 5068 enm
2794 5028 3070 5081 anonymo
3103 5020 3328 5071 auctore
3362 5018 3430 5069 de
3478 5017 3650 5071 Gestis

1949 5086 2134 5139 Franc.
2189 5090 2245 5139 et
2302 5086 2479 5147 editis,
2546 5089 2749 5150 praeter
2803 5086 3026 5150 Chesn.,
3085 5090 3179 5155 qui
3232 5099 3357 5140 cum
3408 5087 3647 5142 Aimoino

1949 5157 2112 5209 habet
2140 5156 2394 5221 vigesimo
2428 5160 2638 5219 quarto.

2020 5228 2269 5280 tBellum
2328 5228 2470 5292 quod
2524 5232 2712 5282 contra
2762 5229 3099 5294 Wisigotthos
3163 5229 3401 5294 suscepit
3433 5228 3645 5285 Childe-

1949 5301 2159 5361 bertus,
2209 5300 2369 5351 simul
2427 5302 2482 5352 et
2533 5301 2700 5362 aliud,
2763 5302 2909 5366 quod
2982 5305 3102 5364 post
3163 5314 3339 5353 annos
3396 5302 3653 5356 undecim

1954 5371 2218 5423 adversus
2238 5370 2457 5422 eosdem
2489 5369 2871 5424 Childebertus
2900 5383 3007 5422 una
3041 5374 3095 5423 et
3129 5371 3438 5425 Clotharius
3471 5385 3655 5437 gesse-

1955 5445 2099 5505 runt,
2132 5443 2187 5493 in
2218 5454 2387 5494 unum
2417 5443 2709 5507 permiscet
2740 5442 3084 5505 epitomator.
3113 5442 3185 5495 De
3215 5443 3389 5507 priori
3432 5443 3652 5509 Grego-

1955 5516 2069 5566 rius
2098 5512 2194 5566 lib.
2230 5525 2315 5573 ur,
2365 5525 2484 5577 cap.
2526 5512 2580 5564 lO
2601 5528 2616 5571 ;
2656 5512 2723 5563 de
2772 5510 2944 5563 altero
2970 5513 3225 5576 ejusdem
3255 5515 3380 5567 libri
3406 5527 3530 5579 cap.
3573 5515 3655 5567 29.

2015 5585 2036 5615 ι
2074 5584 2140 5635 In
2172 5584 2355 5636 indice
2407 5583 2569 5645 Clar.,
2620 5586 2673 5635 et
2707 5582 2843 5634 Bob.
2889 5582 2977 5636 hic
3012 5587 3067 5636 et
3096 5585 3148 5638 in
3203 5586 3403 5648 indice,
3435 5585 3654 5645 habent,

1958 5653 2400 5719 Thcuthacadus;
2434 5654 2650 5715 Chesn.,
2690 5652 3100 5708 Theudahadus.

2017 5726 2034 5759 ι
2064 5726 2264 5783 Chesn.
2342 5729 2397 5780 et
2449 5724 2625 5787 Fren.,
2688 5722 3142 5789 Tranquiut'anos.
3194 5727 3325 5781 Gan.
3387 5729 3442 5779 et
3502 5726 3657 5789 Boh.,
