3928 6184
340 285 435 343 591

1332 354 1336 359 .
1511 274 1866 332 GREGORII
1913 272 2239 332 EPISCOPI
2283 277 2758 339 TURONENSIS

3671 305 3751 361 Str}

333 423 367 464 ξι
416 416 595 466 matre
637 400 1131 495 puellze‘eapitur,
1179 405 1234 495 et
1281 397 1463 470 capite
1515 401 1834 495 truncatur.
1866 397 2254 495 acria-Apim
2301 398 2980 495 fortiter-dimicanseos
3003 408 3070 495 in
3101 408 3293 480 fugam
3316 411 3470 469 vertit
3493 429 3759 495 eorumque

336 503 430 570 pta
460 496 575 554 lilia
608 501 787 552 mater
812 490 1177 563 disciplinam
1209 490 1479 562 ingerens
1509 506 1703 547 secum
1736 488 1928 547 duxit.
1957 490 2046 548 Fi-

337 588 413 645 lia
461 593 698 644 matrem
748 597 970 639 veneno
1018 581 1324 638 interfecit.
1370 581 1745 638 Theodatusa
1799 595 2042 652 regnum

336 674 679 734 Theuderici
711 671 975 732 ambivit,
1025 677 1079 727 et
1126 670 1332 742 tiliam,
1374 687 1506 742 quae
1558 669 1723 726 matri
1749 671 2046 728 exstiterat

335 763 639 836 parricida,
682 761 743 817 in
793 759 996 817 balneo
1028 760 1400 817 vehementer
1432 775 1705 817 succenso
1741 760 1916 832 jussit
1959 760 2048 817 in-

335 849 513 917 cludi,
545 854 610 906 ut
638 846 720 904 ibi
747 846 1201 904 combureretur.
1248 846 1409 904 Unde
1455 863 1628 904 causa
1680 847 2045 920 compositio-

339 939 432 996 nis
461 939 887 1012 quinquaginta
914 938 1100 996 millia
1125 937 1440 996 solidorum
1475 937 1859 1008 Childeberto,
1886 938 2047 997 Chlo-

342 1026 484 1084 tario
509 1025 994 1083 etTheudeberto
1046 1027 1371 1084 transmissi
1423 1034 1576 1083 sunt.
1621 1026 1780 1096 Quod
1814 1027 2046 1084 Childe-

337 1114 536 1173 bertus
584 1119 639 1170 et
689 1113 1124 1171 Theudebertus
1180 1115 1333 1172 inter
1383 1131 1442 1173 se
1491 1115 1834 1185 dividentes,
1892 1113 2044 1172 nihil

340 1203 552 1262 exinde
581 1202 870 1258 Chlotario
888 1203 1193 1260 dederunt.
1215 1203 1509 1278 Theodato
1539 1204 1828 1273 defuncto,
1860 1203 2046 1261 Totila

342 1293 615 1350 successit
645 1293 704 1348 in
733 1308 993 1361 regnum,
1019 1309 1190 1366 quem
1214 1293 1410 1349 Narsis
1437 1293 1714 1367 patricius
1737 1292 2044 1362 interfecit,

345 1401 708 1459 regnumque
741 1383 1082 1442 Gotthorum
1113 1385 1172 1441 in
1206 1385 1366 1442 Italia
1398 1385 1752 1442 destructum
1787 1391 1872 1441 est
1900 1384 1940 1441 ¹³.
1979 1422 1984 1428 -

401 1475 586 1550 XLV.
621 1475 752 1532 Post
778 1474 1217 1548 Theudebertus
1255 1492 1387 1533 cum
1416 1479 1675 1535 exercitu
1705 1476 1926 1534 Italiam
1953 1476 2047 1533 in-

345 1568 624 1642 greditur,
651 1583 922 1640 eamque
969 1583 1069 1640 per
1119 1568 1439 1625 maritimos
1474 1569 1746 1626 terminos
1783 1576 2047 1628 cunctam

344 1661 724 1737 depopulatur
753 1662 902 1731 (Cap.
947 1660 1048 1732 3'2).
1080 1659 1278 1719 Narsis
1309 1663 1581 1736 patricius
1612 1663 1668 1720 in
1702 1665 1898 1736 fugam
1930 1679 2052 1720 ver-

2126 485 2414 544 exercitus
2440 489 2694 559 proterit.
2718 489 2974 550 Tandem
2997 493 3370 553 inﬁrmatusa
3381 500 3636 569 proﬂuvio
3649 485 3759 566 ven-

2128 573 2247 638 tris,
2273 580 2330 630 et
2347 576 2790 637 exercitussuus
2803 581 3002 638 eadem
3019 583 3347 643 inﬁrmitate
3360 588 3566 646 attritus
3590 595 3686 664 [AL
3703 597 3766 656 in-

2128 665 2323 754 teriit],
2353 666 2627 726 Belisario
2634 671 2754 740 jam
2773 670 3094 744 interfecto,
3122 691 3153 731 a
3174 674 3402 733 Narside
3423 689 3704 754 superatur,
3724 695 3768 745 et

2130 753 2488 813 interﬁcitur.
2506 756 2912 829 Ipsoqueanno
2925 760 3366 821 Theudebaldus
3378 765 3528 837 obiit,
3544 753 3772 840 regnum-

2130 860 2243 917 que
2268 846 2394 918 ejus
2436 847 2766 906 Chlotarius
2808 852 3043 926 accepit,
3096 853 3364 926 copulans
3394 855 3771 922 Waldetradam

2132 935 2241 992 sibi
2271 951 2534 995 uxorem.

2200 1025 2294 1082 LI.
2338 1025 2418 1083 Eo
2446 1042 2598 1085 anno
2630 1029 3044 1089 rebellantibus
3095 1031 3434 1103 Saxonibus,
3471 1033 3769 1109 Chlotarius,

2125 1120 2409 1169 commoto
2435 1115 2714 1185 exercitu,
2764 1118 3083 1174 maximam
3112 1133 3310 1176 eorum
3342 1129 3547 1192 partem
3575 1124 3775 1198 delevit,

2127 1199 2504 1273 Thoringiam
2559 1213 2809 1274 vastans,
2867 1207 3006 1279 quia
3053 1207 3135 1263 eis
3185 1207 3459 1266 auxiliare
3487 1218 3617 1276 568
3662 1229 3778 1286 prae-

2127 1297 2493 1362 sumpserant
2532 1295 2688 1365 (Cap.
2733 1293 2815 1361 10)
2847 1293 2886 1351 ".
2924 1294 3039 1353 Nec
3077 1297 3256 1354 multo
3301 1305 3419 1368 post
3456 1307 3682 1372 tempore
3705 1303 3780 1359 de-

2129 1391 2246 1432 nuo
2271 1375 2601 1435 Saxonibus
2619 1378 3048 1447 rebellantibus,
3079 1380 3402 1439 Chlotarius
3431 1387 3596 1442 movit
3620 1389 3782 1447 adver-

2130 1480 2231 1523 sus
2284 1481 2379 1523 eos
2441 1468 2763 1525 exercitum
2821 1471 2974 1541 (Cap.
3041 1471 3142 1540 ti).
3223 1469 3475 1529 Saxones
3525 1475 3783 1536 offerentes

2129 1563 2331 1613 cuncta
2389 1558 2694 1616 emendare
2724 1574 2856 1632 quae
2901 1559 3052 1617 male
3095 1569 3407 1634 gesserant,
3449 1571 3500 1620 et
3527 1564 3784 1626 dimidiam

2131 1655 2352 1721 partem
2389 1648 2460 1706 de
2489 1648 2760 1706 omnibus
2793 1650 2964 1707 rebus
2994 1666 3216 1722 eorum,
3268 1654 3515 1726 exceptis
3546 1657 3786 1716 uxoribus

347 1735 462 1813 sus.
496 1753 692 1810 Postea
723 1751 1094 1810 Buccellinus
1124 1753 1267 1818 dux,
1296 1735 1465 1828 jussu
1491 1735 1902 1828 Theudeberti,

2181 1753 2186 1793 ;
2217 1735 2434 1807 liberis,
2467 1737 2528 1794 in
2557 1737 2971 1808 compositione
3000 1739 3269 1797 olferunt.
3305 1739 3465 1809 Quod
3494 1742 3682 1803 Franci
3721 1763 3790 1805 ac-

345 1845 539 1901 ciliam
593 1846 853 1912 occupat,
909 1847 1198 1915 totamque
1258 1849 1403 1907 567
1452 1845 1674 1903 Italiam
1718 1847 2050 1917 dominans,

347 1944 554 2001 magna
585 1928 638 1984 ei
668 1927 910 1986 felicitas
937 1940 958 1965 ο
987 1929 1049 1986 in
1076 1931 1169 1987 his
1197 1932 1625 1990 conditionibus
1658 1933 1786 1994 fuit.

420 2019 626 2080 XLVI.
661 2019 941 2078 Petitione
988 2020 1303 2079 Desiderati
1335 2022 1729 2081 Verdunensis
1759 2025 1922 2083 urbis
1947 2024 2060 2098 epi-

347 2111 501 2184 sc0pi
529 2108 968 2168 Theudebcrtus
1011 2110 1323 2169 clementer
1363 2119 1487 2169 octo
1517 2113 1701 2170 millia
1731 2114 1943 2171 solidos
1971 2113 2054 2171 ci-

347 2200 519 2258 vibus
546 2195 1021 2256 Verdunensibus
1053 2196 1123 2253 ad
1154 2199 1613 2270 recuperandum
1653 2199 1809 2257 dedit
1861 2201 2052 2273 (Capp.

349 2289 440 2359 34,
467 2289 578 2358 36).
621 2285 1058 2344 Theudebertus
1109 2283 1354 2345 vexatus
1401 2304 1435 2345 a
1482 2289 1638 2346 febre
1689 2291 1932 2348 moritur
1965 2291 2056 2348 de-

349 2377 500 2434 cimo
532 2383 736 2448 quarto
777 2372 937 2444 regni
970 2373 1061 2430 sui
1091 2388 1267 2432 anno.

419 2463 652 2522 XLVII.
684 2461 1102 2519 Chrotechildis
1130 2463 1329 2535 regina
1353 2464 1525 2536 plena
1555 2466 1785 2524 dierum
1809 2471 1864 2523 et
1890 2465 2056 2524 bonis

351 2551 621 2626 operibus
676 2546 963 2612 moritur;
1019 2554 1073 2602 et
1117 2545 1179 2603 in
1223 2550 1468 2608 sacrario
1509 2552 1534 2586 ἀ
1579 2550 1830 2608 basilicae
1874 2550 2055 2608 sancti

353 2640 506 2700 Petri
551 2636 827 2710 sepelitur
878 2636 1020 2697 (Lib.
1052 2647 1136 2704 1v,
1169 2654 1288 2708 cap.
1343 2639 1406 2708 1).
1437 2639 1762 2697 Chlotarius
1790 2640 1955 2713 jubet
1983 2643 2054 2700 ad

349 2745 551 2789 omnes
579 2726 846 2786 ecclesias
874 2727 1096 2784 tertiam
1148 2737 1364 2801 partem
1403 2731 1697 2788 fructuum
1747 2733 1882 2792 fisco
1933 2736 2052 2793 dis-

349 2819 572 2878 solvere
601 2836 614 2885 ;
645 2817 742 2874 sed
776 2816 1069 2875 resistente
1096 2817 1384 2891 Injurioso
1411 2822 1672 2892 pontifice
1701 2823 1805 2880 hoc
1833 2826 2052 2884 malum

348 2906 663 2968 destruitur
696 2907 885 2977 (Capp.
920 2907 970 2975 2,
1008 2908 1075 2979 3).
1127 2907 1449 2968 Chlotarius
1477 2912 1545 2968 de
1575 2912 1840 2984 Ingunde
1886 2915 2048 2973 Gun-

347 2995 624 3064 tharium,
701 2993 1114 3063 Childericum,
1169 2996 1520 3066 Aribertum,
1591 2998 2046 3075 Guntramnum,

2137 1825 2323 1898 cipere
2352 1824 2748 1898 despicientes,
2786 1842 2882 1884 eos
2919 1827 3242 1887 interﬁcere
3283 1840 3576 1903 conantur,
3605 1834 3788 1894 Cblota-

2138 1914 2224 1972 rio
2273 1915 2525 1972 dicentes
2579 1938 2591 1971 :
2643 1915 2770 1972 Non
2815 1917 3141 1988 paciﬁcabis
3170 1935 3304 1976 cum
3355 1920 3454 1990 eis,
3506 1923 3596 1981 md
3635 1940 3787 1998 surge,

2137 2004 2470 2076 praeliemur
2514 2011 2569 2061 et
2623 2003 2970 2062 ulciscamur
3007 2006 3069 2063 in
3099 2005 3237 2064 illis.
3291 2008 3437 2066 Cum
3485 2009 3580 2069 ille
3630 2011 3788 2082 nollet,

2139 2093 2344 2152 Franci
2373 2093 2728 2151 Chlotarium
2761 2093 3014 2153 volentes
3043 2095 3322 2167 occidere,
3347 2098 3562 2158 invitus
3582 2101 3793 2174 perrexit

2139 2184 2210 2241 ad
2260 2183 2548 2257 praelium,
2608 2183 2803 2258 ibique
2855 2192 3010 2243 tanta
3064 2193 3282 2260 strages
3322 2205 3356 2247 a
3412 2188 3716 2250 Saxonibus
3738 2190 3790 2247 de

2140 2275 2375 2334 Francis
2404 2277 2547 2334 facta
2577 2283 2681 2346 est,
2717 2285 2779 2334 ut
2810 2278 3027 2336 mirum
3057 2279 3280 2338 fuisset.

2210 2366 2334 2423 LII.
2367 2364 2765 2423 Childebertus
2796 2379 2931 2421 cum
2961 2365 3254 2425 Chramno
3276 2368 3518 2427 insidias
3542 2368 3794 2428 Chlotario

2138 2460 2297 2544 parat
2351 2455 2505 2544 (Cap.
2560 2453 2665 2521 16).
2727 2455 3028 2511 Aribertus
3075 2455 3182 2511 iet
3217 2454 3612 2516 Guntramnus
3659 2459 3794 2533 jussu

2136 2543 2314 2618 patris
2343 2559 2476 2600 cum
2525 2546 2782 2601 exercitu
2809 2551 3002 2602 contra
3031 2546 3396 2606 Chramnum
3428 2550 3684 2623 dirigunt,
3717 2549 3793 2607 sed

2137 2637 2336 2694 divino
2393 2642 2540 2692 nutu
2590 2637 2989 2708 temperante’,
3048 2653 3176 2695 cum
3225 2641 3394 2713 gravi
3453 2641 3796 2720 coruscatione

2138 2733 2337 2784 exorta
2383 2736 2415 2781 a
2449 2725 2648 2798 praelio
2681 2734 3036 2799 separantur.
3085 2725 3418 2787 Chramnus
3462 2747 3587 2788 cum
3617 2731 3797 2788 Childe-

2140 2816 2298 2871 berto
2325 2813 2608 2884 pertendit
2638 2814 2849 2881 (1'bid.).
2898 2812 3157 2872 Saxones
3198 2817 3450 2875 factione
3494 2816 3795 2874 Childeberti

2136 2904 2194 2960 in
2255 2900 2494 2958 Francia
2533 2902 2849 2970 venientes,
2897 2917 3082 2974 usque
3139 2903 3431 2962 Diviciam
3477 2905 3503 2944 ι
3550 2906 3794 2962 ciritatem

2136 2993 2357 3062 praedas
2385 2998 2643 3062 egerunt.
2676 2991 3001 3047 Chramnus
3047 3005 3179 3048 cum
3231 2989 3596 3049 Childeberto
3623 3008 3676 3048 se
3708 2992 3795 3048 for-

349 3083 722 3155 Sigibertum,
757 3089 810 3138 et
843 3079 1288 3141 Cblodesindam
1314 3086 1492 3144 ﬁliam
1534 3087 1754 3146 habuit.
1795 3089 1874 3148 De
1905 3078 2264 3165 Are-(3,mer
2275 3075 2955 3165 εοηεινίηέξίι-Οηίιάθὺθτ
2962 3077 3454 3136 “13311903903901
3470 3079 3794 3165 campum?”

343 3173 538 3247 gunde
566 3186 588 3211 ο
618 3186 808 3229 sorore
853 3170 1137 3242 Ingundis
1183 3172 1595 3248 Chilpericum,
1643 3179 1791 3237 etde
1825 3179 1905 3238 Un

2181 3163 2513 3238 apopulatus
2543 3171 2627 3221 est
2653 3166 2806 3235 (Cap.
2844 3165 2952 3232 17).
3003 3165 3358 3237 Austrapius
3397 3166 3520 3222 dux
3549 3163 3792 3222 inbasili-

341 3270 547 3329 habuit
585 3267 960 3326 Chramnum.

411 3357 672 3418 XLVIII.
699 3358 984 3431 Angilane
1021 3361 1078 3417 in
1124 3358 1334 3432 Spania
1373 3367 1668 3434 regnante,
1719 3379 1852 3421 cum
1899 3372 2046 3424 esset

338 3452 578 3524 iniquus
633 3449 774 3518 suis,
826 3451 1116 3508 exercitus
1150 3451 1380 3524 imperii
1427 3451 1669 3523 Spanias
1699 3453 2041 3525 ingreditur.

339 3543 506 3616 Agila
529 3543 873 3601 interﬁcitur
904 3544 1054 3614 (Cap.
1087 3544 1158 3614 8).
1613 3616 1620 3622 Ι

407 3631 613 3690 XLIX.
661 3630 1086 3703 Athanagildus
1153 3627 1405 3688 succedit
1469 3632 1531 3688 in
1580 3648 1774 3706 regno,
1832 3635 1934 3709 qui
1972 3637 2044 3695 ab

338 3723 548 3797 Spania
579 3722 901 3779 exercitum
927 3720 1156 3793 imperii
1185 3720 1412 3793 expulit
1441 3722 1658 3791 (Ibid.).

405 3812 469 3869 L.
503 3808 948 3868 Theudebaldus
969 3809 1124 3866 ﬁlius
1153 3807 1545 3866 Theudeberti
1571 3809 2005 3871 \Valdetradam
2024 3815 2042 3850 ί

329 3898 502 3957 duxit
559 3912 804 3955 uxorem
857 3897 1006 3967 (Cap.
1063 3897 1135 3966 9).
1197 3887 1333 3952 Erat
1387 3895 1554 3953 valde
1610 3897 1851 3971 iniquus
1893 3902 2033 3972 suis,

328 3988 496 4061 cujus
528 3995 780 4060 tempore
809 4000 940 4042 uvae
987 3985 1044 4040 in
1093 3999 1266 4041 cauco
1299 3993 1325 4028 ε
1365 3991 1514 4041 natze
1542 3993 1697 4044 sunt.
1732 3987 1908 4046 Stella
1961 4007 2035 4050 ex

327 4080 566 4137 adverso
605 4075 845 4135 veniens
872 4074 933 4130 in
980 4073 1182 4129 lunam
1218 4073 1475 4145 ingressa
1532 4082 1634 4133 est.
1687 4075 2033 4138 Buccelinus

323 4169 385 4225 in
417 4167 578 4224 Italia
603 4164 756 4239 apud
788 4161 1133 4220 Belisarium
1176 4168 1230 4218 et
1283 4161 1584 4220 Narsidem
1613 4166 1879 4237 patricios
1928 4185 2030 4228 sae-

329 4295 698 4362 Traquitlane.
788 4291 981 4350 Vales,
1053 4288 1420 4362 Trauviuane,
1495 4291 1586 4352 qui
1652 4301 1839 4345 censet
1896 4307 2027 4347 eum

323 4361 464 4420 esse
499 4363 809 4428 Triquillam
888 4366 1239 4425 praepositum
1303 4361 1497 4410 domus
1545 4363 1726 4424 regiae,
1796 4365 1862 4414 de
1920 4378 2026 4428 quo

325 4438 583 4491 Boethius
645 4438 739 4486 lin.
797 4432 924 4483 ide
984 4434 1152 4482 Conso
1177 4433 1376 4480 aiione.
1417 4432 1655 4493 Plerique
1712 4437 1856 4485 enim
1892 4439 2023 4487 tunc

2130 3271 2255 3312 cam
2269 3253 3512 3328 sanctiMartiniChramnummeluensfugit
3539 3256 3679 3326 (Cap.
3711 3252 3793 3321 18).

2202 3344 2354 3420 LIII.
2390 3343 2786 3402 Childebertus
2834 3360 2938 3402 rex
2982 3344 3136 3417 apud
3186 3343 3445 3404 Parisios
3472 3345 3626 3415 obiit,
3665 3350 3712 3402 et
3748 3343 3792 3400 in

2130 3433 2364 3493 basilica
2420 3433 2620 3513 sancti,
2649 3433 2958 3506 Vincentii,
3019 3449 3192 3506 quam
3238 3435 3365 3506 ipse
3417 3436 3793 3499 construxerat,

2129 3522 2388 3597 sepultus
2431 3529 2535 3594 est,
2592 3524 2760 3598 cujus
2791 3522 3088 3582 thesauros
3121 3529 3177 3582 et
3221 3540 3477 3598 regnum
3518 3522 3795 3583 Cblolarius

2126 3614 2438 3688 assumpsit
2462 3617 2617 3686 (Cap.
2644 3616 2760 3683 20).

2199 3701 2346 3760 LIV.
2386 3700 2822 3760 Waldetradam
2848 3706 2903 3759 et
2932 3701 3084 3759 ﬁlias
3111 3702 3240 3774 ejus
3270 3703 3420 3761 duas
3435 3705 3496 3762 in
3517 3701 3706 3761 exsilio
3727 3715 3794 3773 pa

2124 3793 2242 3850 suit
2273 3794 2460 3862 (Ibid.)
2489 3793 2523 3849 ι.
2556 3792 2882 3852 Chramnus
2905 3792 2966 3850 in
2995 3791 3369 3852 Britanniam
3389 3795 3538 3867 fugit
3557 3792 3624 3850 ad
3649 3791 3792 3850 Cono-

2123 3884 2286 3942 brem
2338 3898 2379 3923 m
2435 3885 2703 3942 comitem
2731 3883 3162 3942 Britannorum.
3209 3884 3634 3968 VVillacbariu_s
3668 3895 3794 3941 socer

2121 3976 2245 4048 ejus
2269 3975 2340 4033 ad
2379 3974 2680 4033 ecclesiam
2709 3974 2890 4033 sancti
2921 3973 3154 4034 Martini
3178 3979 3470 4051 confugit.
3502 3977 3607 4035 Per
3635 3975 3788 4048 ipsum

2117 4066 2243 4123 haec
2269 4102 2272 4104 -
2301 4065 2538 4123 basilica
2582 4067 2716 4138 [Al.,
2760 4065 3020 4139 ecclesia]
3068 4066 3351 4125 incendio
3408 4070 3788 4126 concrematur.

2117 4157 2316 4216 Postea
2358 4174 2391 4215 a
2424 4157 2718 4216 Chlotario
2758 4158 3041 4232 condigne
3092 4166 3495 4233 recuperatur,
3545 4164 3598 4217 et
3621 4165 3790 4214 stanno

2172 4285 2194 4314 ἀ
2231 4287 2285 4336 ln
2329 4286 2461 4338 Clar.
2513 4285 2582 4337 al.
2632 4298 2776 4337 man.
2833 4285 3026 4338 additae
3075 4288 3201 4336 sunt
3259 4285 3460 4339 litterae
3490 4289 3566 4344 at,
3627 4285 3678 4334 ut
3712 4279 3786 4329 ﬂat

2111 4358 2432 4408 sacratario.

2172 4440 2194 4466 ο
2223 4427 2315 4478 Ch.
2363 4429 2432 4480 al.
2485 4430 2534 4480 et
2579 4427 2728 4480 Freh.
2772 4427 2873 4489 al.,
2933 4426 3283 4490 Radegunde;
3348 4433 3405 4483 et
3454 4426 3613 4487 intra,
3658 4419 3782 4476 Gun-

323 4474 693 4562 {Catilina
725 4474 1093 4568 producebant
1129 4501 1182 4550 in
1219 4500 1361 4559 anis,
1403 4504 1458 4550 ut
1492 4474 1746 4562 Attilanis,
1780 4474 2244 4569 θῆιεὶἆὶζξυεὶηαο
2273 4503 2400 4562 Cap-
2442 4513 2591 4562 sem.
2624 4474 2906 4564 Aquilan’e.
2932 4474 3215 4562 HispZm'a.

319 4586 422 4633 etc.
463 4579 662 4630 Trivva
703 4577 1018 4640 praepositus
1082 4572 1314 4623 cubiculi
1375 4572 1575 4624 dicitur
1627 4575 1680 4624 in
1739 4575 2023 4640 Excerptis

319 4651 570 4701 Historias
622 4649 686 4698 ub
741 4647 978 4697 Henrico
1042 4644 1248 4695 Valesio
1310 4645 1485 4702 editae,
1533 4645 1601 4695 ad
1649 4646 1852 4698 calcem
1899 4653 2023 4701 Am-

318 4722 482 4771 miani
517 4719 830 4770 Marcellini.
1205 4745 1212 4752 .
2001 4733 2004 4735 .

379 4802 397 4822 -
437 4791 570 4841 Clar.
626 4785 870 4848 et_Boh.,
937 4781 1302 4843 Theothadus;
1362 4789 1415 4837 et
1472 4784 1630 4844 infra,
1686 4784 2015 4843 Theuthado.

319 4863 406 4914 C11.
476 4861 565 4922 at,
633 4854 960 4908 Tlieuliadus.
1019 4854 1088 4904 De
1144 4855 1226 4904 his
1278 4856 1400 4905 vide
1450 4861 1608 4906 notas
1660 4856 1712 4906 in
1767 4856 2017 4922 Gregor,

318 4934 513 4998 quibus
569 4943 632 4982 ea
682 4931 851 4994 juuge
923 4939 1042 4987 quae
1098 4928 1164 4976 de
1217 4927 1609 4998 Amalasuntha:
1664 4928 1810 4998 caede
1860 4928 2020 4984 habet

318 4996 608 5068 Procopius
644 5001 694 5050 in
742 4998 974 5048 Historia
1013 5009 1232 5059 arcana,
1288 4997 1377 5068 ubi
1407 4996 1608 5068 l‘atetnr
1636 5010 1696 5048 se
1730 4997 2017 5053 Theottom

2171 4569 2188 4604 ί
2223 4571 2319 4620 Ed.
2346 4561 2422 4621 iet
2469 4561 2626 4632 infra,
2667 4561 3052 4626 Fatderadam’;
3089 4571 3162 4623 al.
3229 4569 3641 4629 Vuldotradum,
3682 4561 3776 4616 νκι-

2105 4640 2431 4692 dodradam.
3046 4668 3055 4676 -
3737 4679 3741 4681 .

2167 4710 2391 4773 efren,
2446 4711 2642 4763 Cauro.
2701 4713 2849 4764 Can.‘
2885 4716 2938 4765 et
2994 4713 3077 4764 Ch.
3138 4712 3230 4774 δι..
3287 4707 3582 4763 Sambuco.
3642 4708 3776 4764 Clara

2102 4783 2164 4833 in
2209 4796 2398 4845 pauco.
2453 4784 2549 4834 Sed
2587 4785 2757 4846 prima
2797 4783 2974 4836 littera
3014 4783 3131 4836 fere
3166 4784 3372 4836 detrita
3411 4789 3495 4836 est
3517 4799 3530 4841 ;
3567 4783 3618 4834 et
3649 4775 3777 4830 infra.

2100 4866 2199 4917 pro
2229 4854 2380 4915 (una,
2421 4853 2553 4903 Bob.
2580 4854 2798 4904 limina.

2163 4924 2182 4952 ’³
2221 4924 2380 4982 Boh.,
2418 4924 2521 4989 Qui
2543 4938 2729 4978 eorum
2754 4925 2969 4977 auxilia
2997 4929 3494 4990 praesumpserant.

2160 4996 2172 5026 ί
2209 4997 2348 5046 intra
2406 4998 2602 5048 dicitur
2645 4996 3011 5050 Charibertus.
3063 4999 3196 5050 Clar.
3254 4996 3424 5050 habet
3467 4993 3772 5048 Airibcrtuss

314 5066 562 5138 Augustae
611 5075 759 5124 metu
826 5083 940 5121 rem
1000 5070 1070 5138 in,
1118 5067 1351 5138 Historia
1395 5066 1708 5118 Guttnorum
1748 5071 2011 5124 dissimu-
2096 5066 2196 5130 aL,
2227 5067 2613 5120 Chairibertus.

316 5135 479 5196 lasse.
545 5145 646 5194 Hic
708 5147 885 5192 autem
948 5137 1135 5188 scribit
1182 5136 1513 5188 Theodoram
1572 5145 1796 5197 veritam
1861 5155 1930 5194 ne
1964 5147 2009 5195 si
2158 5141 2172 5184 ἱ
2205 5141 2286 5191 Sic
2311 5142 2458 5190 editi.
2495 5140 2648 5202 Clar.,
2688 5144 3004 5204 temperate,
3039 5151 3137 5202 pro
3162 5141 3507 5205 tempestate,
3543 5137 3599 5189 ni
3623 5135 3769 5188 fallor.

313 5213 716 5268 Amalasuntha.
770 5216 828 5263 ut
874 5212 992 5272 ipsa
1061 5210 1432 5269 constituerat,
1493 5208 1811 5271 Byzantium
1869 5217 2010 5265 veni-
2156 5213 2177 5241 ι
2213 5212 2332 5262 Can.
2368 5214 2421 5263 et
2451 5209 2537 5260 Ch.
2578 5212 2668 5275 al.,
2706 5213 3013 5273 Duuciam;
3049 5211 3491 5272 al.,’Deviciam.

313 5291 413 5348 ret,
450 5288 784 5338 Justinianus
818 5285 944 5344 imp.
982 5293 1043 5331 se
1082 5280 1196 5343 ipsa
1243 5282 1490 5340 neglecta
1521 5280 1667 5332 illius
1691 5281 1875 5335 amdre
1908 5297 2005 5338 ca-
2147 5281 2158 5311 '
2194 5283 2314 5332 Can.
2369 5285 2422 5334 et
2472 5281 2608 5335 Bob.
2644 5284 2758 5336 haec
2809 5284 3137 5348 praecedenti
3178 5287 3427 5348 capitulo
3455 5281 3697 5346 jungunt.
3730 5278 3771 5327 et

190 5382 214 5392 -
308 5363 546 5422 petetur,
595 5359 746 5406 l’etro
804 5355 981 5414 legato
1038 5351 1392 5422 demandasse
1440 5357 1497 5401 ut
1531 5363 1651 5422 eam
1705 5367 1804 5418 per
1833 5355 2005 5409 Theo-
2090 5353 2287 5406 melius
2336 5353 2570 5417 quidem.
2651 5354 2962 5419 Legendum
3015 5368 3180 5420 porro
3236 5354 3618 5420 Ultrogottam,
3672 5358 3771 5415 qua

308 5420 488 5480 datum
517 5426 746 5478 interﬁci
778 5425 1015 5482 curaret,
1049 5420 1192 5484 quod
1215 5423 1378 5484 paulo
1407 5423 1530 5483 post
1561 5420 1760 5474 factum
1789 5423 1905 5477 fuit.

2084 5423 2264 5476 fuerat
2293 5423 2612 5478 Cbildeberti
2641 5438 2804 5480 uxor.
2832 5426 2956 5478 Vide
2979 5426 3209 5491 Gregor.

367 5500 387 5528 ¹³
428 5501 565 5560 Alia,
604 5497 701 5547 sed
727 5497 947 5558 antiqua
977 5505 1160 5549 manu,
1199 5491 1354 5549 Clar.,
1381 5493 1713 5543 translatum
1739 5500 1830 5546 est.

2145 5504 2176 5525 ··
2209 5493 2298 5545 Ch.
2349 5494 2417 5546 al.
2485 5499 2539 5548 et
2588 5495 2761 5556 Freh.,
2822 5489 3180 5552 Ounobcrtitni
3236 5510 3464 5562 regem;
3523 5497 3578 5546 et
3623 5489 3765 5562 infra,

363 5580 380 5601 ε
420 5569 508 5620 Ch.
554 5559 656 5626 aL,
695 5564 1011 5628 infelicitas.
1047 5563 1215 5623 Boh.,
1248 5573 1454 5625 magna
1493 5561 1814 5634 infelicitas.
1851 5567 1996 5622 Buc-
2079 5579 2177 5631 pro
2215 5563 2639 5627 Williacharius,
2694 5569 2828 5622 Clar.
2883 5574 2937 5622 et
2976 5570 3131 5634 Boh.,
3179 5559 3612 5634 Quitiachariw,
3643 5559 3770 5634 qugd

298 5640 480 5694 cellini
540 5640 595 5690 in
664 5636 1000 5700 Campaniam
1058 5634 1320 5686 adventus
1375 5633 1621 5685 meminit
1673 5634 1900 5702 Gregor.
1933 5640 1994 5694 Μ.
2079 5649 2276 5691 nomen
2328 5638 2542 5690 incaute
2593 5638 2849 5693 dividitur
2894 5643 2951 5693 in
3005 5631 3128 5694 ϐω.
3181 5631 3329 5706 Cum
3373 5635 3679 5691 Lacharius.
3722 5631 3767 5680 Et

298 5713 383 5764 llh.
430 5725 446 5761 ι
483 5709 680 5771 Dialog.
721 5719 839 5772 cap.
873 5708 922 5756 τὶ.
2078 5709 2220 5762 intra
2255 5709 2402 5762 Ches.
2430 5713 2484 5763 et
2507 5709 2682 5774 Freh.,
2711 5714 2931 5776 propter
2961 5714 3159 5776 ipsum;
