3946 6188
357 327 464 390 595

1431 332 1489 390 S.
1531 332 1887 393 GREGORII
1926 332 2258 394 EPISCOPI
2299 331 2774 394 TURONENSIS

3682 342 3765 400 596

358 454 672 531 instigante
725 453 986 527 consilio,
1037 453 1356 529 Sigibertus
1445 457 1731 518 interfecit
1778 472 1821 519 ι.
1880 458 2341 523 TantaAliberis
2368 459 2699 519 Danubium
2723 462 3099 518 transmeant.
3142 457 3288 517 Cum
3318 458 3571 521 aChunis
3605 464 3767 525 Danu-

358 548 515 608 mala
539 553 595 606 et
616 548 925 618 effusiones
953 547 1308 621 sanguinum
1331 564 1363 607 a
1395 548 1791 608 Brunichildis
1817 550 2059 609 consilio

358 636 423 696 in
438 637 679 695 Francia
700 637 845 694 facta
858 642 1017 707 sunt,
1038 642 1103 695 ut
1117 638 1410 712 prophetia
1437 637 1676 713 Sibyllae
1699 638 2054 712 impleretur,

358 724 557 785 dicens
585 745 597 784 :
629 724 1041 785 VenietBruna
1066 726 1087 754 ¹³
1103 727 1172 785 de
1190 728 1446 802 partibus
1460 726 1707 802 Spaniae,
1740 735 1870 787 ante
1890 730 2059 804 cujus

358 822 726 888 conspectum
749 816 948 874 multae
974 822 1173 889 gentes
1184 817 1475 890 peribunt.
1491 818 1635 875 Haec
1646 834 1781 877 vero
1797 818 2059 896 equitum

360 904 446 976 [Id
473 910 572 975 est,
605 910 904 977 equorum]
944 905 1197 963 calcibus
1225 906 1608 978 disrumpitur
1637 918 1677 963 ο.

429 996 552 1054 LX.
609 995 967 1068 Chilpericus
1008 996 1509 1055 Gachilosoindam
1535 999 1562 1033 ἀ
1604 1012 1857 1056 sororem
1909 996 2056 1055 Bru-

357 1084 635 1143 nichildis
690 1085 895 1144 habuit
938 1101 1203 1157 uxorem,
1252 1086 1584 1161 relinquens
1622 1086 2058 1158 Fredegundem

358 1181 413 1233 et
459 1174 623 1245 alias,
675 1190 822 1250 quas
880 1174 1121 1233 habebat
1180 1191 1395 1234 uxores
1448 1176 1599 1247 (Cap.
1675 1174 1786 1243 28).
1862 1174 2060 1233 Postea

358 1265 770 1323 transcendens
816 1270 1237 1322 sacramentum
1288 1265 1441 1339 quod
1473 1265 1812 1322 Gotthorum
1861 1262 2059 1335 legatis

353 1349 606 1421 dederat,
642 1366 714 1409 ne
739 1364 1001 1425 unquam
1030 1350 1531 1409 Gachilosoindam
1569 1350 1639 1407 de
1677 1349 1931 1407 culmine
1966 1365 2056 1406 rc-

354 1440 456 1515 gni
493 1439 846 1514 degradaret,
885 1440 1184 1514 ipsamque
1221 1440 1533 1514 suggillare
1569 1440 1719 1498 fecit.
1775 1440 1907 1497 Post
1953 1454 2055 1497 cu-

346 1530 447 1601 jus
475 1528 783 1587 transitum
830 1528 1271 1603 Fredegundem
1314 1530 1507 1589 denuo
1536 1529 1751 1603 accepit
1788 1542 2054 1587 uxorem.

352 1616 709 1691 Reputantes
735 1618 788 1676 ei
828 1618 1033 1677 fratres
1057 1618 1184 1693 ejus
1207 1617 1363 1692 quod
1393 1633 1496 1677 suo
1525 1617 1760 1691 ingenio
1789 1617 2058 1677 Gachilo-

351 1707 553 1767 soinda
609 1708 783 1767 fuerit
838 1708 1202 1782 interempta,
1247 1724 1383 1767 eum
1430 1708 1502 1765 de
1560 1722 1738 1778 regno
1796 1707 2053 1781 ejiciunt.

2144 551 2309 609 bium
2339 555 2698 611 transeuntes
2747 550 2993 609 fuissent
3031 549 3320 623 comperti,
3366 549 3444 608 eis
3476 551 3664 611 bellum
3693 570 3770 613 co-

2145 640 2265 700 nati
2290 647 2424 702 sunt
2453 642 2466 680 ί
2496 642 2730 715 inferre,
2781 639 3113 712 interrogati
3147 656 3181 697 a
3213 639 3441 712 Chunis,
3478 657 3635 717 quare
3660 658 3775 716 gens

2144 746 2345 789 eorum
2371 730 2646 789 terminos
2675 729 2914 789 introire
2944 732 3327 801 praesumeret.
3357 729 3426 785 At
3451 727 3532 784 illi
3553 729 3775 787 mulieri-

2142 820 2253 879 bus
2280 820 2404 878 suis
2451 820 2799 894 przecipiunt
2839 833 3065 876 comam
3101 816 3299 890 capitis
3344 816 3411 873 ad
3460 817 3696 875 maxillas
3735 827 3777 877 et

2142 916 2402 968 mentum
2436 910 2636 983 ligare,
2667 925 2780 984 quo
2812 910 3003 983 potius
3037 907 3295 965 virorum
3332 906 3575 965 habitum
3625 908 3774 966 simu-

2141 1002 2325 1061 lantes
2354 1001 2667 1074 plurimam
2697 998 3137 1059 multitudinem
3163 997 3414 1057 hostium
3442 996 3776 1069 ostenderent,

2141 1104 2208 1147 eo
2269 1090 2421 1163 quod
2457 1095 2619 1146 erant
2669 1087 2987 1146 mulierum
3041 1101 3220 1144 comae
3269 1083 3412 1142 circa
3456 1082 3695 1167 maxillas
3737 1090 3780 1141 et

2144 1185 2407 1237 mentum
2441 1177 2512 1235 ad
2537 1178 2720 1235 instar
2748 1176 2941 1234 barbae
2986 1174 3154 1233 valde
3199 1174 3402 1246 longae.
3433 1172 3621 1231 Fertur
3642 1172 3784 1230 desu-

2140 1283 2243 1341 per
2267 1274 2529 1339 utraaque
2558 1266 2862 1339 phalanga
2892 1280 3009 1322 vox
3038 1264 3259 1321 dixisse
3290 1283 3301 1321 ε
3335 1261 3411 1319 Hi
3433 1267 3562 1319 sunt
3596 1261 3781 1333 Lango-

2140 1353 2326 1422 bardi,
2369 1353 2523 1426 quod
2585 1352 2659 1409 ab
2716 1351 2808 1409 his
2882 1349 3146 1423 gentibus
3210 1350 3386 1408 fertur
3437 1353 3571 1411 5'73
3622 1362 3785 1404 eorum

2139 1442 2313 1499 deum
2340 1442 2518 1499 fuisse
2566 1439 2843 1508 locutum,
2873 1452 3049 1512 quem
3082 1436 3316 1493 fanatici
3359 1438 3641 1495 nominant
3669 1433 3787 1490 Wo-

2139 1534 2357 1592 danum
2378 1532 2411 1589 3.
2443 1531 2607 1588 Tunc
2634 1525 2994 1600 Langobardi
3014 1541 3157 1587 cum
3188 1525 3521 1583 clamassent
3553 1540 3565 1574 :
3596 1521 3693 1591 Qui
3715 1521 3789 1578 in-

2138 1624 2397 1683 stituerat
2436 1636 2669 1691 nomen,
2712 1617 3046 1678 concederet
3072 1616 3373 1674 victoriam
3404 1638 3417 1685 ;
3450 1616 3507 1673 in
3538 1615 3635 1671 hoc
3670 1626 3787 1685 pric-

2138 1711 2215 1770 lio
2265 1711 2499 1770 Chunos
2549 1714 2843 1783 superant,
2904 1712 3122 1780 partem
3161 1705 3475 1765 Pannoniae
3527 1702 3785 1761 invadunt.

352 1795 610 1855 Habebat
650 1796 1009 1870 Chilpericus
1045 1798 1115 1855 de
1149 1798 1341 1871 priore
1375 1797 1571 1871 regina
1606 1797 1915 1855 Audovera
1944 1802 2056 1854 tres
2068 1822 2115 1883 Β
2138 1802 2253 1861 Nec
2278 1800 2462 1860 multo
2491 1807 2616 1874 post
2649 1806 2903 1872 tempore
2942 1796 3138 1856 Narsis
3168 1797 3460 1870 patricius,
3490 1794 3650 1853 minis
3680 1792 3787 1883 Jus-

348 1886 520 1959 ﬁlios,
550 1886 1040 1955 Theudobertum,
1071 1885 1408 1944 Meroveum
1447 1891 1502 1942 et
1527 1884 1940 1943 Chlodoveum.

421 1976 570 2038 LXI.
604 1977 791 2036 Chuni
827 1978 965 2048 [Al.,
985 1976 1167 2050 Huni]
1196 1978 1259 2035 in
1272 1975 1487 2035 Gallias
1518 1974 1714 2034 venire
1746 1980 2049 2046 conantur,

346 2065 624 2125 adversus
674 2080 821 2140 quos
846 2064 1167 2138 Sigibertus
1201 2071 1346 2129 572
1370 2079 1506 2124 cum
1558 2079 1768 2137 magno
1795 2061 2053 2137 aggredi-

348 2164 444 2217 tur
479 2157 733 2216 exercitu
757 2159 913 2229 (Cap.
940 2156 1050 2214 29L
1083 2154 1282 2213 Chuni
1312 2154 1550 2226 magicis
1589 2153 1810 2211 artibus
1840 2153 2054 2211 instru-

347 2245 445 2318 cti,
469 2243 670 2305 multis
699 2243 1020 2318 phantasiis
1042 2240 1310 2308 ostensis,
1332 2239 1613 2298 exercitui
1641 2239 1913 2312 Sigiberti
1943 2254 2057 2296 me-

2137 1890 2245 1950 tini
2272 1884 2651 1964 imperatoris
2691 1886 2935 1961 ejusque
2972 1888 3254 1959 Augusta
3303 1884 3527 1958 Sophia:
3570 1880 3788 1956 perterri-

2136 1984 2249 2047 tus,
2279 1992 2344 2035 eo
2371 1976 2523 2050 quod
2574 1978 2835 2048 Augusta
2876 1975 2927 2033 ei
2961 1979 3300 2047 apparatum
3330 1989 3403 2031 ex
3434 1987 3571 2031 auro
3614 1970 3787 2027 factum

2137 2069 2441 2139 muliebre,
2471 2084 2538 2127 eo
2582 2068 2736 2141 quod
2771 2065 3075 2126 eunuchus
3104 2069 3246 2137 erat,
3298 2079 3429 2123 cum
3473 2078 3580 2137 quo
3620 2061 3785 2128 tilarct,

2135 2159 2367 2227 direxit,
2406 2165 2461 2216 et
2487 2158 2877 2231 pensilariosk
2928 2161 3146 2228 regeret
3173 2170 3294 2212 non
3325 2154 3576 2227 populos.
3622 2153 3687 2209 At
3714 2150 3788 2206 ille

2136 2247 2444 2322 respondet
2480 2266 2492 2305 :
2522 2246 2719 2305 Filum
2746 2245 2940 2315 ﬁlabo,
2967 2245 3037 2301 de
3068 2258 3183 2317 quo
3207 2242 3477 2301 Justinus
3505 2241 3786 2312 imperator,

349 2336 880 2405 tumconcutiunt;
918 2342 1073 2408 terga
1119 2339 1374 2391 vertunt.
1411 2330 1788 2404 Sigibertusa
1832 2329 2057 2387 Chunis
2136 2353 2244 2396 nec
2278 2339 2542 2409 Augusta
2590 2336 2661 2393 ad
2708 2341 2878 2409 caput
2927 2335 3127 2391 venire
3190 2347 3313 2391 non
3370 2334 3610 2405 possent,
3661 2326 3791 2385 Tunc

348 2424 759 2495 circumdatur,
799 2423 897 2481 sed
928 2438 1032 2481 sua
1067 2420 1373 2495 prudentia
1401 2420 1551 2479 dona
1580 2418 1827 2476 offerens
1856 2417 2058 2476 libera-
2141 2424 2546 2496 Langobardos
2565 2440 2598 2481 ει
2622 2421 2938 2481 Pannoniis
2966 2420 3247 2489 imitans,
3271 2434 3404 2478 cum
3429 2417 3671 2476 Alboono
3693 2428 3793 2485 rege
3824 2442 3838 2460 .

355 2522 467 2585 tur,
499 2530 606 2573 nec
628 2514 681 2572 ei
704 2514 1027 2588 quidquam
1056 2512 1184 2569 haec
1212 2510 1463 2569 conditio
1498 2509 1628 2566 fecit
1656 2506 2054 2581 opprobrium.

356 2607 560 2667 Pacem
589 2604 996 2678 sempiternam
1037 2615 1171 2660 cum
1204 2600 1425 2658 Chunis
1474 2597 1747 2661 firmavit,
1786 2603 1843 2654 et
1866 2611 1901 2653 a
1931 2611 2060 2669 rege

354 2695 698 2756 Chunorum
728 2692 1031 2765 condignis
1064 2689 1403 2749 muneribus
1431 2689 1769 2746 honoratur.

425 2784 607 2845 LXII.
637 2768 957 2857 Sigibertus
984 2780 1252 2857 praecepit
1285 2775 1563 2837 Arvernis
1593 2774 1821 2834 civibus
1859 2774 2065 2833 Arela-

354 2877 470 2933 tem
498 2886 777 2945 occupare
803 2871 954 2943 (Cap.
986 2868 1092 2942 30).
1144 2867 1393 2926 Jubente
1423 2863 1785 2923 Guntramno
1829 2877 1863 2919 a
1899 2860 2062 2920 Celso

352 2958 589 3036 patricio
618 2958 869 3019 Arverni
897 2957 1124 3016 Arelate
1152 2953 1419 3014 trucidati
1448 2958 1603 3011 sunt.

428 3049 634 3109 LXIII.
664 3045 1051 3121 Athanagildo
1070 3060 1203 3120 rege
1222 3044 1283 3102 in
1308 3042 1520 3117 Spania
1539 3041 1830 3111 defuncto,
1864 3041 2064 3098 Leuva

2139 2516 2365 2574 Italiam
2395 2512 2737 2573 introduxit.
2767 2512 3063 2571 Alboenus
3090 2510 3539 2569 Chlodesindam
3568 2502 3796 2565 Chlotarii

2137 2607 2287 2680 regis
2312 2605 2493 2663 ﬁliam
2517 2605 2719 2662 habuit
2741 2619 3013 2672 uxorem;
3042 2618 3157 2676 qua
3174 2601 3471 2668 defuncta,
3490 2598 3651 2656 aliam
3664 2594 3797 2653 duxit

2141 2698 2467 2770 conjugem,
2485 2695 2655 2769 cujus
2683 2701 2900 2769 patrem
2922 2692 3287 2752 interfecerat
3311 2696 3444 2765 (Cap
3470 2691 3571 2757 33;
3600 2691 3689 2751 al.,
3712 2684 3796 2754 il).

2218 2782 2424 2843 LXVI.
2454 2785 2581 2858 Ipse
2610 2799 2749 2843 vero
2792 2784 3052 2858 ejusdem
3081 2782 3356 2841 mulieris
3395 2779 3587 2839 fraude
3617 2786 3799 2835 veneno

2144 2871 2314 2948 periit
2342 2872 2496 2943 (Cap.
2526 2870 2593 2928 35
2618 2891 2636 2939 ;
2687 2874 2786 2942 al.,
2815 2872 2925 2942 41).
2970 2871 3217 2944 Ipsaque
3262 2874 3456 2943 postea
3497 2881 3622 2925 cum
3644 2861 3800 2935 aliquo

2147 2959 2549 3031 Langobardo,
2580 2959 2734 3034 apud
2759 2976 2930 3033 quem
2962 2960 3307 3019 Ravennam
3337 2957 3612 3032 fugaciter
3626 2949 3801 3011 decivi-

2146 3054 2259 3108 tate
2282 3047 2529 3118 Verona,
2561 3048 2663 3106 ubi
2697 3049 2893 3106 virum
2936 3048 3241 3119 occiderat,
3280 3044 3653 3121 aggrediebat,
3678 3036 3800 3114 pari-

354 3134 804 3236 Cllm_1_iellVi1d9
839 3133 1282 3236 ῖΐδῖΐεξηῖθὲῐιτυω
1301 3131 1785 3236 ἃῇεξιωιξηῐδφαμ
1813 3125 1882 3185 32
1910 3127 2059 3236 Scal-9
2082 3175 2125 3236 ρ
2146 3142 2230 3195 ter
2264 3136 2327 3193 in
2360 3135 2565 3192 itinere
2593 3134 2938 3208 apprehensi
2963 3135 2974 3173 ¹
3006 3141 3060 3192 et
3082 3134 3373 3192 interfecti
3404 3139 3557 3191 sunt.

358 3227 469 3300 38).
500 3225 744 3285 Moritur
758 3223 978 3281 Leuva.
995 3221 1151 3279 Tum
1164 3219 1490 3287 Leuvildus
1515 3219 1577 3275 in
1604 3216 1897 3287 integrum
1926 3213 2061 3286 Spa-

358 3317 476 3377 niae
528 3329 777 3390 regnum
833 3317 1010 3383 tenet,
1064 3306 1723 3375 habens.Gadsuindam
1751 3318 1775 3345 °
1819 3310 2062 3362 matrem

354 3404 763 3467 Brunechildis
799 3416 1066 3462 uxorem.

431 3492 636 3552 LXIV.
684 3492 903 3550 Eodem
949 3496 1221 3562 tempore,
1269 3485 1540 3545 defuncto
1578 3483 2067 3557 Constantinopoli

357 3585 693 3647 Justiniano
768 3584 1129 3655 imperatore,
1185 3578 1451 3638 Justinus
1522 3576 1762 3635 ambivit
1817 3577 1836 3613 ί
1880 3576 2064 3647 impe-

363 3675 542 3744 rium,
585 3672 676 3731 vir
721 3671 966 3742 iniquus
999 3676 1054 3727 et
1082 3668 1328 3742 cupidus
1371 3670 1518 3741 (Cap.
1551 3667 1618 3725 33
1647 3685 1662 3739 ;
1695 3669 1797 3737 al.,
1834 3665 1942 3737 39).
1974 3663 2063 3722 Ad

365 3778 542 3838 quem
573 3761 897 3836 Sigibertus
920 3760 1157 3835 legatos,
1181 3757 1697 3819 Warmacharium
1728 3757 1865 3831 [Al.,
1895 3755 2068 3816 War-

364 3854 659 3926 marium],
685 3852 972 3910 Francum
992 3850 1389 3910 etFirminum
1416 3848 1684 3909 comitem
1698 3846 1932 3919 direxit,
1962 3845 2067 3919 qui

364 3960 504 4023 pace
532 3959 668 4004 cum
704 3942 1046 4016 imperatore
1076 3942 1305 4000 ﬁrmata
1346 3949 1390 3999 ε.
1434 3939 1559 4010 Qua
1605 3939 1772 4009 facta,
1816 3936 2069 3996 secundo

367 4049 522 4095 anno
551 4036 690 4092 sunt
720 4030 956 4089 reversi.

443 4119 617 4179 LXV.
673 4117 1183 4191 Langobardorum
1224 4132 1386 4190 gens,
1427 4115 1766 4191 priusquam
1812 4114 1922 4172 hoc
1961 4128 2069 4172 no-

370 4226 508 4271 men
546 4215 881 4279 assumeret,
917 4210 1176 4267 exientes
1217 4208 1288 4266 de
1319 4206 1700 4267 Schatanavia
1725 4207 1767 4277 δ,
1797 4221 1933 4279 qum
1985 4210 2070 4264 est

2214 3224 2446 3285 LXVII.
2475 3223 2837 3297 Langobardi
2862 3224 3336 3297 regem,nomine
3352 3222 3475 3296 Clip
3507 3222 3611 3288 [ΑΖ.
3636 3214 3799 3287 Calip],
3836 3290 3842 3303 ν

2143 3332 2317 3391 super
2354 3331 2414 3373 se
2451 3314 2673 3388 eligunt
2707 3316 2860 3387 (Cap.
2886 3315 2953 3374 36
2983 3334 3000 3386 ;
3042 3318 3141 3386 al.,
3174 3313 3291 3385 42).
3338 3306 3804 3384 Prorumpentibus

2145 3405 2539 3479 Langobardis
2568 3405 2629 3462 in
2659 3405 2893 3477 Gallias,
2928 3407 3169 3465 Amatus
3198 3406 3478 3480 patricius
3502 3404 3571 3462 ab
3590 3399 3712 3474 ipsis
3731 3396 3800 3452 in-

2147 3495 2470 3565 terﬁcitur;
2511 3500 2567 3551 et
2607 3509 2641 3551 a
2678 3495 2760 3568 [Id
2798 3502 2895 3568 est,
2944 3495 3034 3570 ex]
3085 3494 3607 3569 Burgundionibus
3648 3484 3807 3546 multa

2146 3586 2363 3646 ibidem
2397 3590 2611 3655 strages
2648 3584 2812 3642 facta
2843 3589 2997 3643 sunt.
3026 3582 3159 3642 Post
3181 3585 3464 3642 Amatum
3502 3573 3807 3640 Mummolus

2147 3675 2512 3751 patriciatum
2562 3675 2891 3747 assumpsit.

2219 3759 2478 3820 LXVIII.
2510 3760 3105 3823 Irruentibusiterum
3123 3760 3591 3837 Langobardisin
3616 3751 3807 3816 Gallias.

2147 3868 2283 3914 cum
2311 3848 2527 3925 quibus
2569 3847 2927 3911 Mummolus
2965 3851 3185 3911 fortiter
3213 3848 3539 3920 dimicavit,
3573 3850 3625 3904 et
3663 3848 3809 3911 usque

2148 3944 2220 4004 ad
2254 3938 2711 4001 internecionem
2749 3941 3051 4016 oppressit,
3081 3942 3252 4015 pauci
3283 3959 3361 4001 ex
3391 3940 3604 3999 eisdem
3628 3931 3809 4022 Italiam

2150 4034 2497 4109 repedantur
2544 4034 2757 4104 (Ibid).
2810 4031 3089 4100 Saxones,
3122 4046 3270 4104 quos
3312 4028 3728 4089 Theudebertus
3755 4027 3811 4109 in

2149 4106 2377 4181 Italiam
2408 4124 2661 4193 miserat,
2691 4117 2981 4179 inGallias
3006 4126 3423 4193 prorumpunt,
3454 4117 3602 4191 apud
3632 4106 3814 4181 StuplO'

2154 4230 2290 4273 nem
2334 4228 2377 4287 3n
2428 4222 2611 4273 castra
2655 4218 2954 4286 ponentes,
3010 4212 3211 4270 multae
3257 4217 3481 4285 strages
3526 4224 3622 4282 per
3661 4202 3815 4263 vicina

369 4302 524 4363 inter
550 4299 881 4360 Danubium
907 4306 963 4358 et
992 4314 1149 4358 mare
1177 4298 1492 4367 Oceanum,
1535 4313 1669 4356 cum
1704 4294 1990 4356 uxoribus
2018 4301 2075 4353 et
2155 4302 2375 4361 locaab
2402 4302 2543 4376 ipsis
2572 4304 2974 4376 perpetrantur
3000 4318 3018 4371 3
3051 4300 3152 4374 qui
3178 4308 3211 4358 a
3242 4297 3566 4360 Mummolo
3592 4305 3819 4368 superari.

436 4506 454 4526 ·
489 4496 639 4549 Idem
693 4495 881 4549 scribit
928 4494 1233 4552 Aimoinus,
1282 4493 1373 4544 lib.
1428 4506 1509 4553 ιιι,
1556 4503 1678 4555 cap.
1721 4493 1770 4553 4,
1815 4492 1959 4557 quod
1988 4487 2284 4557 ta-“tiem
2340 4488 2516 4557 terras
2555 4481 2928 4557 ambientibus
2984 4481 3530 4557 circumfusa._Dicta
3569 4482 3645 4557 est
3691 4474 3817 4557 etiam

375 4580 501 4620 men
534 4566 730 4618 falsum
764 4567 973 4618 videtur
1004 4579 1073 4616 ex
1097 4564 1340 4628 Gregorii
1362 4563 1454 4614 lib.
1489 4576 1563 4625 vr,
1589 4575 1707 4626 cap.
1741 4564 1785 4613 ι.

441 4638 462 4666 ι’
495 4637 791 4699 Sigibertus
844 4638 899 4686 in
950 4636 1211 4688 Chronico
1255 4636 1405 4699 legit,
1456 4634 1623 4683 Veniet
1682 4636 1890 4696 Bruma,
1944 4636 2066 4694 etc.,

379 4720 499 4773 quae
534 4708 761 4759 fortasse
810 4706 971 4758 lectio
1020 4707 1226 4759 caeteris
1260 4710 1342 4759 est
1363 4705 1717 4769 praeferenda,
1774 4705 1900 4756 licet
1942 4710 2068 4757 uul-

377 4780 489 4831 lum
523 4777 835 4840 Fredegarii
891 4778 1135 4830 codicem
1186 4778 1555 4829 invenerimus
1599 4777 1690 4838 qui
1717 4788 1835 4827 eam
1857 4774 2067 4829 habeat.

439 4860 459 4882 ε
489 4849 560 4900 De
614 4847 777 4911 hujus
819 4847 1081 4909 supplicio
1130 4848 1251 4899 vide
1305 4848 1552 4899 Chronici
1609 4858 1725 4909 cap.
1774 4848 1852 4905 41,
1910 4847 2063 4904 infra.

378 4925 433 4977 et
488 4918 843 4984 appendicem
896 4926 960 4966 aii
1013 4918 1157 4970 Marii
1206 4919 1521 4969 Chronicon.
1577 4918 1768 4968 Locum
1799 4918 1851 4967 iu
1883 4923 2069 4971 nostra

377 4990 679 5059 appendice
704 4988 845 5041 intra
880 4990 1150 5051 integrum
1172 4988 1435 5041 dabimus.
1876 5012 1879 5013 ν

439 5065 461 5095 ⁸
490 5064 604 5126 Ed.,
686 5060 1127 5122 Gachilisindam;
1213 5061 1304 5122 al.,

375 5145 594 5189 sontum.

443 5211 465 5235 ο
498 5198 652 5256 Bob.,
706 5197 842 5248 sicut
890 5199 942 5248 et
993 5196 1148 5259 infra,
1206 5207 1321 5260 cap.
1384 5193 1465 5255 83,
1517 5194 1908 5259 Geresvindam;
1963 5195 2070 5258 alii,

383 5270 744 5319 Gaisuindam.

444 5340 462 5376 ί
496 5338 600 5393 AL.
654 5338 847 5390 habuit.
918 5340 977 5390 Et
1029 5338 1187 5402 infra,
1242 5338 1609 5399 Warmarium,
1672 5349 1786 5396 seu,
1838 5340 2078 5389 Warma-

380 5411 640 5461 chartam.

445 5493 469 5528 ε
512 5480 664 5545 Editi,
695 5496 869 5546 pacem
900 5483 1184 5545 ﬁrmarent.

444 5553 466 5583 ³⁵
501 5552 647 5616 Can.,
747 5548 1110 5613 Schandavi'a;
1223 5554 1310 5616 al.,
1413 5553 1777 5616 Schatanagia.

376 5768 551 5831 posita
604 5777 767 5831 quam
826 5766 1051 5818 marinis
1102 5765 1351 5819 ﬂuctibus
1408 5766 1477 5819 ob
1536 5767 1841 5831 margiuum
1892 5763 2071 5828 plani-

444 5553 466 5583 "
501 5552 647 5616 Can.,
747 5551 1110 5613 Schandavi'a;
1223 5554 1310 5616 al.,
1413 5553 1777 5616 Schatanagia.
1889 5551 2077 5602 Paulus

382 5624 619 5685 Diacon.,
688 5622 781 5674 lib.
864 5641 883 5675 ι
943 5624 1010 5674 de
1086 5626 1266 5677 Gestis
1342 5624 1596 5688 Langob.,
1668 5622 2077 5674 Scandinaviam

382 5694 636 5761 appellat,
682 5706 798 5758 cap.
838 5695 885 5754 2,
948 5694 1039 5745 ubi
1088 5696 1282 5748 dicitur
1347 5696 1521 5746 insula
1559 5708 1666 5746 non
1718 5698 1823 5745 tam
1856 5696 1905 5743 in
1941 5693 2075 5743 mari

2087 4542 2346 4613 DBaltia,
2415 4554 2507 4606 ubi
2555 4554 2720 4606 hodie
2776 4555 2904 4604 sunt
2976 4564 3146 4616 regna
3200 4553 3409 4605 Sueciae
3469 4555 3522 4604 et
3569 4543 3814 4606 Norvegia.

2158 4628 2279 4679 Vide
2313 4626 2583 4678 Ortelium.

2217 4699 2399 4754 'Can.,
2475 4703 2746 4748 conantur.
2815 4695 2947 4745 Clar.
3022 4698 3075 4748 et
3143 4695 3325 4757 Freli.,

2154 4768 2424 4827 cenarum,
2458 4781 2557 4831 pro
2592 4774 2923 4817 conarentur.

2218 4843 2385 4891 iCan.
2451 4839 2539 4898 al.,
2631 4839 2922 4889 Wisod'mo.
2997 4838 3046 4887 Is
3095 4841 3175 4886 est
3250 4836 3617 4888 Romanorum
3662 4830 3823 4881 Mercu-

2156 4914 2290 4972 rius,
2324 4916 2461 4963 teste
2514 4910 2672 4961 Paulo
2727 4908 2981 4967 Diacono,
3033 4908 3124 4970 qui
3156 4907 3313 4970 plura
3345 4907 3415 4957 de
3453 4906 3540 4956 his
3574 4906 3624 4957 et
3654 4902 3815 4972 Iaung

2151 4966 2447 5036 bardorum
2490 4982 2704 5044 origine
2745 4986 2797 5031 et
2853 4966 3169 5043 progressu
3202 4976 3369 5029 habet
3398 4977 3492 5028 lib.
3521 4991 3555 5033 ι,
3591 4986 3695 5036 cap.
3732 4968 3756 5016 8
3780 4966 3821 5013 εί

3395 4692 3645 4745 conari-nt.
3694 4684 3817 4736 Bob.,

1400 5058 1708 5120 Gatsontam,
1782 5072 1880 5112 seu
1967 5062 2074 5113 ναι.
2154 5054 2524 5120 sequentibus,
2560 5064 2718 5116 quem
2743 5052 2789 5101 si
2837 5050 2983 5101 lubet
3008 5049 3245 5101 consule.

2219 5117 2332 5176 {Id
2385 5126 2464 5177 est
2499 5123 2852 5180 effeminatos,
2906 5122 2995 5183 qui
3046 5124 3103 5171 ut
3153 5119 3424 5172 mulieres
3480 5117 3652 5170 uendo
3689 5117 3817 5183 occuj

2159 5200 2439 5260 parentur.
2508 5194 2733 5246 Pensum
2804 5177 3003 5257 quippe
3069 5196 3149 5242 est
3210 5190 3530 5255 manipulus
3594 5177 3820 5260 lanna“?

2158 5253 2436 5327 cannabis,
2475 5264 2567 5329 qui
2607 5277 2671 5315 ex
2719 5253 2839 5315 colo
2874 5253 3071 5326 penitet
3118 5266 3170 5313 ct
3214 5262 3344 5313 fuso
3367 5253 3622 5331 trahitur.
3658 5253 3820 5331 lirium

2160 5338 2285 5389 item
2342 5327 2722 5387 voce‘dicitur
2782 5334 2981 5398 aliquis
3042 5345 3269 5395 pensum
3323 5345 3485 5384 suum
3546 5327 3820 5397 absolvisse.

2160 5409 2253 5473 qui
2318 5420 2430 5458 rem
2476 5405 2578 5457 sibi
2629 5408 2968 5455 commissam
3034 5402 3288 5455 confecit.
3347 5405 3418 5454 ne
3477 5402 3578 5453 hoc
3633 5398 3825 5473 Narseus

2161 5466 2403 5531 facinore
2450 5478 2570 5528 vide
2618 5476 2837 5527 Paulum
2897 5476 3131 5536 iliacon,
3181 5473 3268 5524 lib.
3318 5489 3358 5523 ιι
3407 5474 3474 5524 de
3520 5471 3689 5522 Gestis
3720 5466 3821 5515 Lan-

2160 5549 2286 5612 gob.
2319 5562 2440 5610 cap.
2484 5549 2543 5607 5;
2570 5546 2715 5609 quod
2746 5545 3053 5598 fabulosum
3080 5545 3381 5597 arbitratur
3405 5543 3657 5600 Valesius,
3680 5536 3741 5587 lib
3781 5540 3824 5581 IX

2134 5622 2353 5672 'llerum
2388 5619 2596 5673 Franc.,
2635 5622 2776 5668 torno
2814 5618 2873 5679 ll,
2910 5618 3065 5679 p.36.

2219 5690 2233 5720 ι
2273 5692 2458 5743 Chesu.
2492 5694 2543 5740 et
2568 5688 2747 5749 Frch,
2769 5675 2970 5754 pariter
3006 5689 3217 5738 interiit.
3243 5689 3383 5738 Nam
3408 5687 3487 5738 ibi
3529 5675 3820 5749 apprehensi.

2222 5772 2253 5792 ’-
2287 5764 2401 5820 Alii,
2437 5761 2796 5827 Stiphotonem.
2822 5762 2981 5824 Bob.,
3011 5761 3330 5825 Staplonem.
3377 5759 3506 5813 Vide
3540 5758 3746 5820 Gregor.
