3946 6188
220 137 313 195 597

1270 121 1632 184 HISTORIA
1673 119 2135 183 FRANCOBUM
2174 120 2629 181 EPITOMATA.

3597 105 3704 167 598

221 267 322 327 tur,
350 263 405 314 et
428 256 491 313 in
528 252 749 312 Italiam
788 249 1066 325 fugaciter
1098 253 1490 321 revertuntur,
1528 249 1759 307 amissis
1786 246 2304 309 om-ARedientes
2331 247 2401 305 ad
2442 252 2623 306 castra
2668 246 2977 317 Austrasii,
3023 244 3301 302 adversus
3348 214 3703 327 Sigibertum

219 343 378 403 nibus
414 356 549 423 qua)
581 339 974 413 przedaveraut
1015 338 1168 408 (Cap.
1217 335 1318 407 37;
1367 339 1467 407 al.,
1504 336 1610 407 43).
1658 334 1916 394 Saxones

218 434 415 492 iterum
444 446 581 488 cum
605 429 885 488 uxoribus
913 433 969 485 ct
996 426 1192 485 liberis
1219 426 1281 484 in
1312 427 1527 486 Gallias
1554 434 1701 490 574
1738 426 1913 484 desti-

219 526 361 588 nant,
408 526 472 577 ut
522 534 555 575 a
609 515 891 588 Sigiberto
942 530 1073 587 rege
1120 515 1350 587 recepti,
1404 515 1465 572 in
1515 514 1707 574 locum
1759 514 1915 572 unde

218 611 475 671 exierunt
520 608 787 665 redirent.
823 605 1135 663 Venientes
1177 607 1240 663 in
1280 606 1631 665 territorium
1659 605 1915 665 Avenni-

218 717 359 770 cum,
389 697 741 757 Mummolus
769 696 1033 769 protinus
1062 696 1292 753 obviam
1321 696 1563 754 veniens
1606 696 1707 764 eis,
1751 694 1911 753 Rho-

220 791 419 849 danum
476 785 721 843 transire
779 799 897 841 non
954 784 1337 857 permittebat.
1400 785 1616 853 Postea,
1668 784 1913 857 acceptis

220 878 573 944 muneribus,
637 876 877 932 transire
930 891 1026 932 eos
1081 875 1358 948 permisit.
1410 877 1499 933 Ad
1559 874 1910 948 Sigiberturn

224 970 348 1044 [Al.,
370 983 401 1023 a
433 965 736 1038 Sigiberto]
769 970 1071 1036 pergentes
1097 962 1157 1020 in
1191 963 1311 1021 loco
1336 963 1491 1021 unde
1516 963 1677 1035 prius
1701 963 1913 1035 egressi

220 1060 447 1125 fuerant,
484 1063 621 1113 sunt
650 1053 906 1112 stabiliti.
950 1053 1167 1122 Postea,
1201 1053 1471 1110 defuncto
1502 1050 1648 1125 Clip,
1687 1052 1913 1125 Lango-

222 1146 513 1206 bardorum
543 1146 720 1202 duces
751 1143 986 1213 Chamo,
1035 1141 1225 1199 Zaban
1274 1147 1327 1199 et
1376 1142 1651 1199 Rodanus
1700 1141 1915 1200 Gallias

224 1240 537 1310 irruperunt
580 1233 870 1309 [Cap.‘39;
907 1236 1007 1303 al.,
1036 1233 1147 1307 45].
1199 1232 1421 1302 Quibus
1463 1232 1692 1291 obviam
1721 1234 1911 1294 Mum-

225 1328 392 1387 molus
426 1342 556 1385 cum
607 1324 865 1383 exercitu
909 1323 1088 1394 venit,
1140 1329 1194 1380 et
1244 1324 1348 1380 hos
1396 1330 1507 1381 tres
1557 1323 1730 1382 duces
1777 1340 1911 1383 cum

225 1432 404 1475 eorum
435 1414 700 1473 exercitu
738 1428 923 1485 usque
967 1411 1039 1468 ad
1078 1411 1526 1470 internecionem
1565 1412 1793 1470 delevit.
1842 1413 1910 1470 In

224 1509 319 1566 alio
344 1524 493 1566 anno
522 1504 883 1565 Mummolus
913 1519 1045 1561 cum
1086 1504 1343 1562 exercitu
1376 1504 1648 1562 Turonus
1680 1520 1744 1561 ac
1783 1503 1908 1561 Pic-

226 1597 370 1665 tavis,
416 1596 661 1669 jubente
711 1594 1092 1662 Guntramno,
1150 1592 1221 1648 de
1275 1598 1547 1665 potestate
1604 1590 1910 1664 Chilperici

226 1686 457 1756 abstulit,
503 1690 561 1743 et
608 1685 680 1742 ad
727 1686 949 1756 partem
992 1678 1261 1752 Sigiberti
1307 1680 1555 1738 restituit
1601 1682 1751 1753 (Cap.
1798 1679 1869 1737 40
1894 1701 1907 1749 ;

229 1778 313 1844 al.,
340 1774 444 1845 46).
487 1773 664 1831 Multi
708 1771 921 1830 ibidem
968 1774 1037 1831 de
1076 1769 1332 1827 exercitu
1360 1768 1668 1841 Chilperici
1694 1774 1750 1825 et
1774 1768 1914 1840 ipsis

231 1862 645 1922 Pictavensibus
682 1874 706 1901 ιι
747 1871 882 1921 sunt
921 1862 1109 1937 gladio
1148 1858 1433 1917 trucidati.
1492 1858 1809 1916 Taloardus
1860 1863 1913 1913 et

229 1950 416 2008 Nuccio
446 1953 468 1982 ³³
495 1951 676 2007 duces
706 1948 1216 2023 Langobardorum
1246 1962 1347 2020 per
1390 1943 1593 2003 ostiola
1635 1944 1695 2001 in
1746 1943 1912 2002 Sido-

230 2054 382 2098 nense
417 2048 438 2074 °
474 2035 830 2095 territorium
874 2051 1007 2094 cum
1051 2032 1309 2092 exercitu
1356 2037 1493 2091 sunt
1530 2031 1795 2105 ingressi,
1838 2030 1911 2088 ad

229 2129 624 2188 monasterium
643 2134 968 2186 sanctorum
983 2123 1422 2199 Agaunensium
1443 2123 1686 2180 nimiam
1705 2123 1912 2179 facien-

231 2225 301 2278 tes
325 2227 583 2292 stragem.
615 2218 811 2276 Baccis
840 2218 980 2275 villa
1010 2218 1055 2287 ἀ,
1090 2231 1197 2273 nec
1228 2212 1427 2288 procul
1457 2214 1530 2271 ab
1558 2212 1681 2286 ipso
1718 2228 1914 2271 mona-

130 2368 135 2377 ,
232 2309 400 2380 sterio,
430 2309 613 2367 duces
640 2315 909 2366 eteorum
934 2306 1223 2365 exercitus
1243 2321 1275 2361 a
1298 2303 1552 2363 Wiolico
1576 2310 1631 2361 et
1651 2303 1913 2361 Theudo-

230 2400 368 2458 fiedo
386 2399 635 2458 ducibus
657 2397 1003 2456 Guntramni
1020 2402 1154 2455 sunt
1170 2392 1474 2452 interfecti.
1489 2392 1813 2466 Quadragin
1824 2397 1876 2449 ta
1889 2406 1911 2431 ο

230 2492 429 2546 tantum
457 2504 528 2545 ex
560 2486 683 2544 illis
711 2486 989 2559 fugaciter
1016 2486 1077 2542 in
1105 2483 1330 2541 Italiam
1358 2487 1636 2539 remeant.

290 2574 476 2633 LXIX.
531 2574 900 2633 Chlodoveus
954 2572 1113 2631 ﬁlius
1166 2569 1471 2642 Chilperici
1526 2569 1908 2641 Burdegalem

230 2664 479 2735 pervadit.
530 2667 584 2723 A
636 2664 859 2737 Sigulfo
900 2664 1047 2723 duce
1091 2666 1413 2735 superatus,
1468 2661 1744 2734 fugaciter
1783 2661 1801 2696 ί
1842 2660 1911 2718 ad

231 2760 423 2826 patrem
452 2755 603 2813 redit
631 2757 783 2827 (Cap.
825 2756 922 2827 t2;
963 2757 1062 2823 al.,
1093 2754 1204 2823 48).

293 2843 447 2921 LXX“.
488 2842 855 2917 Chilpericus
904 2845 1164 2904 Pictavos
1210 2848 1264 2911 et
1313 2842 1575 2901 Turonos
1622 2842 1692 2899 de
1736 2857 1912 2916 regno

236 2928 473 3003 Sigiberti
501 2931 894 3007 pervasit;'et
943 2930 1237 3005 Sigulfum
1279 2932 1485 2989 ducem
1537 2930 1673 3003 fuga
1720 2930 1909 3001 vertit,

235 3033 497 3093 suumque
553 3020 877 3079 exercitum
938 3018 1243 3092 prostravit
1300 3018 1496 3090 (Ibid).
1561 3015 1919 3088 Chilpericus

233 3107 463 3167 civitates
488 3125 589 3167 eas
623 3123 767 3181 quas
798 3114 1127 3181 pervaserat
1158 3104 1441 3179 Sigiberto
1470 3104 1735 3163 reddidit.
1786 3105 1919 3162 Post

235 3214 432 3258 annum
457 3199 821 3272 Chilpericus
849 3214 985 3258 cum
1016 3197 1201 3255 multo
1233 3196 1494 3254 exercitu’
1535 3210 1780 3268 regnum
1824 3193 1916 3252 Si-

234 3285 413 3358 giberti
438 3288 798 3364 ingreditur;
838 3287 937 3346 sed
976 3285 1496 3345 intercurrentibus
1530 3284 1732 3359 legatis
1762 3285 1915 3358 paci-

234 3378 361 3439 ﬁcati
386 3390 536 3441 sunt.

294 3468 475 3529 LXXI.
514 3471 723 3530 Postea
747 3484 867 3529 una
886 3469 1139 3527 inientes
1162 3466 1496 3539 consilium,
1527 3468 1696 3527 ambo
1724 3484 1915 3528 move-

236 3566 349 3618 runt
392 3563 735 3633 exercitum,
784 3560 1042 3619 volentes
1092 3559 1517 3619 Guntramnum
1569 3559 1909 3632 interﬁcere,

237 3665 566 3725 regnumque
619 3655 744 3727 ejus
787 3667 1084 3711 assumere
1125 3654 1280 3723 (Cap.
1316 3651 1423 3723 44;
1464 3654 1565 3723 al.,
1597 3652 1709 3722 50).
1758 3654 1911 3726 Sigi-

237 3737 401 3799 bertus
428 3748 574 3806 575
605 3756 740 3799 cum
769 3740 1027 3799 exercitu
1053 3738 1289 3798 Arciaca
1315 3748 1340 3785 ε
1369 3740 1655 3811 resedens,
1690 3742 1913 3815 Chilpe-

216 3825 366 3886 ‘ricus
398 3830 716 3890 Duodecim
754 3830 983 3889 Pontes.
1031 3829 1293 3889 Audiens
1329 3830 1453 3888 haec
1490 3825 1909 3904 Guntramnus,

238 3917 525 3977 exercitum
582 3917 867 3979 velociter.
903 3924 1134 3988 movet,
1202 3918 1563 3993 veniensque
1619 3920 1753 3979 villa
1799 3921 1910 3979 Ve-

240 4002 366 4064 riaco
407 4022 446 4078 ιι,
496 4006 1021 4067 intercurrentibus
1076 4007 1308 4080 legatis,
1374 4008 1435 4064 hi
1488 4002 1629 4066 tres"
1647 4010 1907 4081 germani

240 4092 545 4168 Sigibertus,
580 4097 981 4157 Guntramnus
1006 4100 1059 4152 et
1084 4094 1441 4168 Chilpericus
1469 4096 1905 4170 Trecasjunxe-

240 4191 372 4251 runt,
417 4194 467 4244 et
504 4188 568 4245 in
616 4186 855 4245 ecclesia
895 4184 1075 4242 sancti
1120 4183 1273 4257 Lupi
1320 4191 1675 4244 sacramenta
1711 4195 1908 4246 contra

240 4266 659 4347 Guntramnum,
713 4282 776 4334 ut
805 4290 1000 4349 pacem
1029 4281 1342 4347 servarent,
1387 4276 1688 4334 dederunt.
1740 4277 1902 4335 Guna

1997 351 2288 396 rumorem
2322 328 2534 409 leVant,
2566 337 2817 396 dicentes
2844 361 2855 394 :
2905 335 3064 394 Sicut
3094 328 3405 406 promisisti
3432 326 3505 384 da
3534 322 3703 397 nobis

1996 428 2098 488 ubi
2132 428 2308 487 rebus
2336 428 2608 499 ditemur,
2662 435 2760 487 aut
2793 427 3147 502 przeliemur,
3200 418 3457 493 alioquin
3497 416 3567 474 ad
3596 424 3695 489 pa-

1996 519 2164 577 triam
2214 533 2328 577 non
2378 519 2739 579 revertimur.
2789 516 2897 575 Ille
2946 516 3149 574 volens
3194 514 3231 582 ί,
3283 508 3623 583 compulsus
3670 519 3697 559 a

1994 608 2138 677 suis,
2179 623 2351 681 super
2380 608 2811 667 Guntramnum
2846 607 2948 676 ire,
2998 600 3281 662 Austrasii
3315 598 3482 655 valde
3510 592 3695 653 coﬁsi-

1994 700 2134 757 liose
2160 700 2173 738 ³
2198 700 2397 759 dicunt
2426 702 2492 758 ad
2523 716 2656 758 eum
2684 724 2693 758 ;
2753 696 3136 757 Sacramentis
3160 708 3356 767 pacem
3386 705 3518 747 cum
3548 686 3703 745 Gun-

1994 797 2220 850 tramno
2258 793 2522 862 ﬁrmasti,
2548 808 2662 867 quo
2701 798 2863 864 pacto
2899 802 3208 863 possumus
3246 798 3418 854 super
3448 795 3582 837 eum
3613 778 3693 835 ir-

1993 882 2198 940 ruere?
2229 880 2593 939 Unanimiter
2614 880 3002 937 exclamantes
3027 892 3085 934 se
3114 890 3283 947 super
3311 868 3695 943 Chilpericum

1995 970 2145 1027 velle
2195 969 2298 1037 ire,
2333 968 2597 1041 protinus
2643 974 2942 1024 moventes
2989 965 3221 1022 irruunt
3256 975 3429 1032 super
3467 955 3699 1028 ChilpeL

1995 1058 2201 1116 ricum.
2231 1058 2361 1116 Jam
2389 1058 2515 1129 ejus
2544 1056 2834 1113 exercitus
2866 1054 2937 1111 ad
2964 1052 3191 1125 propria
3222 1050 3502 1108 festinans
3532 1048 3703 1117 longe

1994 1145 2207 1202 aberat.
2247 1144 2390 1201 Cum
2425 1144 2551 1201 haec
2577 1141 2935 1215 cognovisset
2964 1138 3343 1211 Chilpericus,
3381 1142 3533 1208 terga
3572 1150 3697 1189 vcr-

1996 1241 2122 1291 tens
2148 1234 2422 1291 Thornua
2450 1234 2476 1271 k
2504 1232 2767 1305 pervenit
2812 1234 2958 1304 (Cap.
2978 1230 3044 1288 45
3075 1247 3088 1298 ;
3115 1232 3215 1299 al.,
3244 1228 3344 1297 51).
3382 1225 3707 1297 Sigibcrlus‘

1994 1332 2119 1400 post
2135 1332 2355 1391 tergum
2374 1323 2498 1395 ejus
2513 1322 2768 1381 Parisius
2785 1321 2962 1389 venit,
2984 1319 3181 1394 ibique
3199 1316 3626 1375 sanctissimum
3639 1328 3700 1368 ac

1994 1415 2388 1475 beatissimum
2420 1414 2775 1472 Germanum
2800 1410 3152 1468 Parisiorum
3181 1408 3341 1465 urbis
3370 1406 3701 1480 episcopum

1994 1523 2127 1565 cum
2148 1506 2468 1578 Sigibertus
2488 1504 2743 1573 vidisset,
2767 1504 2891 1560 haec
2905 1501 2976 1559 ab
2989 1502 3188 1559 eodem
3208 1499 3377 1557 verba
3390 1496 3703 1573 prophetiae

1929 1597 2253 1677 Baudivit:
2302 1596 2361 1655 Si
2400 1611 2743 1667 germanum
2782 1601 2948 1652 tuum
2990 1593 3067 1649 ita
3098 1606 3438 1665 persequere
3469 1587 3703 1660 cogitas,

1995 1692 2060 1747 ut
2083 1701 2218 1743 eum
2247 1684 2567 1743 interﬁcere
2590 1683 2878 1756 disponas,
2902 1688 2957 1739 et
2980 1696 3223 1754 regnum
3249 1694 3425 1736 suum
3458 1678 3703 1745 auferre,

1997 1777 2274 1850 scripturn
2303 1782 2422 1834 est:
2456 1780 2683 1833 Foveam
2715 1792 2879 1845 quam
2904 1776 3076 1841 fratri
3104 1779 3192 1827 tuo
3217 1772 3467 1842 parabis,
3500 1772 3555 1823 in
3587 1785 3703 1822 eam

1997 1858 2213 1924 cadebis
2262 1870 2434 1939 (Prov.
2486 1878 2659 1933 XXVI,
2710 1865 2815 1933 ‘27).
2867 1862 3048 1936 Cujus
3095 1858 3453 1931 eastigationi
3500 1858 3704 1915 nolens

1996 1974 2274 2029 annuere,
2305 1957 2585 2030 cogitabat
2614 1961 2803 2029 optata
2833 1955 3106 2027 perﬁcere
3137 1957 3290 2025 (Cap.
3318 1950 3386 2009 46
3414 1968 3427 2021 ;
3457 1954 3556 2019 al.,
3588 1949 3701 2020 52).

1992 2050 2253 2123 Cumque
2304 2048 2621 2107 Victoriaco
2664 2047 3010 2115 accessisset,
3060 2061 3261 2103 omnes
3307 2039 3709 2101 Neustrasiae1

1991 2138 2061 2195 ad
2102 2154 2236 2197 eum
2288 2139 2586 2195 venientes
2633 2152 2694 2194 se
2742 2152 2863 2193 sum
2902 2135 3108 2193 ditioni
3146 2134 3534 2209 subjecerunt.
3582 2134 3704 2190 An-

1996 2226 2227 2284 soaldus
2282 2232 2507 2283 tantum
2564 2241 2697 2283 cum
2757 2222 3081 2298 Chilperico
3138 2222 3433 2280 remansit.
3497 2221 3703 2278 Frede-

1998 2316 2212 2391 gundis
2255 2316 2481 2374 duobus
2530 2315 2727 2389 pueris
2768 2315 2898 2373 dolo
2939 2314 3311 2384 transmissis,
3356 2312 3705 2385 Sigibertum

1997 2404 2373 2473 interﬁciunt,
2406 2409 2461 2460 et
2488 2404 2597 2476 ipsi
2622 2403 2902 2461 interfecti
2932 2409 3087 2460 sunt.
3118 2400 3452 2474 Resumptis
3480 2400 3707 2458 viribus

2001 2494 2361 2568 Chilpericus
2389 2508 2679 2564 suumque
2707 2508 2948 2563 regnum
2979 2490 3209 2564 recepit.

2074 2585 2305 2644 LXXII.
2368 2584 2773 2643 Brunechildis
2823 2599 2956 2642 cum
3018 2582 3138 2639 ﬁlio
3190 2597 3294 2640 suo
3344 2579 3709 2639 Childeberto

1997 2674 2253 2733 Parisius
2283 2675 2390 2731 sub
2420 2674 2679 2731 custodia
2721 2673 3057 2743 tenebatur;
3107 2672 3204 2730 sed
3250 2669 3497 2729 factione
3543 2669 3708 2729 Gun-

1996 2763 2189 2823 doaldi
2220 2764 2384 2821 ducis
2413 2770 2558 2827 576
2606 2760 3009 2820 Childebertus
3047 2760 3108 2816 in
3145 2776 3279 2833 pera
3317 2760 3457 2829 [Αι.,
3495 2761 3707 2832 sporta]

1998 2852 2235 2925 positus,
2288 2866 2390 2923 per
2421 2851 2728 2908 fenestram
2767 2864 2800 2905 a
2838 2863 3015 2921 puero
3044 2854 3305 2919 acceptus
3344 2854 3447 2916 est,
3492 2857 3547 2904 et
3586 2847 3709 2921 ipse

1994 2955 2140 3013 puer
2151 2938 2417 3011 singulus
2433 2954 2567 2996 eum
2587 2937 2775 2995 Mettis
2796 2935 3081 3004 exhibuit,
3105 2935 3305 3008 ibique
3317 2952 3348 2991 a
3364 2935 3707 2994 Gundoaldo

2002 3033 2089 3088 vel
2114 3029 2427 3086 Austrasiis
2447 3028 2507 3085 in
2530 3043 2704 3101 regno
2723 3026 2899 3100 patris
2923 3026 3272 3085 sublimatur
3304 3028 3443 3095 (Lib.
3468 3036 3526 3096 v,
3557 3045 3601 3083 ο.
3632 3020 3704 3095 1).

1998 3118 2404 3177 Brunechildis
2433 3118 2601 3192 jussu
2629 3116 2937 3191 Chilperici
2970 3117 3177 3175 exsilio
3214 3116 3497 3175 Rothomo
3529 3130 3569 3154 ω
3610 3133 3704 3175 re-

2001 3208 2270 3267 truditur.
2318 3206 2385 3264 In
2428 3224 2494 3266 eo
2534 3223 2686 3265 anno
2733 3224 2833 3281 per
2877 3207 3091 3265 ccelum
3136 3208 3327 3279 fulgor
3365 3207 3707 3265 discurrisse

1999 3302 2160 3360 visus
2197 3306 2300 3359 est.
2354 3299 2673 3373 Sigibertus
2715 3299 2779 3357 in
2827 3298 3065 3357 ecclesia
3106 3297 3288 3355 sancti
3322 3297 3578 3355 Medardi
3624 3314 3706 3356 se-

1997 3390 2194 3463 pultus
2249 3395 2352 3460 est,
2410 3394 2576 3446 aetate
2626 3387 3157 3462 quadragenarius,
3218 3387 3439 3445 decimo
3499 3392 3704 3461 quarto

1996 3479 2159 3552 regni
2188 3479 2278 3537 sui
2310 3494 2465 3536 anno
2491 3481 2643 3550 (Cap.
2680 3476 2783 3548 46;
2819 3480 2919 3548 al.,
2952 3477 3065 3547 52).

2068 3568 2327 3628 LXXIII.
2370 3570 2418 3626 A
2450 3568 2693 3626 transitu
2722 3568 3107 3627 Theudeberti
3137 3568 3380 3627 senioris
3406 3584 3591 3644 usque
3628 3571 3700 3629 ad

1994 3660 2218 3720 exitum
2267 3658 2557 3732 Sigiberti,
2607 3658 2747 3716 anni
2794 3671 2951 3716 XXIX
3004 3658 3191 3726 (Ibid)
3239 3671 3309 3727 n;
3356 3673 3385 3716 a
3417 3658 3701 3732 principio

1993 3766 2180 3824 usque
2210 3750 2279 3807 ad
2312 3749 2627 3821 diluvium,
2656 3748 2797 3807 anni
2816 3749 2935 3808 duo
2959 3746 3146 3805 millia
3166 3758 3361 3806 CCXth
3378 3766 3390 3818 ;
3421 3764 3453 3805 a
3476 3746 3699 3809 diluvio

1995 3859 2182 3917 usque
2229 3842 2299 3900 ad
2347 3842 2658 3909 Abraham,
2708 3840 2849 3898 anni
2896 3850 3240 3911 DCCCCXLII;
3287 3838 3358 3896 ab
3404 3838 3697 3897 Abraham

1993 3952 2181 4012 usque
2209 3936 2279 3993 ad
2310 3951 2603 4009 egressum
2632 3934 2884 3993 ﬁliorum
2915 3933 3091 3991 Israel
3125 3949 3199 3991 ex
3243 3933 3511 4007 Egypto,
3556 3933 3698 3991 anni

1990 4035 2289 4093 CCCCLXII;
2340 4024 2412 4081 ab
2452 4039 2684 4096 egressu
2728 4023 2983 4080 ﬁliorum
3016 4020 3193 4080 Israel
3225 4038 3303 4081 ex
3333 4021 3578 4094 [Egypto
3623 4018 3695 4081 ad

1988 4112 2430 4173 aediﬁcationem
2472 4113 2671 4186 templi
2720 4111 3062 4179 Salomonis,
3106 4112 3248 4168 anni
3289 4122 3603 4169 CCCCLXXX
3631 4127 3692 4182 ος

1989 4204 2060 4261 ab
2087 4202 2465 4261 aediﬁcatione
2499 4219 2636 4261 vero
2665 4202 2865 4276 templi
2892 4218 3080 4275 usque
3108 4202 3179 4259 ad
3209 4200 3647 4259 dissolutionem
3671 4213 3691 4240 ι’

1987 4294 2132 4369 ejus,
2156 4292 2789 4365 ettransmigrationem
2823 4290 3177 4365 Babyloniae,
3208 4292 3347 4349 anni
3377 4302 3607 4349 CCCLXX
3636 4306 3689 4351 q.

241 4367 466 4427 tramnus
477 4368 750 4442 idemque
767 4382 899 4426 cum
930 4366 1011 4424 eis
1028 4380 1224 4439 pacem
1245 4367 1615 4427 sacramentis
1630 4367 1901 4427 ﬁrmavit.
1920 4341 1971 4398 D
1984 4341 2035 4446 ξ’
2048 4341 2575 4461 ἶξξιῇέιξλίετξιιίδᾜξ

284 4584 300 4604 ⁸
330 4577 445 4641 Alii,
470 4589 515 4632 et
539 4579 645 4645 ipsi
676 4579 1016 4631 Pictavenses.

290 4645 309 4675 δ
337 4648 474 4710 Edlti,
505 4652 720 4702 Nuntio.
755 4651 925 4715 Ches,
957 4648 1295 4703 Thaloardus.

336 4720 386 4772 1d
426 4726 503 4775 est
564 4722 904 4776 Sedunense.
954 4722 1225 4775 Sedunum
1268 4723 1401 4774 urbs
1447 4726 1528 4777 est
1580 4724 1904 4788 episcopalis

242 4785 425 4863 illarum
476 4794 709 4863 partium
774 4806 873 4847 suo
939 4794 1210 4860 episcopo,
1262 4794 1465 4848 Rhaetis
1519 4785 1905 4861 con—fcederato,

241 4857 661 4929 subjecta,vulgo
683 4864 819 4918 Sion
852 4866 1013 4917 dicta.

292 4929 311 4958 ⁴¹
340 4931 505 4987 Locus
518 4936 683 4999 vulgo
714 4938 820 4986 Bea:
846 4937 1044 4996 dictus,
1066 4938 1206 4989 haud
1232 4937 1423 5003 procul
1450 4936 1516 4989 ab
1542 4940 1773 5002 Agauno
1797 4952 1907 4991 mo-

241 5005 449 5056 nasterio
476 5008 702 5070 positus.
727 5007 882 5059 Hanc
903 5007 1111 5060 cladem
1144 5009 1313 5061 refert
1362 5008 1555 5061 Marius
1580 5008 1648 5060 ad
1672 5022 1759 5061 an.
1789 5011 1901 5062 574.

292 5072 310 5144 ξ
344 5073 490 5128 Freh.
519 5081 571 5129 et
593 5078 715 5129 Can.
743 5079 809 5130 al.
843 5079 1124 5142 mendose,
1153 5081 1504 5144 quadraginta
1524 5080 1716 5132 millia.

296 5142 311 5179 τ
341 5144 456 5209 Alii,
484 5157 747 5213 superatus
771 5158 816 5200 et
844 5151 1069 5214 fugatus.

296 5224 318 5259 ε
348 5216 490 5270 Vicus
540 5225 622 5272 est
667 5223 907 5286 quinque
964 5223 1133 5275 leucis
1182 5222 1250 5275 ab
1294 5223 1429 5275 urbe
1485 5223 1666 5275 Trecis
1710 5236 1904 5276 versus

244 5282 444 5366 boream
492 5282 727 5366 distans,
765 5282 918 5345 Albae
957 5294 1120 5346 ﬂuvio
1170 5295 1473 5358 impositus,
1530 5295 1657 5347 inde
1709 5296 1898 5358 dictus,

242 5354 651 5438 :ircif-sur-Aube-
702 5354 1006 5418 Duodecim
1068 5354 1265 5418 Pontes
1319 5366 1633 5433 oppidulum
1696 5366 1822 5417 olim
1872 5354 1904 5418 ὀ,

241 5432 457 5502 pontium
514 5448 738 5489 numero
800 5438 879 5489 sic
924 5438 1141 5496 dictum,
1207 5450 1353 5490 nunc
1400 5432 1591 5491 Pontes
1646 5438 1903 5502 Sequanae

246 5498 675 5575 (ﬁngar-Scine)
730 5507 1048 5573 simpliciter
1110 5509 1432 5575 appellatur.
1498 5509 1570 5563 De
1624 5498 1743 5562 hoc'
1783 5508 1903 5563 loco

243 5569 353 5625 vide
373 5572 532 5631 Vales.
561 5580 617 5632 in
644 5569 1164 5635 Notum-Galliarum:

2046 4585 2069 4616 ι’
2105 4586 2192 4636 An
2228 4584 2584 4645 Villariacum,
2625 4583 2691 4635 de
2716 4594 2822 4647 quo
2843 4593 3008 4646 supra
3032 4592 3150 4645 cap.
3182 4581 3258 4632 19.

2050 4657 2062 4687 ι
2095 4656 2252 4707 Freh.
2284 4659 2339 4708 et
2368 4655 2582 4716 Chesn.,
2617 4653 2711 4707 Ille
2738 4653 2934 4705 nolens.

2046 4732 2061 4777 1
2093 4727 2282 4786 Canis,
2310 4726 2570 4778 insidiose.
2714 4756 2727 4769 κ

2051 4799 2072 4829 ι
2107 4798 2304 4859 Canis.,
2366 4800 2610 4848 Turonos.
2698 4797 2800 4849 Sed
2865 4796 3159 4861 legendum
3223 4800 3304 4851 est
3381 4801 3681 4862 Tornacum,

1988 4883 2095 4936 quo
2120 4882 2180 4921 se
2215 4869 2549 4934 Chilpericus
2581 4872 2802 4933 recepit,
2833 4882 2900 4921 ex
2926 4870 3214 4935 Gregorio.

2050 4942 2062 4972 ¹
2091 4940 2276 4993 Chesn.
2310 4944 2363 4994 et
2390 4940 2563 5003 Freh,
2587 4941 2886 4993 Neustrasii.
3324 4990 3327 4995 .

2049 5023 2079 5042 υ
2109 5012 2301 5065 Chesn.
2359 5015 2409 5064 et
2475 5012 2653 5073 Freh.,
2728 5015 3089 5065 Rothomerem.
3137 5014 3337 5071 Canis.,
3398 5014 3681 5078 Rotomagi,

1986 5087 2038 5137 et
2078 5084 2166 5135 Ch.
2223 5083 2311 5143 al.,
2372 5086 2660 5136 Ratomum.
2719 5086 2899 5137 Lectio
2949 5086 3080 5137 Clar.
3132 5086 3183 5135 et
3218 5082 3353 5135 Bob.
3387 5096 3547 5148 quam
3592 5098 3678 5139 se-

1984 5156 2216 5220 quimur.
2265 5156 2483 5220 optima,
2537 5159 2753 5208 veteres
2798 5158 2997 5222 quippe
3056 5155 3335 5206 Rodomum
3391 5159 3480 5208 aut
3522 5157 3682 5208 Roto-

1984 5239 2145 5284 mum,
2176 5228 2348 5277 Rouen
2377 5226 2649 5279 dicebant.

2046 5308 2069 5328 -
2102 5299 2227 5349 Cau.
2260 5299 2348 5357 al.,
2383 5309 2507 5350 xxx.

2040 5377 2061 5397 °
2094 5368 2278 5419 Nullus
2298 5367 2395 5420 hic
2417 5372 2500 5420 est
2529 5378 2788 5420 numerus
2809 5365 2864 5416 in
2897 5365 3066 5416 Canis.

2048 5438 2226 5489 pBoh.
2292 5442 2346 5492 et
2390 5438 2535 5497 Can.,
2586 5436 2978 5500 desolationem;
3054 5436 3232 5502 Freh.,
3283 5439 3681 5492 dissolationem.

2048 5520 2069 5550 ε
2102 5509 2316 5573 Chesn.,
2391 5520 2641 5571 cccnxx;
2710 5508 2907 5573 Canis,
2972 5522 3123 5563 CCCL.
3201 5508 3345 5564 Clar.
3396 5514 3447 5563 et
3501 5510 3683 5577 Freh.,

1986 5593 2206 5641 CCCLXL,
2242 5582 2296 5635 id
2318 5584 2418 5646 est,
2450 5592 2634 5632 cccxc.
