3946 6188
216 110 322 170 599
632 118 635 121 ί
1302 116 1358 173 s.
1402 114 1756 174 GBEGORII
1799 114 2132 176 EPISCOPI
2172 70 2646 173 TURONENSIPS
2840 70 2847 73 ν
3625 114 3747 174 see.

219 233 474 309 Domini,
499 236 641 294 anni
662 247 925 297 ncxnvm
951 248 1013 307 ·;
1041 252 1075 295 a
1098 237 1363 311 passione
1384 237 1618 297 Domini
1638 253 1822 313 usque
1852 238 1923 296 ad
1939 236 2393 312 ACbilpericum
2426 235 2696 308 tractarit,
2732 235 2887 311 quod
2912 235 3153 295 veritate
3180 233 3552 292 subsistebat
3578 237 3730 309 (Cap.

221 325 533 397 transitum
570 327 752 387 sancti
801 325 1054 397 Martini,
1100 328 1243 387 anni
1282 341 1551 401 ccccxu;
1600 348 1635 389 a
1685 329 1929 388 transitu
2016 329 2121 394 19).
2168 330 2469 388 Meroveus
2504 328 2716 387 iterum
2760 325 2944 385 laicus
2986 326 3262 396 eiiicitur,
3305 324 3382 383 de
3416 324 3735 384 Theronus

220 417 403 476 sancti
445 415 675 477 Martini
717 417 1017 491 usquead
1067 418 1372 479 transitum
1417 420 1727 479 Chlodovei
1759 421 1928 496 regis,

222 506 365 573 anni
385 519 545 576 CXII;
577 522 610 564 a
634 507 872 564 transitu
896 505 1206 566 Chlodovei
1230 512 1383 583 regis
1407 526 1592 585 usque
1620 511 1691 568 ad
1722 511 1929 569 transi-

223 602 353 655 tum
386 593 795 665 Theudeberti,
825 596 967 653 anni
999 610 1219 658 XXXVII
1249 599 1302 671 ¹’;
1333 616 1366 658 a
1396 601 1641 658 transitu
1670 600 1931 659 Theudo-

222 682 373 741 berti
408 697 590 756 usque
614 683 694 739 ad
723 683 949 743 exitum
995 684 1285 759 Sigiberti,
1342 688 1480 747 anni
1532 703 1726 761 XXIX;
1778 690 1932 765 quod

225 780 362 833 sunt
391 771 562 829 simul
590 772 731 830 anni
762 774 1029 848 quinque
1060 776 1241 835 millia
1270 791 1589 839 nccnxxw.

298 862 555 922 LXXIV.
589 863 948 955 Chilpericus
974 865 1162 924 filium
1195 885 1373 927 suum
1397 869 1731 929 Meroveum
1760 870 1934 929 Picta-

228 957 319 1016 vis
344 972 478 1016 cum
510 958 769 1016 exercitu
805 956 1039 1028 direxit,
1075 968 1131 1018 et
1162 963 1376 1023 exinde
1406 972 1699 1024 revertens
1728 966 1941 1025 Rotllo-

225 1061 390 1106 mum
416 1045 672 1117 accessit,
708 1055 761 1104 et
795 1046 1233 1109 Brunichildem
1262 1052 1321 1110 in
1354 1055 1692 1128 conjugium
1728 1057 1943 1131 accepit

226 1134 369 1203 (Lib.
402 1144 465 1203 v,
506 1132 731 1213 cap.2).
793 1134 1064 1195 Protinus
1111 1136 1468 1211 Chilperieus
1512 1143 1704 1217 ipsum
1755 1145 1825 1203 de
1875 1161 1941 1203 ea

227 1222 533 1298 separavit.
608 1223 1031 1298 Campanenses
1103 1226 1416 1288 Sexsionas
1468 1242 1490 1269 ο
1541 1240 1936 1306 pervaserunt.

228 1313 589 1388 Chilpericus
612 1330 747 1373 cum
775 1316 1032 1375 exercitu
1059 1326 1258 1378 contra
1284 1337 1381 1381 eos
1409 1322 1679 1395 invaluit,
1713 1325 1941 1385 Sexsio-

160 1438 161 1443 η
231 1421 337 1465 nas
358 1405 569 1477 recepit
597 1408 753 1479 (Cap.
782 1406 858 1476 3).
883 1407 1098 1476 Filium
1131 1426 1307 1469 suum
1336 1412 1668 1475 Meroveum
1700 1432 1850 1475 onus
1878 1417 1939 1476 in

2015 421 2115 492 [Id.
2146 424 2243 485 est,
2272 417 2543 487 Turonis]
2595 416 2827 489 fugiens
2869 431 2970 489 per
3007 415 3392 474 Autisiodero
3434 413 3738 471 Divionem

2013 508 2192 579 venit,
2243 508 2302 566 in
2348 508 2734 566 Bllemensem
2765 504 3123 579 campaniam
3167 503 3550 578 peraceessit,
3600 508 3741 569 578

2012 616 2046 657 a
2074 598 2616 658 Taravannensibus
2644 599 3075 656 circumventus
3114 603 3226 667 est,
3274 604 3335 653 et
3377 595 3443 653 in
3495 594 3742 667 quadam

2014 689 2153 747 villa
2187 689 2551 749 concluditur
2580 706 2614 747 a
2645 687 2883 748 Gaileno
2925 687 3060 761 [Al.,
3102 683 3402 758 Gauleno]
3460 682 3740 741 familiare

2016 796 2121 839 suo
2154 783 2307 853 (Cap.
2343 781 2450 849 14).
2488 781 2736 853 Ipsoque
2768 786 3020 849 rogante,
3063 776 3386 835 Meroveus
3431 773 3619 833 cultro
3660 772 3743 830 in-

2016 873 2287 930 tert'ectus
2314 878 2417 927 est.
2452 869 2730 929 Gailenus
2774 868 3043 927 manibus
3079 874 3133 924 et
3165 864 3452 940 pedibus,
3506 862 3741 922 naribus

2019 970 2075 1021 et
2104 961 2346 1020 auribus
2376 968 2696 1029 truncatus,
2730 961 2971 1031 turpiter
2998 957 3178 1015 vitam
3207 954 3436 1013 ﬁnivit.
3491 985 3507 997 -

2092 1056 2347 1116 LXXIX.
2392 1055 2603 1113 Eodem
2630 1061 2883 1128 tempore
2905 1051 3175 1111 Justinus
3196 1051 3529 1122 imperator
3548 1061 3742 1106 amens

2020 1152 2254 1209 effectus
2280 1156 2364 1206 est
2397 1150 2549 1219 (Cap.
2582 1147 2690 1218 ‘20).
2751 1145 2963 1221 Sophia
3000 1146 3128 1217 eius
3161 1144 3446 1216 Augusta
3476 1155 3613 1198 cum
3643 1139 3741 1197 Ti-

2021 1240 2180 1299 berio
2202 1238 2423 1298 Caesare
2451 1238 2680 1310 regebat
2706 1235 3034 1310 imperium.
3069 1235 3355 1293 Tiberius
3392 1229 3743 1302 largissimus

2022 1334 2084 1391 in
2113 1330 2493 1404 eleemosynis
2532 1331 2661 1388 fuit.
2724 1327 2833 1389 Sed
2877 1343 3010 1387 cum
3056 1343 3090 1385 a
3141 1324 3373 1400 Sophia
3410 1329 3743 1395 argueretur

2023 1430 2094 1482 ut
2139 1422 2478 1479 thesaurum
2522 1436 2638 1481 non
2670 1423 2932 1486 vastaret,
2979 1416 3042 1475 in
3082 1414 3283 1474 medio
3324 1411 3539 1472 Palatii
3584 1425 3745 1469 cruce

231 1503 379 1563 577
424 1496 721 1556 clericatui
775 1506 1074 1559 tonsurare
1125 1502 1276 1573 fecit,
1335 1512 1391 1561 et
1442 1507 1740 1581 presbyter
1783 1509 1943 1567 ordi-
2024 1511 2088 1569 in
2118 1510 2304 1584 lapide
2333 1516 2572 1582 reperta,
2612 1507 2777 1581 jubet
2813 1506 3081 1565 Tiberius
3127 1496 3335 1578 ipsum
3380 1501 3637 1576 lapidem
3674 1499 3743 1556 le-

231 1595 405 1648 natur
434 1592 588 1663 (Cap.
625 1590 708 1659 14)
734 1590 781 1649 ἀ.
824 1591 1213 1652 Roccolenum
1245 1595 1476 1668 ducem,
1510 1596 2177 1665 Guntramnuvaare.
2223 1597 2503 1657 Desubter
2546 1597 2565 1633 ι
2609 1597 2673 1655 in
2709 1596 2823 1655 alio
2863 1595 3052 1670 lapide
3084 1595 3223 1653 duae
3260 1607 3473 1651 cruces
3508 1595 3745 1663 repertae

234 1678 496 1756 itemque
541 1681 751 1741 ducem
801 1686 1269 1758 persequendum
1319 1686 1577 1762 Toronos
1630 1689 1947 1749 transmisit
2028 1696 2182 1763 sunt,
2238 1687 2539 1760 levatoque
2582 1692 2639 1744 et
2681 1686 2805 1760 ipso
2852 1685 3090 1744 inventa
3133 1689 3277 1742 sunt
3318 1680 3527 1740 subter
3562 1678 3741 1752 ipsum

236 1775 393 1846 (Cap.
453 1773 527 1843 ’i).
584 1773 941 1833 Boccolenus
984 1775 1057 1833 ab
1107 1776 1445 1836 infirmitate
1501 1786 1747 1839 vexatus
1798 1780 1947 1840 nihil
2027 1780 2190 1839 mille
2217 1776 2539 1838 centenaria
2571 1786 2598 1823 ε
2636 1779 2785 1848 auri,
2834 1777 2987 1851 quod
3031 1774 3275 1849 largiter
3319 1772 3529 1831 divino
3564 1783 3745 1828 amore

234 1860 451 1921 ibidenl
485 1861 812 1936 praevaluit.
2030 1870 2298 1930 Tiberius
2328 1866 2679 1941 pauperibus
2708 1868 2983 1938 erogavit.

309 1950 537 2011 LXXV.
579 1951 663 2009 Eo
696 1958 949 2026 tempore
982 1959 1213 2013 sanctus
1242 1952 1565 2014 Germanus
1594 1955 1951 2016 Parisiorum
2105 1957 2330 2017 LXXX.
2404 1958 2684 2016 Defuncto
2732 1957 2972 2015 Narside
3002 1998 3019 2027 ,
3079 1955 3371 2029 prodente
3426 1952 3622 2024 aliquo
3674 1965 3746 2008 se-

238 2039 542 2115 episcopus
573 2041 1006 2114 transmigravit
1033 2042 1107 2101 ad
1132 2043 1450 2103 Dominum
1482 2048 1633 2119 (Cap.
1673 2046 1745 2107 8;.
1789 2047 1950 2106 Chil-
2034 2066 2174 2110 nece
2203 2051 2246 2120 δ,
2298 2047 2393 2106 cui
2423 2046 2621 2104 Narsis
2654 2045 2991 2115 crediderat,
3032 2045 3381 2111 thesaurum
3427 2042 3555 2116 ejus
3602 2038 3750 2098 Tibe-

240 2130 469 2209 pericus
488 2130 677 2190 tilium
702 2148 882 2191 suum
907 2133 1301 2197 Chlodoveum
1323 2136 1590 2195 Toronus
1614 2140 1696 2210 [Id
1714 2144 1813 2209 est,
1842 2138 1953 2197 Tu-
2037 2140 2159 2199 rius
2188 2135 2590 2195 absconditum
2622 2134 2731 2193 sub
2771 2141 2917 2192 terra
2963 2133 3210 2204 invenit,
3264 2132 3522 2190 nimiam
3564 2126 3747 2187 multi-

246 2226 436 2290 ronos]
490 2223 844 2292 transmisit,
903 2223 1004 2298 qui
1060 2232 1115 2282 et
1170 2224 1323 2284 ultra
1378 2226 1645 2299 Ligerem
1699 2228 1958 2287 civitates
2040 2226 2678 2300 tudinem-ponderum
2728 2225 2857 2282 auri
2909 2231 2964 2282 et
3013 2223 3264 2295 argenti,
3314 2238 3421 2280 seu
3459 2228 3515 2278 et
3552 2216 3749 2291 lapides

247 2308 599 2389 Childeberti
646 2312 983 2384 pervaderet
1031 2315 1180 2387 (Cap.
1226 2315 1329 2385 13).
1385 2314 1741 2381 Mummolus
1791 2318 1963 2391 patri—
2042 2316 2320 2391 pretiosos
2358 2314 2553 2385 (Ibid.).
2603 2313 2767 2383 Quod
2798 2312 3067 2385 idemque
3092 2309 3340 2382 largiter
3385 2307 3653 2367 Tiberius
3698 2303 3749 2391 in

178 2410 179 2413 ‘
247 2397 373 2457 eius
422 2399 770 2459 Guntramni
816 2412 1015 2461 contra
1061 2404 1457 2462 Chlodoveum
1505 2412 1561 2463 et
1597 2390 1962 2464 Desiderium
2045 2390 3749 2476 alimoniisdistribuitpauperum.SamsontiliusChilperici

251 2488 459 2548 ducem
516 2489 828 2565 Chilperici
879 2494 1101 2554 bellum
1158 2496 1348 2568 gessit,
1395 2512 1607 2572 eosque
1649 2499 1961 2572 superavit.
2048 2500 2312 2568 moritur,
2341 2511 2514 2571 quem
2538 2489 3347 2568 Chilpericusnimiumluxit
3370 2490 3522 2561 (Cap.
3552 2482 3749 2554 23).Eo

253 2576 413 2638 Caesa
434 2595 468 2637 a
499 2581 583 2649 [Id
625 2588 724 2647 est,
758 2588 851 2651 ex]
886 2582 1191 2642 Mummoli
1225 2586 1485 2646 exercitu
1531 2587 1793 2662 quinque
1838 2588 1967 2647 mil-
2049 2607 2205 2651 anno
2232 2589 2394 2649 stella
2420 2590 2483 2648 in
2513 2586 2701 2645 medio
2731 2586 2887 2643 lunae
2916 2584 3147 2655 fulgens
3178 2581 3313 2639 visa
3342 2584 3431 2637 est
3470 2580 3615 2650 (Cap.
3653 2572 3743 2662 ‘24)-

253 2666 352 2747 lia.
381 2685 416 2727 a
442 2668 739 2729 Desiderio
771 2686 907 2731 vero
940 2673 1148 2746 Viginti
1178 2674 1380 2735 millia.
1551 2660 1563 2662 ⁷
1700 2660 1713 2662 '
2050 2680 2494 2742 Gunthramnus
2521 2675 2689 2743 Boso,
2734 2671 2948 2731 relictis
2981 2670 3213 2728 ﬁliabus
3261 2668 3388 2727 suis
3428 2667 3491 2724 in
3533 2660 3745 2722 ecclesia

330 2757 588 2820 LXXVI.
625 2758 783 2820 Inter
813 2761 1034 2822 Suevos
1062 2770 1117 2822 et
1154 2763 1413 2824 Saxones
1451 2765 1673 2826 bellum
1712 2768 1968 2827 surrexit
2052 2771 2234 2834 sancti
2262 2767 2490 2835 Hilarii,
2514 2768 2594 2845 ad
2623 2763 3051 2823 Childebertum
3079 2761 3314 2821 transiit
3351 2762 3505 2833 (Cap.
3533 2756 3636 2827 25).

260 2851 417 2924 (Cap.
455 2851 565 2919 15).
615 2850 761 2910 Caesi
801 2859 939 2912 sunt
970 2870 1006 2912 a
1050 2853 1381 2916 Saxonibus
1418 2857 1627 2933 viginti
1666 2858 1869 2931 millia,
1914 2864 1971 2917 et
2123 2868 2294 2925 Anno
2348 2875 2578 2935 quoque
2634 2857 2799 2915 tertio
2848 2854 3200 2915 Ghildeberti
3259 2853 3437 2925 regis,
3501 2848 3599 2923 qui
3643 2851 3743 2903 erat

263 2954 367 3003 sex
415 2938 621 3000 millia
648 2946 873 3000 tantum
920 2957 997 3000 ex
1042 2943 1126 3002 eis
1170 2953 1590 3005 remanserunt.
1647 2946 2362 3030 SuevorumcChilperici
2399 2958 2453 3009 et
2492 2948 2883 3010 Gunthramni
2919 2947 3197 3020 septimus
3230 2944 3497 3003 decimus
3523 2943 3555 3009 ί,
3603 2938 3744 2998 Gun-

264 3042 498 3104 quoque
543 3043 648 3087 sex
680 3039 703 3068 °
748 3030 933 3089 millia
978 3032 1387 3108 quadringenti
1434 3035 1721 3109 octoginta
1756 3044 1812 3094 et
1849 3043 1934 3097 oet

2107 3053 2364 3109 ll‘amnus
2392 3046 2538 3105 Boso
2567 3042 2716 3101 filias
2744 3057 2877 3101 suas
2900 3058 2934 3099 a
2972 3040 3215 3098 Peetavo
3252 3038 3489 3097 auferre
3526 3030 3740 3095 vellens,

262 3118 533 3195 prostrati
574 3125 732 3177 sunt.
780 3119 1015 3195 Reliqui
1059 3137 1195 3181 vero
1238 3122 1537 3183 victoriam
1576 3125 1971 3186 obtinuerunt.
2058 3138 2410 3200 Draco1euus
2431 3149 2605 3209 super
2627 3148 2760 3193 eum
2788 3131 2957 3189 irruit
2989 3132 3140 3202 (Cap.
3170 3129 3290 3198 26).
3322 3126 3503 3186 Multa
3529 3130 3743 3180 Inlmel’a

272 3215 534 3275 summes
562 3216 943 3288 devoveram:
988 3224 1052 3276 ιη
1082 3234 1186 3278 nec
1214 3221 1418 3296 Pilum»
1473 3237 1579 3279 nec
1609 3221 1846 3280 barbam
1885 3220 1974 3278 ῘΠ·
2059 3249 2091 3291 a
2116 3231 2520 3291 Gunthranino
2549 3223 2859 3283 Dracoleno
2884 3222 3241 3291 offeruntur;
3273 3219 3373 3277 sed
3397 3211 3739 3274 Dracolenus,

270 3308 546 3378 ciderent,
579 3309 919 3384 priusquam
944 3312 1093 3370 hanc
1120 3313 1402 3389 injuriam
1424 3312 1859 3385 ulciscerentur,
1880 3312 1978 3372 sed
2060 3330 2125 3383 ut
2154 3327 2275 3381 erat
2318 3319 2521 3389 elatus,
2570 3316 2750 3374 dicit:
2801 3311 3177 3380 Funiculum,
3227 3309 3388 3369 unde
3424 3307 3563 3365 alios
3590 3301 3743 3389 ligare

274 3399 515 3458 Πλθοίίίδ
540 3407 852 3459 meorum
881 3401 1223 3462 iracundia»
2064 3415 2238 3487 soleo,
2292 3418 2557 3487 paratum
2603 3410 2807 3477 habeo,
2860 3406 2964 3466 ubi
3013 3410 3068 3463 et
3116 3402 3559 3463 Gunthramnus
3595 3388 3741 3451 hodie

348 3490 635 3581 LXXVII.
671 3492 965 3551 Britannis
993 3494 1315 3567 Magliavus
1340 3502 1397 3555 et
1420 3496 1678 3557 Bodecus
1705 3497 1806 3556 illo
1834 3503 1979 3555 tem-
2063 3485 2313 3581 ligatur:
2355 3505 2616 3577 Cumque
2669 3501 2870 3560 fuisset
2923 3496 3190 3572 praelium
3246 3500 3540 3569 coeptum,
3602 3485 3742 3581 Gunl-n

280 3595 414 3678 pore
443 3580 680 3678 comites
706 3589 889 3654 erant,
939 3585 1251 3645 amicitiam
1288 3601 1424 3646 cum
1470 3589 1839 3659 sacramentis
1887 3587 1984 3644 in-
2068 3570 2396 3667 tliramnus,
2429 3570 2693 3651 invocato
2717 3570 2951 3650 nomine
2978 3585 3231 3657 Domini,
3268 3592 3325 3645 et
3356 3583 3562 3642 virtute
3590 3570 3745 3634 sancti

278 3668 469 3729 ‘vicem
515 3667 763 3729 inientes
807 3673 1105 3750 (Capiti).
1145 3674 1369 3734 Mortuo
1410 3675 1620 3735 Bodico
1666 3676 1989 3748 Magliavus
2071 3686 2327 3757 Martini,
2384 3665 2571 3742 levato
2616 3688 2803 3753 conto,
2860 3679 3241 3740 Dmcoleuum
3292 3680 3498 3734 mactat
3546 3670 3601 3728 iu
3647 3665 3745 3722 fau-

280 3759 473 3821 ﬁlium
501 3762 646 3837 eius;
687 3763 925 3823 nomine
953 3764 1402 3836 ΤΗΘυάθΓῘευω,
1439 3766 1510 3824 de
1539 3782 1717 3839 Γθὲξῐὶο
1742 3765 1987 3841 exlium:
2073 3779 2257 3847 cibus,
2304 3789 2765 3848 suspensumque
2806 3772 2875 3830 de
2905 3786 3073 3847 equo,
3126 3775 3424 3828 mortuum
3465 3765 3523 3822 in
3570 3768 3744 3819 terram

285 3852 398 3915 Sed
437 3853 677 3914 tandem
725 3856 1033 3929 resumptis
1069 3856 1293 3916 Viribus
1334 3857 1729 3917 TheUdBI‘iCUS
1762 3856 1993 3930 Maglia-
2075 3845 2350 3944 projecit;
2386 3845 2630 3922 feliciter
2660 3845 2855 3936 postea
2908 3845 3058 3935 quod
3097 3860 3271 3933 coepit
3322 3853 3602 3944 explevit.
3638 3845 3746 3942 Post

286 3961 427 4007 vum
476 3962 609 4007 cum
662 3946 785 4005 filio
824 3948 999 4008 Jacob
1036 3948 1345 4020 interfecit,
1398 3964 1765 4021 regnumque
1819 3946 1993 4021 patris
2076 3931 2205 4017 Ῐιεεξ)
2265 3931 2513 4026 Ρρριεινί,
2564 3931 2866 4030 Βδέίιεδίηί
2910 3931 2947 4023 ᾖ
3001 3931 3338 4021 Cenomani,
3389 3953 3445 4007 οι
3484 3931 3746 4010 AndegaVi

285 4038 515 4114 recepit.
547 4036 881 4100 Warocbus
913 4036 1184 4111 Magliavi
1225 4038 1380 4096 illius
1416 4038 1475 4097 in
1519 4038 1696 4113 patris
1742 4041 1864 4097 loco
1907 4053 1996 4097 co-
2077 4065 2208 4110 cum
2261 4046 2393 4105 aliis
2438 4044 2641 4104 multis
2692 4043 2752 4101 iu
2809 4042 3169 4101 Britanniam
3226 4044 3423 4099 contra
3466 4032 3745 4093 Warocum

288 4143 412 4187 mes
459 4125 708 4185 etﬁeitur
752 4128 900 4199 (Cap.
938 4126 1037 4195 17).
1082 4126 1483 4186 Guntramnus
1540 4142 1645 4187 rex
1693 4126 1839 4187 duos
1883 4125 1997 4189 Ma-
2078 4138 2398 4199 exercitum
2437 4140 2581 4198 579
2616 4140 2890 4203 moveut;
2942 4148 3114 4206 super
3160 4147 3308 4203 quos
3348 4127 3617 4187 Warocus
3636 4127 3742 4206 per

286 4216 588 4294 gnacharii
626 4216 777 4274 iilios
815 4214 1006 4289 gladio
1054 4216 1358 4287 interemit,
1404 4218 1715 4292 instigante
1764 4220 1998 4279 Austre-
2077 4236 2304 4289 noctem
2334 4241 2534 4294 ruens,
2576 4206 2841 4282 nimium‘
2869 4201 3117 4295 stragem
3155 4201 3226 4278 de
3276 4213 3594 4280 Saxonibus
3634 4201 3736 4265 Bai-

290 4308 485 4368 childe
536 4302 757 4397 regina,
800 4304 1099 4397 facultates
1143 4320 1343 4365 eorum
1390 4307 1527 4367 tisco
1574 4306 1813 4380 redegit.
1864 4304 2324 4397 FiliiDgassinis
2353 4314 2483 4373 fecit
2516 4314 2661 4386 (σαρ,
2696 4312 2801 4382 27),

293 4397 639 4457 Guntramni
672 4394 787 4455 duo
813 4395 1089 4455 continuo
1115 4397 1335 4463 mortui
1353 4403 1507 4457 sunt.
2014 4392 2052 4397 ⁷
2086 4392 2105 4394 ⁷
2151 4410 2325 4467 Anno
2360 4410 2562 4481 quarto
2591 4402 2955 4471 Childeberu,
2995 4400 3097 4473 qui
3127 4398 3239 4459 fuit
3262 4396 3510 4457 decimus
3540 4392 3738 4481 octavus

366 4489 683 4551 LXXVIII.
730 4489 1134 4575 Guntramnus
1161 4491 1596 4552 Childebertum
1623 4492 1813 4552 ﬁlium
1845 4492 2000 4567 Sigi-
2083 4473 2432 4558 Guntramni
2485 4501 2541 4552 et
2591 4492 2939 4567 Chilperici,
3003 4489 3278 4549 Salonius
3331 4493 3383 4546 et
3444 4473 3739 4575 Sagittarius

293 4580 441 4643 berti
467 4581 756 4654 adoptavit
782 4572 843 4639 in
870 4580 1063 4640 ﬁlium
1107 4583 1263 4653 (Cap.
1312 4581 1416 4650 18).
1459 4579 1817 4653 Chilpericus
1857 4566 2006 4640 Praa-
2088 4586 2337 4661 episcopi
2370 4583 2687 4643 Cabilonno
2726 4566 2787 4639 in
2832 4581 3053 4655 synodo
3096 4578 3168 4636 ab
3216 4576 3533 4651 episcopatu
3577 4566 3737 4660 degﬁi‘

296 4676 579 4731 textatum
595 4668 1045 4729 Rothomensem
1064 4672 1396 4744 episcopum
1417 4670 1479 4728 in
1500 4670 1778 4729 exsilium
1806 4671 2001 4743 trudit,
2086 4677 2296 4735 dantur
2322 4674 2469 4747 (Cap.
2508 4670 2612 4741 28).
2664 4668 3025 4743 Chilpericus
3068 4665 3471 4738 descriptiones
3513 4661 3736 4747 gravis?

300 4766 571 4835 reputans
611 4758 666 4818 ei
710 4760 865 4833 quod
906 4738 1150 4818 consilio
1186 4738 1596 4819 Br'unecbildis
1632 4774 1777 4818 usus
1808 4738 2004 4817 contra
2086 4782 2210 4826 mas
2235 4764 2297 4824 iu
2325 4738 2486 4823 oin-ni
2517 4738 2729 4837 populo
2760 4738 2923 4835 regni
2961 4759 3053 4819 sui
3095 4758 3224 4817 ﬁeri
3262 4755 3433 4832 jussit
3465 4752 3607 4821 (Cap.
3642 4738 3727 4805 29%

362 5022 380 5042 ι
410 5008 627 5067 Chesn.,
650 5016 894 5059 ncxcvu.

361 5081 385 5113 δ
414 5078 632 5138 Chesn.,
654 5090 841 5132 xxv".

361 5162 377 5183 '
410 5152 473 5204 1d
496 5154 598 5213 est,
621 5152 939 5202 Suessiones.

362 5223 383 5251 ⁴
415 5222 631 5283 Chesn.,
696 5221 982 5273 Meroveum
1059 5220 1121 5270 in
1197 5217 1437 5270 clericum
1510 5220 1711 5269 tondere
1773 5219 1893 5282 fecit
1954 5225 1999 5268 et

299 5292 649 5359 presbyterum
678 5293 937 5344 ordinari.

326 5374 381 5413 «σε
414 5363 613 5415 Chesn.
641 5368 695 5414 et
726 5364 907 5424 Freh.,
933 5363 1179 5428 quinque.

368 5434 387 5471 ί
421 5434 573 5493 Editl,
595 5434 825 5499 desuper.

370 5518 393 5553 ε
429 5492 563 5558 Can.’
623 5506 677 5558 et
716 5492 821 5558 'Ch.
887 5506 989 5571 al.,
1051 5508 1355 5560 centenarii.
1422 5505 1593 5564 Chcs.,
1655 5512 1854 5554 centum
1927 5512 2004 5554 ta-
2090 5499 2245 5556 Βοὴ..
2304 5495 2659 5571 Bagassiniw,
2688 5494 2983 5547 Rotmanni.
3035 5492 3197 5569 Infra,

303 5578 449 5631 tenta
461 5624 463 5627 .

2153 5004 2174 5034 ιι
2205 5002 2295 5054 Sic
2332 5000 2487 5059 clar.,
2532 4997 2623 5048 ubi
2659 5009 2727 5049 ex
2777 4995 2996 5047 nomine
3050 5003 3222 5045 senex
3252 4988 3613 5059 δεκίης-08811⁵
3632 4967 3721 5059 in}:

2083 5044 2487 5129 cite;
2664 5044 3039 5126 stensi—Boii.
3092 5044 3292 5113 Punice.
3332 5057 3469 5111 'Editi
3512 5044 3725 5102 ωεηᾱοεε

2082 5146 2275 5198 habent
2298 5144 2544 5210 prudente
2566 5140 2793 5202 alloquio
2818 5140 3033 5193 Senecas,
3066 5134 3399 5210 vel'Sem'ca.

2144 5218 2155 5246 ί
2183 5205 2380 5266 “Chesn.
2410 5218 2463 5264 et
2484 5211 2657 5269 Freh.,
2684 5210 2920 5261 decimus
2954 5211 3152 5269 sextus,
3175 5205 3438 5259 mendose.
3462 5270 3481 5271 ί
3534 5262 3542 5271 ι
3626 5250 3705 5271 n.__.

2147 5264 2316 5338 iCan.
2372 5288 2425 5336 et
2490 5264 2671 5341 Freh.,
2726 5280 3080 5342 Bagassinitar,
3140 5264 3209 5327 ἐι
3270 5275 3406 5327 infra
3452 5264 3717 5342 Βρίθαδξξζδξν

2088 5332 2155 5411 ut
2188 5332 2465 5411 _Clar.:
2516 5332 2611 5405 sed
2649 5332 2937 5415 legendum
2976 5332 3327 5413 Baj’oeassini,
3386 5332 3713 5415 eX_Gr98_°_'12'

2091 5404 2253 5489 assis
2299 5404 2464 5478 'vfill'éJ
2500 5404 2866 5481 lidemuediti,
2922 5404 3162 5473 Romani.
3240 5404 3386 5475 cur,
3423 5404 3713 5489 feratfffﬁ‘;

3259 5491 3324 5543 Ch
3334 5524 3361 5548 ι’
3420 5475 3685 5532 Βαίεαεεὶηιδ
3698 5475 3709 5520 ἱ

2092 5571 2160 5624 al.
2196 5568 2489 5633 Bagasim's.
