3946 6188
437 254 544 319 603

937 254 996 314 S.
1039 253 1396 324 GBEGOBII
1436 255 1769 318 EPISCOPI
1810 253 2285 317 TURONENSIS
2322 251 2620 312 HISTOR.
2662 251 2928 310 FRANC.
2969 248 3413 310 EPITOMATA.

3654 257 3821 317 .604

436 381 749 456 Agennum
775 393 910 438 cum
931 378 1189 437 exercitu
1212 378 1429 453 dirigit;
1445 381 1569 455 qui,
1594 381 1787 454 fugato
1808 380 2139 455 Bagnoaldo
2156 381 2207 440 A
2223 375 2467 451 peratori
2497 375 2711 433 direxit
2741 377 2896 447 (Cap.
2940 371 3050 445 26).
3083 372 3227 430 Cum
3258 370 3457 429 exinde
3478 371 3656 431 fuisset
3673 390 3830 434 rever.

439 470 605 540 duce,
632 470 736 528 has
764 468 1023 528 civitates
1057 471 1328 543 pervasit,
1364 473 1603 547 ejusque
1634 488 1879 530 uxorem
1912 471 2137 530 cunctis

430 560 606 618 rebus
634 559 996 633 exspoliavit.
1026 559 1329 619 Baudastis
1348 575 1373 600 ει
1403 562 1524 620 dux
1548 562 1609 619 in
1631 561 1945 622 'Wasconia
1972 562 2132 635 obiit,

436 649 874 723 maximamque
902 654 1122 721 partem
1146 651 1433 709 exercitus
1463 653 1551 710 sui
1596 652 1790 710 amisit
1817 655 2027 721 (Ibid.).

504 741 677 797 Anno
722 739 899 811 igitur
952 739 1194 811 septimo
1247 741 1595 800 Childeberti
1641 742 1812 816 regis,
1866 743 1969 817 qui
2017 747 2137 800 erat

435 826 744 900 Chilperici
785 832 841 883 et
889 825 1238 886 Guntramni
1274 830 1591 902 vigesimus
1636 831 1860 902 primus
1895 830 1936 900 ",
1973 828 2138 887 stella

433 922 683 974 cometes
733 918 999 991 apparuit
1050 917 1113 975 in
1155 918 1247 975 die
1289 927 1502 976 sancta:
1544 919 1776 977 Paschm
1826 923 1976 992 (Cap.
2032 919 2131 991 14).

432 1006 605 1079 Apud
634 1005 948 1065 Sexsionas
972 1002 1267 1066 civitatem
1305 1009 1517 1066 caelum
1557 1010 1755 1068 ardere
1802 1009 1996 1067 visum
2029 1014 2131 1065 cst.

434 1094 503 1153 In
552 1094 838 1153 Parisiaco
866 1112 1002 1155 vero
1035 1100 1272 1169 sanguis
1307 1099 1497 1155 denuo
1526 1098 1723 1171 ﬂuxit,
1760 1105 1814 1157 et
1843 1115 2014 1172 super
2042 1115 2135 1157 ve-

434 1188 705 1247 stimenta
745 1189 1065 1249 multorum
1092 1191 1399 1250 hominum
1455 1199 1599 1256 582
1646 1192 1867 1251 cecidit.
1904 1191 2134 1250 Valitu-

437 1276 605 1336 dines
632 1278 829 1349 variae,
862 1286 918 1336 et
946 1279 1264 1339 mortalitas
1308 1298 1521 1353 magna
1567 1297 1633 1340 eo
1660 1298 1812 1339 anno
1838 1282 1900 1339 in
1924 1281 2134 1354 populo

330 1444 335 1449 ἱ
435 1366 547 1425 fuit
597 1370 749 1439 (Cap.
806 1368 911 1437 18).
970 1368 1154 1441 Igitur
1210 1370 1381 1443 legati
1426 1370 1751 1444 Chilperici,
1808 1370 2136 1429 Ansoaldus

433 1462 490 1515 et
543 1457 961 1531 Domegiselus,
1035 1458 1133 1532 qui
1187 1461 1259 1518 ad
1310 1460 1773 1534 conspiciendam
1825 1461 2019 1519 dotem
2074 1461 2135 1517 in

438 1546 715 1621 Spaniam
775 1549 1007 1607 fuerant
1058 1549 1241 1621 missi,
1296 1557 1431 1609 sunt
1482 1551 1726 1624 regressi
1770 1550 1864 1608 bis
1910 1551 2133 1609 diebus.

436 1638 755 1698 Leubildus
781 1655 885 1697 rex
916 1645 1113 1700 contra
1143 1640 1623 1699 Ermenchildum
1654 1640 1844 1699 ﬁlium
1873 1656 2047 1700 suum
2074 1641 2135 1698 in

2221 484 2339 537 sus,
2357 483 2389 524 a
2419 466 2738 524 Mummolo
2764 464 3003 538 patricio
3027 462 3138 521 fuit
3169 467 3453 535 susceptus
3481 463 3692 524 factione
3716 466 3828 539 Sya-

2220 556 2329 631 grii
2368 560 2422 613 et
2451 556 2637 614 Flavii
2672 555 3070 629 episcoporum
3100 563 3144 624 8,
3175 559 3241 610 ut
3264 550 3657 610 Guntramnum
3672 556 3833 627 degra-

2220 645 2421 702 darent
2446 660 2477 701 a
2503 659 2700 716 regno,
2727 650 2783 701 et
2808 642 3186 701 sublimarent
3207 639 3589 698 Gundoaldum
3615 644 3731 713 (Lib.
3754 655 3832 713 vn,

2220 752 2339 805 cap.
2397 732 2499 805 36).
2551 732 2635 792 Ob
2685 734 2835 791 hanc
2885 747 3117 790 causam
3165 729 3506 788 Mummolus
3558 731 3835 791 interfectus

2217 831 2318 881 est.
2358 823 2739 882 Gundoaldus
2778 840 2810 881 a
2849 823 3073 881 Bosone
3106 821 3251 879 duce
3281 820 3514 878 factione
3529 819 3839 879 Conbennen-

2217 917 2296 974 sis
2332 920 2493 979 urbis
2530 920 2600 976 de
2625 919 2925 977 cacumine
2955 916 3115 991 rupis
3149 914 3510 988 impingitur;
3545 914 3717 988 ibique
3745 915 3837 971 dis-

2218 1015 2423 1081 ruptus
2470 1010 2715 1085 moritur
2756 1012 2911 1081 (Cap.
2957 1008 3063 1079 38).
3111 1004 3377 1072 Cariatto,
3430 1004 3686 1078 spatarius
3722 1005 3843 1062 Gun-

2217 1100 2450 1171 tramni,
2483 1100 2585 1174 qui
2640 1102 2786 1157 hanc
2831 1114 2950 1156 rem
2984 1097 3255 1170 prodidit,
3297 1096 3470 1169 hujus
3508 1095 3841 1153 vicissitudine

2216 1192 2578 1264 repensionis
2608 1192 3001 1264 episcopatum
3029 1188 3464 1248 Gennavcnsem
3505 1190 3525 1219 ¹³
3570 1190 3840 1262 assumpsit.

2297 1286 2440 1344 583
2478 1280 2592 1338 XC.
2621 1278 2725 1335 Illo
2752 1286 3005 1350 tempore
3031 1276 3387 1350 Chilpericus
3415 1275 3667 1345 Parisius,
3691 1283 3842 1333 contra

2219 1375 2448 1441 pactum
2466 1368 2616 1442 quod
2634 1384 2765 1426 cum
2782 1366 3018 1425 Francis
3038 1365 3268 1434 inierat,
3288 1364 3617 1436 ingreditur,
3638 1364 3701 1421 ob
3713 1380 3845 1437 quam

2219 1475 2340 1518 rem
2372 1460 2692 1533 portionem
2718 1474 2883 1517 suam
2909 1457 3124 1515 exinde
3143 1457 3298 1530 juste
3312 1456 3501 1513 amisit
3521 1456 3649 1524 (Lib.
3671 1466 3738 1523 v1,
3756 1472 3844 1526 cap.

2219 1550 2329 1623 27).
2353 1553 2753 1611 Guntramnus
2775 1552 2786 1590 ί
2806 1555 3026 1625 partem
3050 1547 3404 1607 Childeberti
3425 1548 3493 1606 de
3512 1546 3739 1603 Massilia
3756 1545 3848 1601 red-

2221 1641 2364 1699 didit
2396 1645 2550 1712 (Cap.
2576 1641 2687 1709 33).
2710 1638 3098 1699 Mummolum
3120 1638 3369 1696 factione
3391 1635 3768 1708 Fredegundis,
3782 1635 3848 1691 cui

435 1725 697 1784 exercitu
758 1727 1097 1787 resedebat:
1151 1733 1289 1786 tunc
1341 1728 1532 1785 ﬁlium
1595 1743 1769 1786 suum
1829 1727 2765 1805 interfecit,Breputabantﬁlium
2782 1716 3849 1803 suumpcridcantationeminteriecisse,

436 1812 681 1887 ejusque
709 1815 1018 1875 mulierem
1047 1832 1081 1874 a
1107 1817 1322 1874 Graecis
1366 1816 1612 1874 liberare
1653 1831 1771 1873 non
1800 1815 2004 1889 potuit,
2038 1814 2137 1873 sed
2213 1821 2387 1894 jussit
2417 1836 2521 1877 rex
2560 1820 2891 1894 suggillare,
2945 1820 3265 1890 multmque
3320 1816 3588 1875 mulieres
3634 1830 3721 1887 pro
3762 1813 3849 1885 ipso

441 1914 632 1973 usque
655 1902 718 1959 in
745 1909 988 1960 mortem
1018 1902 1159 1962 illuc
1188 1905 1506 1977 permansit
1547 1908 1696 1977 (Cap.
1739 1905 1845 1975 43).

510 1989 881 2051 LXXXVIII.
920 1993 1002 2051 Eo
1039 2008 1192 2052 anno
1229 1994 1494 2053 Bodiuus
1536 2006 1557 2031 ο
1598 1996 1721 2052 dux
1758 1994 2021 2064 moritur,
2049 1994 2140 2051 vir

433 2082 950 2157 eleemosynarius,
997 2090 1052 2143 et
1104 2086 1356 2159 bonitate
1402 2087 1800 2160 plenissimus,
1842 2087 2038 2159 justus
2076 2085 2139 2143 in

434 2172 684 2243 cunctis,
712 2173 1014 2245 piissimus
1052 2175 1114 2233 in
1160 2176 1512 2249 pauperibus
1546 2196 1558 2233 :
1593 2177 1694 2251 qui
1722 2177 1864 2235 dum
1892 2177 2142 2250 quadam

435 2261 580 2331 vice,
622 2266 690 2319 ut
725 2269 1119 2333 consueverat,
1156 2273 1452 2323 mortuum
1482 2264 1726 2337 sepelire
1760 2266 2137 2338 praecepisset,

438 2357 496 2412 et
527 2351 599 2409 ad
629 2353 920 2425 quoddam
953 2362 1397 2414 monumentum
1425 2370 1558 2413 cum
1587 2355 1787 2413 cultris
1829 2356 1992 2427 pueri
2024 2355 2140 2413 fos-
2177 2392 2189 2409 ι

440 2456 563 2499 sam
590 2441 861 2512 facerent,
894 2443 1083 2501 levato
1112 2443 1300 2516 lapide
1338 2444 1565 2501 invenit
1591 2444 1755 2501 mirai.
1788 2444 2143 2516 magnitudi-

439 2528 533 2586 nis
558 2528 916 2600 thesaurum,
949 2538 1003 2588 et
1029 2531 1343 2590 solidorum
1381 2532 1821 2592 multitudinem
1853 2535 2005 2603 (Cap.
2034 2534 2139 2601 20).

442 2614 619 2673 Hunc
671 2615 784 2674 sibi
828 2619 1126 2692 proprium
1174 2636 1376 2678 verum
1432 2621 1655 2679 censuit
1701 2622 1746 2689 ἀ,
1796 2636 1970 2693 quem
2021 2622 2146 2680 sine

440 2706 878 2766 intermissione
912 2709 1159 2768 ﬁdeliter
1188 2712 1540 2785 pauperibus
1568 2711 1840 2783 erogavit.
1871 2711 2147 2784 {Equani-

441 2796 616 2856 miter
661 2814 729 2857 ea
774 2800 888 2858 ﬁde
944 2800 1191 2859 reddidit
1242 2804 1399 2861 hunc
1428 2804 1480 2861 ei
1519 2803 1880 2872 thesaurum,
1941 2818 1974 2859 a
2032 2817 2147 2876 quo

445 2894 754 2962 acceperat.
808 2889 989 2948 Multa
1037 2892 1201 2965 signa
1246 2898 1300 2950 et
1342 2891 1599 2966 prodigia
1627 2907 1694 2950 eo
1722 2907 1877 2950 anno
1912 2890 1973 2947 in
2004 2891 2147 2949 caelo

442 2980 583 3034 sunt
607 2975 731 3034 visa
755 2978 909 3049 (Cap.
944 2978 1053 3051 21).
1096 2979 1417 3053 Chilperico
1449 2979 1607 3037 ﬁlius
1636 2979 1827 3039 denuo
1871 2980 2143 3051 nascitur,

438 3065 603 3139 jubet
629 3082 831 3125 omnes
860 3076 1173 3128 carceratos
1194 3069 1397 3143 laxare
1431 3072 1586 3141 (Cap.
1614 3068 1725 3141 23).

516 3153 827 3213 LXXXIX.
856 3154 1251 3230 Gundoaldus,
1291 3158 1393 3233 qui
1420 3174 1480 3218 se
1506 3158 1699 3217 ﬁlium
1727 3157 2003 3217 Chlotarii
2025 3170 2147 3214 esse

445 3243 690 3317 dicebat,
739 3244 810 3303 de
854 3245 1349 3322 Constantinopoli
1393 3249 1717 3319 revertitur,
1767 3254 1822 3305 et
1859 3245 2150 3305 Chlotario

446 3349 480 3392 a
510 3332 875 3394 Childeberto
916 3344 1122 3409 patruo
1153 3339 1411 3398 ‘directus
1444 3345 1529 3397 est
1571 3350 1593 3377 ο
1636 3341 1789 3410 (Cap.
1821 3337 1929 3407 24).
1964 3335 2148 3405 Quem

445 3422 774 3484 Chlotarius
834 3427 1062 3500 videns,
1133 3445 1357 3488 comam
1413 3430 1613 3504 capitis
1669 3428 1905 3487 tondere
1957 3426 2144 3499 jussit.

448 3511 634 3583 Quem
664 3515 986 3588 Sigibertus
1010 3523 1351 3581 arcessitum
1377 3522 1537 3580 misit
1573 3523 1634 3580 in
1668 3520 2154 3594 Agrippinensem

449 3602 762 3677 civitatem,
790 3622 923 3681 quae
955 3625 1111 3668 nunc
1156 3609 1395 3670 Colonia
1441 3611 1670 3670 dicitur.
1706 3610 1934 3670 Exinde
1962 3611 2155 3685 lapsus

448 3689 521 3747 ad
565 3690 867 3753 Narsidem
906 3696 1103 3771 dirigit
1145 3699 1184 3769 τ,
1233 3705 1289 3757 et
1337 3698 1534 3759 Narsis
1562 3715 1696 3758 eum
1740 3697 2017 3758 Mauricio
2040 3699 2153 3757 im-

2221 1910 2521 1966 mendacio
2560 1927 2593 1966 a
2624 1909 2999 1981 Fretlcgundc
3031 1918 3167 1966 sunt
3200 1910 3516 1965 intcrfectte
3551 1908 3689 1977 (Cap.
3714 1904 3801 1970 33).

2292 1997 2436 2057 XCI.
2484 1998 2852 2071 Chilpericus
2898 1998 3108 2055 timens
3150 1998 3578 2056 Guntramnum
3603 2000 3653 2049 et
3679 1989 3850 2049 Childe-

2221 2090 2451 2148 bertum
2494 2089 2553 2146 in
2602 2088 3073 2147 Camaracensem
3121 2103 3261 2147 cum
3322 2084 3601 2145 thesauris
3639 2080 3853 2149 omnique

2222 2177 2492 2251 praesidio
2530 2184 2615 2236 est
2643 2193 2947 2250 aggressus
2974 2180 3130 2250 (Cap.
3171 2178 3286 2243 41).
3311 2175 3419 2233 Per
3445 2176 3628 2248 ipsum
3652 2170 3854 2228 timorem

2223 2283 2375 2341 saepe
2413 2271 2737 2327 exercitum
2762 2269 3046 2338 movebat,
3079 2274 3133 2325 et
3164 2265 3432 2325 resedere
3457 2261 3699 2322 faciebat.

2294 2360 2467 2419 XCII.
2502 2360 2904 2419 Childebertus
2936 2362 2998 2419 in
3028 2361 3260 2419 Italiam
3296 2359 3458 2427 abiit,
3486 2362 3539 2415 et
3568 2347 3856 2427 Langobardi

2226 2466 2286 2509 se
2310 2467 2430 2509 suae
2455 2451 2664 2509 ditioni
2683 2452 3093 2509 commendant
3121 2452 3280 2522 (Cap.
3305 2450 3414 2519 42).
3439 2446 3682 2506 Gloriose
3701 2437 3859 2500 exinde

2228 2542 2635 2599 Childebertus
2696 2548 2843 2605 584
2910 2541 3241 2599 revertitur.
3309 2540 3612 2611 Acceperat
3669 2531 3801 2604 prius
3839 2542 3861 2581 a

2228 2630 2506 2687 Mauricio
2560 2631 2904 2703 imperatore
2948 2629 3385 2705 quinquaginta
3432 2624 3613 2683 millia
3654 2618 3776 2709 auri,
3822 2618 3861 2709 tl!

2229 2718 2637 2791 Langobardos
2663 2718 2733 2776 de
2755 2718 2920 2776 Italia
2949 2721 3338 2799 expugnaret.
3366 2712 3479 2773 Sed
3501 2727 3611 2769 non
3633 2708 3791 2799 solun}

2228 2824 2344 2865 non
2400 2809 2621 2878 nocuit,
2664 2808 2761 2866 sed
2812 2808 2986 2866 etiam
3028 2798 3335 2865 amicitias.
3374 2819 3512 2863 cum
3559 2802 3688 2875 ipsis
3722 2795 3863 2890 illi)“.

2229 2896 2553 2954 Leubildus
2583 2912 2709 2967 rex,
2740 2902 2804 2954 ut
2828 2912 3000 2970 supra
3050 2895 3297 2953 fecimus
3336 2891 3701 2958 mentionem,
3727 2882 3867 2941 ﬁlium

2230 2999 2405 3042 suum
2431 2984 2914 3043 Ermenchildum
2941 2984 3256 3042 interfecit.

2166 3100 2210 3161 ο
2301 3072 2501 3131 XCIII.
2552 3074 2936 3148 Chilpericus,
2982 3078 3038 3131 et
3088 3069 3497 3147 Fredegundis
3535 3066 3871 3161 ﬁliam-eorum

2232 3177 2366 3220 cum
2396 3163 2621 3235 magnis
2656 3147 2790 3236 [Al.,
2825 3161 3042 3229 multis]
3070 3161 3367 3219 thesauris
3394 3165 3451 3217 et
3473 3147 3870 3215 multitudinem.

2233 3252 2413 3311 miliae
2442 3253 2504 3310 in
2531 3254 2657 3326 ejus
2684 3252 3078 3311 ministerium
3100 3251 3327 3311 direxit
3356 3251 3421 3309 in
3448 3248 3723 3324 Spaniam,
3747 3248 3872 3312 quam

2235 3342 2396 3401 ﬁlius
2430 3342 2705 3401 Leubildi
2755 3343 2960 3417 accipit
3006 3358 3260 3401 uxorem
3304 3344 3461 3416 (Cap.
3516 3340 3619 3410 46).
3665 3333 3760 3392 Nec
3787 3329 3875 3401 post

2235 3447 2411 3489 morai
2443 3438 2706 3490 exstante
2762 3433 3121 3507 Chilpericus
3178 3431 3257 3489 ad
3318 3430 3517 3490 Calam
3562 3423 3758 3491 villam,
3803 3427 3875 3504 D99

2235 3517 2435 3592 procul
2474 3534 2507 3574 a
2544 3518 2823 3591 Parisius,
2870 3519 2943 3577 ab
2974 3519 3242 3589 homine,
3268 3519 3513 3576 nomine
3549 3512 3782 3575 Falcone,
3805 3514 3877 3592 (ιρι

2237 3585 2454 3665 missus
2504 3622 2538 3663 a
2579 3585 2967 3666 Brunechilde
3017 3585 3240 3677 fuerat,
3280 3611 3369 3665 est
3419 3602 3732 3693 interfectus
3764 3585 3877 3693 λβ

2238 3699 2321 3757 sic
2351 3696 2815 3756 crudelissimam
2835 3698 3013 3756 vitam
3034 3696 3218 3771 digna
3234 3701 3426 3757 morte
3456 3692 3642 3752 ﬁnivit
3660 3689 3788 3759 (Cap.
3804 3680 3878 3745 45)-

1563 3958 1845 4004 EXPLICIT
1890 3956 2074 4003 LIBER
2113 3954 2453 4027 EXCERPTJE
2492 3953 2841 3999 CHRONICE.

520 4242 754 4318 fChean.
809 4248 1131 4304 Btaudastis.
1190 4252 1248 4303 Et
1283 4254 1459 4305 tamen
1506 4251 1795 4315 Gregorius
1848 4252 2005 4318 plura
2028 4263 2156 4301 nar-

457 4316 541 4365 rat
568 4316 634 4368 de
667 4319 859 4372 eodem
906 4322 1149 4375 Blaziaste
1183 4322 1344 4383 intra,
1380 4336 1503 4374 nam
1547 4327 1598 4375 et
1634 4316 1865 4375 biennio
1906 4327 2027 4386 post
2061 4321 2155 4373 Bi—

457 4386 696 4441 turicum
739 4392 980 4455 vallavit,
1012 4399 1064 4445 et
1114 4398 1301 4457 postea
1331 4375 1674 4446 Gundovaldo
1710 4375 2028 4456 conjunctus
2057 4375 2220 4445 est.D

520 4458 541 4485 ι’
576 4459 658 4511 Sic
713 4461 845 4514 Glar.
916 4465 1046 4515 Editi

454 4529 607 4579 stella
638 4537 868 4585 comata.

524 4609 543 4671 ὲ
577 4601 762 4653 Chesn.
831 4605 922 4665 aL,
990 4603 1314 4669 Chrodinus,
1376 4608 1442 4659 de
1508 4618 1614 4671 quo
1672 4618 1835 4669 supra
1902 4615 2017 4667 cap.
2075 4604 2151 4654 59.

464 4669 608 4729 Bch,
640 4672 873 4725 bonitate
901 4677 1229 4731 lenissimus.

522 4740 543 4770 ⁸
581 4742 661 4815 Sic
708 4746 828 4795 Boh.
890 4750 941 4797 et
994 4748 1127 4798 Ctar.
1192 4751 1333 4811 Can.,
1395 4751 1527 4815 jure
1584 4748 1798 4800 censuit.
1856 4747 2026 4807 Freh.,
2069 4749 2156 4800 vir

460 4814 684 4865 censuit.
717 4815 925 4876 Chesn.,
956 4818 1197 4870 censivt't.

523 4892 543 4919 θ
576 4885 931 4949 Fredegarius
989 4889 1328 4940 existimasse
1386 4890 1600 4940 videtur
1660 4888 2053 4941 Childebertum
2110 4890 2148 4943 Ι.

461 4956 572 5020 qui,
632 4968 698 5008 ex
746 4957 1020 5019 Gregorio,
1071 4950 1475 5011 G'undovaldum
1527 4960 1797 5010 Chlotario
1844 4960 2152 5015 transmisit,

462 5028 633 5090 ipsius
662 5027 907 5080 Chlotarti
947 5029 1113 5080 fuisse
1146 5034 1415 5094 patruum,
1446 5032 1587 5094 quod
1623 5031 1816 5081 falsum
1854 5035 1969 5081 est:
2000 5034 2157 5081 erant

459 5100 601 5152 enim
646 5100 859 5151 fratres.
918 5105 1010 5151 Aut
1048 5104 1191 5152 certe
1246 5101 1476 5152 Childcb.
1534 5101 1860 5152 Gundovaldi
1909 5105 2155 5164 patruum

461 5172 715 5235 appellat,
761 5176 814 5224 et
868 5175 993 5223 tunc
1040 5175 1159 5233 ejus
1204 5172 1371 5223 verba
1427 5174 1505 5223 sic
1556 5173 1874 5232 eXponenda
1930 5177 2153 5224 essent:

462 5244 499 5292 Δ
535 5242 869 5295 Childeberto
900 5245 1140 5295 directus
1175 5246 1255 5294 est
1293 5242 1360 5292 ad
1382 5246 1589 5306 patrem
1618 5255 1775 5293 suum
1806 5242 2154 5305 Chlotarium,

464 5314 606 5375 quod
664 5327 695 5364 a
736 5317 958 5366 veritate
993 5315 1228 5366 alienum
1286 5326 1391 5363 non
1442 5317 1538 5365 est.
1591 5314 1716 5364 Nam
1774 5313 2156 5365 Gundovaldus

462 5382 692 5442 primum
743 5384 1141 5437 Childeberto-1
1197 5388 1546 5448 praesentatus
1597 5388 1693 5443 est,
1744 5397 1866 5436 cum
1906 5384 1972 5435 ad
1998 5384 2152 5435 Chlo-

464 5454 661 5504 tarium
689 5454 926 5508 directus
954 5458 1070 5508 fuit.
1109 5455 1305 5509 Confer
1338 5468 1453 5518 cap.
1490 5456 1551 5506 24
1580 5456 1669 5507 lib.
1698 5468 1748 5506 vi
1771 5456 2028 5518 Gregorii.

532 5523 710 5575 fCan.
778 5530 831 5578 et
886 5526 1002 5590 Ch.,
1053 5528 1329 5591 dirigitur.
1397 5527 1585 5579 Nostra
1627 5526 1786 5579 lectio
1840 5526 2052 5585 melior,
2103 5525 2156 5577 id

467 5597 550 5647 est
584 5595 743 5646 vadit.

528 5677 552 5713 ι
584 5667 843 5733 Syagrius
898 5672 1014 5721 erat
1068 5670 1594 5735 Augustoduuensis,
1666 5672 1718 5723 et
1781 5669 1988 5722 Flavius
2053 5668 2149 5722 Ca-

1115 4477 1264 4525 vero,
1336 4465 1638 4528 vigesimus.
1708 4463 1849 4514 Infra
1906 4461 1990 4514 Ch.
2065 4462 2154 4526 aL,

2240 4250 2567 4303 billonensis
2615 4250 2872 4313 episcOpi,
2929 4261 3068 4313 quos
3121 4248 3327 4302 ﬁdeles
3364 4260 3585 4311 semper
3617 4240 3875 4297 Guntramno

2240 4322 2513 4374 exstitisse
2575 4321 2845 4371 existimat
2898 4320 3152 4377 Valesius,
3216 4319 3663 4383 proditionisque
3713 4315 3875 4383 accusa;

2240 4394 2321 4442 tos
2383 4405 2414 4443 a
2474 4390 2759 4443 Mummolo
2832 4390 3115 4448 invidiose,
3180 4380 3337 4453 quod
3403 4400 3594 4442 eorum
3656 4380 3881 4446 potentiam

2240 4475 2381 4523 aegre
2418 4461 2598 4513 ferret.
2667 4528 2674 4530 Α
3731 4522 3755 4530 η

2301 4533 2321 4562 ιι
2356 4533 2447 4583 Ch.
2501 4532 2592 4593 aL,
2646 4528 2917 4583 Cariatus.
2977 4531 3319 4595 Subscripsit
3355 4531 3522 4584 Conc.
3584 4522 3813 4577 Valentino
3844 4522 3879 4560 Il.

2237 4615 2322 4655 an.
2348 4605 2458 4663 584,
2494 4606 2548 4655 et
2574 4603 2949 4654 Matisconensi
2983 4603 3108 4655 item
3133 4615 3194 4662 ιι,
3230 4614 3385 4654 anno
3416 4598 3676 4667 sequenti.
3716 4665 3727 4667 _

2287 4675 2299 4704 ‘
2334 4676 2415 4727 Sic
2459 4672 2607 4725 Glar.
2662 4674 2809 4732 Editi,
2868 4672 3027 4735 male,
3089 4670 3470 4725 Guntramno.
3500 4663 3511 4667 ⁷
3540 4671 3657 4721 Vide
3702 4663 3884 4721 Gregortl

2242 4745 2439 4797 locum.

2302 4806 2638 4879 tCh'ilperici
2692 4827 2883 4870 necem
2931 4815 3281 4881 Fredegundt
3338 4816 3547 4883 tribuit,
3582 4810 3745 4864 auctet
3793 4799 3888 4883 (ἓξὲξ

2243 4889 2421 4961 torum
2474 4872 2829 4961 'Francorum,
2907 4889 2959 4937 et
3010 4872 3133 4950 post
3203 4898 3340 4939 eum
3404 4880 3693 4961 AimOinus,

2241 4959 2450 5011 scilicet
2494 4971 2563 5011 ne
2602 4961 2723 5023 ejus
2757 4943 3278 5021 impuros-amores,
3319 4971 3465 5022 quos
3502 4967 3621 5006 cum
3663 4943 3888 5023 Laudent?

2241 5029 2485 5089 habebat,
2536 5017 2653 5092 ipse
2712 5017 3097 5093 rex-puniret.
3167 5017 3553 5093 Sunni'gisilus
3605 5030 3777 5077 tamen,
3820 5017 3887 5093 illi}

2242 5113 2307 5151 ex
2366 5088 2699 5175 Hist.__Gre_g.
2756 5088 2948 5175 lib.'_x,
3000 5111 3117 5175 cap.
3182 5100 3277 5175 19,_
3328 5088 3522 5175 fassus
3556 5102 3644 5167 εει
3680 5088 3889 5175 “sf-"ﬁll

2242 5182 2363 5221 esse
2416 5162 2703 5231 Chilperici
2755 5172 2962 5232 mortis,
3002 5162 3212 5221 crimen
3265 5172 3321 5222 in
3378 5163 3765 5231 Fredegundem
3786 5162 3886 5232 1‘9!“

2242 5220 2450 5305 reiecit.
2507 5220 3084 5305 F'rédeguifdear'elus
3136 5242 3221 5291 rei
3271 5220 3887 5305 {cchéareVmeerhit

2240 5288 3889 5378 aa'se'rusj‘as‘iasan'2."capessatepetenstpng

2242 5385 2421 5448 Grcg.,
2464 5383 2553 5435 lib.
2590 5398 2686 5443 vn,
2740 5372 2856 5447 ca'p.
2904 5385 2951 5442 7,
2984 5395 3102 5434 eam
3147 5395 3323 5435 suum
3362 5387 3571 5448 patrem
3618 5390 3677 5430 ac
3699 5372 3895 5448 patiente

2245 5435 2588 5507 intevrf'ecisse
2650 5435 2877 5507 dicebat.
2939 5435 3056 5504 'Hoc
3124 5435 3375 5506 crimen.
3416 5455 3534 5517 ipsa
3592 5435 3895 5521 mdes“???

2239 5528 2429 5589 rt‘jecit
2471 5527 2525 5578 in
2578 5527 2884 5580 Eberulfum
2915 5524 3211 5589 Cbilpericl
3261 5511 3681 5580 cubicularium,
3707 5514 3785 5567 lib.
3820 5511 3895 5557 vu.

2238 5609 2356 5660 cap.
2388 5597 2467 5648 21.
