3946 6188
2913 349 3549 360 ...Ψ-..Μ

825 469 1346 556 MONITUM
1414 434 1530 552 IN
1601 465 2106 570 SEQUENS
2176 469 2875 557 CHBONICUM.

194 643 556 716 Chronicum,
587 646 741 719 quod
768 648 833 705 in
862 646 1194 706 collectione
1235 647 1576 718 Fredegario
1609 646 1883 705 attributa
1927 655 2201 720 quartum
2247 653 2346 707 aut
2373 654 2608 706 sextum
2635 647 2824 707 locum
2855 646 3094 719 obtinet,
3125 646 3385 722 Gregorii
3416 650 3605 710 nostri

139 733 824 808 Historiaesubjungimus,
849 737 1002 810 quod
1021 737 1093 793 sit
1121 737 1248 810 ejus
1278 737 1460 794 veluti
1481 734 1857 793 continuatio.
1885 735 2040 793 Hinc
2071 738 2342 796 nonnulli
2375 738 2599 796 codices
2626 736 2842 810 scripti,
2870 736 2930 794 in
2959 736 3172 810 quibus
3192 753 3382 796 nonus
3403 736 3602 796 Histo-

139 823 222 881 riae
244 822 605 895 Gregorianae
634 823 777 882 liber
808 831 863 882 et
889 825 1149 883 decimus
1187 826 1247 882 in
1295 839 1484 882 unum
1512 824 1859 893 conﬂantur,
1905 840 2081 898 quem
2129 826 2419 899 appellant
2459 842 2701 895 nonum,
2753 825 2862 883 hoc
2887 825 3083 898 ipsum
3112 826 3462 884 (lbronicum
3493 827 3604 884 sub

140 911 319 970 decimi
349 911 619 970 Historiae
649 913 910 984 Gregorii
936 913 1294 972 Turonensis
1323 913 1453 970 libri
1485 913 1652 970 titulo
1681 921 2128 985 reprtesentant;
2167 915 2320 988 quod
2351 915 2410 972 in
2458 916 2746 988 plerisque
2784 913 2953 971 editis
2982 914 3091 972 sub
3128 915 3463 986 Appendicis
3498 919 3606 972 aut

141 1003 363 1068 Gregorii
385 1004 643 1058 Historiae
675 1004 807 1056 libri
827 1003 1105 1058 undecimi
1134 1001 1302 1060 titulo
1335 1001 1641 1072 vulgatum
1672 1007 1774 1058 est.
1810 1002 1951 1074 Ejus
1981 1008 2273 1060 auctorem
2305 1003 2412 1060 sub
2443 1002 2671 1075 Pippini
2696 1002 2846 1074 regis
2875 1008 2978 1059 aut
3012 1009 3164 1060 certe
3193 1002 3379 1060 Caroli
3407 1002 3609 1074 Magni

137 1092 244 1162 ejus
268 1089 368 1147 ﬁlii
397 1089 724 1164 principatu
751 1091 1064 1164 scripsisse,
1100 1097 1164 1149 ut
1201 1089 1523 1163 plurimum
1555 1089 1660 1147 viri
1696 1090 1905 1148 eruditi
1937 1091 2441 1160 existimaverunt,
2475 1092 2628 1164 quod
2654 1091 2990 1164 invulgatis
3017 1089 3185 1148 editis
3210 1090 3602 1163 omnibusque

140 1179 296 1236 ferme
329 1180 735 1251 manuscriptis
757 1195 847 1237 res
874 1181 944 1238 ad
975 1180 1186 1238 horum
1216 1179 1548 1252 principum
1568 1195 1752 1254 usque
1786 1187 2037 1253 tempora
2063 1187 2236 1253 gesta:
2265 1180 2698 1248 describantur;
2728 1185 2786 1237 at
2814 1179 2902 1236 illi
2928 1195 3044 1238 non
3077 1178 3214 1237 satis
3241 1179 3601 1238 continuato-

137 1283 219 1325 res
242 1282 272 1324 a
294 1267 476 1339 primo
514 1268 786 1326 Chronici
813 1275 1044 1329 auctore
1075 1268 1492 1326 distinxerunt.
1527 1267 1686 1337 Quod
1718 1275 1912 1340 postea
1939 1285 1999 1326 re
2026 1270 2350 1327 accuratius
2379 1274 2612 1338 attenta,
2645 1273 2699 1325 et
2731 1273 2989 1326 veterum
3015 1268 3281 1326 codicum
3321 1282 3426 1341 ope
3451 1274 3601 1342 pras-

137 1355 313 1413 stitum
340 1361 421 1412 est
446 1372 479 1412 a
508 1355 651 1412 viris
687 1356 885 1426 doctis,
915 1357 1387 1415 existimantibus
1414 1357 1587 1430 primi
1617 1357 1868 1415 auctoris
1897 1372 2041 1430 opus
2067 1357 2220 1414 ultra
2244 1373 2466 1415 annum
2500 1364 2772 1431 quartum
2799 1356 3108 1415 Chlodovei
3146 1355 3221 1426 ΙΙ,
3243 1371 3376 1413 {erae
3406 1355 3606 1428 vulga-

136 1444 207 1501 ris
238 1444 349 1512 641,
383 1460 496 1502 non
527 1445 860 1518 pertigisse;
896 1462 961 1504 ea
991 1461 1126 1504 vero
1154 1462 1286 1519 quae
1317 1452 1642 1520 sequuntur
1667 1462 1700 1502 a
1730 1445 1906 1503 variis
1935 1445 2270 1504 auctoribus
2322 1445 2500 1504 fuisse
2547 1445 2785 1518 adjecta,
2835 1461 2967 1519 quaa
2995 1444 3192 1502 omnia
3221 1446 3343 1502 suis
3370 1444 3512 1503 locis
3538 1444 3602 1502 in

138 1531 234 1588 hac
276 1539 456 1590 nostra
507 1531 760 1590 editione
787 1532 1259 1605 idistinguentur.
1313 1532 1488 1592 Plura
1533 1532 1582 1592 si
1626 1533 1762 1608 quis
1808 1532 1878 1590 de
1910 1531 2004 1591 his
2046 1532 2220 1591 rebus
2274 1533 2420 1591 scire
2462 1533 2640 1606 cupit,
2683 1533 2851 1606 legat,
2899 1533 2948 1591 si
2990 1533 3168 1603 lubet,
3200 1532 3602 1607 praefationem

138 1635 300 1693 quam
327 1620 462 1679 huic
490 1621 777 1679 volumini
802 1620 1190 1695 przeﬁximus.

366 1971 1734 2124 FREDEGARII
1899 1973 3350 2126 SCHOLASTICI

1165 2273 2565 2483 CHRONICUM

753 2584 1060 2701 CUM
1108 2585 1436 2703 SUIS
1500 2581 2972 2726 CONTINUATORIBUS,

1715 2827 1725 2833 '
1774 2818 1943 2879 SIVE

607 2987 1296 3162 APPENDIX
1452 2984 1635 3108 AD
1795 2979 2277 3095 SANCTI
2447 2979 3109 3098 esseom:

952 3283 954 3287 '
1027 3247 1681 3362 EPISCOPI
1795 3243 2680 3356 TURONENSIS

388 3490 1646 3641 HISTORIAM
1892 3457 3434 3710 FRANCORUM,

1333 3765 2393 3794 ...Μ

1499 4005 1521 4023 ‘
1557 3986 2173 4146 itlrnlogus.

1689 4192 2027 4208 ——————_

208 4360 526 4422 585-586
557 4356 703 4417 Cum
731 4358 953 4433 aliquid
985 4359 1161 4417 unius
1196 4358 1355 4417 verbi
1385 4358 1727 4432 proprietate
1753 4370 1777 4395 ει
1807 4369 1924 4412 non
1962 4350 2145 4409 habeo
2175 4347 2327 4423 quod
2359 4345 2669 4433 proferam,
2704 4342 2820 4400 nisi
2864 4342 3184 4414 prastitum
3211 4343 3284 4401 ab
3313 4342 3615 4433 Altissimo

143 4441 315 4517 fuerit,
348 4453 407 4505 et
429 4447 572 4506 dum
601 4465 797 4523 quaero
830 4431 1070 4523 implere
1097 4448 1460 4518 sententiam,
1496 4448 1666 4521 longe
1695 4443 1916 4502 ambitu
1943 4441 2045 4498 vix
2072 4438 2264 4496 brevis
2293 4435 2403 4493 vite
2434 4432 2683 4523 spatium
2713 4446 3075 4523 consummo,
3103 4431 3484 4523 vernaculum
3508 4431 3621 4489 lin-

140 4547 254 4603 gnte
281 4532 458 4610 hujus
486 4517 645 4596 verbi
673 4517 1074 4612 interpretator
1102 4536 1350 4596 absurde
1385 4517 1623 4595 resonat
1637 4538 1661 4572 ι)
1696 4552 1709 4604 ;
1747 4535 1796 4592 si
1825 4531 1898 4590 ob
1926 4529 2320 4587 necessitatem
2348 4521 2569 4596 aliquid
2602 4523 2665 4578 in
2685 4520 2897 4612 ordine
2926 4517 3264 4612 sermonum
3289 4525 3614 4612 mutavere,

142 4620 204 4678 ab
239 4607 568 4698 interpretis
615 4627 812 4686 videor
827 4607 1024 4684 efﬁcio
1049 4626 1366 4684 recessisse.
1421 4626 1619 4699 Itaque
1649 4622 1800 4681 beati
1838 4616 2205 4690 Hieronymi,
2240 4612 2461 4681 Ydacii,
2512 4617 2567 4667 et
2603 4607 3259 4699 cujusdam_Sapientis,
3293 4623 3397 4668 seu
3421 4607 3617 4699 et‘Isi-

141 4707 272 4782 deri,
300 4696 534 4787 imoque
562 4721 615 4772 et
647 4715 908 4789 Gregorii
935 4715 1238 4773 chronicas
1272 4729 1305 4771 a
1333 4696 1541 4772 mundi
1568 4712 1792 4786 origine
1823 4704 2271 4781 diligentissime
2299 4713 2657 4789 percurrens,
2680 4713 2873 4789 usque
2902 4696 3210 4789 decedente
3250 4713 3426 4789 regno
3460 4697 3619 4789 Gun-

143 4800 359 4869 tramni,
391 4785 484 4859 his
505 4785 1085 4878 quinque'chronicis
1117 4802 1292 4875 hujus
1315 4801 1517 4872 libelli,
1544 4816 1649 4858 nec
1671 4785 1923 4872 plurima
1951 4791 2339 4869 praetermissa
2366 4785 2759 4878 °_singillatim
2785 4786 3164 4878 congruentia
3190 4787 3339 4861 style
3366 4786 3617 4878 inserui,

141 4887 282 4958 quod
327 4890 464 4958 [At.,
513 4874 786 4962 quzeJ'illi
819 4874 1437 4962 solertissimeabsque
1466 4886 1912 4962 reprehensione
1939 4879 2341 4940 condiderunt.
2376 4875 2522 4932 Cum
2559 4875 2685 4932 haac
2711 4874 2791 4932 ita
2821 4889 2880 4933 se
2923 4874 3196 4946 habeant,
3225 4875 3615 4934 necessarium

141 4975 276 5035 duxi
302 4978 597 5036 veritatem
627 4978 965 5054 diligentius
989 4977 1240 5050 insequi,
1266 4984 1322 5034 et
1345 4978 1417 5035 ob
1446 4977 1505 5034 id
1537 4977 1596 5034 in
1624 4974 1914 5048 prioribus
1943 4971 2033 5028 his
2060 4970 2085 5005 τι
2109 4965 2416 5035 chronicis,
2444 4964 2612 5039 quasi
2632 4965 2883 5037 quodam
2904 4964 3098 5024 futuro
3119 4980 3307 5039 opere,
3344 4964 3616 5054 omnium

143 5067 276 5124 mihi
307 5084 480 5141 regna
507 5076 562 5126 et
589 5053 842 5140 tempora
872 5066 1190 5140 praenotavi
1216 5080 1237 5106 ο
1256 5109 1269 5123 .
1302 5066 1370 5122 In
1394 5066 1661 5138 praesenti
1687 5073 1880 5123 autem
1913 5059 2059 5135 style
2090 5074 2156 5116 ea
2183 5063 2436 5127 tempora
2464 5055 2706 5127 ponens,
2737 5059 2793 5112 et
2831 5054 3196 5128 singularum
3221 5053 3481 5141 gentium
3509 5067 3615 5111 cu-

144 5139 450 5215 riosissimo
481 5156 681 5215 ordine
707 5139 839 5230 quae
866 5139 1166 5228 gesserunt
1215 5155 1500 5225 coaptavi;
1551 5154 1703 5233 quod
1750 5146 2186 5226 prudentissimi
2238 5149 2559 5208 587-588
2605 5143 2738 5214 viri,
2778 5158 2926 5218 quos
2955 5159 3130 5216 supra
3163 5139 3425 5233 memini,
3456 5141 3615 5233 hisce

143 5242 418 5304 chronicis
447 5227 985 5318 (verbum—hocest
1012 5258 1226 5300 nomen
1259 5242 1548 5314 Graecum,
1600 5227 1756 5317 quod
1803 5239 1982 5299 latine
2030 5237 2457 5308 interpretatur,
2495 5238 2653 5308 gesta
2703 5237 3047 5307 temporum)
3087 5228 3447 5289 severissime
3472 5229 3492 5267 ί
3522 5230 3612 5290 di-

198 5411 216 5430 ·
246 5401 396 5462 Can.,
439 5400 575 5454 Cum
624 5402 698 5453 ad
759 5397 1048 5470 liquidumﬁ
1076 5393 1422 5470 jussus_[al.,
1448 5400 1652 5463 jussio;
1704 5399 1826 5452 Boh.
1983 5391 2004 5420 ⁴¹
2034 5389 2177 5470 βρΙιη
2211 5392 2260 5440 ει
2287 5389 2656 5470 obedientium.
2699 5390 2765 5470 173.
2794 5387 2904 5470 bis:
2942 5469 2948 5470 γ
3193 5456 3218 5470 _7
3255 5455 3264 5466 .
3511 5459 3524 5470 ο

139 5472 296 5539 jusso]
348 5459 495 5524 verbi
540 5459 950 5538 proprietdtem.
1018 5459 1193 5528 Freh.,
1252 5459 1386 5522 0am
1437 5459 1510 5521 [2d
1562 5459 1830 5537 liquidam
1977 5460 2376 5539 ξ’,ίξιιεεηςιααιῖί
2399 5459 2904 5539 ⁵(μιαηιίλιατη,ῖιιξιιηί
2927 5459 3617 5539 ορενίεηπηίαηιοηιηίαητ

139 5529 366 5604 jussis,”
393 5557 501 5595 ηοη
520 5529 765 5601 ἡαὸέατη,
802 5544 904 5594 etc.
1247 5603 1251 5604 ί
1611 5529 1628 5537 ’
1775 5603 1781 5604 ί
1915 5533 2052 5586 mihi
2098 5545 2284 5583 rerum
2341 5535 2452 5597 [ειη
2509 5529 2716 5593 regum]
2761 5533 2834 5604 et
2863 5532 3166 5593 temporum
3205 5541 3360 5594 per...
3406 5529 3610 5585 notavi.

199 5605 218 5634 δ
255 5606 449 5658 Chesn.
517 5613 571 5658 et
627 5605 799 5665 Freh.,
861 5604 1158 5656 Vernacuta
1213 5603 1405 5668 linguae
1456 5605 1623 5671 hujus
1671 5603 1832 5658 verba
1920 5604 2176 5665 Freh.,_et
2200 5606 2508 5666 temporum
2533 5612 2750 5663 ponens,
2790 5603 2890 5653 etc.

147 5674 517 5740 interpretatio
544 5677 791 5730 absurde.
1983 5676 2000 5712 ι
2032 5675 2241 5737 Boher.,
2271 5687 2324 5726 se
2343 5673 2706 5725 verissimum.

197 5753 215 5774 ⁸
247 5747 394 5801 Forte
416 5761 519 5815 pro
548 5753 702 5803 sexto
731 5759 876 5809 casu,
909 5746 1165 5812 plurimis
1199 5747 1480 5810 pratermi
1492 5747 1607 5801 ssis.
