3928 6184
391 219 487 306 611

1652 244 2111 305 FREDEGARII
2156 242 2643 303 SCHOLASTIGI

3706 278 3785 337 61‘2

467 373 579 428 AN.
613 380 906 428 DLXXXIV.
929 398 995 408 -ε
1020 368 1192 423 ΑΙ]Πο
1222 368 1286 424 24
1320 367 1480 439 regni
1509 367 1603 426 sui
1630 380 1655 406 ι
1680 369 1880 427 divino
1908 360 2355 440 amOreAquem
2404 369 2463 426 in
2513 369 2705 428 Rioilo
2739 370 2750 408 ί
2796 372 2933 429 villa
2981 373 3252 448 baptizari
3296 380 3463 456 jubet,
3508 396 3554 446 et
3593 408 3704 452 eum
3739 402 3794 459 de

391 460 693 519 ecclesiam
718 457 867 516 beati
898 455 1175 527 Marcelli,
1204 456 1305 514 ubi
1336 458 1456 529 ipse
1486 458 1767 531 pretiosus
1797 459 2102 533 requiescit

392 550 453 607 in
505 563 758 620 corpore,
818 546 1154 605 suburbano
1212 546 1647 618 Cabillonensi,
1708 549 1803 606 sed
1866 550 2102 623 quidem

397 646 589 697 tamen
638 636 973 709 Sequanum
1023 643 1107 693 est
1150 636 1524 707 territorium,
1575 638 1817 697 mirifice
1857 646 1911 698 et
1959 647 2102 704 596

396 726 632 785 solerter
656 723 929 783 aediﬁcari
956 724 1149 798 jussit,
1192 724 1388 796 ibique
1416 726 1715 783 monachis
1746 729 2101 801 congregatis

395 815 807 875 monasterium
850 822 871 851 ιι
914 813 1191 885 condidit,
1242 816 1545 888 ipsamque
1590 816 1888 874 ecclesiam
1931 818 2103 875 rebus

390 904 661 979 plurimis
688 904 911 962 ditavit.
952 904 1254 978 Synodum
1292 904 1672 977 quadraginta
1704 906 2104 978 episcoporum

392 997 517 1055 ﬁeri
530 997 816 1069 praecepit,
831 1003 887 1054 et
912 996 985 1053 ad
1007 997 1188 1053 instar
1216 995 1595 1055 institutionis
1616 997 1949 1054 monasterii
1971 1012 2103 1054 san-

392 1094 615 1147 ctorum
645 1087 1109 1161 Agaunensium,
1148 1087 1300 1160 quod
1344 1085 1699 1159 temporibus
1740 1084 2099 1159 Sigismundi

392 1185 545 1257 regis
582 1184 655 1242 ab
682 1184 855 1241 Avito
884 1191 937 1241 et
969 1183 1189 1241 caeteris
1217 1181 1517 1256 episcopis,
1561 1181 1683 1253 ipso
1712 1182 1971 1255 principe
1998 1182 2098 1255 ju-

393 1276 584 1345 bente,
626 1274 807 1332 fuerat
840 1273 1247 1331 conﬁrmatum
1277 1283 1315 1341 °,
1364 1269 1545 1342 hujus
1593 1270 1801 1341 synodi
1853 1271 2095 1343 conjun-

393 1366 581 1423 ctione
608 1363 943 1422 monasterii
991 1363 1169 1420 sancti
1208 1360 1462 1419 Marcelli
1489 1359 1963 1421 Guntchramnus
1992 1364 2099 1420 in-

396 1453 753 1513 stitutionem
783 1451 1153 1510 formandum
1194 1452 1221 1487 ἀ
1249 1450 1491 1508 curavit.

463 1542 541 1601 II.
584 1543 705 1611 Hoc
740 1558 894 1601 anno
935 1541 1314 1601 Gundoaldus
1340 1551 1357 1571 '
1392 1558 1527 1602 cum
1557 1542 1759 1600 solatio
1798 1541 2099 1601 Mummoli

393 1636 449 1692 et
494 1630 776 1689 Desiderii
823 1647 1021 1690 mense
1075 1631 1390 1693 Novembri
1445 1643 1665 1711 partem
1713 1634 1876 1707 regni
1923 1633 2102 1691 Gunt-

2185 467 2381 518 sancto
2442 460 2668 520 lavacro
2729 464 3026 537 excipiens
3097 467 3160 525 in
3218 484 3446 543 regnum
3508 485 3657 553 patris
3717 490 3793 547 ἢν.

2188 553 2385 611 mavit.
2904 570 2905 573 ‘

2256 647 2369 700 AN.
2398 656 2662 703 DLxxxv.
2702 678 2765 689 -
2798 647 2894 705 IV.
2938 651 3109 707 Anno
3149 650 3217 708 25
3254 657 3407 727 regni
3449 659 3797 728 Guntcbramni

2186 731 2535 791 Mummolus
2567 733 2676 791 Sen
2688 736 2821 792 uvia
2845 737 2857 773 ³
2874 737 3042 809 jussu
3058 738 3461 802 Guntchramni
3485 747 3800 812 interﬁcitur:

2188 838 2429 881 uxorem
2462 824 2588 894 ejus
2639 824 2937 884 Sidoniam
2976 843 3093 886 una
3123 845 3252 887 cum
3291 834 3543 893 omnibus
3571 839 3802 901 thesauris

2187 909 2311 981 ejus
2342 909 2657 968 Domnolus
2680 912 3028 972 domesticus
3066 924 3121 973 et
3159 915 3582 981 Wandalmarus
3599 942 3802 986 camera-

2191 998 2315 1056 rius
2342 998 2777 1057 Guntcbramno
2798 1009 3165 1074 praesentem.

2252 1091 2362 1147 AN.
2396 1102 2684 1151 DLXXXVI.
2720 1123 2787 1134 -—
2832 1092 2899 1150 V.
2952 1097 3123 1152 Anno
3161 1095 3229 1154 26
3272 1100 3429 1171 regni
3453 1102 3535 1159 sui
3568 1107 3804 1164 exercitus

2181 1176 2603 1235 Guntcbramni
2637 1178 2877 1252 Spanias
2904 1181 3247 1255 ingreditur,
3286 1188 3380 1244 sed
3407 1187 3508 1247 loci
3528 1190 3805 1252 inﬁrmitate

2181 1276 2469 1339 gravatus,
2500 1270 2764 1341 protinus
2789 1270 2861 1328 ad
2898 1273 3124 1345 propria
3162 1275 3474 1334 revertitur.

2257 1358 2369 1451 An.
2416 1370 2724 1419 DLxxxvn.
2777 1394 2842 1403 -—
2890 1366 3062 1451 Aqno
3110 1363 3177 1421 ‘27
3209 1365 3457 1437 ejusdem
3503 1369 3649 1433 regni
3693 1370 3808 1430 Leu-

2188 1448 2403 1506 disclus
2433 1451 2458 1489 ¹ι
2490 1466 2523 1507 a
2552 1448 2987 1512 Guntcbramno
3032 1454 3301 1527 patricius
3338 1458 3579 1529 partibus
3616 1458 3809 1519 Provin-

2187 1536 2293 1594 ciae
2319 1538 2636 1596 ordinatur.
2680 1539 2868 1598 Filius
2898 1540 3250 1601 Childeberti
3278 1544 3426 1617 regis
3450 1544 3813 1607 Theodobertus

2187 1630 2355 1684 natus
2382 1626 2564 1686 fuisse
2590 1630 2916 1688 nuntiatur.

393 1720 660 1779 chramni
708 1721 1078 1794 praesumpsit
1115 1721 1410 1797 invadere,
1448 1732 1502 1783 et
1538 1726 1796 1784 civitates
1826 1728 2096 1781 evertere.
2120 1738 2166 1798 Β
2257 1714 2355 1773 VI.
2396 1715 2476 1774 ΕΟ
2501 1732 2654 1776 anno
2705 1717 2889 1776 nimia
2936 1718 3240 1780 inundatio
3290 1723 3589 1782 ﬂuminum
3626 1724 3681 1782 in
3704 1724 3813 1783 Bur-

390 1818 537 1876 597
592 1810 1063 1871 Guntcbramnus
1116 1813 1606 1887 Leudegiselumt
1665 1816 1935 1875 comitem
1990 1818 2102 1871 sta-

392 1900 646 1972 buli,‘et
686 1899 1015 1973 ngilanem
1062 1902 1371 1973 patricium
1418 1922 1552 1965 cum
1603 1906 1861 1965 exercitu
1907 1909 2103 1962 contra

392 1990 551 2065 ipsos
577 1990 811 2048 direxit.
845 1988 1231 2073 Gundoaldus,
1250 1998 1406 2068 terga
1422 2002 1676 2067 vertens,
1719 1995 2050 2053 Gonbanem
2076 2002 2103 2039 ϐ

390 2081 682 2142 civitatem
713 2081 961 2140 latebras
989 2082 1167 2153 dedit,
1205 2090 1260 2141 et
1292 2085 1427 2145 inde
1458 2087 1529 2146 de
1568 2104 1710 2161 rupe
1748 2103 1781 2145 a
1810 2087 2030 2145 Bosone
2059 2086 2081 2115 "

393 2173 541 2233 duce
568 2172 959 2247 praecipitatus
987 2173 1227 2233 interiit.
1343 2226 1349 2234 .

471 2258 579 2320 III.
633 2260 897 2334 Cumque
941 2262 1382 2325 Guntchramno
1430 2269 1715 2341 perlatum
1770 2268 1992 2338 fuisset,
2036 2284 2103 2326 eo

397 2348 552 2426 quod
581 2350 755 2408 frater
777 2365 917 2409 suus
954 2350 1314 2425 Chilpericus
1357 2362 1505 2414 esset
1544 2357 1898 2429 interfectus,
1940 2358 2099 2415 festi-

395 2456 544 2499 nans
584 2441 841 2514 perrexit
896 2441 1172 2513 Parisius,
1239 2443 1437 2518 ibique
1486 2446 1922 2520 Fredegundem
1969 2463 2102 2507 cum

395 2526 519 2590 ﬁlio
572 2527 881 2601 Chilperici
924 2529 1256 2589 Chlothario
1306 2533 1376 2591 ad
1436 2550 1497 2592 se
1546 2536 1745 2594 venire
1790 2536 2100 2627 praecepit;

456 2696 475 2725 θ
504 2684 864 2751 Fredegarius
915 2686 1185 2739 calculum
1240 2688 1485 2751 Gregorii
1545 2688 1741 2742 Turon.
1796 2703 1905 2742 uno
1960 2704 2103 2744 anno

392 2759 689 2829 praevertit,
723 2758 871 2823 quod
924 2758 1218 2811 observare
1256 2760 1405 2821 juvat
1436 2760 1502 2810 ad
1553 2761 1922 2814 conciliandos
1967 2762 2107 2813 duos

392 2836 517 2890 11105
566 2834 837 2883 ὂιιοίοῐεεο
893 2829 1018 2888 Quae
1079 2832 1260 2880 autem
1304 2834 1605 2893 sequuntur
1667 2832 1734 2881 ad
1783 2845 1984 2883 annum
2018 2834 2108 2883 592

398 2903 737 2961 conterenda
770 2903 896 2953 sunt
921 2913 1043 2953 cum
1075 2900 1322 2964 ejusdem
1353 2901 1593 2964 Gregorii
1615 2902 1875 2954 Historia.

464 2976 487 3006 δ
521 2974 829 3036 Gregorius,
879 2971 944 3021 ad
1003 2983 1091 3022 an.
1149 2970 1259 3030 579,
1311 2968 1405 3020 lib.
1457 2983 1512 3029 v,
1565 2984 1680 3035 cap.
1727 2973 1804 3031 28,
1864 2974 2107 3025 meminit

400 3045 640 3101 basilicae
691 3043 867 3096 sancti
927 3040 1183 3103 Marcelli,
1235 3040 1321 3092 cui
1363 3040 1528 3092 abbas
1578 3048 1827 3107 praeerat,
1877 3057 1945 3097 ex
1990 3057 2105 3108 cap.

401 3098 467 3171 ἑά
513 3116 606 3167 lib.
658 3128 677 3166 ι
727 3113 793 3165 de
826 3113 969 3165 Glor.
1022 3098 1332 3174 Martyrum.
1372 3111 1551 3163 Exstat
1582 3098 1757 3165 'etiam
1811 3098 1957 3165 nunc
1992 3098 2171 3166 mé-C

399 3186 698 3242 nasterium
744 3184 905 3243 istud,
944 3184 1040 3236 sed
1091 3182 1299 3234 abbatis
1350 3182 1505 3235 titulo
1564 3185 1850 3245 minutum,
1886 3199 1953 3235 ex
2005 3200 2112 3250 quo

403 3258 655 3312 Cluniaco
743 3256 1047 3320 subjectum
1130 3254 1245 3305 fuit.
1318 3253 1482 3305 Situm
1536 3258 1620 3306 est
1684 3257 1827 3307 ultra
1883 3258 2110 3319 Ararim,

402 3330 551 3384 unde
600 3328 657 3378 in
704 3327 1075 3391 Sequanorum
1124 3325 1397 3376 territorio
1430 3336 1434 3343 '
1462 3326 1694 3386 positum
1748 3327 1836 3377 hic
1898 3328 2111 3377 dicitur.

407 3400 497 3453 Ch.
566 3401 618 3451 et
679 3397 836 3450 Freh.
886 3410 997 3449 una
1046 3396 1281 3447 lectione
1321 3394 1522 3445 habent
1568 3398 1659 3448 sed
1712 3403 1899 3451 tamen
1944 3398 2114 3450 estin

409 3472 701 3535 Segonum,
727 3482 826 3533 pro
863 3466 1200 3530 Sequanam.

470 3551 489 3572 ε
521 3541 658 3598 Hoc,
713 3542 773 3591 ut
830 3538 1107 3599 conjicere
1158 3539 1303 3603 licet,
1354 3540 1555 3594 factum
1607 3542 1690 3591 est
1751 3540 1806 3591 in
1861 3541 2113 3593 solemni-

409 3615 519 3666 tate
564 3612 880 3663 Sanctorum
932 3608 1223 3671 Martyrum
1275 3611 1378 3663 hoc
1432 3612 1551 3675 ipso
1606 3622 1765 3667 anno,
1816 3623 1921 3673 quo
1981 3625 2112 3663 san-

414 3685 534 3736 ctus
606 3679 787 3731 Avitus
864 3678 1051 3729 habuit
1116 3680 1408 3741 homiliam,
1483 3694 1603 3745 quae
1674 3682 2004 3740 inscribitur,
2054 3682 2118 3732 In

412 3750 637 3805 basilica
656 3750 971 3800 sanctorum
994 3748 1400 3811 Agaunensium
1446 3751 1510 3803 in
1543 3751 1893 3803 innovatione
1922 3764 2109 3803 mona-

415 3822 573 3875 sterii
615 3819 783 3884 ipsius
833 3821 915 3871 vet
960 3821 1214 3885 passione
1254 3827 1587 3887 martyrum.
1610 3821 1734 3886 Ejus
1759 3822 2121 3887 fragmentum

415 3892 586 3945 habes
613 3904 645 3942 a
667 3890 952 3942 Sirmoudo
981 3890 1204 3945 editum.

480 3964 501 3994 δ
535 3963 625 4014 Ed.
694 3960 899 4024 aliquot
962 3971 1086 4013 cum
1139 3964 1304 4023 Colb.,
1368 3965 1824 4017 monasterium...
1885 3964 2119 4018 institu-

420 4035 567 4088 tione
616 4031 991 4096 formandum.
1063 4033 1191 4094 Vat.,
1242 4036 1601 4101 ﬁrmandum.
1666 4035 1728 4086 Id
1776 4034 2017 4087 Valesius
2071 4037 2125 4089 et

420 4105 604 4160 caeteri
651 4103 979 4156 arbitrantur
1032 4105 1088 4156 in
1135 4109 1345 4170 synodo
1392 4108 1767 4160 Matiscouensi
1802 4121 1859 4165 ir,
1886 4120 1979 4159 an.
2011 4108 2120 4166 585,

422 4177 624 4231 factum
664 4175 851 4237 fuisse,
892 4174 1003 4238 ubi,
1041 4178 1125 4229 uti
1180 4190 1251 4229 ex
1309 4179 1797 4242 subscriptionibus
1831 4178 2125 4243 colligitur,

422 4249 483 4301 43
536 4248 781 4311 episcOpi
836 4246 1061 4300 adfuere
1120 4261 1244 4301 cum
1299 4249 1473 4302 tribus
1525 4248 1645 4301 aliis
1697 4250 1787 4313 qui
1832 4251 1993 4302 sedes
2014 4262 2125 4303 non

422 4317 710 4377 habebant,
769 4320 823 4370 et
882 4318 943 4367 20
991 4318 1297 4372 absentium
1350 4322 1545 4373 missis.
1603 4321 1720 4372 Hoc
1765 4324 1945 4372 tamen
1988 4320 2126 4373 forte

423 4391 621 4445 melius
670 4389 740 4441 ad
792 4389 1067 4453 synodum
1134 4391 1464 4444 Valentinum
1522 4406 1561 4444 ιι
1619 4393 1867 4443 revocari
1926 4396 2123 4456 posset,

422 4474 584 4527 quam
622 4460 749 4512 licet
783 4472 926 4513 anno
987 4462 1078 4512 585
1129 4464 1541 4528 consignaverit
1600 4462 1854 4524 Cointius,
1908 4463 2009 4515 hoc
2056 4457 2192 4517 ta-D

422 4545 553 4587 men
590 4533 711 4596 ipso
747 4544 889 4585 anno
941 4533 1034 4584 584
1075 4547 1266 4587 mense
1302 4536 1432 4587 maio
1489 4535 1728 4586 habitam
1783 4533 1950 4585 fuisse
1999 4548 2127 4587 cen-

424 4608 510 4656 set
558 4603 892 4654 Sirmondus.
966 4603 1025 4655 Et
1084 4606 1302 4671 quidem
1348 4607 1402 4655 in
1466 4618 1528 4656 ea
1587 4605 1965 4657 conﬁrmatum
2032 4605 2132 4657 fuit

426 4672 686 4737 quidquid
746 4685 847 4724 rex
901 4676 955 4725 et
1003 4676 1205 4735 caeteri,
1262 4675 1495 4727 basilica:
1537 4676 1715 4728 sancti
1765 4674 2021 4737 Marcelli,
2052 4677 2133 4727 vel

427 4746 598 4796 sancti
651 4742 1060 4808 Symphoriani,
1116 4750 1207 4799 aut
1254 4747 1535 4810 quibusvis
1596 4748 1722 4799 aliis
1777 4748 1913 4799 locis
1964 4750 2134 4800 sacris

430 4813 794 4873 contulerant,
876 4822 965 4867 aut
1039 4818 1095 4868 in
1172 4821 1449 4879 posterum
1530 4819 1781 4872 conferre
1843 4820 2130 4872 voluerint.

430 4884 697 4939 Lalandus
752 4885 807 4936 in
860 4886 1235 4952 supplemento
1291 4889 1646 4941 Couciliorum
1700 4889 1885 4941 Galliae
1946 4892 2133 4943 conci-

428 4956 562 5009 lium
611 4956 754 5008 istud
792 4958 849 5008 in
883 4959 999 5021 ipsa
1046 4961 1097 5011 S.
1134 4959 1391 5012 Marcellii
1442 4960 1667 5013 basilica
1690 4962 1931 5014 habitum
1964 4962 2135 5014 fuisse

430 5040 518 5080 an.
569 5028 663 5079 594
709 5030 1005 5091 contendit,
1054 5030 1215 5095 eique
1273 5043 1381 5082 non
1431 5032 1619 5097 plures
1686 5046 1849 5097 quam
1881 5034 2136 5086 undecim

432 5100 722 5164 episcopos
768 5100 1128 5154 interfuisse:
1197 5103 1343 5155 unde
1400 5114 1646 5156 errorem
1702 5108 1760 5155 in
1822 5105 2137 5169 Fredegarii

429 5172 638 5223 textum
678 5171 960 5234 irrepsisse
1004 5175 1171 5235 putat,
1221 5170 1315 5236 qui
1355 5186 1425 5225 xi.
1451 5187 1549 5236 pro
1587 5187 1649 5226 χι
1700 5174 1910 5228 habeat.
1944 5180 2139 5229 Auctor

434 5245 520 5294 est
553 5241 747 5294 Paulus
794 5241 1061 5295 Diaconus
1117 5244 1356 5297 historiae
1402 5244 1635 5309 Laugob.
1681 5246 1773 5298 lib.
1800 5261 1879 5305 III,
1906 5260 2025 5311 cap.
2057 5249 2135 5309 35,

433 5312 746 5366 thesaurum
805 5327 836 5365 a
882 5327 1015 5379 rege
1065 5314 1403 5367 Guntramno
1459 5321 1597 5369 miro
1650 5318 1811 5370 modo
1865 5320 2138 5371 detectum

434 5384 627 5450 fuisse,
675 5386 738 5437 in
773 5399 895 5451 quo,
940 5388 1115 5453 inquit
1162 5387 1274 5449 ille,
1334 5387 1731 5441 inaestimabiles
1779 5390 2020 5443 thesauri
2046 5392 2140 5456 qui

434 5456 634 5510 ibidem
688 5458 981 5522 antiquitus
1026 5460 1189 5524 positi
1224 5458 1457 5523 fuerant,
1500 5467 1625 5513 sunt
1662 5463 1882 5524 reperti.
1924 5462 1995 5516 De
2032 5476 2140 5528 quo

435 5541 568 5583 auro
616 5529 741 5593 ipse
806 5542 907 5583 rex
983 5531 1333 5595 postmodum
1395 5531 1658 5585 crborium
1704 5532 1937 5585 solidum
1991 5536 2145 5588 mirae

434 5600 827 5665 magnitudinis
869 5603 925 5655 et
968 5602 1153 5666 magni
1212 5602 1473 5666 ponderis
1511 5602 1657 5666 fecit,
1682 5604 1979 5671 multisque
2010 5606 2146 5660 illud

438 5672 848 5735 pretiosissimis
892 5675 1121 5738 gemmis
1165 5673 1504 5737 decoratum,
1552 5674 1622 5729 ad
1668 5675 1981 5739 sepulcrum
2038 5678 2142 5733 Do-

2182 1808 2399 1883 gundia
2426 1811 2557 1881 fuit,
2585 1817 2651 1870 ut
2678 1828 2880 1872 eorum
2909 1812 3182 1872 terminos
3220 1814 3467 1874 nimium
3514 1817 3811 1875 transcende-

2185 1906 2330 1958 rent.
2372 1890 2617 1975 Ipsoque
2652 1918 2808 1961 anno
2850 1902 3129 1977 Syagrius
3174 1919 3365 1963 comes
3407 1905 3813 1980 Constantinum-

2183 1989 2289 2048 lim
2332 1991 2500 2066 jussu
2539 1991 2961 2051 Guntcbramni
3010 1994 3072 2051 in
3111 1994 3396 2069 legatione
3436 1998 3627 2070 pergit,
3666 1997 3815 2069 ibique

2188 2078 2386 2137 fraude
2411 2081 2423 2119 ¹
2447 2081 2720 2153 patricius
2757 2083 3078 2142 ordinatur.
3129 2084 3325 2158 Cmpta
3366 2085 3589 2160 quidem
3622 2091 3709 2154 est,
3746 2085 3817 2142 sed

2185 2170 2257 2226 ad
2304 2171 2711 2243 perfectionem
2760 2174 2884 2233 haec
2935 2174 3095 2234 fraus
3160 2190 3279 2233 non
3334 2175 3669 2248 peraccessit.
3711 2180 3817 2238 598

2186 2260 2268 2317 Eo
2310 2275 2462 2319 anno
2501 2264 2734 2336 signum
2781 2266 3047 2339 apparuit
3093 2266 3157 2323 in
3195 2266 3340 2324 ccelo
3374 2283 3386 2316 :
3432 2267 3623 2339 globus
3663 2267 3820 2339 igneus

2186 2349 2454 2409 decidens
2486 2351 2547 2409 in
2581 2359 2789 2412 terram
2811 2370 2943 2414 cum
2983 2354 3255 2414 scintillis
3279 2360 3335 2412 et
3370 2356 3559 2427 rugitu
3588 2372 3602 2424 ;
3637 2354 3821 2426 ipsoque

2184 2455 2338 2499 anno
2392 2440 2673 2501 Levildus
2710 2458 2751 2482 ω
2808 2460 2912 2503 rex
2967 2444 3202 2518 Spaniae
3236 2445 3496 2517 moritur,
3543 2450 3593 2502 et
3631 2454 3821 2516 regnum

2186 2528 2441 2589 obtinuit
2473 2529 2821 2591 Richaridus
2848 2532 3008 2591 ﬁlius
3045 2533 3192 2606 ejus.

2188 2685 2316 2734 mini
2377 2684 2640 2736 Hierosol.
2696 2686 3068 2740 transmittere
3122 2688 3310 2739 voluit.
3363 2686 3464 2739 Sed
3495 2697 3610 2738 cum
3656 2683 3825 2737 minime

2191 2756 2471 2817 potuisset,
2524 2756 2663 2807 idem
2711 2770 2872 2820 supra
2908 2771 3105 2820 corpus
3154 2759 3300 2811 beati
3348 2758 3575 2809 Marcelli
3613 2755 3824 2819 martyris,

2192 2828 2335 2890 quod
2394 2830 2447 2876 in
2502 2827 2718 2878 civitate
2773 2830 3056 2881 Cavallono
3125 2831 3402 2895 sepultum
3461 2834 3557 2889 est,
3604 2827 3685 2879 ubi
3711 2826 3827 2876 sedes

2193 2897 2349 2958 regni
2411 2896 2556 2948 illius
2608 2901 2742 2959 erat,
2791 2901 2917 2963 poni
2960 2902 3106 2964 fecit,
3147 2907 3202 2952 et
3239 2903 3323 2955 est
3377 2899 3449 2950 ibi
3477 2910 3637 2963 usque
3656 2898 3702 2949 in
3723 2909 3827 2959 pra?-

2192 2972 2403 3018 sentem
2458 2968 2619 3019 diem.
2683 2969 2785 3022 Nec
2838 2976 2920 3023 est
2964 2985 3197 3036 usquam
3242 2973 3415 3023 ullum
3468 2981 3599 3032 opus
3647 2982 3705 3021 ex
3732 2978 3828 3019 auro

2194 3039 2443 3090 effectum
2478 3041 2620 3101 quod
2646 3043 2694 3091 ei
2723 3043 2898 3094 valeat
2920 3044 3250 3107 comparari.
3361 3078 3365 3080 ν

2256 3118 2273 3137 ·
2310 3109 2434 3170 Vat.,
2477 3107 2863 3171 Gundwaldus,
2920 3114 2985 3165 de
3023 3127 3130 3179 quo
3174 3115 3300 3166 tuse
3352 3114 3493 3178 apud
3545 3109 3829 3173 Gregorium.

2198 3182 2538 3243 potissimum
2567 3182 2659 3237 lib.
2688 3198 2782 3245 vn,
2806 3197 2927 3249 cap.
2950 3186 3031 3246 26,
3057 3190 3160 3237 etc.

2262 3251 2279 3286 ί
2312 3252 2426 3313 Alii,
2546 3254 2895 3316 Leudisetum,
3012 3256 3444 3319 Leudichitdum,
3562 3249 3831 3307 Leudisium.

2201 3320 2597 3385 Leudigildum.
2730 3320 2735 3325 ’

2260 3403 2284 3438 s
2321 3393 2377 3443 id
2405 3397 2501 3453 est,
2528 3390 2855 3447 Convennas.
2886 3397 3012 3448 Vide
3033 3397 3392 3461 Gregorium.
3546 3444 3547 3447 η

2259 3463 2280 3492 ⁵·
2324 3463 2434 3522 Alii,
2489 3463 2554 3515 ab
2595 3465 2779 3525 Osone,
2831 3469 2967 3519 torte
3020 3482 3118 3531 pro
3154 3460 3383 3528 Ὁιιοησ,
3444 3480 3603 3534 aquo
3654 3460 3828 3534 Gundo-

2197 3534 2391 3586 baldus
2446 3538 2653 3600 pulsus,
2700 3543 2753 3590 et
2805 3552 2837 3591 a
2892 3539 3098 3592 Bosone
3136 3545 3457 3605 peremptus
3499 3533 3610 3598 fuit,
3635 3547 3695 3588 ex
3713 3533 3833 3591 διες.

2200 3606 2290 3657 lib.
2315 3620 2413 3664 vn,
2447 3620 2563 3671 cap.
2597 3610 2679 3661 38.

2252 3678 2384 3728 ‘Ch.
2441 3669 2527 3729 et_
2568 3680 2742 3743 Freh.,
2824 3681 3059 3747 Riogito;
3134 3683 3235 3745 al,
3291 3682 3465 3744 Rioto,
3543 3678 3689 3742 vulgo
3730 3669 3835 3725 RM

2199 3748 2567 3802 Guntramnus
2636 3751 2741 3803 hoc
2813 3752 3033 3818 quidem
3088 3768 3234 3807 anno
3319 3753 3556 3806 Parisios
3606 3749 3730 3801 venit
3767 3751 3836 3818 ρτρ

2204 3820 2466 3882 baptismo
2513 3822 2779 3883 Chlotarii,
2830 3812 2941 3876 'sed
2978 3830 3156 3877 tamen
3201 3827 3429 3879 nonnisi
3485 3819 3720 3876 sexennio
3752 3812 3837 3878 Ροεί

2204 3892 2505 3955 baptizatus
2540 3894 2659 3945 fuit.

2263 3965 2278 4010 i
2314 3962 2431 4024 Alii,
2463 3964 2721 4018 Senovis.
2765 3967 2925 4025 Infra.
2948 3966 3034 4019 Ch.
3066 3967 3158 4029 al.,
3189 3966 3506 4019 Sinodiam.

2267 4034 2289 4063 ι
2323 4035 2407 4111 Sic
2452 4036 2588 4111 Clar.
2614 4038 2829 4111 _Is_Aipse
2854 4024 3034 4111 esthi
3062 4024 3242 4111 fallor,
3270 4039 3342 4111 de
3372 4050 3487 4111 quo
3522 4041 3783 4111 8993139,;

2209 4104 2412 4157 Etenim
2476 4107 2532 4157 in
2603 4098 2753 4159 Colb:
2812 4112 2864 4160 et
2936 4098 3032 4158 Ch.
3111 4108 3183 4159 al.
3273 4098 3475 4161 dicitur
3544 4098 3837 4175 ιέυάἰθίεξιμξν

2206 4178 2265 4227 ut
2347 4178 2650 4242 appellatur
2715 4192 2747 4231 a
2809 4179 3072 4242 Gregorio
3144 4178 3240 4229 lib.
3307 4194 3406 4229 vrri
3470 4190 3583 4242 cap.
3632 4174 3700 4227 30.
3751 4169 3839 4219 Aliis

2210 4246 2528 4311 Leudiselus,
2553 4250 2842 4309 Leudisius,
2876 4250 3223 4314 Leugt'st'stus,
3264 4247 3559 4305 Leuds'stus.
3726 4312 3733 4318 ,

2271 4320 2285 4348 ¹
2313 4320 2569 4384 Syagrius
2629 4322 2697 4374 ad
2766 4334 2959 4387 pacem
3027 4321 3469 4384 componendam
3545 4317 3841 4387 CP.m1_SS}1§;

2209 4376 2789 4455 patriciivdignitatem‘
2830 4393 2896 4444 ab
2949 4376 3286 4453 impera-tore
3322 4390 3575 4452 suscepit,
3627 4382 3747 4449 quod
3784 4376 3843 4426 hic

2213 4462 2373 4525 fraus
2430 4463 2748 4526 appellatur.
2794 4465 2905 4515 Non
2952 4465 3096 4514 enim
3155 4462 3209 4513 ei
3256 4462 3455 4513 licebat
3497 4460 3549 4510 id
3604 4455 3843 4526 accepti”)

2214 4524 2311 4597 Ρθι·
2347 4524 2492 4599 Quod
2540 4548 2662 4587 sese
2698 4534 3045 4599 imperatoris
3092 4532 3290 4605 ditloni
3339 4531 3570 4605 subdere
3597 4524 3837 4605 videbatur.

2214 4607 2477 4661 Caeterum
2523 4605 2736 4658 hocde
2786 4607 2904 4657 solo
2944 4603 3157 4668 patricii
3202 4615 3309 4657 seu
3344 4599 3634 4654 consiliarii
3667 4599 3846 4668 impera-

2217 4678 2341 4728 torii
2383 4676 2536 4727 titulo
2580 4664 2968 4742 interpretatur
2999 4672 3250 4741 Valesius
3279 4695 3291 4727 :
3353 4673 3451 4725 sed
3482 4684 3600 4723 cum
3631 4664 3847 4742 Fredega:

2215 4749 2330 4799 rius
2386 4750 2667 4813 Syagrium
2723 4735 3010 4812 patricium
3068 4735 3405 4806 ordinatum,
3472 4748 3625 4807 atque
3660 4735 3850 4813 captati}

2216 4797 2325 4872 nec
2376 4797 3057 4872 ishSé’n”—con‘sh'ﬁiﬁi£i5m
3118 4816 3299 4868 fuisse
3362 4797 3609 4866 fraudem
3649 4807 3777 4863 dicat,
3813 4797 3851 4848 id

2218 4888 2357 4943 forte
2390 4890 2809 4955 intelligendum
2867 4895 2950 4942 est
2993 4890 3059 4940 de
3104 4886 3407 4951 patriciam
3456 4882 3723 4936 Provincie
3745 4874 3848 4955 ηεξ·

2219 4961 2473 5021 siliensis,
2527 4949 2687 5026 quam
2740 4964 3022 5027 regionem
3063 4949 3301 5021 ἰάψει·ίο
3356 4956 3637 5008 resumere
3682 4949 3850 5027 ,ίθθίδῗξ

2217 5036 2300 5085 set
2351 5022 2653 5097 Mauricius,
2705 5022 2981 5087 aut'certe
3027 5030 3270 5093 aliquam
3320 5027 3541 5080 dominii
3596 5022 3852 5097 umbratiliIl

2220 5117 2284 5158 ea
2331 5106 2586 5159 retinere.
2620 5086 2679 5157 Id
2702 5086 2863 5157 etiam
2902 5104 3041 5156 forte
3070 5086 3390 5153 a-Mauricio
3422 5100 3671 5150 tentatum
3705 5086 3850 5160 fuerat,

2223 5176 2364 5239 quod
2422 5177 2602 5241 reipsa
2664 5176 3109 5239 Burgundionum
3162 5181 3336 5233 reges
3395 5172 3674 5233 antequam
3710 5162 3854 5241 Εζιξηςξ

2224 5229 2416 5300 eorum
2448 5229 2677 5311 regnum
2707 5229 3084 5311 occupassent,
3120 5229 3371 5293 solerent
3413 5242 3480 5292 ab
3512 5229 3857 5311 imperatoribus:

2223 5320 2433 5381 patricii
2475 5301 2673 5391 nomen
2746 5301 3035 5391 impetrare
3056 5301 3081 5391 ξ
3121 5313 3298 5391 (Ιιιοά,
3334 5312 3527 5364 831th
3568 5301 3665 5391 ,ῥεῖ

2227 5368 2538 5441 continuari
2551 5368 2844 5442 _e‘ti_am—a‘
2867 5368 3101 5440 Francis
3135 5368 3397 5435 eamdem
3464 5368 3724 5446 regionem
3768 5368 3862 5422 obti-

2231 5461 2487 5515 nentibus
2516 5466 2877 5527 pemptasset.
3554 5526 3561 5527 ί
3590 5526 3599 5527 ί
3726 5516 3761 5527 -.

2287 5511 2481 5593 ῖΧΠῖ
2518 5511 2854 5596 "angens;
2910 5530 3302 5595 Leuvichitdus,
3371 5526 3675 5595 Leupoldus.
3724 5516 3790 5567 Sic
3827 5511 3867 5559 εί

2227 5608 2349 5671 ejus
2382 5606 2526 5661 filius
2555 5606 2871 5666 Richardus,
2898 5602 3199 5667 Richan’us,
3220 5602 3555 5657 Richaricus.
