3946 6188
219 298 316 355 α7

1639 286 2058 341 CllRONICUM.

3386 296 3486 350 613

226 417 349 465 item
381 401 555 471 ipsam
595 397 660 453 ad
692 397 1081 459 Theodericum
1123 396 1388 465 perducit.
1440 398 1803 455 Theudericus
1835 403 1883 461 Λ
1910 400 2043 453 «loro
2073 412 2194 451 cum
2224 408 2408 452 saneto
2436 399 2570 455 Urso
2596 410 2619 447 ε
2649 415 2834 472 passus
2862 402 3054 463 fuerat.
3087 419 3111 455 η
3144 409 3297 461 imm
3323 408 3482 463 [gem

220 498 391 553 aviam
436 507 586 547 satam
628 491 1027 547 Brunicltildem
1079 490 1310 547 libenter
1358 494 1644 562 recipiens,
1686 495 1806 563 glo-

220 587 360 642 riose
383 583 550 654 603
576 590 825 643 honorat:
858 580 1027 650 Hujus
1062 581 1429 638 vicissitudine
1474 586 1646 639 meriti
1695 589 1806 653 epi-

220 689 501 748 scopatum
559 676 1099 740 Antissiodorensem,
1157 675 1383 731 faciente
1432 664 1804 743 Brnn'tebilde,

220 769 528 837 assumpsit.

289 862 393 915 Art.
438 875 611 913 nc.-—
640 856 760 913 XX.
792 860 951 913 Anno
988 856 1020 910 5
1047 856 1194 928 regni
1228 856 1572 923 Theoderici,
1616 860 1806 914 iterum

217 950 373 1021 signa
410 965 533 1019 qua:
578 963 718 1003 anno
762 948 1039 1013 superiore
1078 948 1186 1001 visa
1220 948 1448 1013 fuerant,
1482 948 1624 1017 globi
1667 949 1807 1018 ignei

218 1056 316 1109 per
350 1041 549 1095 cretum
586 1048 891 1101 currentes,
922 1046 978 1093 et
1019 1039 1085 1092 ad
1118 1039 1287 1093 instar
1332 1040 1685 1093 multitudinis
1716 1041 1808 1092 ha-

218 1141 426 1186 starum
464 1132 736 1200 ignearum
767 1130 831 1183 ad
862 1130 1193 1185 occidentem
1243 1143 1624 1200 apparuerant.
1658 1132 1807 1201 Ipso-

215 1234 321 1289 que
364 1235 509 1281 anno
530 1219 940 1277 Theudebertus
966 1229 1024 1273 et
1047 1219 1414 1275 Theodericus
1444 1235 1596 1289 reges
1622 1232 1807 1275 contra

214 1309 590 1364 Cblotharium
624 1324 805 1380 regem
834 1318 1053 1365 movent
1090 1310 1408 1376 exercitum,
1448 1320 1503 1365 et
1529 1325 1692 1380 super
1710 1311 1809 1365 ﬂu-

217 1401 363 1456 vium
410 1403 719 1461 Aroannam
765 1411 816 1465 ο,
867 1416 965 1456 nec
1016 1402 1200 1471 procul
1248 1416 1279 1455 a
1320 1404 1623 1457 Doromello
1668 1403 1805 1469 vico,

216 1492 464 1560 praelium
522 1492 874 1563 conﬂigentes
920 1494 1233 1561 junxerunt.
1298 1493 1479 1564 ibique
1539 1496 1809 1551 exercitus

218 1585 523 1646 Chlotharii
572 1585 887 1655 gravissime
931 1587 1223 1641 trucidatus
1260 1595 1367 1641 est.
1412 1587 1636 1656 ipsoque
1687 1603 1806 1643 cum

219 1678 302 1731 his
333 1678 425 1748 qui
458 1689 835 1734 remanserunt
866 1680 915 1733 in
948 1679 1123 1752 fugam
1167 1695 1344 1746 verso,
1387 1697 1551 1752 pagos
1593 1695 1645 1739 et
1685 1685 1809 1739 civi-

1914 491 2003 543 nio
2038 488 2284 556 pontifice
2316 490 2721 544 Mauriennense
2753 490 2779 527 ιι
2813 492 3097 548 invenitur.
3128 496 3365 561 Quadam
3394 517 3489 557 no-

1906 587 1993 633 cte
2024 580 2073 632 in
2102 594 2196 633 sua
2228 579 2442 635 civitate
2473 583 2520 635 ei
2554 582 2818 646 reveletur
2846 600 2937 651 per
2968 589 3256 652 somnium,
3290 602 3345 645 ut
3368 608 3489 647 sur-

1908 684 2040 737 gens
2072 671 2313 737 protinus
2364 673 2466 725 iret
2494 674 2557 725 ad
2593 676 2899 740 ecclesiam,
2950 695 3106 747 quam
3141 682 3431 739 Sedelenba
3470 686 3487 726 ι

1913 763 2097 831 regina
2130 765 2178 816 in
2211 766 2518 820 suburbano
2545 767 2841 823 Genavensi
2871 782 3260 841 construxerat,
3294 776 3345 829 in
3380 793 3490 832 me-

1909 856 1999 910 dio
2039 859 2281 912 ecclesiae
2307 859 2585 927 designato
2615 862 2749 925 loco,
2786 862 2873 916 ubi
2904 875 3145 919 sanetum
3176 883 3367 937 eerpus
3398 872 3493 925 ad—

1908 955 2075 1001 esset.
2129 951 2369 1018 Cumque
2398 950 2665 1006 Genavam
2710 954 2935 1009 festinus
2983 961 3320 1027 perrexisset,
3368 977 3489 1016 cum

1909 1041 2078 1096 beatis
2124 1041 2361 1095 Rusticio
2408 1053 2461 1096 et
2505 1043 2733 1098 Patricio
2781 1043 2794 1094 i
2853 1046 3140 1114 episc0pis,
3187 1053 3487 1107 triduanum

1905 1131 2167 1200 jejunium
2198 1132 2475 1198 fac’entes,
2510 1133 2687 1189 lumen
2720 1149 2813 1201 per
2844 1144 3074 1203 noctem,
3107 1140 3193 1191 ttbi
3228 1141 3353 1194 illud
3382 1115 3535 1212 git».

1908 1223 2111 1275 riosum
2159 1232 2214 1276 et
2256 1222 2590 1290 splendidum
2636 1236 2830 1291 corpus
2878 1237 3015 1291 erat,
3060 1234 3324 1297 apparuit,
3354 1238 3492 1305 quod

1908 1325 2029 1366 eum
2059 1312 2271 1365 silentio
2300 1313 2348 1366 hi
2384 1321 2490 1367 tres
2522 1314 2799 1380 pontifices
2849 1329 2968 1369 cum
3002 1318 3250 1387 lacrymis
3279 1335 3331 1375 et
3373 1340 3494 1378 ora-

1908 1400 2143 1455 tionibus
2184 1400 2395 1455 elevato
2428 1402 2602 1471 lapide
2651 1404 2702 1457 in
2730 1418 2851 1458 area
2896 1419 3145 1475 argentea
3182 1412 3495 1469 invenerunt

1907 1491 2192 1559 sepuitum,
2224 1490 2378 1561 cujus
2410 1491 2597 1546 faciem
2638 1494 2914 1550 rubentem
2963 1501 3111 1567 quasi
3148 1502 3250 1555 vivi
3282 1519 3494 1572 repere-

1908 1593 2053 1636 runt.
2108 1583 2297 1652 Ibique
2328 1585 2575 1653 princeps
2600 1572 2965 1643 Tlteudericus
3007 1607 3240 1657 praesens
3287 1597 3490 1665 aderat,

1914 1674 2202 1744 multisque
2245 1679 2403 1728 rebus
2434 1676 2593 1742 hujus
2636 1678 2877 1733 ecclesiae
2911 1678 3173 1749 tribuens,
3208 1688 3493 1741 maximam

190 1781 352 1827 iure;
385 1773 516 1838 τίνω
544 1771 760 1840 Sigonm
786 1770 835 1835 δ,
866 1774 955 1840 qui
993 1788 1053 1827 se
1084 1772 1149 1825 ad
1178 1773 1547 1828 Chiummum
1580 1776 1811 1829 "auide-
1843 1783 1891 1842 Β
1919 1773 2121 1827 partem
2169 1762 2440 1818 facultatis
2470 1763 2841 1820 Warnacharii
2891 1769 3087 1824 ibidem
3138 1773 3496 1831 confirmavit.

216 1871 360 1925 rant,
388 1862 787 1931 depopulantur
813 1874 866 1920 et
896 1870 1122 1916 vastant.
1146 1864 1403 1919 Civitates
1431 1875 1621 1932 ruptm,
1640 1867 1807 1919 «nimis

218 1954 445 2020 pluritas
481 1957 811 2023 captivorum
843 1954 910 2010 ab
938 1956 1172 2009 exercitu
1203 1955 1519 2011 Tlteuderici
1551 1966 1606 2011 et
1631 1958 1808 2011 Theu-

218 2045 429 2105 deberti
457 2046 653 2102 exinde
680 2046 907 2101 ducitur.
942 2046 1283 2101 Chlotharius
1311 2062 1620 2116 Oppressus,
1650 2050 1810 2104 vertet

218 2137 409 2201 nollet,
440 2151 535 2203 per
563 2136 825 2204 pactionis
856 2137 1121 2189 vinculum
1164 2136 1418 2198 ﬁrmavit,
1450 2147 1508 2191 ut
1552 2138 1698 2193 inter
1724 2139 1809 2192 Si-

217 2241 413 2296 gonam
443 2239 495 2281 et
525 2226 765 2297 Ligerem
810 2242 976 2295 usque
1024 2240 1170 2281 mare
1221 2227 1490 2282 Oceanum
1521 2236 1576 2283 et
1604 2229 1808 2283 Britan-

219 2332 413 2371 norum
458 2318 677 2373 limitem
712 2333 832 2387 pars
869 2318 1190 2373 Theuderici
1223 2319 1470 2385 haberet;
1507 2330 1565 2379 et
1608 2337 1702 2390 per
1728 2322 1809 2377 Si-

216 2424 412 2478 gOnatn
437 2420 491 2464 et
520 2411 713 2467 tsaram
739 2412 992 2465 Ducatutn
1018 2412 1279 2480 integrum
1306 2413 1568 2469 Dentelini
1596 2424 1619 2452 ο
1643 2430 1810 2487 usque

216 2505 495 2557 Oceanum
542 2517 694 2557 mare
737 2502 1146 2558 Theudebcrtus
1186 2505 1467 2573 reciperet.
1521 2505 1821 2563 Duodeciar

217 2602 427 2649 tantum
458 2593 573 2661 pagi
602 2592 740 2647 inter
768 2593 964 2647 Isaratn
998 2604 1051 2647 et
1072 2593 1325 2664 Sigonam
1354 2603 1410 2649 et
1439 2610 1586 2651 mare
1617 2595 1811 2652 littoris

217 2682 421 2737 Oceani
456 2680 766 2737 Chlothario
795 2694 1193 2738 remanserunt.

291 2778 396 2828 Att.
439 2788 545 2837 pct.
565 2803 634 2813 -—
656 2774 812 2829 Anno
842 2774 874 2829 6
904 2776 1049 2845 regni
1075 2775 1388 2832 Tlteuderici
1418 2778 1676 2833 Cautinus
1704 2779 1807 2833 dux

219 2866 588 2923 Theudeberti
622 2866 965 2925 interficitur.

290 2960 394 3014 Aa.
438 2972 561 3011 neu.
590 2985 661 2996 —
690 2956 828 3015 XXI.
873 2960 1029 3011 Anno
1058 2958 1088 3013 7
1119 2955 1145 2994 ἀ
1178 2959 1327 3029 regni
1373 2959 1691 3014 Theudorici
1746 2962 1811 3013 de

208 3049 523 3106 concubina
589 3046 733 3101 filius
799 3047 1058 3114 nascitur,
1100 3049 1317 3105 nomine
1375 3048 1701 3119 Sigibertus;
1758 3060 1813 3106 et

1917 1854 1997 1907 Ad
2024 1854 2329 1923 sepulcrum
2380 1856 2511 1909 illud
2554 1866 2794 1911 sanetum
2828 1859 2974 1913 mira:
3004 1864 3225 1919 virtutes
3271 1883 3332 1919 ex
3384 1870 3497 1937 ἰρμει

1909 1945 2017 2008 die,
2050 1960 2152 2012 qua
2194 1958 2466 2016 repertum
2512 1958 2626 2015 est,
2684 1959 2969 2016 prrestante
2997 1953 3244 2022 Domino,
3292 1959 3496 2029 integra

1911 2034 2224 2089 assiduitate
2250 2036 2624 2091 ostenduntur.
2654 2038 2729 2091 Eo
2758 2053 2897 2092 anno
2913 2039 3193 2097 Etherius
3214 2049 3497 2115 episcopus

1916 2126 2287 2196 Lugdunensis
2314 2129 2447 2183 obiit
2472 2148 2485 2183 :
2510 2130 2788 2184 ordinatur
2812 2133 2937 2187 loco
2962 2132 3132 2202 ipsius
3156 2136 3499 2195 Secundinus

1916 2230 2200 2286 eptscopus
2212 2257 2228 2272 .

1988 2307 2177 2362 XXI".
2221 2309 2298 2362 Eo
2328 2324 2467 2362 anno
2494 2309 2665 2364 Focas
2696 2313 2718 2348 κ
2748 2313 2853 2366 dux
2883 2328 2930 2367 et
2964 2316 3213 2380 patricius
3244 2318 3495 2386 reipubli-

1912 2413 2010 2463 cae,
2040 2400 2209 2454 victor
2237 2415 2267 2454 a
2296 2401 2476 2455 Persis
2507 2404 2744 2469 rediens,
2779 2405 3087 2461 Mauritiutn
3122 2410 3495 2477 imperatorem

1913 2489 2200 2557 interfecit,
2234 2503 2285 2546 et
2314 2493 2436 2547 loco
2468 2494 2637 2562 ipsius
2666 2497 2950 2563 imperium
2978 2502 3287 2570 as'sumpsit.

1986 2589 2085 2637 AN.
2137 2598 2282 2638 netu.
2307 2584 2586 2640 —XXlV.
2624 2590 2775 2639 Anno
2818 2588 2851 2640 8
2892 2592 3037 2659 regni
3068 2592 3384 2648 Tlteudertct
3432 2596 3498 2650 de

1911 2678 2208 2731 concubina
2242 2681 2476 2732 nascitur
2502 2680 2551 2732 ei
2577 2678 2735 2745 filius,
2773 2684 2987 2737 nemine
3013 2684 3415 2755 L‘ltildebertus,
3446 2698 3501 2744 et

1913 2770 2154 2839 synodus
2175 2769 2455 2825 Cabillono
2474 2772 2635 2841 605
2666 2774 2950 2843 colligitur.
2987 2777 3314 2834 Desiderium
3332 2782 3500 2835 'Vieu-

1916 2872 2137 2913 mensem
2187 2861 2497 2928 episcopum
2538 2862 2820 2929 dejiciunt,
2870 2874 2923 2919 et
2974 2867 3259 2937 instigante
3291 2873 3495 2939 Aridin,

1910 2950 2259 3021 :Lugdunensi
2288 2953 2562 3021 episcopo,
2593 2964 2647 3009 et
2678 2954 3039 3028 Brunichilde,
3069 2960 3387 3030 subrogatus
3416 2974 3499 3018 est

1912 3043 2035 3103 loco
2065 3043 2232 3112 ipsius
2266 3043 2588 3101 sacerdotali
2625 3044 2809 3099 officio
2840 3046 3163 3113 Domnulus;
3198 3049 3499 3107 Desideria”

220 3143 401 3213 Egila
440 3151 463 3179 ο
498 3141 786 3209 patricius,
830 3140 995 3196 nullis
1039 3142 1209 3211 culpis
1255 3143 1609 3206 exstantibus.
1658 3144 1812 3197 insti-

1928 3146 2044 3188 vero
2071 3133 2122 3185 in
2152 3131 2380 3187 insulam
2408 3132 2688 3202 quamdam
2717 3134 2905 3189 exsilio
2930 3137 3238 3192 retruditur.
3260 3140 3341 3194 Eo
3360 3157 3500 3198 anno

219 3246 380 3306 gente
426 3231 795 3297 Brunichilde,
845 3231 1037 3301 ligatus
1087 3233 1424 3303 interficitur,
1463 3233 1564 3288 nisi
1608 3242 1812 3289 tantum

220 3324 535 3395 cupiditatis
580 3322 858 3387 instinctu,
887 3331 946 3379 ut
992 3322 1273 3381 facultates
1312 3322 1434 3393 ejus
1466 3323 1625 3381 ﬁscus
1666 3338 1816 3378 aestio

221 3424 421 3473 meret.
470 3414 544 3470 Eo
573 3430 713 3468 anno
740 3413 1149 3469 Tbeudebertus
1177 3423 1229 3469 et
1252 3413 1617 3470 Theudericns
1654 3429 1818 3471 exer-

221 3508 388 3564 citum
417 3514 606 3575 contra
628 3504 918 3561 Wascones
944 3504 1199 3574 dirigunt,
1226 3505 1496 3574 ipsosque,
1516 3503 1687 3577 604
1710 3505 1818 3562 Deo

222 3598 558 3661 auxiliante,
599 3594 840 3665 dejectos
888 3610 1000 3651 sua:
1047 3595 1396 3661 dominationi
1443 3597 1714 3666 redigunt,
1765 3605 1819 3652 et

224 3689 545 3745 tributarios
586 3687 810 3745 faciunt.
845 3687 1042 3753 Ducem
1073 3702 1234 3759 super
1262 3690 1427 3758 ipsos,
1475 3690 1690 3747 nomine
1715 3691 1817 3747 Ge-

227 3782 427 3837 nialem
452 3777 496 3844 τ,
530 3780 836 3845 instituunt,
868 3779 957 3846 qui
983 3793 1077 3834 eos
1108 3780 1329 3835 feliciter
1357 3781 1668 3837 tlominavit.

298 3869 471 3923 XXII.
520 3869 595 3922 Eo
632 3883 775 3923 anno
816 3883 1011 3939 corpus
1058 3870 1229 3933 sancti
1260 3870 1485 3931 Victoris
1536 3872 1628 3931 qui
1674 3870 1821 3929 Salo-

227 4042 351 4083 esse
375 4023 648 4081 contendit
677 4024 918 4079 Cointius
949 4023 1013 4077 ad
1046 4038 1133 4077 an.
1163 4022 1287 4086 5&9,
1315 4023 1454 4092 quod
1486 4024 1819 4078 Antissiado-

227 4097 401 4152 rensis
419 4096 655 4149 Ecclesia
686 4104 812 4147 tttne
840 4109 943 4148 non
963 4104 1192 4157 vacaret,
1220 4093 1465 4163 quodque
1492 4094 1818 4159 Desiderius,

227 4171 317 4235 qui
358 4168 562 4235 aliquot
596 4177 777 4234 postea
825 4166 977 4219 annis
1002 4164 1348 4235 Aunacbario
1378 4165 1653 4235 successit,
1688 4178 1819 4233 pau-

228 4233 483 4309 pergnoit
536 4233 726 4309 fuerit,
782 4249 881 4309 nec
926 4234 1043 4309 talis
1071 4233 1291 4309 qui‘hic
1342 4234 1679 4309 describitur,
1710 4235 1820 4309 imp

230 4302 598 4363 nobilissimus
624 4306 821 4359 dicitur
851 4305 900 4357 in
929 4303 1068 4359 Hist.
1110 4303 1481 4373 episcoporum
1524 4302 1816 4357 Antissiod.

225 4392 347 4447 cap.
375 4378 442 4432 19
472 4385 525 4447 et
547 4377 639 4440 ‘20,
674 4385 722 4429 et
755 4390 936 4447 regum
969 4384 1281 4447 nostrorum
1307 4375 1642 4447 propinquus.
1676 4373 1822 4447 Obiit

227 4443 378 4503 anno
408 4446 534 4510 625,
567 4456 620 4500 et
650 4443 889 4513 sepultus
918 4454 997 4497 est
1042 4444 1094 4496 in
1127 4443 1346 4497 basilica
1374 4445 1539 4496 sancti
1568 4444 1819 4498 Germani

227 4534 358 4573 cum
404 4519 519 4571 suis
538 4510 985 4586 praeessoribus.
1032 4514 1239 4568 Colitur
1268 4514 1341 4567 uti
1372 4522 1588 4568 sanctus
1616 4529 1667 4567 vt
1699 4513 1814 4567 Kal.
1847 4510 1901 4571 D
1925 4514 2054 4586 Arta
2095 4512 2387 4586 hlartyrum
2413 4516 2625 4586 ‘sineera
2649 4557 2661 4579 ,

226 4587 553 4644 Novembris

299 4669 333 4698 ι
353 4657 459 4713 Vix
483 4655 668 4711 incolis
694 4664 873 4720 notus,
897 4654 1288 4723 vulgoOuaine.
1317 4655 1529 4707 Lustrat
1550 4654 1817 4709 Senonum

226 4731 391 4793 ﬁnes,
421 4737 475 4782 et
501 4728 554 4781 in
586 4726 785 4792 Lupam
821 4725 890 4794 (te
906 4724 1055 4847 Long
1087 4725 1419 4806 immergitur
1450 4739 1611 4792 prope
1637 4725 1820 4778 Murit-

228 4810 375 4847 mm.
407 4797 793 4847 Doromellum.
825 4797 984 4847 vultto
1058 4796 1306 4847 ormetlle.
1338 4794 1648 4847 appellatur.
1683 4799 1819 4847 Aro-

228 4810 375 4855 tum.
407 4797 793 4858 Doromellum,
825 4797 984 4864 vulgo
1009 4794 1306 4864 Dormeille,
1338 4794 1648 4863 appellatur.
1683 4799 1819 4849 Aro-

225 4882 433 4924 annam
485 4876 661 4920 tamen
688 4863 932 4920 Cointius
962 4879 1029 4919 ex
1060 4863 1330 4919 Faucheto
1368 4865 1442 4917 ait
1487 4864 1616 4919 oriri
1656 4880 1820 4934 prope

225 4942 461 5002 Treeas,
494 4952 555 4990 ac
585 4951 751 5004 prope
778 4934 1049 4989 Senonum
1082 4937 1264 4989 urbem
1309 4936 1360 4988 in
1391 4934 1633 5004 lcauﬁnam
1686 4934 1813 4989 labi.

212 5011 289 5065 ‘ln
312 5003 663 5063 TeStametito
688 5003 856 5058 sancti
885 5004 1263 5058 Bertiehrantni
1293 5008 1456 5069 epise.
1485 5003 1816 5059 Cenomann.

228 5087 571 5134 memoratur
602 5077 802 5129 Aroena
839 5074 1101 5142 ﬂuvidus,
1151 5075 1203 5128 in
1230 5074 1381 5144 cujus
1410 5074 1525 5143 ripa
1553 5075 1709 5133 situm
1736 5083 1821 5130 est

229 5148 488 5218 oppidum
510 5145 787 5205 Diabliutia
815 5145 951 5212 apud
982 5145 1377 5200 Oenomannos.

310 5219 339 5256 δ
370 5217 469 5269 Ch.
503 5217 599 5269 al..
631 5216 913 5269 Seauame:
953 5230 1108 5269 uuam
1137 5214 1377 5269 Siaonam

264 5214 274 5218 ’
305 5214 339 5256 ⁵
370 5217 469 5272 Ch.
503 5217 599 5280 aL,
631 5216 913 5283 Sequente;
953 5230 1108 5282 quam
1137 5214 1382 5287 Sigonam
1419 5228 1514 5281 seu
1543 5214 1818 5291 Segonam,

231 5289 331 5345 ille
362 5296 548 5340 auctor
576 5297 631 5338 ut
655 5284 938 5353 plurimum
965 5285 1212 5352 appellat.

313 5369 337 5396 ε
373 5356 533 5417 Infra,
585 5369 701 5422 cap.
731 5355 820 5408 57.
872 5353 1030 5408 Freh.
1081 5364 1136 5409 et
1163 5353 1263 5409 Ch.
1306 5355 1402 5419 al.,
1432 5354 1720 5419 Denzeft'ni,
1770 5363 1824 5407 et

228 5445 363 5498 cap.
388 5428 479 5489 76,
525 5425 813 5498 Danzifeni.
867 5424 1327 5498 Complectebatur
1376 5427 1668 5498 regionem,
1702 5439 1823 5498 qua:

224 5494 390 5573 jacet
438 5498 490 5552 in
517 5512 577 5573 et_'
603 5495 923 5573 .Sequattattt,
946 5494 1187 5573 _lsaram,
1228 5509 1333 5573 seu
1384 5494 1640 5573 Oesiam,_
1670 5495 1827 5573 vulgo

233 5564 433 5645 i'Oise,
484 5577 537 5621 et
557 5564 810 5645 Ligerim.
843 5564 992 5619 Unde
1015 5578 1146 5618 vero
1172 5564 1311 5620 istud
1334 5580 1527 5622 nomen
1556 5564 1825 5631 habuerit,

232 5637 759 5719 ignptumtniltiest.
808 5704 846 5719 ﬁ
915 5704 926 5719 D
1044 5705 1059 5719 ⁸
1234 5707 1244 5717 Ι
1407 5708 1419 5718 .

312 5708 340 5748 J
378 5706 510 5759 Cod.
544 5706 694 5759 Coih.
724 5713 777 5758 et
808 5704 994 5773 Freh.,
1025 5705 1173 5760 Anno
1197 5707 1265 5764 vi.
1297 5715 1349 5763 et
1379 5708 1454 5764 sie
1483 5722 1588 5763 uno
1616 5719 1829 5775 semper

561 5819 829 5880 Ρηιιοι..
882 5817 1108 5878 LXXI.

1916 3226 1995 3280 sol
2025 3224 2335 3281 obseuratus
2360 3233 2464 3279 est.
2488 3224 2572 3278 Eo
2601 3239 2812 3295 quoque
2839 3235 3085 3296 tempore
3116 3230 3497 3298 Bertltualdns,

1914 3330 2112 3386 genere
2136 3313 2395 3380 Francus,
2429 3313 2601 3382 major
2641 3315 2830 3368 demus
2871 3316 3046 3383 palatii
3097 3328 3214 3373 erat
3254 3320 3500 3377 Theude-

1904 3405 2051 3473 sici,
2096 3405 2334 3459 moribus
2378 3412 2746 3471 mensuratus,
2794 3407 3009 3474 sapiens
3088 3418 3144 3464 et
3186 3421 3392 3481 cautus,
3443 3415 3496 3469 in

1917 3501 2101 3570 praello
2133 3499 2308 3566 fortis,
2336 3498 2497 3555 fidem
2523 3514 2644 3554 cum
2673 3502 2919 3558 omnibus
2947 3518 3189 3561 servans.

1987 3595 2087 3647 Att.
2112 3608 2259 3648 perv.
2282 3622 2352 3633 --
2379 3596 2531 3646 Anno
2562 3596 2596 3649 9
2622 3594 2772 3664 regni
2802 3593 3123 3651 Theuderiei
3174 3599 3410 3655 nascitur
3449 3603 3501 3656 ei

1918 3686 2057 3741 illius
2084 3686 2152 3741 de
2185 3687 2512 3751 concubina,
2547 3687 2763 3742 nomine
2790 3688 3015 3743 Corbus.
3040 3687 3180 3744 Cum
3215 3691 3325 3760 jam
3372 3693 3501 3747 Pro-

1914 3780 2094 3833 tadius
2137 3792 2335 3847 genere
2378 3778 2653 3834 Romanus
2683 3780 3025 3836 vehementer
3051 3783 3119 3838 ab
3155 3784 3402 3841 omnibus
3447 3788 3499 3842 itt

1918 3870 2112 3939 palatio
2140 3879 2507 3937 veneraretur,
2531 3880 2586 3926 et
2614 3872 2968 3928 Brunieitildis
2988 3877 3165 3943 stupri
3189 3877 3354 3947 gratia
3377 3894 3499 3934 eum

1912 4022 2098 4098 minus
2124 4022 2414 4098 adannum
2442 4020 2495 4075 9.
2528 4023 2691 4078 iidem
2720 4038 2841 4077 cum
2871 4023 3005 4083 Bob.
3028 4026 3201 4081 (filium
3234 4027 3376 4085 hunc
3405 4046 3501 4098 ap-

1924 4093 2123 4161 pellant
2153 4091 2506 4160 Sigobertum.

1988 4170 2020 4235 ,ς
2243 4161 2664 4235 οριιξλριετίδιιυθ
2695 4162 2875 4235 editis,
2903 4166 3074 4235 Agile-

1998 4229 2016 4268 τ
2060 4230 2236 4295 Coib.,
2267 4229 2835 4300 Gelinnemrplerique
2861 4229 2974 4299 ea;
3006 4233 3307 4291 Gemialem.

1994 4313 2018 4350 ε
2063 4302 2278 4374 Boh._et
2304 4302 2504 4374 aliquot
2541 4304 2648 4368 cd.,
2676 4302 2912 4357 Ursintte.
2951 4306 3011 4360 tli
3043 4313 3195 4358 erant
3217 4320 3279 4359 ex
3312 4320 3501 4374 perce-

1924 4372 2055 4443 lebri
2091 4371 2439 4427 Thebteorutn
2483 4373 2725 4443 legione,
2754 4389 2873 4441 qua)
2904 4375 2952 4427 in
2986 4377 3100 4435 istis
3133 4371 3371 4439 partibus
3400 4381 3503 4432 sub

1926 4442 2241 4505 Maximiano
2276 4442 2521 4497 Herculio
2544 4442 2864 4512 martyrium
2888 4445 3314 4501 consummavit.
3370 4447 3502 4501 Vide

2732 4528 2848 4583 pag.
2881 4515 3007 4581 293,
3060 4515 3379 4578 ctSurium.
3433 4519 3502 4571 atl

1922 4583 2061 4638 diem
2093 4581 2161 4635 50
2190 4581 2463 4658 Septemb.
2515 4581 2839 4658 SOrloqltl‘ulj!
2882 4587 3035 4658 urbs,
3063 4584 3225 4658 vulgo
3260 4584 3499 4658 Spleure,

1910 4662 2081 4722 caput
2116 4659 2208 4707 est
2250 4654 2372 4721 pagi
2424 4654 2757 4722 cognominis
2794 4652 3180 4711 Helvetiorum
3213 4652 3505 4713 Catholica;

1927 4739 2065 4778 rum.

1995 4791 2021 4829 ιι
2049 4793 2223 4847 Mallet
2271 4792 2512 4847 Vah-sius
2554 4792 2730 4860 legere
2770 4792 2987 4847 ίΕοηίο.
3036 4792 3158 4861 ipse
3204 4810 3335 4853 vero
3382 4811 3505 4853 sese

1924 4862 2207 4935 Ηὶςοηὶιιῃι
2231 4864 2465 4935 appellat
2493 4866 2546 4935 in
2571 4877 2726 4935 eone.
2759 4865 2960 4935 matise.
2993 4882 3007 4916 ι
3037 4875 3090 4918 et
3114 4880 3175 4929 tt,
3203 4867 3398 4935 quibus
3425 4868 3508 4922 itt-

1927 4932 2126 4991 terfuit.
2161 4931 2369 4986 Primus
2392 4931 2492 4986 fuit
2522 4932 2677 5001 hujus
2709 4934 2853 4988 sedis
2877 4934 3178 5002 episcopus.

2007 5003 2020 5040 ί
2050 5003 2173 5059 llaec
2195 5002 2290 5056 fuit
2318 5017 2470 5057 soror
2488 5003 2771 5058 Citlotildis
2795 5009 2972 5059 uxoris
2992 5004 3502 5073 CblodoveiMagni.

1928 5073 2060 5129 Vide
2089 5073 2311 5143 Gregor.
2341 5074 2476 5128 Hist.
2508 5074 2598 5127 lib.
2623 5088 2805 5143 tt,trap.
2827 5074 2917 5129 28.

2003 5147 2016 5194 f
2058 5142 2439 5206 Alti,"fittstico
2469 5153 2514 5207 et
2552 5142 2791 5207 Patriae;
2824 5147 3013 5203 melius
3046 5145 3181 5201 forte
3205 5145 3422 5213 Rustico
3453 5154 3507 5200 et

1931 5214 2177 5269 Patricio.
2204 5213 2493 5281 Utriusque
2522 5215 2717 5269 nudum
2748 5230 2940 5279 nomen
2968 5215 3228 5277 exstat'in
3259 5217 3503 5283 catalogo

1929 5286 2098 5352 episc.
2128 5284 2546 5349 Genaveusium;
2601 5285 2859 5338 alteruter
2891 5297 3063 5338 tamen
3097 5283 3258 5343 fuisse
3287 5284 3500 5339 videtur

1931 5354 2211 5423 episcopus
2238 5353 2619 5417 Octodurensis
2649 5369 2741 5409 seu
2768 5353 3117 5423 Sedttnensis.

2004 5423 2030 5460 ι
2064 5420 2173 5477 lloc
2202 5426 2314 5491 ipso
2341 5438 2481 5478 anno
2503 5425 2695 5478 Phocte
2730 5425 2931 5490 imperii
2965 5420 3169 5485 initium
3200 5422 3421 5491 habetur
3446 5423 3499 5479 itt

1934 5490 2290 5551 instrumento
2314 5495 2550 5563 publico,
2635 5493 2736 5546 uod
2768 5493 2949 5545 Roma:
2978 5505 3005 5542 a
3030 5500 3218 5556 saneto
3243 5490 3502 5563 Gregorio

1936 5565 2323 5616 nrotnuluatutu
2365 5574 2476 5616 est:
2527 5509 2663 5616 unae
2694 5564 2930 5616 firmatur
2974 5560 3315 5616 cbronolouia
3344 5581 3501 5616 uuam

1936 5560 2335 5633 promulgatum
2365 5574 2476 5633 est;
2527 5560 2663 5617 unde
2694 5564 2930 5633 firmatur
2974 5560 3315 5633 chronologia
3344 5560 3501 5633 tinam

1936 5631 2023 5689 hic
2049 5631 2342 5702 sequimur.
2368 5631 2550 5689 Exstat
2576 5633 2725 5687 initio
2752 5632 2872 5692 libri
2902 5646 2956 5685 ιι
2983 5632 3329 5699 epistularum
3362 5631 3504 5702 ejus-

1934 5704 2056 5760 dem
2089 5704 2369 5759 oontilicis.

3033 5816 3114 5878 20
