3946 6188
482 236 595 293 διο

1694 232 2113 290 FREDEGARII
2151 232 2592 290 SCHOLASTICI

3646 239 3745 296 διο

495 354 648 409 vellet
704 351 991 407 honoribus
1045 349 1285 405 exaltare
1298 358 1322 414 ';
1385 348 1636 405 defuncto
1696 348 2076 403 Wandalmaro
2107 352 2152 407 Α
2187 364 2309 418 pars
2330 352 2600 406 exercitus
2626 350 2941 431 Theudorici
2970 352 3293 421 transierat,
3324 354 3509 408 initum
3534 361 3614 410 est
3635 368 3748 424 pras-

490 447 647 509 duce,
681 445 732 499 in
779 458 913 513 pago
960 440 1340 498 Ultra-Jurano
1372 451 1425 496 ct
1472 441 1848 511 Scotingorum
1880 452 1903 478 α
1939 442 2069 495 Pro-

494 535 665 591 tadius
695 532 945 602 patricius
973 532 1254 589 ordinatur
1278 532 1639 609 vinstigatione
1692 531 2067 586 Brunicbildis.

492 626 560 681 Ut
590 623 911 680 Bertoaldus
938 624 1112 695 potius
1156 623 1433 690 interiret,
1467 637 1590 678 eum
1628 623 1682 677 in
1728 622 1900 690 ripam
1933 622 2077 691 Sigo-

489 733 612 772 nam
644 730 811 786 usque
840 716 1109 771 Oceanum
1141 730 1289 771 mare
1318 730 1411 784 per
1440 728 1604 785 pagos
1631 724 1685 769 et
1712 713 1955 769 civitates
1986 712 2077 768 lis-

489 823 611 863 cum
639 805 1011 878 inquirendum
1033 806 1285 877 dirigunt.

565 902 729 957 XXV.
762 900 1074 957 Bertoaldus
1101 915 1131 954 a
1159 898 1503 955 Tlieuderico
1531 897 1664 971 [Αι.,
1689 895 1754 951 ad
1779 893 2078 951 Theuderi-

488 993 636 1064 cum]
663 993 921 1060 directus,
947 1006 1069 1047 cum
1101 991 1356 1047 trecentis
1402 1000 1606 1047 tantum
1638 989 1765 1043 viris
1810 986 1915 1043 illis
1958 999 2080 1057 par-

422 1098 435 1109 ·
491 1086 637 1140 tibus
663 1084 998 1155 properavit;
1030 1096 1259 1152 cumque
1298 1080 1366 1136 ad
1411 1079 1607 1136 Arelao
1629 1077 1659 1117 ι)
1693 1078 1869 1133 villam
1900 1077 2079 1133 venis-

493 1186 604 1242 set,
635 1185 691 1232 et
722 1177 1059 1232 venationem
1088 1175 1219 1229 inibi
1248 1182 1562 1241 exerceret,
1591 1172 1710 1226 hinc
1744 1170 2082 1240 comperiens

496 1267 863 1333 Clilotharius,
894 1266 1058 1320 lilium
1086 1280 1240 1320 suum
1274 1264 1574 1319 Meroveum
1600 1271 1655 1317 et
1681 1260 2030 1316 Landericum
2057 1268 2079 1297 ο

495 1361 753 1431 majorem
784 1358 974 1414 domus
1017 1371 1139 1412 cum
1187 1354 1424 1411 exercitu
1464 1354 1536 1409 ad
1578 1352 1917 1408 Bcrtoaldum
1956 1366 2082 1421 pre-

502 1450 753 1505 mendum
779 1449 1007 1515 direxit;
1039 1458 1092 1504 et
1120 1448 1403 1502 maximam
1435 1454 1639 1515 partem
1668 1444 1805 1499 inter
1831 1442 2083 1512 Sigonam

498 1552 551 1595 et
582 1540 823 1611 Ligerem
873 1554 1035 1609 pagos
1064 1549 1118 1595 et
1151 1539 1390 1594 civitates
1432 1536 1498 1592 de
1546 1550 1712 1606 regno
1759 1534 2083 1590 Tlieuderici

496 1634 835 1703 praesumpsit
886 1641 1073 1687 contra
1125 1643 1335 1700 pactum
1388 1629 1701 1699 pervadere.
1764 1626 2080 1681 Bertoaldus

434 1737 440 1747 ‘
497 1728 612 1783 haec
659 1726 901 1793 audiens,
934 1738 1053 1779 cum
1085 1722 1349 1778 sustinere
1398 1736 1501 1777 non
1534 1720 1880 1789 prmvaleret,
1935 1728 2080 1786 terga
2117 1728 2162 1788 Β

498 1831 738 1885 vertens,
771 1818 1073 1875 Aureliauis
1114 1816 1428 1886 ingreditur,
1464 1814 1641 1884 ibique
1671 1828 1700 1867 a
1731 1814 1847 1867 viro
1892 1812 2087 1866 beatis-

494 1914 633 1967 simo
664 1910 917 1966 AuStrinu
956 1909 1209 1977 episcopo
1256 1905 1562 1975 suscipitur.
1614 1903 1937 1959 Landericus
1966 1916 2085 1957 cum

496 2003 736 2082 exercitu
760 2000 1060 2056 Aureliauis
1088 1997 1431 2053 circumdans
1452 1994 1678 2050 vocabat
1708 1993 2049 2049 Bertoaldutn
2072 2034 2085 2056 ,

497 2105 555 2149 ut
584 2091 757 2148 exiret
802 2091 867 2144 ad
902 2089 1162 2159 praelium.
1203 2086 1515 2143 Bertoaldus
1546 2087 1614 2140 de
1666 2098 1819 2140 muro
1862 2098 2085 2153 respou-

493 2185 628 2240 deus
652 2199 665 2237 :
693 2183 859 2254 606
888 2180 997 2236 Nos
1027 2180 1133 2234 duo
1161 2179 1431 2248 singulare
1469 2184 1773 2241 certamen,
1807 2177 1852 2230 si
1882 2189 1970 2249 me
1997 2189 2087 2230 ex~

495 2283 738 2346 spectare
775 2272 1069 2338 deliberas,
1110 2270 1309 2338 reliqua
1354 2267 1692 2323 multitudine
1736 2266 1919 2335 procul
1965 2280 2088 2321 sus-

495 2378 664 2436 pensa
684 2407 696 2428 ,
726 2363 1011 2433 iungamus
1039 2361 1103 2415 ad
1133 2360 1399 2430 pmlium.
1426 2363 1465 2413 A
1511 2357 1736 2412 Domino
1763 2355 2086 2426 iudicemur.

496 2457 606 2513 Sed
637 2455 753 2510 haec
780 2454 1107 2510 Landericus
1137 2452 1314 2507 facere
1342 2449 1566 2504 distulit.
1600 2448 1817 2503 Addens
1847 2447 2086 2503 Bertoal-

495 2547 598 2603 dus
626 2544 805 2601 dixit:
832 2544 967 2598 Dum
996 2541 1171 2597 facere
1197 2554 1304 2595 non
1333 2537 1519 2605 audes,
1549 2537 1798 2608 proximo
1825 2546 2088 2605 tempore,

495 2637 700 2692 domini
742 2634 908 2690 nostri
948 2647 1044 2702 pro
1090 2630 1156 2687 iis
1194 2644 1314 2702 quae
1354 2628 1528 2685 facitis
1562 2628 1790 2701 iungent
1836 2628 1912 2684 ad-
1955 2644 2089 2698 pra:-

499 2731 652 2787 lium.
686 2729 972 2795 lnduamur
1019 2735 1261 2796 uterque,
1294 2738 1395 2794 ego
1422 2732 1477 2780 et
1505 2731 1595 2792 tu,
1625 2718 1864 2778 vestibus
1896 2723 2092 2778 vermi-

494 2822 599 2877 clis
621 2818 672 2888 ἀ,
702 2820 1068 2889 praecedamus
1097 2826 1324 2874 eteteros
1354 2815 1442 2871 ubi
1474 2828 1792 2886 congressus
1836 2815 1943 2870 erit
1972 2830 2088 2871 cer-

498 2913 749 2979 taminis;
777 2912 978 2982 ibique,
1000 2918 1055 2965 ct
1074 2904 1194 2966 inea
1220 2918 1275 2964 et
1300 2917 1388 2962 tua
1418 2906 1695 2978 apparebit
1722 2907 1947 2975 utilitas,
1976 2922 2093 2979 pro-

499 3009 773 3064 mittentes
801 3012 927 3061 ante
957 3003 1125 3060 Deum
1156 3001 1223 3058 ab
1253 3001 1479 3059 invicem
1528 2999 1899 3072 promissionis
1928 3000 2088 3071 hujus

501 3102 780 3157 veritatem
812 3096 1122 3153 subsistere.
1364 3136 1391 3149 ..

550 3189 761 3246 XXVI.
792 3188 1031 3258 Cumque
1056 3186 1159 3241 hoc
1183 3185 1237 3241 in
1266 3184 1351 3240 die
1381 3186 1499 3240 festi
1530 3185 1702 3240 sancti
1742 3184 1948 3240 Martini
1988 3197 2085 3238 an-

501 3284 683 3338 tistitis
731 3291 905 3334 actum
945 3277 1163 3342 fuisset,
1202 3275 1675 3343 Theudericusque
1708 3276 1821 3328 haec
1864 3288 2084 3343 compe-

502 3376 692 3440 risset,
722 3372 864 3444 quod
892 3386 922 3426 a
951 3368 1263 3428 Cblotbario
1292 3381 1412 3436 pars
1460 3366 1611 3435 regni
1632 3364 1715 3419 sui
1738 3374 1928 3420 contra
1960 3379 2088 3434 pac-

503 3478 614 3521 tum
644 3462 819 3519 fuerat
848 3475 1090 3532 pervasa,
1122 3458 1400 3514 nativitate
1446 3456 1652 3512 Domini
1692 3458 1934 3526 protinus
1962 3470 2086 3513 cum

503 3558 741 3616 exercitu
768 3557 1017 3625 Stampas
1049 3563 1073 3591 ε
1103 3568 1196 3623 per
1226 3552 1443 3607 fluvium
1476 3550 1584 3606 Loa
1610 3550 1880 3620 pervenit,
1912 3550 2090 3619 ibique

504 3654 715 3708 obviam
744 3649 1020 3705 Meroveus
1051 3648 1192 3702 lilius
1221 3644 1515 3701 Clilotharii
1550 3644 1711 3715 regis,
1742 3659 1861 3700 cum
1893 3644 2091 3700 Laude-

506 3744 616 3799 rico
655 3750 711 3797 et
739 3754 931 3810 magno
957 3737 1197 3794 exercitu
1229 3736 1391 3791 venit.
1421 3732 1554 3790 Cum
1583 3745 1726 3789 esset
1753 3744 1932 3790 arctus
1972 3750 2090 3803 per-

506 3834 672 3891 vius‘
709 3833 817 3900 ille,
850 3833 941 3888 ubi
990 3831 1098 3887 Loa
1152 3830 1345 3947 “Mill:
1396 3839 1774 3896 transmeatur,
1803 3830 1890 3885 vix
1935 3832 2089 3885 tertia

583 4023 608 4049 ἰ
640 4010 1002 4078 Scotingorum
1030 4022 1125 4062 seu
1160 4005 1523 4078 Scutingorum
1571 4003 1689 4078 pagi
1720 4003 1879 4078 situm
1929 4005 2090 4060 disci-

511 4100 628 4138 mus
655 4098 719 4135 ex
752 4073 868 4133 Vita
896 4079 1064 4132 sancti
1095 4076 1322 4131 Anatolii
1345 4073 1624 4145 episcopi,
1653 4073 1956 4145 Salinarum
2002 4090 2092 4145 pa-

508 4154 647 4208 troni
666 4194 681 4216 ,
704 4165 823 4220 qum
851 4145 1299 4220 habet_Scodinga
1329 4144 1687 4220 in'Sequanis,
1712 4144 1799 4197 ubi
1829 4160 1964 4220 nunc
1989 4144 2090 4200 Sa-

508 4229 526 4279 t
551 4214 736 4276 nam;
752 4221 911 4275 locus.
940 4218 1134 4274 Salma:
1162 4214 1308 4281 vero,
1336 4214 1500 4284 vulgo
1515 4215 1712 4277 Salius,
1738 4214 1989 4283 Oppidum
2009 4224 2092 4270 est

509 4296 575 4348 ad
618 4292 857 4347 Furieam
890 4303 1100 4343 amnem
1147 4287 1199 4340 in
1248 4285 1561 4356 Burgundiaz
1604 4284 1857 4339 comitatu
1904 4284 2089 4339 Dolam

509 4368 650 4420 inter
690 4370 745 4417 et
789 4360 1198 4421 Vesontionem,
1226 4359 1367 4426 quod
1397 4356 1860 4426 arcbiydiaconatus
1888 4369 2087 4426 cegno-

511 4434 671 4489 minis
710 4442 793 4488 est
836 4437 1015 4500 caput.
1053 4427 1182 4482 Vide
1228 4424 1467 4481 notitiam
1518 4424 1709 4480 Valesii
1756 4424 1822 4477 ad
1870 4425 2087 4480 verbum

511 4504 764 4573 Scutingi.

582 4576 609 4612 ιι
646 4562 784 4627 Editi
835 4571 1110 4641 plerique,
1143 4568 1415 4641 Arelaum,
1466 4564 1596 4619 Bob.
1640 4573 1694 4621 et
1738 4562 1937 4641 Qbesn.
1968 4582 2087 4641 cum

514 4643 782 4707 Aimoino,
815 4637 1155 4706 Arelatinum,
1180 4638 1322 4707 quod
1351 4650 1543 4691 nomen
1567 4645 1684 4690 erat
1709 4637 1855 4690 silva:
1876 4647 1926 4691 et
1953 4638 2091 4692 villze

514 4714 675 4782 regia:
699 4706 859 4782 baud
902 4713 1085 4782 procul
1122 4726 1152 4765 a
1188 4706 1581 4782 Fontanelleqsi
1611 4710 1933 4782 monasterio
1973 4723 2093 4775 per-

514 4776 715 4836 eelebri
754 4776 999 4835 dimcesis
1040 4778 1502 4849 Botliomagcnsis,
1531 4776 1599 4849 jn
1631 4777 1902 4849 peninsula
1933 4793 2090 4846 quam

516 4854 759 4920 Sequana
782 4849 1042 4904 clformat.
1072 4851 1204 4905 Vide
1226 4846 1327 4920 lib.
1353 4863 1401 4900 tv
1431 4848 1498 4900 de
1526 4846 1604 4901 Re
1633 4846 1992 4920 diplomatica.
2017 4850 2094 4920 At

516 4917 633 4975 aliis
663 4921 888 4976 fortasse
915 4920 1177 4975 videbitur
1207 4919 1463 4986 majorem
1492 4930 1611 4971 esse
1655 4917 1795 4971 inter
1843 4920 1979 4971 hunc
2014 4919 2089 4973 lo-

514 5007 634 5047 cum
660 5001 715 5045 et
740 4989 1051 5046 Gennabum
1095 4989 1428 5051 distantiam,
1460 4997 1513 5039 ut
1540 4987 1733 5041 eximie
1781 4988 2091 5046 Bertoaldus

516 5065 720 5131 fugiens
744 5060 1024 5131 seseiintra
1054 5059 1460 5131 Aurelianenses
1491 5070 1671 5131 muros
1702 5061 1981 5128 receperit.

593 5126 615 5172 ε
646 5133 825 5197 Colb.-,
856 5130 1196 5193 Landricum;
1224 5126 1342 5190 alii,
1376 5126 1734 5182 Lnndericum.

591 5207 617 5241 ει
649 5202 737 5256 Sic
782 5216 909 5256 mss.
941 5211 994 5254 et
1021 5200 1179 5263 editi,
1210 5206 1399 5267 praeter
1448 5197 1644 5249 (Iliesn.
1674 5208 1728 5267 et
1767 5199 1953 5266 Freh.,
1980 5216 2092 5255 vera

520 5277 706 5327 intotis.
736 5273 902 5340 Quam
931 5285 1114 5325 vocem
1141 5266 1416 5340 Aimoinus
1444 5267 1621 5331 habet.
1647 5266 1742 5340 llic
1772 5278 1945 5325 tamen
1976 5288 2093 5327 ver-

522 5337 839 5397 miculattim
854 5342 1090 5412 colorem
1116 5337 1379 5408 designari
1407 5347 1590 5412 putant
1608 5339 1706 5412 viri
1730 5340 1949 5407 eruditi,
1975 5357 2094 5412 qua:

520 5427 625 5464 vnx
672 5413 867 5480 passim
896 5410 1035 5479 apud
1065 5420 1310 5464 auctores
1351 5410 1602 5480 occurrit.
1635 5409 1769 5480 Hinc
1810 5409 2093 5468 vernacula

523 5496 624 5535 vox
657 5479 859 5534 aermeil
887 5492 1109 5553 :_vestes
1138 5490 1315 5553 autem
1346 5479 1632 5553 vermiclae,
1683 5479 1734 5532 id
1780 5490 1862 5535 est
1903 5498 2097 5553 purpu-

522 5564 649 5616 reae,
683 5560 772 5603 aut
798 5551 1071 5605 scarleteze
1106 5552 1420 5620 (d’écarlate)
1440 5552 1528 5620 sic
1560 5552 1807 5603 dicuntur
1834 5556 1980 5619 quasi
2005 5551 2099 5608 eo-

526 5622 651 5673 luris
678 5621 978 5691 vermiculi.
1010 5621 1071 5671 Et
1110 5618 1320 5691 quidem
1354 5619 1404 5673 in
1438 5618 1550 5673 Vita
1582 5620 1754 5674 Caroli
1804 5618 1975 5691 blagui
2008 5626 2095 5677 ubi

527 5690 845 5744 describitur
874 5687 1195 5755 antiquorum
1238 5687 1557 5742 Francorum
1589 5700 1797 5744 ornatus
1828 5687 1912 5743 vel
1946 5710 2097 5761 para-

2120 4478 2175 4538 1)
2274 4452 2604 4538 ’βίοηςιεετο
2630 4464 2685 4506 ει
2718 4454 2947 4538 non»!
2991 4455 3169 4538 ορηιοο
3196 4474 3257 4510 ου

2178 440 2341 507 lium;
2374 442 2549 509 ibique
2582 440 2888 496 Bertoaldus
2936 441 3231 497 secundum
3277 441 3527 511 placitum
3570 456 3749 513 aggre-

2179 534 2342 599 ditur,
2374 533 2615 587 vocitans
2649 533 3023 589 Landericum.
3052 533 3157 589 Sed
3197 533 3523 590 Landericus
3554 548 3653 588 non
3680 545 3753 589 est

2179 639 2367 703 ausus,
2397 637 2456 682 ut
2503 624 2851 697 promiserat,
2884 635 3083 680 tantam
3115 624 3274 695 huius
3301 624 3614 683 certaminis
3639 641 3753 681 cou-

2178 720 2513 790 gressionem
2540 718 2714 775 adire.
2752 718 2935 788 Ibique
2966 717 3277 774 Bertoaldus
3309 732 3432 773 cum
3478 717 3637 772 nimis
3662 732 3753 773 ca:-

2181 818 2326 865 teros
2356 812 2715 880 prmcessissct
2738 852 2752 875 ,
2798 810 2867 863 ab
2896 812 3134 865 exercitu
3164 810 3462 865 Chlotliarii
3504 824 3631 864 cum
3660 809 3758 865 suis

2182 899 2526 955 interficitur:
2560 915 2660 955 nec
2700 901 2902 955 vellens
2945 901 3139 956 exinde
3183 899 3417 956 evadere
3475 899 3603 955 dum
3652 913 3759 953 sen-

2182 999 2327 1045 serat
2356 1006 2415 1046 se
2444 993 2511 1046 de
2540 991 2621 1045 sui
2653 991 2849 1061 gradus
2895 992 3099 1046 honore
3126 1006 3154 1044 a
3202 991 3450 1045 Protadio
3476 990 3761 1060 degradan-

2185 1083 2331 1135 dum.
2366 1082 2546 1152 ibique
2578 1082 2859 1138 Merovens
2892 1082 3031 1137 lilius
3060 1082 3353 1136 Clilotharii
3384 1082 3616 1150 capizur,
3652 1082 3763 1135 Lan.

2186 1172 2399 1227 dericus
2424 1172 2479 1226 in
2520 1170 2697 1243 fugam
2728 1188 2917 1228 versus
2944 1184 3056 1238 est,
3093 1173 3254 1226 nimia
3295 1173 3578 1227 multitudo
3629 1187 3764 1228 exer-

2186 1264 2331 1318 citus
2354 1262 2650 1318 Cblutbarii
2702 1264 2756 1318 in
2800 1278 2867 1319 eo
2911 1264 3095 1334 prtelio
3146 1264 3322 1334 gladio
3363 1264 3632 1319 trucidata
3674 1275 3765 1320 est.

2186 1351 2549 1409 Theudoricus
2574 1353 2745 1408 victor
2769 1352 3003 1408 Parisius
3026 1352 3339 1423 ingreditur,
3367 1352 3768 1409 'l‘lieudebertus

2190 1459 2376 1513 pacem
2415 1460 2538 1501 cum
2586 1444 2901 1501 Chlothario
2949 1444 3281 1513 Compendio
3320 1444 3446 1499 villa
3495 1442 3684 1510 inivit;
3724 1453 3769 1499 et

2190 1546 2418 1607 uterque
2470 1537 2741 1594 exercitus
2792 1551 2980 1593 eorum
3030 1536 3191 1607 607
3246 1536 3445 1592 illmsus
3498 1535 3667 1592 rediit
3714 1533 3769 1589 ad

2191 1629 2424 1698 propria.

2264 1722 2363 1773 AN.
2387 1734 2505 1775 nev.
2532 1749 2597 1758 —
2623 1718 2834 1775 XXVII.
2863 1720 3017 1773 Auno
3046 1719 3108 1774 10
3129 1720 3277 1789 regni
3305 1718 3628 1775 Theuderici
3660 1718 3769 1774 Pro-

2189 1809 2381 1876 tadius,
2431 1809 2713 1877 instigante
2760 1809 3119 1869 Brunicliilde.
3152 1809 3485 1865 Tlieuderico
3525 1809 3769 1878 iubente,

2190 1901 2359 1968 major
2399 1901 2589 1957 domus
2638 1886 3001 1957 substituitur.
3049 1904 3147 1969 Qui
3195 1917 3315 1957 cum
3368 1914 3511 1958 esset
3557 1901 3770 1957 nimium

2189 1993 2585 2062 argutissimus,
2615 2007 2668 2049 et
2712 2005 2962 2049 strenuus
3009 1996 3059 2049 in
3106 1995 3335 2061 cunctis,
3358 1996 3459 2050 sed
3504 2010 3656 2050 smva
3705 1996 3769 2049 illi

2190 2087 2289 2141 frit
2337 2095 2522 2140 contra
2580 2101 2836 2156 personas
2891 2087 3175 2156 iniquitas,
3230 2086 3361 2140 ﬁsco
3415 2087 3640 2142 nimium
3688 2088 3768 2141 tri-

2192 2180 2360 2234 buens
2389 2187 2435 2245 Β,
2467 2177 2534 2234 de
2565 2177 2723 2233 rebus
2752 2193 3101 2247 personarum
3140 2179 3415 2250 ingeniose
3462 2181 3652 2234 fiscum
3685 2180 3769 2232 vcl-

2191 2268 2305 2325 lens
2344 2268 2590 2339 implere,
2626 2278 2679 2324 et
2708 2269 2946 2338 seipsum
2972 2268 3168 2325 ditare.
3200 2272 3561 2339 Quoscunque
3583 2285 3769 2339 genere

2191 2359 2395 2417 nobiles
2425 2360 2712 2429 reperiret,
2744 2369 2884 2415 totos
2915 2360 3197 2416 bumiliare
3225 2361 3541 2425 conabatur,
3574 2371 3634 2415 ut
3667 2362 3768 2416 nu!-

2193 2452 2272 2507 lus
2328 2453 2651 2522 reperiretur
2700 2451 2790 2524 qui
2836 2454 3060 2522 gradum
3112 2468 3270 2523 quem
3328 2450 3631 2521 arripuerat
3682 2468 3765 2522 po-

2192 2544 2384 2599 tuisset
2405 2557 2698 2600 assumere.
2726 2544 2820 2599 llis
2841 2553 2895 2599 et
2916 2544 3033 2598 aliis
3058 2544 3219 2599 nimia
3243 2544 3531 2614 sagacitate
3552 2550 3768 2609 vexatis,

2193 2635 2421 2688 maxime
2443 2644 2664 2690 cunctos
2693 2636 2745 2689 in
2772 2650 2937 2705 regno
2971 2637 3286 2706 Burgundiae
3315 2636 3448 2691 fecit
3473 2636 3571 2691 Sibi
3603 2635 3767 2691 inimi-

2193 2738 2303 2779 cos.
2335 2727 2469 2781 Cum
2514 2726 2870 2783 Brunicbildis
2920 2738 3166 2796 nepotem
3202 2744 3355 2782 suum
3385 2728 3767 2785 'l‘lieudericum

2196 2823 2397 2892 integra
2446 2820 2762 2877 assiduitate
2809 2832 3081 2883 moueret,
3116 2830 3173 2875 ut
3216 2830 3401 2877 contra
3435 2820 3765 2877 Tlieudcbcr-

2196 2924 2303 2969 tum
2326 2924 2563 2969 moveret
2583 2914 2882 2969 exercitum
2905 2954 2918 2977 ,
2942 2914 3126 2968 dicens
3153 2931 3165 2965 :
3192 2913 3354 2980 Quasi
3376 2912 3766 2970 Tbeudcbertus

2195 3022 2298 3061 non
2329 3016 2471 3061 esset
2502 3005 2638 3060 lilius
2684 3005 3008 3060 Cltlltleberti
3044 3007 3093 3070 ιι,
3128 3006 3227 3059 uisi
3261 3004 3543 3075 cujusdam
3591 3006 3763 3060 hortu-

2113 3105 2161 3169 C,
2192 3100 2335 3167 lani,
2382 3109 2435 3153 et
2483 3098 2763 3153 Prutadius
2808 3096 2907 3166 ipsi
2960 3113 3172 3167 quoque
3215 3096 3444 3153 consilio
3497 3099 3763 3162 assistens,

2194 3193 2406 3247 tandem
2434 3194 2585 3260 iussu
2634 3190 2953 3246 Tlieuderici
3008 3204 3260 3246 movetur
3305 3193 3592 3247 exercitus.
3624 3191 3763 3259 Quod

2192 3298 2311 3339 cum
2362 3282 2502 3348 loco,
2554 3282 2767 3336 nomine
2810 3281 3095 3337 Caraciaco
3144 3280 3188 3346 ί,
3241 3281 3606 3338 ’[ὴρυιιετὶουε
3651 3298 3763 3336 cum

2191 3377 2426 3431 exercitu
2475 3383 2649 3429 castra
2700 3382 2987 3438 metasset,
3040 3374 3352 3430 hortabatur
3459 3390 3490 3430 a
3538 3372 3766 3430 leullibus

2191 3470 2323 3536 suis,
2354 3478 2409 3523 ut
2456 3483 2579 3524 cum
2628 3468 3004 3524 Tlteudeberto
3048 3483 3233 3538 pacem
3265 3468 3445 3524 iuire‘t.
3502 3468 3761 3524 Protadins

2192 3562 2434 3631 singulus
2512 3557 2883 3623 hortabaturi,
2914 3568 2970 3613 ut
3022 3560 3266 3629 praelium
3323 3561 3759 3617 committeretur.

2194 3652 2603 3709 Tbeudebertus
2632 3665 2729 3705 nec
2760 3650 2944 3719 procul
2986 3665 3107 3706 cum
3138 3652 3379 3707 exercitu
3424 3653 3615 3709 exinde
3641 3652 3758 3705 resi-

2193 3746 2370 3801 debat.
2402 3744 2553 3800 Tunc
2582 3746 2757 3800 omnis
2799 3745 3064 3800 exercitus
3092 3745 3414 3802 Theuderici
3446 3748 3650 3804 inventa
3677 3762 3757 3800 oc-

2192 3836 2407 3893 casione
2443 3848 2605 3906 supra
2648 3834 2953 3890 Protadium
3000 3835 3245 3905 irruunt,
3285 3836 3529 3894 dicentes
3582 3836 3753 3892 melius

2194 4023 2338 4077 tura,
2372 4012 2507 4065 inter
2547 4020 2768 4066 caeteras
2796 4020 2971 4067 vestes
3012 4020 3356 4067 recensentur
3399 4013 3625 4083 fasciola:
3649 4028 3752 4065 cnt-

2194 4083 2326 4136 rales
2356 4084 2716 4135 vermicututw.

2270 4162 2292 4189 ε
2320 4151 2445 4214 CIL,
2475 4169 2626 4223 super
2649 4152 2860 4223 ﬂuvium
2892 4150 3018 4205 Lon.
3053 4156 3120 4207 At
3149 4155 3384 4223 btampa:
3426 4154 3667 4223 Oppidum
3692 4150 3753 4205 si-

2198 4230 2308 4275 tum
2343 4231 2425 4275 est
2453 4222 2519 4275 ad
2548 4222 2776 4275 Juuuam
2807 4221 3023 4276 ﬂuvium
3050 4222 3131 4347 δια
3158 4221 3356 4290 Juine),
3389 4221 3479 4294 qui
3510 4230 3655 4293 paulo
3688 4223 3755 4274 in-

2198 4292 2357 4346 ferius
2386 4291 2492 4345 Lua
2524 4291 2711 4347 maiori
2743 4305 2804 4346 ac
2831 4294 3020 4347 minori
3089 4296 3220 4347 uviis
3244 4294 3324 4347 (le
3350 4293 3457 4347 Loe
3478 4305 3531 4347 et
3554 4297 3601 4347 le
3630 4289 3749 4347 Laeti

2196 4292 2357 4346 ferius
2386 4291 2492 4345 Lua
2524 4291 2711 4360 maiori
2743 4305 2804 4346 ac
2831 4294 3020 4348 minori
3050 4289 3220 4349 fluviis
3244 4294 3324 4362 (le
3350 4289 3457 4349 Lee
3478 4289 3531 4351 et
3554 4297 3601 4350 le
3630 4289 3749 4358 ιοει)

2195 4374 2438 4430 augetur.

3260 4474 3409 4528 mque
3451 4468 3575 4512 esset
3608 4465 3749 4508 arctus

2196 4526 2396 4594 pervius
2424 4524 2510 4578 ille
2536 4527 2694 4577 locus.
2740 4525 2795 4580 In
2826 4525 2985 4581 Freh.
3010 4527 3159 4582 deest
3180 4543 3280 4582 vos
3313 4524 3479 4583 locus.
3503 4528 3603 4582 Alii
3624 4539 3749 4585 vere.

2198 4610 2311 4665 cum
2346 4605 2473 4649 esset
2510 4605 2675 4647 autem
2722 4598 2940 4665 pervius.
2971 4597 3229 4653 Chronica
3260 4600 3433 4654 sancti
3480 4596 3683 4665 Benigni
3706 4601 3747 4647 et

2198 4664 2487 4728 Besnense,
2516 4678 2630 4717 cum
2662 4664 2787 4720 esset
2815 4668 3032 4732 arduus,
3058 4676 3159 4721 etc.

2255 4767 2294 4879 bs
2326 4758 2475 4879 Colit).
2504 4768 2560 4814 et
2606 4758 2805 4827 aliquot
2841 4759 3002 4823 editi,
3053 4761 3266 4813 nimium
3315 4762 3589 4833 stringens,
3627 4767 3667 4813 cl
3700 4754 3745 4805 dt

2287 4844 2366 4879 us.
2396 4843 2427 4879 e
2452 4843 2499 4879 c.

2198 4838 2366 4892 rebus,
2396 4838 2499 4884 etc.

2273 4919 2297 4954 ιι
2331 4918 2441 4973 lioc
2468 4917 2654 4989 falsum
2687 4932 2805 4974 esse
2832 4918 3140 4973 existimant
3163 4919 3261 4974 viri
3288 4921 3481 4976 eruditi
3500 4962 3513 4984 ,
3542 4919 3669 4989 quod
3692 4928 3744 4969 et

2203 4988 2444 5058 Gregorii
2488 4988 2748 5055 Historia,
2780 4989 2871 5043 lib.
2900 5004 3026 5059 vut,
3057 5004 3173 5059 cap.
3204 4990 3291 5053 5'7,
3324 5003 3380 5046 et
3423 4994 3511 5047 lib.
3541 4988 3620 5053 tr,
3649 4999 3744 5054 «ap.

2202 5060 2268 5130 αξ,
2302 5069 2546 5130 constare
2595 5060 2823 5114 videtur.
2870 5058 3210 5128 Uterque'ex
3257 5060 3505 5117 Farleula
3548 5060 3743 5130 legitima

2201 5127 2531 5201 Childeberti
2562 5144 2724 5201 uxore
2753 5139 2908 5184 natus
2937 5127 3073 5184 erat.
3104 5132 3233 5197 Qua:
3262 5131 3307 5185 si
3336 5127 3617 5201 aliquando
3638 5142 3743 5184 cun'

2202 5199 2392 5272 cubina
2440 5199 2578 5272 apud
2627 5201 2913 5254 nonnullos
2957 5210 3203 5272 auctores
3231 5202 3375 5256 dicta
3408 5199 3623 5272 legatur,
3651 5211 3745 5252 nie-

2204 5270 2422 5323 minisac
2463 5270 2719 5324 debemus
2758 5284 2820 5324 ea
2852 5285 2982 5324 voce
3013 5270 3277 5339 legitimas
3306 5270 3501 5327 uxores
3531 5273 3741 5339 frequen-

2204 5350 2286 5394 ter
2332 5340 2636 5409 designatas
2685 5339 2867 5403 fuisse,
2898 5355 3016 5409 qum
3057 5357 3122 5397 ex
3172 5343 3356 5397 intimo
3401 5358 3591 5412 genere
3634 5346 3746 5395 nam

2203 5419 2373 5464 erant.

2282 5479 2295 5517 ί
2337 5480 2426 5534 Est
2456 5479 2813 5545 Carisiacum,
2855 5481 2994 5551 quod
3044 5490 3227 5551 pestes
3272 5481 3407 5536 adeo
3433 5482 3628 5539 celebre
3666 5470 3745 5528 ίιιῖι

2205 5551 2341 5605 inter
2371 5551 2561 5620 palatia
2592 5552 2756 5621 regia.
2796 5554 2927 5605 Bon.
2963 5554 3153 5618 habet,
3184 5553 3469 5607 Cui-acia“.

2278 5625 2292 5670 i
2334 5622 2534 5681 Mss.et
2562 5622 2757 5691 aliquot
2786 5622 2896 5689 ed.,
2929 5624 3154 5691 singu’os
3180 5624 3494 5679 hortabatur.
