3946 6188
256 317 345 371 σει

1690 312 2104 370 CHRUNICI‘M.

3401 324 3499 380 ϐξέ

256 442 369 484 esse
394 444 559 484 unum
583 430 850 487 hominem
878 433 1189 509 moriturum
1218 443 1264 496 τι,
1294 445 1449 501 quam
1476 438 1643 486 totum
1663 445 1819 485 exer—
1844 432 1893 490 Δ
1922 435 2009 502 qui
2036 434 2229 491 exinde
2258 435 2671 507 Ermenbergim
2702 439 2861 495 filiam
2885 441 3001 509 ejus
3030 440 3363 498 Theoderico
3389 462 3496 498 ma-

255 531 412 574 cttttm
435 524 488 574 in
513 523 805 590 periculum
828 508 987 577 mitti.
1015 523 1291 578 Pratadius
1317 524 1367 577 in
1391 522 1619 577 tentorio
1643 520 1821 575 Theu-

254 612 418 666 dcrlei
449 612 588 682 regis
615 628 733 669 cum
780 615 937 670 Petro
980 616 1249 670 arcbiatro
1278 615 1343 669 ad
1377 613 1606 685 tabulam
1638 612 1823 669 ludens

254 708 502 772 sedebat,
534 724 691 778 quem
724 711 957 780 undique
982 727 1099 764 rum
1142 710 1248 779 jam
1293 712 1556 766 exercitus
1600 711 1824 766 circum-

251 799 466 862 dasset,
497 808 549 851 et
576 798 964 855 Theodericum
990 801 1171 857 leodes
1196 803 1277 855 sui
1303 801 1582 868 tenebant,
1612 816 1679 855 ne
1704 799 1828 856 illuc

250 887 585 956 graderetnr,
627 890 767 944 misit
801 889 1147 956 Uncilenom,
1182 900 1238 943 ut
1282 906 1390 944 sua;
1416 890 1670 960 jussionis
1709 904 1829 945 ver-

253 979 375 1030 bum
422 980 688 1034 nuntiaret
735 981 1025 1049 exercitui,
1058 989 1115 1034 ut
1143 997 1202 1036 se
1246 981 1312 1035 de
1342 981 1548 1036 insidiis
1594 981 1828 1036 Protadii

253 1058 611 1122 removerent.
648 1068 932 1125 Uncilenus
964 1072 1204 1140 protinus
1256 1072 1419 1142 608
1447 1073 1511 1125 ad
1539 1074 1827 1126 exercitum

252 1162 522 1223 nuntians,
554 1160 726 1217 dixit:
757 1160 845 1215 Sic
891 1162 1041 1231 jubet
1087 1163 1314 1217 domnus
1352 1161 1731 1228 Theodericus,
1777 1171 1832 1215 nt

254 1248 601 1302 interficiatur
634 1250 933 1306 Protadius.
978 1252 1243 1306 Irruentes
1290 1267 1447 1319 super
1474 1267 1626 1316 cum,
1661 1261 1832 1305 tento-

257 1347 394 1396 rium
424 1345 565 1415 regis
593 1344 768 1414 gladio
798 1343 1031 1415 undique
1061 1346 1374 1412 incidentes,
1407 1345 1712 1399 Promdiom
1755 1346 1831 1398 in-

255 1436 546 1492 terftciunt.
577 1436 944 1494 Theodericus
972 1439 1222 1494 confusus
1249 1447 1303 1493 et
1331 1446 1546 1492 coactus
1576 1450 1695 1490 cum
1728 1435 1834 1490 fra-

254 1540 337 1585 tre
383 1529 761 1587 Tbeodeberto
812 1546 995 1601 pacem
1042 1532 1225 1597 inivit,
1271 1541 1325 1585 et
1374 1530 1570 1585 illaesos
1615 1538 1834 1601 uterque

255 1619 522 1674 exercitus
550 1621 832 1674 revertitur
861 1620 924 1673 ad
957 1620 1199 1688 proprias
1228 1619 1383 1673 sedes
1415 1626 1532 1687 post
1558 1618 1833 1674 decessum

256 1709 386 1781 ML,
410 1708 635 1781 caedem]
665 1710 921 1765 Protadii.

1931 526 2175 581 trimonio
2202 528 2504 583 sociandam
2550 532 2894 587 adducerent.
2939 532 3119 601 Ibique
3150 532 3287 587 datis
3316 549 3495 588 sacra-

1930 615 2143 680 mentis,
2173 626 2229 670 ut
2258 631 2289 670 a
2332 617 2666 673 Theoderico
2697 635 2762 673 ne
2789 618 2951 689 609
2991 635 3219 689 unquam
3264 636 3296 674 a
3339 637 3504 689 regno

1930 702 2332 773 degradaretor,
2362 707 2638 779 ipsamque
2663 708 2924 779 accip‘unt
2942 751 2957 775 ,
2979 722 3033 765 et
3054 710 3384 766 Theoderico
3403 712 3502 765 Ca-

1932 793 2133 851 billono
2183 808 2543 866 prresentant,
2595 815 2751 869 quam
2803 800 2895 854 ille
2942 800 3179 870 gaudens
3222 800 3505 871 diligenter

1932 886 2182 957 suscepit.
2234 887 2468 957 Eadem,
2519 890 2746 946 factione
2792 892 2925 944 avia:
2972 906 3084 945 sua:
3129 892 3502 960 Brunicbildm,

1935 976 2137 1031 virilem
2190 977 2387 1032 coitum
2438 995 2539 1033 non
2590 982 2854 1051 cognovit.
2908 981 3283 1050 Instigantibos
3330 983 3507 1037 verbis

1934 1063 2287 1120 Brnnicltildte
2314 1067 2454 1119 avia:
2498 1079 2552 1121 et
2593 1068 2935 1123 Theudilante
2965 1077 2989 1113 κ
3022 1082 3291 1136 germanae
3332 1068 3505 1123 effici-

1936 1164 2021 1208 tur
2043 1156 2245 1210 odiosa.
2272 1157 2399 1212 Post
2424 1158 2543 1211 anni
2570 1160 2827 1214 circulum
2852 1157 2878 1195 h
2895 1159 3259 1215 Theodericus
3286 1162 3505 1215 Ermen-

1934 1249 2149 1319 bergam
2179 1252 2525 1319 exspoliatam
2557 1267 2583 1304 a
2616 1252 2873 1307 thesauris
2914 1254 2965 1306 in
2997 1252 3247 1321 Spaniam
3277 1262 3507 1308 retrans-

1935 1340 2097 1394 misit.

2008 1430 2201 1485 XXXI.
2246 1432 2542 1488 Bettericos
2582 1434 2697 1488 haec
2749 1434 3027 1504 indignans
3074 1434 3392 1504 legationem
3442 1435 3507 1488 ad

1938 1521 2304 1577 Cblotharium
2336 1524 2544 1579 direxit
2573 1543 2584 1578 :
2619 1526 2824 1594 legatus
2849 1524 3149 1581 Chlotharii
3179 1542 3300 1581 cum
3329 1526 3509 1582 Betti:-

1938 1615 2031 1667 rici
2061 1614 2233 1683 legato
2262 1617 2327 1669 ad
2355 1616 2788 1672 Theudebertom
2820 1619 3074 1687 perrexit.
3109 1619 3303 1673 Iterum
3330 1618 3511 1674 Theo-

1938 1707 2141 1762 deberti
2171 1709 2326 1778 legati
2348 1726 2469 1764 cum
2494 1710 2786 1764 Chlotltarii
2808 1721 2861 1766 et
2880 1712 3127 1767 Ilctterici
3151 1711 3420 1781 legatariis
3446 1712 3512 1766 ad

326 1804 429 1856 As.
463 1814 602 1855 acri.
632 1828 700 1844 -—
732 1800 965 1855 XXVIII.
1014 1800 1168 1856 Anno
1217 1800 1277 1853 ll
1331 1802 1474 1870 regnl
1518 1798 1834 1854 Theoderici
1862 1808 1911 1870 Β
1943 1802 2176 1865 Λςοιιειη
2215 1796 2232 1836 ί
2265 1814 2442 1867 regem
2476 1799 2642 1854 Italiae
2689 1814 3069 1865 accesserunt,
3099 1812 3153 1856 et
3191 1801 3515 1856 unanimiter

256 1891 578 1959 subi-agatur
597 1890 765 1958 major
786 1891 977 1946 domus
993 1888 1264 1956 Claudios,
1286 1905 1477 1960 genere
1502 1888 1771 1944 Romanus
1784 1887 1836 1955 δ,

260 1983 421 2035 homo
454 1981 706 2050 prudens,
734 1980 998 2052 jucnntios
1026 1980 1078 2035 itt
1110 1979 1325 2047 fabulis,
1354 1990 1599 2045 strenuos
1630 1980 1683 2035 in
1711 1992 1842 2034 cun-

257 2073 383 2139 ctis,
417 2073 679 2141 patientiae
703 2073 934 2142 deditus,
958 2071 1285 2142 plenitudine
1305 2069 1510 2126 consilii
1540 2070 1839 2139 abundans,

257 2161 560 2217 litterarum
582 2161 773 2217 studiis
789 2164 1047 2227 eruditus,
1067 2160 1170 2216 fide
1192 2161 1396 2230 plenus,
1411 2160 1700 2216 amicitiam
1718 2175 1842 2217 cum

260 2251 505 2305 omnibus
529 2260 759 2305 sectans.
795 2250 1036 2305 Priorum
1067 2249 1315 2319 exempla
1357 2259 1619 2317 metuens,
1667 2251 1841 2307 lenem

260 2357 319 2396 se
344 2351 400 2399 et
432 2341 723 2412 patientem
757 2342 915 2414 hujus
938 2343 1134 2412 gradus
1158 2356 1412 2397 ascensus
1438 2340 1573 2414 ML,
1597 2341 1845 2415 ascensu]

264 2434 524 2490 ostendit.
558 2433 662 2488 Sed
714 2436 814 2487 hoc
859 2443 1061 2489 tantum
1109 2434 1550 2502 impedimentum
1583 2434 1845 2505 habebat,

261 2524 405 2594 quod
435 2524 617 2593 sagina
647 2533 791 2579 esset
818 2524 1059 2593 corporis
1087 2536 1421 2593 aggravatus.

336 2617 437 2671 Att.
457 2630 617 2670 DCVII.
640 2644 711 2654 —
731 2615 884 2670 Anno
906 2613 973 2667 12
997 2614 1146 2684 regni
1175 2614 1497 2679 Theoderici
1528 2615 1844 2683 Uncilenus,

265 2708 351 2775 qui
379 2706 446 2759 ad
477 2718 703 2762 mortem
729 2705 958 2761 l‘rotadii
979 2706 1236 2761 insidiose
1257 2705 1429 2761 fuerat
1450 2707 1678 2773 locutus,
1708 2706 1851 2762 insti-

266 2810 424 2866 gante
454 2795 812 2858 Brunichilde,
849 2797 986 2867 pede
1015 2806 1281 2863 truncato,
1304 2796 1372 2852 de
1401 2797 1559 2851 rebus
1589 2798 1855 2866 exspoliao

269 2899 353 2940 lus
373 2886 440 2940 ad
469 2885 797 2942 debilitatem
825 2894 846 2924 ο
883 2884 1165 2954 perdamus
1194 2895 1296 2943 est.

342 2975 537 3031 XXIX.
574 2976 758 3030 Vulfus
797 2974 1070 3045 patricius,
1100 2975 1366 3045 idemque,
1398 2974 1741 3030 Bronlchilde
1772 2974 1855 3030 in-

274 3072 501 3136 stigante
521 3066 771 3136 consilio,
788 3067 878 3136 qui
904 3065 956 3119 in
979 3074 1205 3121 mortem
1230 3065 1464 3120 Protadii
1485 3073 1849 3132 consenserat,

1949 1887 2000 1940 hi
2027 1896 2252 1955 quatuor
2285 1903 2439 1959 reges
2470 1904 2590 1944 cum
2621 1894 2857 1945 exercitu
2888 1892 3123 1958 undique
3152 1907 3311 1961 super
3340 1894 3516 1947 Theu-

1945 1976 2186 2032 dericom
2231 1979 2530 2044 irruerunt,
2586 1989 2647 2033 ut
2690 1995 2916 2050 regnum,
2956 1981 3074 2049 ejus
3116 1981 3422 2048 auferrent,
3463 1992 3518 2038 et

1946 2079 2069 2122 eum
2111 2076 2283 2123 morte
2325 2067 2674 2137 damnarent,
2708 2084 2771 2124 eo
2799 2069 2938 2137 quod
2971 2071 3262 2126 tantamvde
3288 2071 3406 2140 ipso
3434 2088 3519 2127 rc-

1952 2156 2247 2212 verentiam
2273 2156 2560 2212 ducebant.
2587 2158 2811 2228 Legatus
2838 2175 2967 2215 vero
2991 2160 3305 2217 Gotthorum
3331 2172 3520 2216 evecto

1952 2247 2125 2301 navali
2159 2250 2227 2305 de
2254 2246 2400 2302 Italia
2434 2264 2528 2317 per
2556 2264 2702 2305 mare
2730 2249 2783 2304 in
2810 2251 3060 2319 SpanT-am
3088 2254 3389 2310 revertitur.
3413 2254 3520 2311 Sed

1952 2337 2054 2394 hoc
2096 2338 2377 2394 consilium
2427 2339 2611 2395 divino
2658 2351 2787 2396 nuto
2834 2357 2939 2396 non
2977 2344 3200 2398 sortitur
3238 2344 3519 2416 eﬂ'ectutn,

1952 2432 2093 2500 quod
2120 2445 2241 2486 cum
2272 2431 2612 2488 Theoderico
2640 2444 2971 2503 compertum
3019 2436 3246 2504 fuisset,
3289 2438 3521 2494 fortissi-

1952 2522 2089 2574 sinte
2114 2521 2183 2574 ab
2211 2522 2399 2576 eodem
2431 2522 2740 2591 despicitur.

2028 2610 2239 2669 XXXII.
2266 2612 2345 2667 Eo
2367 2626 2506 2668 anno
2525 2613 2919 2682 Theudoricus,
2943 2616 3168 2673 consilio
3196 2618 3359 2674 Aridii
3411 2621 3524 2690 epi-

1958 2704 2105 2772 sc0pi
2151 2704 2523 2774 Lugdunensis
2565 2706 2751 2775 perfidi
2781 2716 2972 2774 utens,
2998 2719 3051 2765 et
3097 2725 3350 2780 persuasu
3392 2713 3525 2769 avia:

1955 2809 2067 2849 sum
2100 2795 2459 2853 Brunichildte
2489 2809 2732 2853 sanctum
2765 2800 3094 2855 Desideriom
3125 2803 3192 2857 de
3219 2804 3408 2859 exsilio
3439 2822 3525 2861 rc-

1956 2898 2196 2953 gressum
2241 2888 2480 2956 lapidare
2522 2890 2774 2959 praecepit
2805 2890 2819 2941 i
2855 2906 2870 2943 :
2914 2890 2979 2946 ad
3021 2892 3173 2962 cujus
3216 2896 3525 2962 sepulcrum

1962 2976 2107 3029 mirm
2143 2975 2371 3032 virtutes
2409 2992 2439 3030 a
2479 2978 2566 3034 die
2597 2984 2853 3035 transitus
2892 2982 2971 3036 sui
3017 2983 3267 3039 Dominus
3324 2986 3526 3056 integra

1960 3065 2271 3120 assiduitate
2299 3066 2585 3123 ostendere
2616 3069 2882 3139 dignatur.
2912 3072 3011 3127 Per
3033 3073 3172 3157 (ιιιοά
3203 3076 3528 3134 credendum

276 3160 592 3216 Fauriniaco
618 3158 645 3196 ά
685 3160 830 3226 villa,
854 3158 1076 3230 jnbente
1112 3157 1444 3214 Theoderico
1479 3156 1773 3223 occiditur;
1802 3164 1857 3212 et
1882 3181 1933 3247 ο
1961 3168 2075 3224 est,
2114 3174 2209 3228 pro
2240 3159 2339 3215 hoc
2367 3161 2506 3215 malo
2531 3171 2679 3231 gesto
2721 3179 2939 3233 regnum
2967 3156 3281 3223 Theoderici
3308 3179 3363 3225 et
3394 3171 3529 3227 filio-

278 3256 328 3307 in
362 3254 697 3320 patriciatum
749 3251 864 3321 ejus
912 3251 1268 3319 Richomeris,
1320 3250 1590 3304 Romanus
1635 3262 1851 3317 genere,

279 3348 622 3415 sobrogatur.
671 3344 871 3399 Eodem
920 3348 1061 3397 anno
1115 3352 1269 3396 natus
1314 3352 1397 3397 est
1446 3341 1512 3395 de
1560 3340 1852 3395 concubina

282 3435 597 3491 Theoderici
642 3436 804 3503 filius,
835 3436 1048 3489 nomine
1079 3433 1377 3499 Meroveos,
1401 3446 1557 3502 quem
1603 3431 1854 3486 Chlotlta—

283 3532 395 3582 rius
417 3528 485 3582 de
511 3535 696 3582 sancto
727 3527 938 3581 lavacro
963 3525 1218 3593 suscepit.

356 3615 525 3671 XXX.
557 3615 755 3671 Eodem
802 3630 944 3671 anno
974 3614 1337 3670 Theodericus
1366 3611 1605 3666 Aridium
1652 3613 1859 3680 episco-

284 3724 406 3778 pum
438 3708 875 3778 Lugdunensem,
904 3706 1206 3761 Rocconem
1236 3714 1258 3742 ε
1294 3716 1347 3759 et
1376 3703 1728 3774 Epporinum
1769 3717 1858 3758 co-

284 3800 633 3855 mestabulum
673 3799 740 3854 ad
784 3799 1100 3855 Bettericutn
1133 3795 1151 3836 ί
1186 3812 1362 3867 regem
1393 3796 1604 3865 Spania:
1630 3796 1856 3863 direxit,

358 3944 385 3969 ἰ
415 3933 515 3987 Alii
534 3975 550 4000 ,
579 3946 867 3999 mortuum;
896 3933 989 3996 al.,
1018 3935 1146 3986 mori
1170 3949 1327 4004 quam
1355 3942 1569 3986 tantum.

357 4013 385 4042 ⁸
415 4005 547 4069 Alii,
586 4004 861 4057 Docudius.
894 4005 1159 4059 Romanos
1195 4005 1355 4058 etiam
1399 4007 1496 4057 iste
1542 4012 1728 4057 auctor
1754 4019 1857 4072 ap—

288 4076 481 4139 pellat,
512 4089 606 4127 eos
630 4076 719 4143 qui
751 4089 947 4141 genere
982 4072 1173 4129 Franci
1200 4090 1302 4125 non
1329 4083 1516 4135 erant,
1549 4077 1639 4125 sed
1669 4090 1733 4127 ex
1759 4090 1857 4126 an-

290 4146 447 4210 tiquis
474 4143 762 4197 Galliarum
792 4145 1024 4206 latniliis,
1053 4159 1168 4211 qnze
1197 4153 1321 4196 ante
1352 4143 1673 4196 Ῑ⁴’[;ιιιΟυΓι1111
1703 4144 1860 4198 Stabi-

290 4216 435 4289 litunt
465 4213 518 4289 in
546 4213 728 4267 Galliis
754 4215 1030 4289 imperium
1062 4216 1309 4289 Romanis
1331 4224 1480 4289 erant
1508 4212 1783 4279 subjectte.

362 4294 383 4320 ε
416 4284 612 4336 (λιιςειι.
641 4293 695 4337 el.
721 4286 834 4348 alit,
867 4284 1170 4337 brevitatem.
1207 4283 1359 4344 Il'oh.,
1384 4283 1643 4335 vilitatem.

360 4351 385 4389 ἀ
418 4353 589 4406 Locus
624 4354 693 4408 ob
722 4353 1099 4408 monasteuiutn
1127 4352 1330 4409 ordinis
1362 4352 1681 4406 Benedictini
1703 4393 1716 4414 ,
1754 4352 1861 4420 pri-

290 4438 433 4475 mum
464 4424 751 4491 virginum,
779 4436 888 4476 tum
917 4426 1181 4487 virorum,
1213 4422 1458 4485 celebris,
1489 4423 1642 4490 volgo
1673 4420 1861 4475 Faver-

290 4510 413 4562 uay,
445 4492 514 4545 ad
545 4496 830 4562 Lantanam
862 4494 1129 4546 ﬂuviolum
1163 4498 1213 4545 in
1263 4492 1575 4562 llntgundite
1603 4491 1858 4562 comitatu

1962 3263 2079 3301 rum
2114 3262 2329 3303 suorum
2359 3250 2521 3320 610
2548 3251 2709 3307 fuisse
2738 3251 3089 3309 destructum.

2031 3335 2270 3391 XXXIII.
2306 3338 2381 3393 Eo
2412 3337 2441 3376 ¹ι
2472 3355 2634 3404 anno,
2668 3353 2879 3397 mortuo
2912 3344 3205 3407 Betterico.
3236 3346 3529 3404 Sisebodns

1960 3430 2216 3485 successit
2238 3429 2291 3485 in
2318 3430 2531 3501 Spaniai
2560 3448 2803 3503 regnum,
2828 3436 2906 3489 vir
2928 3437 3142 3505 sapiens
3165 3448 3215 3494 et
3248 3455 3341 3509 per
3366 3451 3529 3498 totam

1962 3521 2213 3591 Spaniam
2248 3522 2531 3578 laudabilis
2566 3524 2751 3592 valde,
2785 3527 2981 3596 pietate
3010 3528 3366 3597 plenissimus.
3401 3532 3531 3587 Nam

1959 3621 2014 3667 et
2041 3613 2306 3670 adversus
2345 3629 2559 3668 manum
2603 3616 2866 3684 publicam
2917 3614 2941 3669 ιη
2985 3617 3191 3674 fortiter
3236 3620 3528 3677 dimicavit.

1961 3703 2296 3761 Provinciam
2321 3705 2663 3761 Cantabriam
2686 3716 2723 3743 ω
2750 3692 3068 3763 Gotthorum
3099 3726 3261 3778 regno
3289 3713 3494 3783 subegit
3512 3752 3531 3779 ,

1959 3810 2118 3865 quam
2148 3795 2433 3866 aliquando
2461 3796 2651 3853 Franci
2689 3798 3060 3868 possederant.
3107 3803 3252 3869 Dux,
3303 3803 3528 3859 Francia

1960 3933 2132 4007 dictus
2161 3943 2272 4002 est,
2306 3942 2571 4007 utmonet
2599 3934 2794 3990 Paulus
2844 3936 2987 3990 Diae.
3040 3935 3133 3990 lib.
3177 3952 3230 3989 tv
3270 3941 3441 4007 αιτιοι
3480 3950 3535 3995 ιιι

1962 4001 2032 4124 :5
2052 4046 2066 4067 ,
2098 4005 2164 4124 ge
2190 4001 2295 4074 quo
2325 4003 2483 4071 vide,
2513 4018 2671 4074 supra
2693 4044 2707 4069 ,
2737 4015 2890 4059 notas
2920 4007 2984 4059 ad
3015 4006 3106 4060 lib.
3142 4024 3173 4061 x
3202 4001 3529 4080 lIistIGreg.

2006 4090 2078 4124 ID.
2145 4114 2162 4124 .

1960 4087 2078 4137 (μιν.
2107 4087 2162 4131 ἔ).

2016 4140 2066 4201 .J'
2103 4144 2296 4197 Passus
2333 4143 3007 4217 estusanctusullesiderius
3052 4144 3372 4217 Viennensis
3411 4149 3531 4217 epi-

1964 4224 2156 4278 scopus
2183 4226 2325 4266 anno
2349 4211 2452 4265 607
2470 4212 2559 4266 die
2594 4228 2625 4265 χ
2658 4213 2921 4267 Kalendas
2949 4212 3154 4280 lunias,
3187 4217 3239 4270 in
3267 4211 3535 4270 territorio

1967 4281 2304 4355 Lugdunensi
2330 4283 2395 4334 ad
2422 4282 2737 4355 Qalaronam
2770 4282 2985 4336 fluvium
3016 4283 3034 4352 (
3062 4286 3111 4336 la
3140 4283 3462 4339 Chalaronne
3486 4285 3531 4355 ).

1964 4351 2019 4405 In
2061 4354 2175 4419 ipso
2202 4352 2350 4417 loco,
2383 4351 2470 4405 ubi
2510 4366 2697 4420 passus
2726 4362 2837 4417 est,
2870 4367 3010 4406 nunc
3049 4364 3221 4407 exstat
3252 4356 3403 4409 vicus
3434 4351 3535 4410 suo

1965 4421 2130 4489 ipsius
2147 4422 2360 4477 nomine
2380 4422 2626 4477 donatus.
2647 4423 2721 4476 De
2741 4438 2806 4477 eo
2826 4424 3063 4477 Cointins
3086 4434 3230 4478 tomo
3250 4425 3289 4478 II
3312 4425 3375 4479 ad
3393 4425 3535 4479 hunc.

1964 4506 2158 4544 annum
2190 4493 2356 4545 fusius
2381 4492 2621 4557 disserit,
2651 4492 2737 4545 ubi
2766 4492 3003 4545 Ariilinin
3032 4507 3060 4545 a
3092 4496 3386 4549 sceleribus
3412 4510 3532 4561 qua:

290 4550 619 4633 diii'cesique
654 4561 1074 4616 Vesontionensi.
1119 4563 1173 4616 In
1225 4550 1419 4633 ιδιειιιιῖο
1466 4561 1718 4633 Ludovici
1782 4563 1859 4616 Pii
1887 4550 2050 4633 Dltic
2084 4573 2141 4633 et
2189 4562 2552 4633 superioribus
2604 4550 2862 4630 capitibus
2909 4563 3007 4630 ipsi
3041 4561 3342 4618 tribuuntur
3372 4550 3537 4633 pluri-

288 4634 486 4685 dicitur
533 4631 899 4697 Formiarum,
944 4643 999 4684 nt
1045 4633 1129 4685 hic
1172 4635 1222 4685 in
1270 4632 1367 4685 ωι.
1406 4636 1460 4685 et
1505 4631 1665 4685 Freh.
1715 4633 1863 4686 Nunc

294 4717 446 4771 virgo
474 4717 504 4755 a
536 4713 774 4771 tempore
801 4703 965 4755 sancti
1013 4702 1263 4755 Ilernardi
1283 4743 1295 4761 ,
1324 4703 1472 4769 cujus
1503 4702 1589 4754 ille
1622 4703 1863 4756 meminit

291 4769 516 4839 epistola
546 4772 671 4835 547,
703 4769 1106 4830 Fabemiucum.
1137 4783 1225 4825 aut
1260 4771 1651 4824 lt‘averm‘acum.
1690 4773 1781 4825 Est
1810 4780 1864 4826 et

292 4843 587 4895 1"avernaclt
617 4857 779 4911 prope
807 4842 1117 4910 Frihurgntn
1144 4842 1194 4894 ιιι
1227 4843 1459 4907 Brisgoia
1480 4881 1493 4905 ,
1521 4850 1575 4896 et
1596 4840 1862 4911 Fanemay

290 4929 312 4962 ι
327 4914 438 4965 ieu‘s
459 4913 596 4966 inter
624 4913 971 4965 Divionenhet
994 4915 1285 4965 Ao-sonam
1316 4913 1378 4980 in,
1398 4911 1720 4980 llorgondia.

367 4992 391 5018 ο
444 4983 581 5036 Ειιιὶί
626 4984 893 5052 plerique,
939 4982 1202 5051 "agonem
1245 4977 1633 5052 etrEbornium.
1686 4982 1862 5046 Colb.,

299 5053 584 5105 Rocconem
612 5063 657 5108 et
694 5051 1001 5117 Ebronium,
1028 5063 1084 5107 et
1114 5052 1250 5106 idem
1277 5051 1439 5105 altera
1479 5066 1635 5104 manu
1663 5054 1866 5105 comites

288 5124 514 5186 stabuli;
545 5123 628 5178 cui
661 5124 935 5178 Aimoinus
964 5124 1260 5187 consentit,
1293 5138 1380 5190 qui
1414 5120 1572 5174 habet
1599 5122 1866 5194 prwfectos

289 5211 556 5248 εαιιυνιιιιι.

604 5271 658 5319 et
685 5263 756 5318 al.
781 5263 933 5325 edit.,
962 5260 1306 5317 Betltericnm.
1337 5262 1384 5315 Is
1428 5270 1509 5315 est
1540 5262 1867 5328 Wittericus,

290 5336 405 5403 qui,
436 5349 614 5388 occso
644 5336 807 5389 Liuba
838 5332 910 5397 Il,
951 5348 1168 5402 regnum
1198 5332 1634 5401 Wisigottltorunt
1676 5333 1871 5389 invasit

291 5420 437 5457 anno
466 5406 589 5459 605.

369 5484 395 5521 κ
426 5476 518 5529 Sic
544 5476 713 5540 Clam,
745 5474 876 5528 Bob.
903 5483 955 5528 et
976 5476 1183 5533 caeteri;
1213 5482 1267 5528 at
1286 5471 1437 5529 Colb.
1459 5487 1579 5544 eum
1607 5474 1871 5544 plerisque

290 5544 410 5609 τεὼ,
447 5544 827 5599 Tltevdetindw.
865 5545 937 5599 De
963 5544 1094 5606 hac,
1125 5546 1255 5614 infra
1277 5586 1290 5609 ,
1321 5557 1440 5614 cap.
1473 5543 1565 5598 42.

371 5615 401 5650 ι
434 5617 509 5668 Ex
537 5615 619 5669 bis
645 5614 822 5686 verbis
852 5615 1089 5671 nonnulli
1118 5613 1355 5669 inferunt
1382 5613 1453 5686 ea,
1473 5628 1591 5683 qua:
1634 5628 1870 5686 sequun-

292 5696 385 5738 tur
408 5686 475 5738 ad
507 5684 681 5740 no.1?)
702 5686 1013 5740 Theoderici
1046 5697 1167 5740 esse
1198 5684 1514 5739 revocanda.

378 5756 397 5793 ⁸
444 5756 490 5808 Is
527 5766 609 5810 est
647 5754 904 5824 Agilulfus
938 5755 1409 5824 Langobardorum
1438 5769 1529 5810 rex
1560 5757 1647 5826 qui
1679 5764 1732 5811 et
1761 5754 1873 5824 Ago

1970 4630 2068 4711 lius
2097 4631 2366 4711 vindicare
2394 4642 2634 4711 conatur.
2669 4635 2741 4711 lle
2766 4637 2938 4711 santh
2971 4634 3229 4711 Desiderii
3262 4630 3532 4711 Attiartyﬁn

1971 4702 2189 4767 legenda
2229 4711 2310 4756 est
2347 4703 2566 4769 epistola
2610 4702 2809 4755 Adonis
2836 4702 2901 4754 ad
2946 4702 3224 4758 ecclesiam
3262 4702 3535 4759 Vtenn'cn-

1970 4781 2084 4821 sem
2112 4809 2129 4832 ,
2250 4776 2335 4825 cni
2369 4774 2481 4839 ipse
2511 4772 2708 4825 smcolo
2740 4787 2789 4825 ιχ
2824 4771 3052 4838 praefuit.

2042 4848 2066 4878 κ
2113 4841 2221 4894 lloc
2249 4852 2405 4910 caput
2435 4840 2585 4895 det-st
2617 4842 2664 4893 in
2693 4842 2814 4895 cod.
2848 4843 3001 4897 Colb.
3033 4857 3190 4910 quem
3224 4844 3540 4900 .‘llettettscm

1969 4911 2201 4979 appellat
2221 4911 2501 4982 rCointins.‘
2521 4910 2894 4980 lnterpolatom
2937 4922 3113 4967 tamen
3152 4913 3255 4968 dici
3301 4929 3406 4968 non
3449 4930 3542 4982 po-

1971 4988 2114 5053 test,
2142 4981 2337 5049 quippe
2364 4980 2506 5048 quod
2550 4982 2774 5053 habetur
2803 4983 2855 5036 in
2881 4986 3047 5037 veteri
3087 4984 3382 5053 exemplari
3416 4980 3541 5037 Col-

1970 5052 2089 5119 legit
2120 5056 2448 5122 L'taromont.
2471 5094 2485 5116 ,
2518 5052 2657 5119 quod
2688 5067 2816 5105 sane
2847 5053 2987 5106 haud
3031 5053 3121 5109 diu
3158 5052 3278 5122 post
3306 5054 3540 5108 auctoris

1971 5132 2179 5176 aetatem
2206 5121 2529 5187 descriptum
2561 5133 2661 5174 est.
2707 5124 2902 5176 Eadem
2946 5122 3114 5177 ferme
3154 5121 3308 5177 habet
3352 5133 3543 5177 auctor

1971 5190 2276 5258 appendicis
2299 5193 2365 5245 ad
2392 5191 2539 5244 Marii
2564 5190 2914 5248 Chronicum.
2937 5192 3198 5247 Caeterum
3223 5191 3544 5255 Sisebodns.

1971 5275 2065 5315 seu
2097 5272 2151 5315 ot
2180 5261 2307 5315 editi
2342 5261 2572 5327 habent,
2604 5262 2883 5318 Sisebutos
2911 5260 3250 5331 Gundemaro
3274 5260 3542 5316 Witterici

1973 5335 2272 5386 successori
2313 5331 2630 5386 substitutus
2667 5343 2749 5387 est
2786 5329 2944 5385 anno
2971 5329 3111 5385 6l2:
3155 5346 3319 5398 quare
3357 5346 3544 5387 emen-

1973 5400 2181 5454 dandus
2205 5413 2287 5455 est
2317 5401 2619 5469 Fredegat-ii
2651 5403 2909 5456 calculus.
2932 5400 3173 5469 Sisebuti
3206 5400 3391 5456 laudes
3420 5403 3547 5458 vide

1975 5474 2112 5539 apud
2144 5471 2435 5537 lsidorum,
2468 5468 2520 5525 in
2548 5468 2846 5533 Chronico,
2879 5468 2944 5522 ad
2974 5484 3135 5523 teram
3164 5469 3289 5525 650.

2050 5538 2073 5577 1
2118 5542 2171 5595 Id
2209 5550 2292 5597 est
2339 5543 2591 5596 adversus
2639 5541 2941 5602 Romanos,
2992 5553 3088 5593 seu
3138 5541 3543 5610 imperatorem.

1981 5610 2123 5664 Alias
2150 5613 2345 5680 saepius
2379 5612 2757 5678 rempublicam
2790 5609 3053 5677 appellat,
3082 5621 3136 5665 et
3164 5612 3301 5665 infra
3330 5614 3544 5681 imperii

2018 5688 2183 5737 artem
2193 5722 2207 5735 .

1981 5694 2211 5807 pagegd
2251 5751 2557 5820 l’IiSpaniam
2600 5748 3058 5807 Tarraconensem
3100 5752 3422 5822 pertinebat.
3452 5751 3544 5803 Ιιο·
