3928 6184
460 292 563 349 09.5

1652 292 2079 351 FREDEGARII
2117 292 2555 351 SCIIOLASTICI
3554 296 3637 357 ιιι

461 411 709 475 nomine,
738 410 824 479 qtti
854 409 1193 463 Cantabriam
1240 418 1480 481 tempore
1520 410 1847 467 Francorum
1895 412 2021 465 suh-
2054 414 2105 473 Α
2130 422 2337 465 menter
2375 410 2705 478 diligeretur,
2752 403 3153 475 simplicitatem
3194 401 3524 463 Thetidebrrti
3558 410 3642 463 hu.

458 511 653 561 exerat
681 510 730 563 ιι,
761 502 952 552 tribum
988 499 1311 555 Francorum
1345 501 1555 571 regibus
1586 503 1756 555 multo
1789 511 2029 568 tempore

462 594 790 659 impleverat.
831 590 935 644 Sed
968 607 1089 644 cum
1120 606 1147 643 a
1191 602 1340 661 parte
1379 594 1587 657 imperii
1630 594 1800 647 fuerat
1836 594 2033 647 Canta-

462 686 575 739 bria
606 692 848 737 revocata
879 681 929 747 b,
965 698 993 736 a
1025 684 1233 737 Gotthis
1254 725 1267 748 ,
1303 694 1359 738 ut
1388 700 1543 753 supra
1578 685 1792 753 legitur,
1828 698 2031 752 praeoc-

460 787 709 845 cupatur,
738 786 790 829 et
821 775 999 843 plures
1036 776 1278 832 civitates
1315 777 1383 830 ab
1421 777 1647 844 imperio
1679 776 1919 830 llomano
1946 775 2031 828 Si-

462 867 694 922 sebodus
725 866 778 920 in
810 868 985 920 littore
1012 866 1172 920 maris
1201 867 1438 931 abstulit,
1458 878 1513 923 et
1541 883 1707 935 usque
1730 866 2034 921 [tindamen-

465 965 573 1008 tum
602 956 886 1011 destruxit.
912 954 1149 1024 Cumque
1172 954 1395 1011 Romani
1423 958 1490 1011 ab
1517 958 1756 1012 exercitu
1787 957 2030 1012 Sisebodi

464 1047 876 1109 trucidarentur,
901 1045 1191 1102 Sisebodus
1212 1048 1423 1102 dicebat
1447 1050 1639 1117 pietate
1664 1049 1855 1118 plenus
1879 1065 1893 1101 :
1922 1049 2031 1102 lleu

462 1153 548 1191 me
580 1137 829 1190 miserum
856 1177 871 1199 ,
903 1136 1051 1202 eujtts
1082 1146 1321 1205 tempore
1348 1148 1487 1190 tanta
1518 1139 1789 1207 sanguinis
1816 1137 2031 1192 humani

464 1228 654 1281 elTusio
684 1230 807 1282 titur
832 1231 844 1281 !
887 1228 1193 1299 Cnicttnque
1222 1238 1425 1298 poterat
1453 1244 1735 1283 occurrere
1765 1230 1833 1282 de
1862 1239 2034 1283 morte

464 1320 741 1373 liberabat.
786 1320 1169 1375 Coniirinatnm
1216 1334 1295 1374 est
1348 1336 1571 1388 regnum
1617 1321 1934 1374 Gotthorum
1981 1323 2033 1375 in

462 1409 656 1476 Spania
689 1424 783 1476 per
813 1411 977 1464 maris
1009 1413 1181 1465 littora
1215 1424 1380 1474 usque
1409 1421 1616 1464 montes
1647 1409 1959 1477 Pyrenaeos.

506 1556 511 1563 ,
536 1498 777 1552 XXXIV.
809 1501 922 1569 Ago
947 1516 1040 1554 rex
1070 1500 1535 1568 Langobardorum
1556 1502 1759 1568 accepit
1778 1514 1994 1553 uxorem
2015 1540 2032 1564 ,

464 1587 758 1642 Crimoaldi
798 1600 853 1642 et
892 1590 1192 1644 tiundoaldi
1231 1602 1574 1658 germanam,
1616 1589 1833 1643 nomine
1861 1587 2036 1642 Theu-

463 1676 763 1742 dclindam,
791 1695 851 1730 cx
880 1694 1075 1746 genere
1104 1678 1426 1732 Francorum
1457 1687 1504 1743 ο,
1536 1692 1694 1747 quam
1722 1677 2036 1732 Childeber-

2139 513 2287 556 ueste
2346 511 2724 568 comportans,
2788 496 2921 549 nihil
2983 511 3043 549 se
3106 495 3353 549 minorem
3407 511 3433 549 a
3486 499 3644 555 llruui.

2134 595 2311 648 cbilde
2349 607 2469 649 esse
2508 599 2787 652 censeret,
2829 589 2919 642 sed
2958 588 3152 655 saepius
3192 601 3282 656 per
3319 589 3503 657 legatos
3540 592 3648 645 Bru-

2136 685 2423 738 uichildem
2462 683 2797 750 despiceret,
2852 678 2974 731 dum
3027 678 3096 733 ab
3145 680 3256 746 ipsa
3299 678 3649 747 increpabatur,

2132 774 2273 843 quod
2320 774 2513 828 ancilla
2552 769 2908 826 Brunicltildae
2964 770 3194 833 fuisset,
3253 769 3449 823 tandem
3493 772 3565 824 his
3606 782 3650 826 et

2133 865 2253 920 aliis
2315 863 2520 929 verbis,
2582 862 2771 931 legatis
2828 859 3282 924 discurrentibus,
3337 860 3399 913 ab
3453 860 3652 937 invicem

2137 963 2477 1017 vexarentur,
2532 954 2784 1022 placitum
2849 953 2985 1006 inter
3034 952 3368 1006 Colerensem
3420 963 3467 1006 et
3509 954 3656 1011 Sueu-

2138 1054 2337 1099 tensem
2373 1055 2397 1092 ε
2430 1044 2572 1113 (itur,
2600 1053 2658 1098 ut
2696 1044 2792 1097 has
2831 1042 2965 1097 duas
3002 1043 3214 1111 reginas
3255 1058 3347 1111 pro
3390 1058 3506 1110 pace
3542 1046 3658 1097 inttr

2136 1134 2521 1189 Thcudericnm
2584 1142 2639 1187 et
2699 1133 3128 1187 Theudebertum
3187 1130 3546 1199 coniungerent
3603 1134 3659 1185 ad

2135 1222 2563 1292 eolloqueudum.
2589 1221 2696 1277 Sed
2720 1221 3017 1277 Bilichildis
3040 1220 3279 1277 consiliis
3304 1220 3659 1274 Austra~iorum

2137 1316 2265 1367 inihi
2300 1314 2481 1369 venire
2507 1314 2731 1369 distulit.

2206 1409 2304 1462 AN.
2345 1423 2483 1461 netx.
2514 1436 2581 1448 --
2607 1407 2843 1461 XXXVI.
2877 1408 3033 1462 Auno
3061 1404 3127 1459 H
3157 1406 3305 1475 regni
3343 1405 3630 1460 Theoderici
3652 1445 3667 1469 ,

2138 1498 2277 1552 beati
2307 1497 2625 1554 Columbani
2656 1496 2689 1537 ιι
2718 1509 2959 1554 creverat
2992 1499 3101 1568 jam
3145 1500 3339 1566 passim
3374 1497 3504 1551 fama
3534 1500 3580 1551 iu
3603 1500 3670 1552 cio

2137 1589 2388 1643 vitatibus
2437 1591 2549 1644 sive
2587 1589 2600 1627 ί
2639 1590 2689 1643 iu
2742 1590 3021 1645 universas
3072 1589 3275 1644 Gallias
3318 1600 3368 1642 et
3406 1590 3674 1641 (inmania:

2141 1680 2443 1743 provincias
2470 1696 2483 1733 :
2517 1689 2742 1749 eratque
2770 1682 3006 1734 omnium
3032 1695 3246 1733 rumore
3270 1679 3553 1745 laudabilis,
3578 1694 3675 1731 om-

469 1781 552 1822 tus
592 1770 852 1824 habuerat
891 1772 1286 1839 desponsatam.
1330 1768 1463 1824 Cum
1506 1785 1622 1823 eam
1653 1771 1879 1824 consilio
1911 1770 2040 1823 Bru—
2068 1767 2114 1826 Β
2144 1774 2291 1826 nium
2328 1774 2473 1825 cultu
2516 1771 2856 1836 venerabilis,
2896 1774 2949 1825 in
2993 1782 3194 1826 tatttum
3218 1812 3232 1831 .
3267 1784 3321 1824 ut
3349 1770 3680 1825 Theudoricus

468 1865 715 1918 nichildze
756 1868 1178 1934 postposuisset,
1224 1864 1571 1918 Cundoaldus
1622 1877 1746 1917 cum
1786 1862 2036 1917 erunibus

468 1959 628 2012 rebus
674 1972 857 2013 secum
906 1972 1217 2027 germanam
1259 1954 1683 2011 Theudelindam
1733 1954 1787 2009 in
1834 1954 2035 2034 italiam

466 2050 738 2104 transtulit
761 2059 861 2116 ,.et
890 2051 942 2103 in
971 2049 1369 2105 matrimonium
1397 2048 1566 2117 Agoni
1610 2046 1843 2101 tradidit.
1888 2045 2036 2101 Gun-

432 2136 687 2195 'doaldus
715 2141 780 2194 de
807 2149 967 2209 gente
992 2139 1155 2194 nobili
1185 2138 1655 2207 Langobardorum
1678 2137 1886 2203 accepit
1907 2150 2039 2189 uxo-

464 2246 576 2285 rem
598 2272 615 2300 ,
642 2232 709 2286 de
735 2248 839 2300 qua
869 2232 1007 2285 duos
1034 2231 1193 2299 611
1230 2230 1363 2283 lilios
1389 2228 1630 2296 accepit,
1681 2226 1766 2281 his
1807 2227 2037 2279 nomini-

466 2327 565 2377 bus
583 2364 597 2386 ,
632 2323 1031 2377 Gundebertum
1055 2332 1108 2375 et
1127 2320 1502 2376 Charibertum
1525 2318 1573 2371 ἀ.
1601 2320 1715 2387 Ago
1742 2333 1831 2371 rex
1852 2361 1865 2381 ,
1900 2318 2040 2371 illius

462 2414 709 2469 Auiltarii
749 2414 921 2481 regis,
962 2412 1030 2466 de
1068 2410 1437 2464 Thendelinda
1480 2409 1663 2463 habuit
1702 2406 1904 2471 lilium,
1945 2422 2039 2461 no.

467 2504 607 2558 mine
636 2503 933 2556 Adoaltium
965 2501 1071 2572 [AL
1098 2497 1451 2569 Odoaldum],
1495 2510 1550 2553 et
1591 2498 1783 2562 filiam,
1827 2496 2040 2551 nomine

470 2594 902 2663 Gundobergam.
956 2594 1087 2646 Dom
1118 2591 1462 2647 Gundoaldus
1492 2606 1520 2643 a
1556 2590 1917 2660 Langobardis
1956 2590 2040 2643 ni-

470 2685 635 2739 mium
675 2684 1007 2753 diligeretur,
1040 2682 1271 2739 factione
1306 2684 1506 2751 Agonis
1545 2683 1682 2751 regis
1717 2695 1771 2737 et
1796 2683 2041 2738 Thetide—

466 2776 658 2841 liadm,
691 2790 811 2830 cum
843 2776 1015 2845 ipsum
1044 2774 1153 2843 jam
1185 2773 1303 2829 zelo
1326 2773 1439 2846 {AL
1468 2773 1520 2828 in
1553 2772 1749 2843 zelum]
1778 2782 2039 2840 tenerent,

466 2869 555 2922 ubi
596 2868 661 2921 ad
702 2877 946 2922 ventrem
986 2866 1322 2937 purgandum
1356 2867 1407 2921 in
1438 2866 1685 2922 l’aldeone
1718 2874 1742 2903 ο
1782 2865 2040 2931 sedebat,

459 2960 649 3027 sagitta
681 2958 896 3012 saucius
924 2958 1173 3012 moritur.

536 3056 637 3110 Art.
668 3069 848 3110 ncvut.
877 3082 947 3094 --
969 3051 1188 3107 XXXV.
1217 3051 1373 3107 Auno
1402 3052 1472 3107 1'5
1496 3050 1647 3121 regni
1680 3048 1995 3105 Theudorici
2020 3090 2037 3116 ,

2140 1879 2236 1920 rex
2264 1866 2329 1917 ad
2359 1880 2481 1919 eum
2513 1880 2660 1933 smpc
2690 1865 3001 1919 Lussovium
3027 1870 3042 1914 l
3074 1865 3309 1929 veniret,
3336 1874 3387 1915 et
3406 1862 3676 1915 orationum

2133 1970 2357 2010 suarum
2396 1956 2648 2022 suffragia
2685 1956 2830 2009 omni
2870 1970 2991 2009 cum
3040 1955 3339 2008 humilitate
3377 1953 3679 2020 deposceret.

2134 2046 2221 2103 Ad
2261 2059 2418 2113 quem
2464 2047 2758 2114 saepissime
2782 2047 2945 2116 612
2972 2060 3093 2099 cum
3138 2045 3381 2111 veniret,
3427 2042 3578 2111 coepit
3613 2042 3681 2095 vir

2139 2136 2240 2191 Dei
2288 2151 2410 2191 eum
2458 2136 2771 2206 increpare,
2824 2152 2921 2191 cur
2965 2139 3386 2191 concubinarum
3436 2134 3684 2189 adulteriis

2139 2227 2474 2292 misceretur,
2516 2236 2572 2281 et
2608 2241 2713 2280 non
2754 2228 2935 2296 potius
2965 2228 3187 2297 legitimi
3232 2226 3459 2296 coniugii
3495 2224 3683 2279 solami-

2141 2323 2296 2376 nibus
2345 2321 2647 2387 frueretur;
2706 2331 2765 2376 ut
2811 2321 3007 2391 regalis
3059 2322 3242 2391 proles
3292 2334 3358 2374 ex
3418 2317 3683 2372 honorabili

2137 2416 2318 2483 regina
2349 2414 2697 2483 procederet,
2728 2424 2784 2469 et
2814 2429 2918 2468 non
2948 2415 3126 2485 potius
3155 2429 3225 2469 ex
3260 2412 3592 2481 lupanaribus
3617 2410 3683 2463 vi-

2140 2508 2357 2562 deretur
2377 2521 2671 2577 emergere.
2701 2508 2936 2577 Cumque
2954 2507 3064 2576 jam
3092 2506 3155 2559 ad
3187 2506 3286 2559 viri
3315 2506 3404 2560 Dei
3433 2503 3685 2571 imperium

2136 2598 2280 2666 regis
2307 2611 2487 2651 sermo
2516 2599 2945 2666 obtemperaret,
2974 2606 3027 2651 et
3065 2611 3123 2650 se
3148 2595 3219 2648 ab
3244 2595 3487 2648 omnibus
3516 2592 3686 2645 illicitis

2138 2702 2425 2757 segregare
2475 2692 2803 2756 sponderet,
2859 2696 3091 2741 mentem
3148 2685 3505 2740 Bruniehildis
3547 2683 3688 2742 avite.

2142 2778 2376 2832 secunda
2420 2788 2473 2832 ut
2506 2789 2625 2833 erat
2663 2778 2925 2833 Jezabelis
2952 2776 3002 2843 ιι,
3043 2780 3296 2847 antiquus
3335 2775 3517 2845 anguis
3554 2774 3689 2834 adiit.

2142 2880 2370 2935 eamque
2433 2878 2616 2922 contra
2675 2868 2847 2922 virum
2904 2866 3002 2923 Dei
3055 2867 3388 2922 stimulatam
3455 2863 3690 2933 superbia

2142 2958 2331 3012 aculeo
2358 2960 2592 3022 excitat,
2621 2958 2743 3027 quia
2774 2967 3019 3013 cerneret
3043 2957 3160 3012 viro
3193 2957 3291 3013 Dei
3332 2955 3691 3012 Theudoricum

2143 3049 2380 3105 obedire.
2414 3050 2708 3105 Verebatur
2740 3050 2880 3105 enim
2914 3065 3014 3119 ne,
3055 3049 3099 3105 si
3142 3048 3375 3120 abiectis
3413 3043 3693 3102 concubinis

465 3160 587 3201 cum
633 3143 1040 3199 Theudebertus
1088 3141 1423 3197 Bilit-lnldem
1458 3140 1475 3178 ί
1510 3140 1738 3194 habebat
1778 3152 2031 3202 uxorem,
2060 3127 2109 3191 C
2142 3142 2383 3209 reginam
2425 3142 2561 3196 aulae
2588 3140 2947 3211 prtelecisset,
2982 3140 3260 3209 dignitatis
3299 3150 3460 3210 atque
3502 3135 3694 3191 honoris

466 3249 624 3305 quam
658 3232 1015 3289 Brunioltildis
1057 3246 1086 3286 a
1127 3232 1550 3301 negotiatoribus
1586 3240 1915 3284 mercavcrat
1939 3272 1955 3298 ,
1984 3237 2040 3284 et

462 3341 607 3387 esset
634 3328 931 3385 Biliehildis
973 3326 1116 3382 utilis
1134 3365 1152 3392 ,
1182 3336 1237 3381 et
1264 3342 1294 3381 a
1325 3326 1533 3381 cunctis
1560 3324 1849 3379 Anstrasiis
1874 3322 2039 3377 vehe-

465 3484 549 3537 tlie
577 3482 731 3551 vulgo
764 3480 984 3552 Biscaya
1015 3476 1359 3552 _(la_Biscaye)
1391 3476 1605 3552 dicitur,
1637 3478 1791 3548 cujus
1816 3477 2027 3552 incolas

462 3546 702 3606 nonnulli
733 3552 890 3605 etiam
921 3546 1122 3603 antioui
1147 3546 1394 3602 ancteres
1420 3546 1669 3603 Basculos
1693 3546 1787 3603 seu
1816 3548 2032 3602 Basclos

464 3623 753 3675 appellant.

502 3639 812 3754 preIlltzlmctst,
858 3688 1145 3756 subegerat.
1189 3686 1327 3759 Edi_ti
1346 3728 1362 3750 ,
1389 3698 1608 3759 rexerat.
1640 3687 1798 3759 Boh.,
1830 3697 2033 3759 egerat;

465 3774 630 3829 quare
658 3760 899 3812 Cointius
931 3755 1077 3824 potat
1104 3760 1241 3829 hunc
1270 3755 1617 3829 Francionem
1639 3773 1669 3810 a
1692 3755 2034 3813 Childéberto

466 3825 518 3884 et
552 3829 781 3883 Clotario
812 3829 1116 3896 praefectum
1150 3826 1310 3879 fuisse
1336 3825 1635 3896 Cantabriae
1655 3869 1669 3891 ,
1694 3842 1852 3896 quam
1878 3829 2037 3884 sube—

465 3909 687 3969 gerant,
718 3906 774 3951 ut
800 3895 1000 3969 colligit
1026 3911 1093 3950 ex
1125 3896 1216 3949 lib.
1251 3896 1474 3969 ttt_llist.
1502 3895 1665 3966 Greg.
1697 3895 1815 3969 cap.
1843 3897 1938 3969 29.

540 3969 567 4007 δ
609 3969 822 4036 Aliquot
847 3967 959 4031 ed.,
989 3976 1276 4036 revocatus.
1310 3966 1473 4019 Porro
1504 3983 1535 4017 a
1561 3977 1704 4034 parte
1727 3968 1949 4034 imperii,
1983 3967 2035 4021 id

466 4048 578 4101 est,
613 4039 673 4091 ab
703 4035 929 4090 exercitu
958 4035 1317 4104 imperatoris;
1348 4047 1437 4089 aut
1471 4048 1618 4090 certe
1658 4037 1935 4105 legendum
1966 4038 2034 4092 ad

464 4116 853 4180 partem,getc._,
881 4105 935 4160 id
967 4115 1078 4172 est,
1111 4106 1335 4180 imperio
1364 4106 1629 4180 restituta.

543 4190 564 4216 ε
605 4178 755 4232 Coll).
787 4177 880 4229 alt.
913 4191 1072 4229 manu
1094 4216 1108 4238 ,
1137 4174 1309 4245 etAClt.
1334 4175 1427 4241 aL,
1454 4174 1834 4245 Bajuariorum.
1859 4176 2038 4231 Theo-

468 4248 677 4303 delinda
719 4247 944 4315 primum
986 4243 1274 4316 Autltario,
1317 4243 1644 4316 Agoniﬁs'seu
1686 4248 1897 4316 Agilulti
1938 4248 2033 4301 de-

468 4314 1181 4385 cessori{nupseranVide
1222 4315 1441 4385 Paulum
1476 4315 1649 4384 Diac.,
1684 4314 1780 4370 lib.
1816 4332 1871 4370 ιιι
1910 4331 2029 4385 cap.

467 4389 557 4452 3i,
585 4398 637 4443 et
667 4389 759 4441 lib.
793 4383 843 4441 tv
874 4400 992 4453 cap.
1018 4383 1049 4437 5
1077 4394 1132 4439 et
1159 4398 1309 4453 seqq.
1337 4384 1536 4454 Dicitur
1557 4401 1618 4438 ex
1641 4401 1837 4454 genere
1870 4383 2034 4440 Fran-

468 4473 688 4522 corum,
729 4472 834 4511 non
881 4452 1049 4509 solum
1103 4454 1242 4523 quod
1294 4452 1531 4521 Bajoaria
1577 4452 1719 4509 esset
1764 4465 1891 4510 tunc
1931 4458 2032 4509 sub

2134 3234 2220 3287 sui
2258 3232 2470 3285 modum
2511 3240 2857 3300 amputasset.
2891 3232 3077 3285 Evenit
3100 3245 3233 3299 ergo
3270 3240 3331 3285 ut
3364 3227 3579 3297 quadam
3620 3224 3693 3276 die

2138 3324 2327 3379 beatus
2363 3322 2722 3377 Columbauus
2761 3322 2828 3377 ad
2871 3322 3280 3377 Brunicbildem
3327 3320 3547 3376 veniret.
3590 3316 3697 3370 Erat

2141 3476 2382 3533 nonnulli
2428 3479 2691 3549 superiori
2738 3477 2971 3533 Elisatite
3007 3478 3330 3533 attribuunt.
3376 3475 3525 3531 Alter
3566 3474 3691 3545 igno-

2140 3558 2223 3602 tus
2250 3554 2353 3600 es't.
3164 3560 3171 3561 ί

2218 3616 2243 3653 ιλ
2273 3608 2514 3683 ΟιιαιῚιίο
2542 3618 2803 3673 habentur
2832 3634 2996 3688 usque
3023 3617 3087 3671 ad
3118 3618 3285 3687 hujus
3307 3614 3494 3688 capitis
3518 3616 3663 3688 linem
3681 3650 3695 3674 ο

2141 3688 2329 3759 iisdem
2358 3692 2579 3743 omnino
2611 3690 2788 3744 verbis
2822 3683 3065 3759 leguntur
3086 3689 3136 3741 in
3166 3683 3289 3743 Vita
3314 3683 3699 3759 sanctiColnni-

2144 3758 2265 3813 bani
2294 3772 2389 3824 per
2419 3760 2608 3813 .lonam
2641 3762 2835 3827 scripta
2858 3753 3053 3822 fnum.
3082 3760 3145 3815 3i
3184 3769 3241 3814 et
3270 3772 3429 3826 seqq.
3453 3795 3468 3818 ,
3492 3756 3543 3827 in
3572 3753 3699 3807 Actis

2138 3840 2446 3884 sanctorum
2478 3832 2597 3883 ord.
2631 3826 2991 3895 Benedictiui,
3024 3844 3151 3883 saec.
3189 3844 3224 3882 ιι
3247 3868 3262 3892 ,
3300 3842 3422 3896 pag.
3456 3826 3539 3896 17.

2217 3897 2231 3936 ί
2268 3898 2362 3956 Sic
2400 3899 2767 3968 antiquissima
2800 3915 2956 3953 manu
2978 3891 3340 3954 emendatum
3372 3891 3423 3950 in
3454 3894 3569 3968 eod.
3600 3891 3699 3968 Cla-

2134 3984 2299 4037 rom.,
2330 3970 2418 4039 qui
2449 3964 2578 4023 alias
2609 3978 2663 4021 ut
2701 3969 2864 4031 editi,
2909 3970 3177 4023 habebat:
3212 3967 3410 4021 Beatus
3450 3964 3699 4039 columba-

2139 4055 2237 4093 nus
2286 4036 2507 4097 ct'everat
2548 4044 2661 4110 jam
2706 4040 2893 4106 passim
2926 4042 3065 4109 {ante
3102 4040 3329 4093 civitatis
3360 4052 3469 4110 siue
3496 4036 3547 4110 in
3568 4076 3580 4094 .
3609 4040 3698 4084 etc.

2140 4111 2312 4178 Colb.,
2348 4114 2489 4176 fama
2517 4106 2722 4163 invitata
2749 4126 2841 4161 sua
2865 4126 2883 4175 ;
2910 4106 2961 4161 et
2988 4110 3157 4164 altera
3190 4124 3359 4162 manu
3381 4148 3395 4169 ,
3432 4106 3674 4178 inritantia

2213 4192 2227 4229 1
2269 4172 2407 4237 Editi
2438 4196 2555 4234 cum
2586 4179 2764 4238 Colb..
2802 4172 3113 4241 Luxovium,
3139 4189 3197 4233 et
3228 4181 3311 4233 sic
3340 4178 3497 4231 intra.
3527 4175 3594 4226 lbi
3614 4172 3698 4225 Co-

2139 4249 2417 4307 lumbanus
2449 4249 2830 4303 monasterium
2862 4249 3173 4303 condiderat
3194 4290 3210 4313 ,
3243 4247 3392 4317 quod
3422 4261 3490 4299 ex
3515 4249 3705 4317 tuncet

2134 4324 2421 4376 sanctitate
2458 4329 2511 4372 et
2554 4318 2936 4375 monachorum
2979 4334 3202 4373 numero
3248 4312 3564 4386 percelehre
3603 4312 3701 4386 fuit.

2134 4389 2397 4458 Superest
2424 4406 2564 4443 nunc
2589 4406 2710 4441 cum
2742 4389 2940 4456 Oppido
2965 4382 3296 4457 cognomini,
3334 4404 3388 4441 ιιι
3415 4382 3703 4459 Burgundio

2136 4457 2411 4524 Comitatu,
2437 4462 2591 4524 vulgo
2624 4459 2841 4512 Larem!
2864 4461 3088 4524 dictum,
3116 4457 3525 4527 congregationi
3554 4457 3703 4506 sancti

470 4505 789 4582 Francorum
806 4525 1041 4597 iditione,
1068 4505 1252 4597 ve'rnm
1274 4505 1817 4597 _.;u5mf..’a.g.igiia.i;
1828 4505 2033 4597 satis;
2064 4505 2115 4562 Β
2140 4505 3328 4597 magna;“g3refrigeria;Elissam

471 4599 573 4658 rit,
612 4607 670 4650 ut
709 4596 863 4651 multi
901 4595 1115 4658 volunt,
1158 4593 1570 4662 Ragintrudem,
1612 4595 1966 4650 Theodehcrti
2010 4595 2027 4648 Ι

471 4667 658 4719 tiliam.
709 4664 857 4720 Adde
897 4665 1035 4733 quod
1084 4672 1306 4717 matrem
1354 4664 1633 4729 habuerit,
1678 4667 1754 4720 uti
1801 4666 2029 4728 videtur,

474 4735 740 4788 Ultradam
770 4735 1008 4788 relictam
1038 4733 1400 4788 Theodebaldi
1431 4735 1591 4799 regis.

539 4802 563 4840 ά
605 4804 740 4857 Alii:
771 4802 1104 4872 Haribertttm
1125 4845 1137 4864 ,
1169 4805 1307 4872 quod
1342 4804 1559 4872 perinde
1584 4814 1684 4859 est.

544 4885 567 4911 υ
611 4874 741 4927 ilinc
786 4873 982 4926 dictum
1028 4871 1414 4939 ialdistorium,
1463 4875 1619 4941 vulgo
1659 4892 1728 4926 tm
1777 4874 2031 4941 fauteuil,

470 4960 628 5012 quam
674 4958 856 5013 vocem
878 4958 926 5013 ge
966 4941 1230 5013 sannae.»
1278 4946 1538 4998 vocabulo
1589 4946 1698 5013 [ald
1739 4946 2030 4999 derivatur:

470 5009 673 5069 volunt.
706 5011 838 5066 Vide
866 5010 1047 5069 Canaii
1082 5009 1431 5067 Glossarium.

544 5084 563 5123 ί
605 5084 740 5153 Alii,
780 5080 1113 5153 Belicltildis;
1153 5094 1205 5136 et
1242 5080 1413 5149 infra,
1444 5095 1663 5139 cerneret
1686 5085 1820 5139 :sed
1848 5084 2036 5153 swpius

466 5159 653 5227 legatos
682 5152 1088 5227 Brutticltildaz._
1164 5224 1173 5227 _
1313 5223 1362 5227 __
1472 5224 1483 5227 _
1566 5218 1571 5221 1

541 5233 564 5271 8
602 5226 702 5281 Ch.
744 5233 797 5278 et
823 5222 1007 5285 Freh.,
1035 5222 1274 5292 placitus.
1305 5223 1405 5279 Cb.
1437 5224 1533 5286 a|.,
1563 5222 1809 5277 Colcwsse
1837 5232 1884 5276 et
1916 5222 2037 5279 Soi-

471 5304 623 5357 tense,
654 5296 735 5349 vel
763 5295 1080 5362 Segintense.
1108 5295 1247 5355 (301.⁹
1276 5293 1452 5361 Bigu,,
1479 5294 1625 5357 llar.,
1653 5292 1731 5345 Ill.
1760 5304 1817 5348 ct
1844 5293 2031 5361 novin,

469 5364 715 5429 placitum
743 5376 814 5418 est
846 5366 895 5417 in
924 5363 1185 5417 ϐοιδίοιιεὶ
1223 5374 1266 5415 et
1313 5364 1595 5417 Solnitenzi
1636 5366 1764 5428 ﬁeri.
1813 5364 1942 5416 Bob.
1985 5375 2036 5417 ct

470 5432 654 5497 Colb.,
684 5436 736 5485 in
767 5434 1030 5486 Colerense
1059 5442 1106 5486 et
1136 5433 1456 5502 Sogintrnse.
1484 5432 1545 5485 lli
1574 5436 1686 5500 pagi
1715 5433 2032 5487 contermini

471 5515 623 5556 erant
644 5547 656 5566 ,
686 5504 827 5570 prior
854 5504 905 5556 in
937 5504 1181 5570 Austria,
1210 5506 1345 5556 alter
1375 5503 1425 5555 itt
1455 5502 1750 5571 Burgundio
1771 5542 1788 5565 ,
1820 5504 1867 5555 in
1898 5518 2030 5571 quo-

388 5578 389 5581 “
473 5588 588 5625 rum
631 5572 821 5625 limbus
860 5574 1093 5626 habitum
1134 5584 1215 5629 est
1256 5574 1526 5639 placitum.
1568 5574 1898 5636 Sugintt-usis
1937 5589 2030 5626 uo-

468 5646 613 5695 ttiine
636 5642 900 5710 designari
933 5643 1135 5694 videtur
1165 5646 1209 5695 le
1241 5645 1507 5713 Suntgaw,
1544 5644 1593 5695 in
1625 5643 1890 5709 provincia
1924 5645 2028 5694 Ma-

466 5716 606 5769 xima
644 5714 1008 5774 Sequanorum
1054 5727 1235 5767 versus
1286 5715 1583 5777 Etisatiam,
1634 5727 1790 5780 quem
1835 5730 2027 5781 pagum

2215 4605 2237 4637 κ
2271 4602 2422 4655 Colb.
2455 4610 2507 4653 et
2534 4601 2696 4663 Clam,
2722 4598 2978 4652 Zeaabelis
3002 4616 3019 4660 ;
3042 4590 3145 4652 Cit.
3173 4600 3276 4660 al.,
3303 4595 3576 4651 diabolica.
3603 4590 3701 4642 νει.

2138 4670 2228 4726 ed.
2261 4673 2424 4725 Boelt.
2454 4678 2509 4723 et
2547 4681 2744 4730 caeteri,
2786 4669 3061 4722 secundant
3095 4682 3264 4722 odora
3292 4680 3343 4721 et
3386 4664 3701 4719 detestabilia.

2137 4742 2244 4802 NL,
2270 4740 2600 4795 detestabilis.
2629 4740 2891 4793 Inticiatur
2914 4740 3151 4792 Coittlius
3178 4754 3210 4791 a
3240 4735 3580 4807 Theoderico
3600 4745 3703 4807 rego

2136 4809 2361 4880 injustas
2388 4823 2582 4864 uxores
2608 4809 2793 4862 ductas
2833 4810 2995 4862 fuisse
3014 4849 3031 4870 ,
3053 4809 3395 4880 nullamque
3430 4804 3587 4880 hujus
3609 4804 3701 4854 odd

2138 4878 2353 4934 causam
2374 4880 2652 4951 exstitisse
2674 4880 2984 4943 arbitratur,
3009 4878 3114 4951 nisi
3142 4880 3293 4951 quod
3314 4878 3706 4951 Columbanum

2139 4952 2219 5003 sui
2251 4950 2558 5005 monasterii
2591 4951 2829 5017 ingressu
2857 4946 3353 5013 ementires’viros,
3374 4946 3542 5000 etiam
3578 4946 3705 5009 prino

2134 5021 2287 5086 cipes
2308 5060 2324 5085 ,
2357 5020 2632 5088 ipsamque
2675 5018 3069 5074 Drunichildem
3112 5018 3397 5089 arcuisset
3404 5058 3437 5089 ,_
3454 5028 3609 5084 quam
3634 5024 3703 5089 si:

2144 5091 2246 5144 lam
2274 5086 2491 5145 causam
2523 5086 2785 5145 memorat
2820 5099 3007 5142 auctor
3033 5098 3346 5143 coartaneus
3379 5086 3515 5139 Vitae
3552 5086 3705 5148 sancti

2148 5161 2287 5229 Agili
2320 5160 2525 5215 abbatis
2550 5158 2920 5213 Resbacensis.
2948 5157 3108 5213 Forte
3138 5159 3256 5212 haec
3284 5157 3467 5229 prima
3493 5152 3703 5219 fuitjur-

2136 5226 2349 5297 giorum
2378 5232 2589 5284 occasio
2610 5270 2624 5294 ,
2654 5245 2715 5284 es
2747 5244 2849 5299 qua
2871 5268 2887 5293 ,
2919 5230 2993 5283 uti
3020 5229 3137 5281 ﬁeri
3170 5226 3349 5291 solet,
3383 5226 3505 5299 alite
3544 5235 3705 5290 male:

2136 5312 2345 5355 exerta:
2386 5301 2619 5354 luerunt.
2667 5297 2799 5353 lline
2828 5315 2954 5353 vero
2981 5299 3160 5352 mirari
3191 5300 3347 5352 subit
3382 5297 3593 5348 Patrum
3624 5305 3704 5343 no~

2138 5380 2370 5424 strorum
2412 5371 2725 5439 religionem
2756 5371 2807 5423 in
2843 5370 3089 5438 fugiendo
3118 5369 3467 5439 stecttlarium
3497 5374 3702 5439 consors

2132 5441 2235 5493 tio.
2280 5436 2539 5507 Quantam
2580 5456 2706 5494 vero
2742 5436 3066 5510 diligentiam
3108 5441 3155 5491 in
3204 5437 3484 5510 servanda
3514 5436 3706 5510 bacar-

2136 5499 2426 5564 (ιθιιιιιῖιίιιιι
2458 5511 2794 5565 sa'cularium
2823 5499 2866 5564 εἷ’
2883 5510 3221 5563 monasteriis
3251 5507 3540 5574 disciplina
3571 5499 3705 5574 a_dlti~

2134 5581 2357 5647 herent,
2400 5582 2593 5635 videsis
2633 5582 2773 5650 apud
2819 5580 3089 5636 Mabitlon.
3135 5582 3183 5633 in
3234 5572 3413 5648 pref.
3446 5572 3624 5630 smculi
3670 5581 3685 5620 ι

2135 5650 2329 5705 Bened.
2361 5667 2505 5705 tmtn.
2539 5650 2625 5704 55.
