3946 6188
374 170 387 197 1

274 365 371 419 6Ξ5

1723 350 2127 411 CIIRONICUM

3433 343 3542 403 626

276 484 413 540 enim
456 490 582 537 tunc
624 481 761 551 apud
796 480 1167 537 Brucartacum
1198 489 1221 515 ι
1255 476 1451 533 villam.
1488 474 1729 544 Cumque
1758 473 1846 527 illa
1878 470 1927 528 A
1954 467 2207 521 adversus
2254 472 2495 521 sanctum
2541 461 2933 520 Caiumbanum
2986 462 3184 517 excitat
3212 501 3225 527 ,
3286 461 3567 548 omnique“

276 594 394 633 eum
419 576 473 630 iu
497 576 669 630 aulam
698 574 883 629 venire
908 581 1172 637 cerneret,
1200 571 1336 627 illius
1357 567 1700 631 Theoderici,
1722 579 1855 636 quos

277 672 340 723 de
367 666 685 723 adulterinis
713 664 1155 735 permixtionibus
1183 662 1444 725 habebat,
1474 661 1539 715 ad
1565 659 1735 714 virum
1761 657 1853 712 Dei

276 758 529 823 adducit;
571 771 703 825 quos
752 772 871 810 cum
925 755 1170 820 vidisset,
1225 752 1525 809 sciscitatur
1577 750 1704 822 quid
1751 749 1852 803 sibi

276 850 490 905 vellent.
548 848 643 904 Cui
688 846 1047 902 Brunichildis
1100 847 1221 901 ait:
1267 844 1427 915 Regis
1464 852 1590 899 sunt
1630 843 1757 912 lilii,
1799 851 1855 897 tu

278 959 367 1000 eos
400 940 778 998 benedictione
808 939 1021 994 robora.
1068 938 1139 992 At
1178 937 1309 993 ille:
1350 935 1735 1006 Nequaquam,
1775 934 1856 987 iu-

273 1034 419 1102 quit,
473 1032 604 1085 istos
652 1030 853 1099 regalia
903 1035 1117 1097 sceptra
1162 1036 1515 1095 suscepturos
1558 1024 1734 1089 scias;
1786 1022 1857 1078 de

275 1119 624 1192 lupanaribus
650 1126 1009 1174 emerserunt.
1055 1117 1150 1172 illa
1193 1116 1374 1172 furens
1415 1114 1665 1184 parvulos
1705 1112 1856 1167 abire

268 1211 440 1281 jubet.
498 1208 796 1280 Egrediens
849 1208 931 1263 vir
982 1207 1078 1263 Dei
1134 1206 1333 1276 regiam
1387 1205 1564 1259 aulam
1606 1202 1671 1269 δ,
1727 1203 1854 1257 dum

274 1300 499 1354 limitem
568 1299 897 1365 transiliret,
959 1298 1137 1367 fragor
1190 1312 1255 1352 ex
1322 1304 1527 1350 terrore
1591 1294 1854 1361 incussit,

275 1403 373 1443 nec
428 1397 606 1443 tamen
663 1387 877 1442 miserae
927 1387 1138 1441 feminae
1197 1385 1430 1441 furorem
1485 1384 1851 1455 compescuit,

274 1491 539 1551 paratque
578 1482 775 1537 deinde
819 1480 1041 1537 insidias
1086 1482 1283 1535 moliri.
1317 1480 1521 1535 Vicinis
1546 1480 1855 1537 monasterii

273 1587 367 1641 per
414 1573 631 1627 nuntios
676 1573 902 1643 imperat
945 1582 1001 1625 ut
1047 1572 1179 1626 nulli
1216 1587 1400 1629 eorum
1441 1581 1594 1629 extra
1639 1586 1852 1627 monas-

272 1663 386 1716 terii
451 1662 711 1716 terminos
769 1664 870 1715 iter
923 1661 1231 1731 pandatur,
1287 1676 1461 1730 neque
1511 1662 1855 1730 receptacula

271 1752 547 1807 monachis
591 1752 709 1821 ejus
751 1752 833 1806 vel
881 1752 1135 1823 quaslibet
1182 1762 1204 1792 ο
1252 1752 1489 1808 subsidia
1533 1752 1853 1809 tribuantur.

1957 569 2150 615 conatu
2198 560 2510 630 perturbare
2563 558 2826 622 intendit;
2859 565 3083 626 oratque
3120 569 3373 626 proceres
3403 555 3538 612 auli-

1955 668 2068 722 cos,
2100 655 2385 722 optimates
2406 665 2613 717 omnes,
2642 659 2702 705 ut
2729 649 2870 719 regis
2896 649 3130 702 animum
3154 654 3342 702 contra
3364 645 3537 700 virum

1956 745 2051 799 Dei
2084 745 2457 815 perturbarent
2485 761 2499 798 :
2531 742 2925 814 episcoposque
2946 740 3237 797 sollicitare
3263 752 3537 810 aggressa,

1957 846 2015 890 ut
2040 835 2107 890 de
2140 834 2157 873 ί
2193 838 2310 905 ejus
2349 836 2611 903 religione
2653 834 3024 900 detrahendo,
3058 843 3255 887 statum
3302 832 3533 892 regulae,

1956 942 2114 996 quam
2142 929 2254 983 suis
2283 928 2693 984 custodiendam
2723 925 2888 997 614
2914 924 3194 980 monachis
3242 922 3533 984 indiderat,

1957 1017 2306 1073 macularent.
2339 1017 2786 1085 Obtemperantes
2835 1017 2996 1086 igitur
3044 1012 3201 1068 aulici
3248 1012 3376 1080 regii
3419 1026 3541 1079 per-

1957 1106 2297 1161 suasionibus
2340 1106 2551 1161 misere:
2600 1106 2837 1175 regium,
2889 1104 3127 1158 animum
3174 1102 3315 1170 regis
3352 1112 3538 1155 contra

1957 1199 2130 1252 virum
2159 1199 2253 1253 Dei
2284 1200 2619 1267 perturbant,
2646 1207 2902 1266 cogentes
2935 1206 2990 1251 ut
3018 1195 3304 1250 accederet
3331 1207 3396 1246 ae
3414 1191 3543 1246 reli-

1955 1291 2169 1358 gionem
2208 1290 2459 1360 probaret
2489 1290 2708 1344 abactos
2733 1288 2779 1344 i.
2808 1290 2992 1358 Itaque
3021 1302 3114 1342 rex
3143 1284 3212 1339 ad
3242 1284 3415 1340 virum
3451 1281 3544 1337 Dei

1958 1370 2272 1437 Lussovium
2292 1381 2457 1445 venit,
2474 1389 2909 1451 couqueStusque
2934 1393 3059 1433 cum
3083 1393 3184 1442 eo,
3206 1392 3305 1435 cur
3333 1390 3363 1430 a
3392 1389 3543 1432 com—

1957 1472 2374 1545 provincialibus
2421 1473 2663 1527 moribus
2693 1471 3054 1537 descisceret,
3107 1480 3160 1525 et
3208 1469 3347 1523 intra
3395 1476 3544 1536 septa

1958 1566 2248 1620 secretiora
2297 1565 2548 1619 omnibus
2596 1561 2917 1618 Christianis
2956 1562 3131 1616 aditus
3160 1574 3269 1615 non
3317 1568 3543 1628 pateret.

1959 1656 2154 1711 Beatus
2183 1656 2362 1725 itaque
2388 1654 2778 1717 Columbanus,
2811 1664 2868 1706 ut
2898 1663 3017 1707 erat
3044 1650 3214 1705 audax
3246 1659 3407 1719 atque
3433 1651 3545 1702 ani»

1960 1762 2050 1803 mo
2099 1745 2324 1816 vigens,
2376 1745 2576 1802 talibus
2623 1744 2899 1813 objicienti
2951 1744 3065 1813 regi
3116 1741 3440 1811 respondit:
3476 1740 3547 1795 So

267 1842 509 1895 Cernens
529 1841 690 1912 613
718 1841 905 1896 beatus
927 1840 1287 1896 Columbanus
1315 1842 1496 1911 regios
1519 1840 1729 1896 aninios
1754 1840 1848 1896 ad—
1880 1840 1925 1903 B
1952 1836 2392 1890 consuetudinem
2429 1849 2534 1888 non
2560 1832 2755 1890 habere
2784 1841 2836 1886 ut
2865 1831 3218 1886 saecularibus
3237 1828 3542 1883 hominibus

267 1949 486 1988 versum
507 1950 566 1989 se
594 1942 886 2003 permotos,
906 1932 972 1987 ad
1002 1947 1098 1988 eos
1121 1942 1393 2001 preperat,
1421 1941 1477 1987 ut
1504 1933 1615 1987 suis
1636 1932 1854 1988 monitis

269 2022 519 2077 miseram
577 2022 887 2090 pertinacia:
931 2022 1255 2091 incentivam
1300 2020 1548 2091 frangant
1588 2018 1640 2076 ά.
1688 2019 1854 2075 Erant

266 2112 405 2167 enim
428 2121 552 2166 tunc
568 2112 825 2180 temporis
846 2112 984 2181 apud
1009 2111 1274 2180 Spinsiam
1302 2122 1324 2150 ο
1354 2110 1534 2166 villam
1560 2112 1850 2182 publicam.

269 2204 387 2269 Quo
417 2219 538 2258 cum
584 2204 695 2274 jam
725 2204 843 2290 sole
884 2204 1237 2260 occumbente
1264 2206 1534 2269 venisset,
1566 2207 1680 2275 regi
1710 2220 1850 2259 nun-

269 2293 401 2348 tiant
432 2296 601 2348 virum
634 2295 727 2349 Dei
756 2295 884 2350 inibi
914 2310 1056 2360 esse,
1086 2311 1183 2351 nec
1213 2298 1353 2365 regis
1379 2296 1627 2352 domibus
1650 2307 1855 2352 metere

266 2387 424 2443 velle.
452 2386 602 2440 Tunc
630 2385 997 2443 Theudoricus
1022 2387 1132 2453 ait,
1170 2388 1366 2444 melius
1395 2403 1517 2444 esse
1547 2388 1717 2443 virum
1759 2389 1852 2445 Dei

267 2478 582 2548 opportunis
630 2477 885 2532 subsidiis
933 2478 1235 2545 honorare,
1266 2494 1425 2549 quam
1467 2480 1748 2535 Dominum
1786 2495 1852 2535 ex

267 2580 546 2623 servorum
575 2566 692 2636 ejus
720 2566 925 2621 offensa
954 2567 1021 2622 ad
1053 2568 1380 2623 iracund:am
1415 2585 1733 2640 provocare.
1757 2571 1856 2626 Ju-

267 2662 361 2716 bet
382 2674 508 2730 ergo
529 2661 677 2729 regio
693 2659 836 2713 cultu
858 2670 1157 2729 opportune
1174 2660 1281 2732 [Αι.
1300 2660 1624 2734 Opportuna]
1642 2677 1854 2731 parare,

267 2753 361 2807 Dei
395 2750 594 2804 famulo
624 2749 878 2819 dirigere.
910 2751 1090 2821 Itaque
1122 2761 1407 2817 venerunt,
1438 2763 1491 2807 et
1514 2754 1662 2822 juxta
1687 2752 1857 2822 impe-

265 2842 403 2894 rium
457 2839 595 2909 regis
626 2839 801 2894 oblata
855 2838 959 2911 [AL
1009 2839 1267 2911 oblatam]
1314 2840 1571 2896 oll‘erunt.
1604 2843 1852 2910 Quicum

265 2933 740 3002 vidisseLdapes,
780 2942 833 2987 et
873 2933 1061 3000 pocula
1094 2935 1238 2987 cultu
1271 2935 1416 3002 regio
1445 2935 1810 2993 administrata
1835 2974 1851 3000 ,

266 3021 487 3090 inquirit
516 3022 642 3092 quid
671 3021 773 3074 sibi
798 3022 898 3076 ista
921 3021 1137 3077 vellent.
1167 3023 1359 3077 Dicunt
1382 3023 1459 3077 illi
1486 3044 1500 3080 ;
1526 3024 1641 3079 Tibi
1674 3041 1707 3081 a
1730 3040 1856 3096 rege

266 3114 385 3166 fore
406 3112 626 3166 directa.
663 3111 1017 3166 Ahominalus
1046 3127 1107 3169 ea
1132 3113 1208 3166 ait
1234 3129 1248 3166 :
1280 3114 1549 3181 Scriptum
1576 3123 1659 3169 est
1688 3132 1702 3168 :
1729 3113 1850 3169 Mu-

1957 1939 2010 1985 et
2036 1929 2294 1999 religione
2319 1928 2511 1982 alienis
2540 1923 2863 1979 famulorum
2899 1924 2994 1978 Dei
3033 1922 3375 1977 habitationis
3410 1936 3537 1989 pan-

1956 2020 2048 2074 dat
2092 2020 2390 2075 introitum‘.
2422 2018 2531 2073 Sed
2571 2026 2876 2086 opportuna
2923 2024 3150 2083 aptaque
3179 2016 3291 2068 loca
3334 2015 3398 2068 ad
3444 2014 3544 2068 hoc

1958 2111 2155 2166 habere
2182 2119 2384 2178 parata,
2416 2124 2523 2178 quo
2551 2108 2792 2161 Ouini-um
2829 2107 3099 2173 hospitum
3130 2105 3266 2161 adve
3291 2114 3392 2159 itus
3419 2118 3542 2157 sus-

1955 2205 2200 2274 cipiatur.
2248 2204 2329 2259 Ad
2375 2206 2488 2258 hrec
2519 2217 2609 2257 rex
2638 2217 2654 2255 :
2693 2200 2775 2264 Si,
2808 2200 3021 2270 inquit,
3055 2198 3318 2271 largitatis
3346 2208 3544 2253 uestrae

1958 2313 2179 2353 munera
2225 2306 2278 2351 et
2325 2295 2606 2351 salaminis
2653 2293 3087 2364 supplementum
3136 2306 3328 2358 capere
3354 2292 3543 2357 cupis,

1956 2391 2208 2445 omnibus
2237 2390 2289 2444 in
2317 2389 2452 2447 locis
2488 2386 2731 2442 omnium
2780 2384 2983 2455 patebit
3014 2383 3285 2438 introitus.
3325 2381 3417 2436 Vir
3444 2382 3545 2435 Dei

1958 2478 2233 2547 respondit
2263 2494 2277 2529 :
2311 2476 2368 2532 Si
2396 2476 2538 2546 quod
2570 2489 2712 2528 nunc
2739 2488 2909 2543 usque
2949 2474 3049 2528 sub
3077 2472 3342 2542 regularis
3380 2470 3543 2527 disci-

1958 2570 2119 2641 plinae
2152 2568 2376 2624 habenis
2417 2568 2771 2622 constrictum
2828 2566 2940 2642 [ΑΙ.
2996 2563 3388 2637 constructum]
3443 2561 3546 2617 l‘uit

1959 2658 2159 2713 violare
2186 2659 2428 2723 conaris,
2463 2672 2560 2711 nec
2589 2657 2692 2712 tuis
2714 2659 3059 2720 muneribus.
3083 2670 3180 2709 nec
3211 2654 3543 2724 quibuscuu-

1958 2766 2062 2820 que
2090 2749 2344 2805 subsidiis
2375 2765 2459 2802 me
2492 2748 2650 2806 lorea
2685 2759 2737 2805 te
2766 2758 3213 2803 sustentaturom.
3249 2748 3313 2801 Et
3339 2748 3384 2801 si
3412 2746 3546 2801 hanc

1958 2842 2027 2897 ob
2054 2856 2271 2896 causam
2303 2851 2355 2895 tu
2386 2840 2488 2897 hoc
2518 2842 2570 2896 iu
2603 2841 2721 2896 loco
2750 2841 2983 2903 venisti.
3032 2848 3086 2895 ut
3128 2854 3411 2895 servorum
3454 2839 3545 2895 Dei

1959 2934 2203 2990 cmuobia
2232 2934 2497 3001 destruas,
2525 2934 2897 3004 etregularem
2922 2932 3257 2999 disciplinain
3284 2930 3543 2997 macules,

1959 3028 2095 3081 scito
2126 3036 2273 3081 tuum
2308 3008 2531 3094 regnum
2565 3024 2803 3080 funditus
2834 3024 3095 3078 ruiturum
3121 3063 3138 3089 ,
3170 3032 3225 3077 ct
3248 3038 3371 3077 eum
3402 3024 3545 3075 omni

1961 3118 2250 3187 propagine
2296 3116 2442 3186 regia
2491 3115 2782 3185 periturum
2815 3114 2923 3184 |Al.
2948 3110 3367 3184 demersurum].
3394 3113 3545 3178 Quod

265 3218 393 3254 ocra
422 3202 696 3268 impiorum
727 3202 963 3271 reprobat
996 3201 1287 3256 Altissimus
1311 3200 1492 3274 (Prov.
1521 3218 1608 3269 xv,
1637 3203 1715 3275 8).
1740 3203 1853 3259 Non
1881 3212 1932 3277 ο
1962 3215 2145 3276 postea
2175 3205 2251 3259 rei
2280 3206 2525 3274 probavit
2553 3216 2794 3259 eventus.
2827 3204 2945 3259 .laui
2971 3206 3115 3258 enim
3140 3203 3425 3257 temerario
3451 3217 3545 3256 co~

265 3292 413 3346 enim
446 3293 662 3361 dignum
708 3302 791 3347 est
833 3301 889 3346 ut
932 3290 1253 3347 famulorum
1300 3293 1394 3348 Dei
1438 3309 1534 3349 ora
1580 3297 1714 3350 cibis
1739 3294 1855 3364 ejus

266 3386 575 3452 polluantur
608 3382 651 3452 τ,
681 3384 770 3454 qui
802 3398 907 3438 non
939 3384 1113 3438 solum
1159 3386 1272 3438 suis
1314 3383 1421 3456 [ΑΙ.
1468 3386 1624 3457 sua],
1671 3401 1856 3441 verum

266 3482 433 3530 etiam
460 3475 682 3531 aliorum
711 3476 1027 3530 habitaculis
1050 3476 1159 3549 [ΑΙ.
1182 3476 1506 3548 habitacula]
1526 3478 1737 3532 famulis
1763 3477 1857 3534 Dei

268 3570 477 3622 aditum
524 3568 775 3637 denegat.
811 3567 904 3621 llis
932 3568 1086 3622 dictis
1108 3608 1121 3631 ,
1153 3568 1367 3621 vascula
1400 3570 1577 3622 omnia
1605 3569 1658 3621 in
1690 3568 1856 3623 frusta

269 3664 514 3729 disrupta
544 3669 689 3726 sunt,
723 3662 951 3730 vinaque
979 3675 1041 3715 ac
1071 3662 1242 3715 sicera
1282 3662 1400 3716 solo
1428 3662 1657 3731 dili‘usa,
1692 3674 1857 3719 caete-

270 3765 439 3818 raque
487 3749 772 3818 separatim
818 3744 1083 3819 dispersa.
1140 3750 1404 3805 Pavefacti
1456 3753 1726 3820 ministri,
1779 3756 1857 3810 rei

269 3855 438 3911 gestat
466 3857 649 3898 casum
681 3841 788 3913 [AL
819 3841 1056 3912 causam]
1088 3844 1196 3911 regi
1229 3845 1493 3899 nuntiant.
1528 3845 1620 3900 ille
1660 3862 1857 3915 pavore

271 3936 553 4001 perculsus
582 3950 704 3989 cum
732 3936 848 3988 avia
874 3936 1107 3987 diluculo
1131 3935 1196 3986 ad
1226 3937 1394 3989 virum
1430 3938 1520 3990 Dei
1544 3949 1857 4007 properant.

272 4026 568 4080 Precantur
617 4025 683 4080 de
730 4008 1020 4078 commisso
1080 4026 1324 4089 veniam,
1371 4040 1429 4079 se
1474 4027 1526 4080 in
1582 4039 1857 4096 posterum

271 4118 563 4173 emendare
606 4118 941 4187 pollicentur.
1000 4119 1090 4171 llis
1148 4129 1365 4185 pacatus
1413 4119 1859 4185 promissionibus

273 4211 662 4264 monasterium
691 4210 876 4274 rediit,
907 4210 1000 4264 sed
1033 4211 1249 4279 polliciti
1280 4211 1567 4265 vadimOuii
1598 4212 1721 4281 jura
1753 4229 1857 4268 non

270 4307 362 4361 diu
415 4315 622 4361 servata
672 4306 939 4358 violantur
963 4314 987 4351 ε
1018 4322 1033 4359 :
1067 4314 1384 4359 exercentur
1415 4306 1748 4360 miseriarum
1780 4308 1859 4361 in-

272 4408 570 4464 crementa,
597 4396 859 4463 solitoque
888 4409 917 4446 a
944 4394 1085 4463 [lege
1113 4395 1373 4449 adulteria
1400 4403 1695 4463 patrantur.
1724 4390 1857 4461 Qui-

269 4494 375 4547 bus
408 4491 616 4554 auditis,
649 4490 837 4544 beatus
868 4486 1225 4542 Columbanus
1256 4487 1458 4543 litteras
1488 4490 1553 4543 ad
1586 4506 1708 4545 eum
1737 4508 1853 4545 ver-

1963 3307 2088 3352 natu
2118 3312 2214 3351 rex
2245 3294 2582 3353 relectorium
2622 3296 2896 3363 ingressus
2939 3292 3133 3348 fuerat.
3173 3292 3266 3349 llis
3294 3307 3422 3363 ergo
3450 3302 3548 3348 ter-

1960 3391 2095 3446 ritus
2124 3389 2281 3444 dictis
2309 3389 2452 3444 foras
2492 3389 2640 3446 celer
2681 3388 2920 3458 repedat.
2960 3387 3115 3442 Duris
3140 3396 3261 3457 post
3307 3387 3421 3442 ham
3452 3388 3548 3442 viri

1963 3481 2057 3536 Dei
2106 3481 2564 3549 increpationibus
2615 3477 2638 3516 ¹ι
2696 3496 2788 3535 rex
2841 3490 3080 3550 urgetur.
3139 3480 3336 3534 Contra
3390 3495 3548 3548 quem

1958 3572 2326 3625 'l'heudericus
2354 3571 2429 3624 ait
2455 3587 2468 3624 :
2494 3571 2731 3640 Martyrii
2750 3585 3004 3624 coronam
3038 3586 3123 3624 tne
3152 3571 3245 3624 tibi
3272 3571 3539 3624 illaturqu

1960 3678 2182 3732 speras:
2216 3680 2321 3718 non
2353 3677 2472 3718 esse
2504 3679 2590 3718 me
2623 3673 2783 3717 tanta:
2827 3663 3111 3717 dementiae
3144 3664 3283 3716 scias
3311 3704 3324 3723 ,
3356 3674 3415 3716 ut
3444 3661 3546 3716 hoc

1961 3763 2166 3809 tantum
2199 3761 2463 3824 patraretn
2513 3756 2728 3819 scelus,
2781 3753 2876 3808 sed
2930 3753 3151 3820 potioris
3199 3750 3407 3807 consilii
3454 3752 3548 3808 tibi

1960 3850 2100 3901 scias
2126 3847 2275 3903 utilia
2307 3856 2638 3914 paraturum,
2660 3855 2714 3901 ut
2741 3846 2833 3915 qui
2856 3847 2924 3901 ab
2949 3847 3191 3899 omnium
3213 3845 3548 3899 saecularium

1963 3941 2202 3995 moribus
2229 3939 2469 3995 disciscit
2502 3938 2544 4005 ι,
2569 3956 2672 4009 qua
2700 3942 2927 4003 venerit,
2960 3954 3024 3993 ea
3056 3939 3135 3992 via
3166 3940 3424 4007 repedare
3448 3949 3531 3991 stu

1959 4032 2105 4086 deat.
2141 4031 2310 4087 Aulici
2361 4031 2517 4086 simul
2554 4046 2791 4085 consona
2825 4046 2956 4088 voce
2992 4040 3109 4085 rota
3143 4040 3506 4100 prorumpunt
3531 4072 3546 4095 ,

1962 4138 2022 4178 se
2066 4123 2264 4185 habere
2309 4123 2363 4176 in
2408 4122 2492 4177 bis
2522 4124 2653 4177 locis
2684 4139 2788 4177 non
2819 4125 2979 4187 velle,
3022 4123 3113 4192 qui
3157 4122 3408 4177 omnibus
3440 4136 3545 4176 non

1961 4216 2212 4270 societur.
2250 4215 2326 4268 Ad
2359 4214 2473 4267 haec
2506 4216 2692 4268 beatus
2720 4214 3089 4267 Columbauus
3112 4228 3171 4268 se
3192 4214 3322 4268 dicit
3341 4214 3410 4267 de
3435 4228 3547 4268 coe-

1963 4306 2104 4362 nobii
2129 4297 2293 4375 septis
2328 4322 2429 4360 non
2454 4320 2818 4375 egressurum,
2852 4306 2951 4359 nisi
2978 4306 3239 4360 violenter
3265 4305 3518 4377 abstraha

1965 4414 2067 4456 tur.
2124 4401 2376 4455 Discessit
2421 4399 2582 4471 615
2632 4414 2761 4468 ergo
2821 4415 2911 4454 rex
2941 4442 2953 4463 ,
3010 4399 3317 4468 relinquens
3366 4399 3542 4453 virum

1962 4493 2244 4559 quemdam
2280 4507 2583 4560 procerum,
2614 4493 2830 4545 nomine
2864 4490 3176 4544 llaudulfum
3228 4499 3289 4544 ηπ.
3334 4490 3381 4544 Is
3417 4503 3546 4559 ergo

271 4583 493 4638 boribus
520 4580 544 4617 δ
581 4581 767 4650 plenas
794 4580 1020 4643 direxit,
1050 4581 1511 4648 comminaturque
1539 4596 1845 4635 excommu-
1885 4582 1939 4643 D
1965 4600 2085 4639 cum
2122 4584 2488 4651 remansisset,
2527 4587 2699 4639 virum
2734 4585 2826 4640 Dei
2859 4601 2886 4636 a
2920 4584 3248 4638 tnouaSterio
3277 4592 3456 4654 pelttt,
3496 4594 3546 4639 et

269 4675 640 4740 nicationem,
674 4675 715 4725 si
758 4670 1028 4727 emendari
1079 4671 1353 4725 dilatando
1402 4688 1507 4725 non
1555 4674 1731 4730 vellet.
1780 4676 1859 4729 Ad

269 4768 396 4823 haec
438 4780 653 4822 rursum
706 4777 943 4834 permota
990 4765 1381 4831 Brunichildis,
1432 4769 1572 4835 regis
1624 4769 1859 4824 animum

344 4912 369 4936 ³
408 4900 464 4954 In
489 4899 599 4953 Vita
618 4899 785 4953 sancti
811 4897 1120 4951 Columhaui
1146 4896 1449 4951 Brocitriam
1474 4897 1859 4956 dicitur.Vicus

266 4983 353 5026 est
388 4971 530 5023 inter
566 4971 879 5023 Cabilonnm
924 4979 977 5022 et
1018 4968 1459 5037 Augustodunum
1495 4973 1700 5036 positus
1722 5012 1736 5037 ,
1770 4973 1852 5026 di-

265 5053 392 5096 ctus
426 5041 582 5108 vulgo
610 5039 998 5093 Bourchercsse.

344 5112 372 5149 δ
408 5107 541 5175 Alii,
574 5113 767 5177 reginae
794 5110 989 5162 attinnt.
1028 5107 1166 5161 Infra
1186 5149 1200 5173 ,
1231 5123 1375 5177 parat
1405 5111 1609 5177 quidem
1636 5112 1774 5169 inde.

344 5192 369 5222 ε
402 5181 561 5235 Coll).
592 5192 645 5235 et
670 5184 785 5240 eil..
819 5181 894 5233 vel
922 5179 1145 5231 cuilibet.

340 5248 373 5293 ἀ
405 5252 497 5306 Sic
528 5252 686 5315 Boh.;
718 5252 828 5315 alii,
859 5266 1129 5318 merent}...
1158 5249 1405 5304 intentum
1437 5250 1627 5318 fragat.

346 5334 371 5361 ⁸
408 5323 574 5380 Alias.
604 5322 825 5389 Spissia,
859 5322 1014 5388 vulgo
1040 5317 1281 5385 Espoisse
1304 5361 1315 5376 .
1351 5317 1486 5374 inter
1516 5322 1854 5378 Sinemurum

255 5406 323 5451 et
353 5394 589 5448 Montem
640 5395 875 5461 regalem
917 5394 1015 5445 sita
1048 5391 1099 5442 in
1133 5391 1456 5458 Burgundio:
1489 5393 1683 5446 ducatu
1715 5392 1854 5448 haud

258 5464 465 5536 procul
495 5478 523 5517 a
553 5464 757 5536 Sereno
779 5462 960 5527 lluvio,
983 5461 1075 5536 qui
1097 5470 1215 5536 post
1233 5476 1509 5516 emensum
1535 5479 1726 5533 pagum
1750 5466 1859 5519 An-

262 5515 715 5593 [is;iodt)t'eiiseiii
744 5515 960 5587 lcauna;
976 5515 1236 5599 jungitur.

347 5606 368 5644 ί
412 5604 568 5661 11011..
610 5615 681 5659 est
719 5606 1032 5675 fanmlorum
1066 5603 1162 5675 Dei
1190 5603 1527 5675 orationibus,
1560 5613 1611 5655 ut
1641 5604 1721 5657 liis
1749 5608 1855 5675 pol-

259 5682 515 5739 luantur,
541 5673 728 5739 Freh.,
761 5676 946 5745 dignus
972 5683 1114 5726 est...
1140 5673 1185 5727 is
1216 5673 1487 5745 pellantur.
1526 5673 1856 5743 Aliquot'cd.

264 5759 415 5806 νει..
446 5758 501 5799 ut
531 5748 709 5815 [niuali
737 5746 831 5798 Dei
856 5746 1145 5797 muneribus
1175 5747 1288 5813 ejus
1316 5744 1634 5813 polluuntur.

339 5831 367 5867 ι
406 5818 604 5877 Freh..
638 5818 729 5872 sed
772 5815 1052 5871 sollicitum
1092 5815 1138 5868 vi
1175 5815 1409 5869 da'momi
1454 5818 1728 5871 iuranoum
1757 5834 1858 5871 non

1970 4692 2135 4746 penes
2163 4677 2541 4732 Vesontionem
2570 4677 2823 4745 oppidum
2852 4678 2919 4731 ad
2950 4676 3303 4732 exsulandum
3350 4679 3544 4748 perdu-

1966 4771 2058 4834 cit,
2089 4768 2435 4839 quoadusque
2464 4783 2524 4822 ex
2560 4782 2626 4823 eo
2658 4769 2850 4838 regalis
2880 4769 3149 4826 sententia
3176 4769 3319 4838 quod
3347 4769 3547 4824 voluis-

1968 4904 2059 4958 diu
2087 4915 2335 4958 servatur.
2383 4901 2662 4957 Violenter.

2041 4973 2064 5011 1³
2103 4976 2236 5029 Editi
2270 4986 2398 5038 νει..
2428 4973 2883 5043 objurgationibus.

2044 5047 2059 5080 ί
2098 5047 2222 5110 Alii,
2248 5053 2294 5099 et
2324 5048 2386 5099 de
2414 5051 2591 5117 ejus...
2626 5057 2673 5097 et
2711 5054 2916 5117 statum.
2949 5044 3308 5117 (Ξυηιγιιιιει-ει
3348 5056 3510 5095 manu
3532 5084 3547 5106 ,

1969 5117 2104 5170 sicut
2135 5130 2186 5171 ct
2214 5118 2376 5170 Jonas
2402 5115 2452 5169 in
2486 5115 2597 5168 Vita
2631 5119 2798 5168 sancti
2820 5115 3151 5177 Columliani,
3183 5126 3227 5167 et
3256 5124 3315 5164 ut
3337 5119 3447 5180 ejus
3469 5127 3554 5163 re-

1967 5190 2148 5309 figiuui
2175 5187 2491 5240 detrahentes
2513 5195 2724 5250 statum,
2748 5196 2853 5241 etc.
2888 5188 3149 5249 Clarom.,
3183 5186 3336 5245 intra,
3369 5196 3541 5235 mecu-

1991 5270 2116 5309 (ινιτ.

1991 5270 2116 5311 art'l.

2038 5328 2050 5378 i
2091 5330 2313 5393 (litesn.,
2344 5330 2576 5381 adactus.
2602 5326 2787 5389 Jonas,
2817 5337 3023 5380 coactus
3053 5328 3224 5389 itaque
3252 5338 3361 5376 rex.

2036 5398 2060 5436 ι
2094 5403 2173 5468 Qu
2193 5421 2220 5449 e
2248 5409 2541 5467 sequuntur
2570 5400 2637 5451 ad
2682 5399 2795 5452 haec
2826 5399 2983 5450 verba
3010 5439 3020 5453 .
3053 5411 3162 5468 quo
3180 5394 3371 5468 uenerit
3394 5439 3408 5460 ,
3441 5409 3544 5464 ope

1965 5486 2095 5525 mss.
2121 5466 2196 5526 'et
2241 5466 2392 5524 Jonas
2430 5470 2792 5535 restituimus,
2837 5482 2955 5534 qua:
2999 5467 3051 5519 in
3083 5466 3241 5521 editis
3289 5469 3545 5520 mendosa

1965 5552 2109 5596 511111..

2044 5610 2059 5650 ι
2097 5612 2218 5675 Alii,
2248 5620 2544 5673 recesserat,
2581 5619 2670 5662 aut
2701 5606 2968 5660 discisset.

2035 5692 2073 5719 ω
2105 5684 2283 5745 tlolb.,
2308 5683 2507 5735 Bob.et
2535 5679 2773 5748 plerique
2787 5678 2898 5740 θα..
2918 5678 3225 5747 Audulfum.
3260 5688 3350 5730 aut
3376 5679 3530 5729 Adul-

1965 5754 2213 5823 fum._Cli.
2235 5755 2303 5808 al.
2324 5763 2377 5808 et
2392 5750 2554 5814 Frelt.
2587 5751 2653 5805 al.
2669 5790 2685 5819 ,
2703 5765 2982 5819 procerem,
3004 5751 3206 5803 nomine
3231 5752 3543 5816 stadiatae“

2368 5824 2402 5845 δ’
