3946 6188
503 341 605 399 627

1712 352 2127 411 FREDEGARII
2165 353 2608 414 SCHOLASTICI

3607 370 3690 426 628

502 468 583 514 set
606 458 938 516 decerneret.
962 460 1087 517 Post
1119 462 1232 519 hate
1260 463 1343 519 vir
1364 464 1457 522 Dei
1482 479 1731 534 cernens,
1751 467 1895 537 quod
1917 467 2073 523 nullis
2106 470 2154 527 Α
2182 468 2369 523 mortis
2395 484 2488 526 eos
2522 472 2816 539 periculum
2864 471 3157 528 incurrere.
3205 474 3273 530 At
3317 475 3399 533 ille
3424 493 3477 535 se
3504 484 3568 538 ait
3600 486 3689 554 iam

500 548 756 605 custodiis
803 562 1107 623 angeretur,
1151 570 1180 609 a
1230 556 1483 628 nulloque
1526 558 1827 614 molestiam
1877 560 2071 624 ferret;

500 638 751 695 videbant
794 642 938 697 enim
983 659 1171 700 omnes
1220 646 1271 700 in
1311 661 1376 702 eo
1408 647 1500 703 Dei
1533 649 1779 704 virtutem
1811 650 2066 719 flagrare,

497 726 727 799 ideoque
765 745 955 788 omnes
991 732 1058 790 ab
1096 734 1217 805 ejus
1264 734 1479 804 injuriis
1524 739 1967 809 segregabantur,
2007 755 2076 795 ne

495 820 625 874 socii
656 822 931 891 culparum
962 824 1168 891 forent;
1195 827 1434 883 ascendit
1455 843 1585 898 ergo
1606 829 1881 884 Dominica
1910 831 1997 884 dic
2020 832 2070 884 in

494 913 747 970 verticem
778 917 928 970 ardui
957 920 1249 973 cacuminis
1280 920 1477 975 montis
1507 921 1651 976 illius
1674 962 1690 989 ,
1718 923 1793 975 ita
1822 923 1963 976 enim
1999 924 2074 977 si-

394 1056 405 1071 ,
494 1016 579 1056 ius
607 1005 753 1058 urbis
783 1006 1027 1074 habetur,
1060 1024 1184 1064 cum
1216 1010 1498 1066 domorum
1526 1011 1765 1066 densitas
1794 1013 1846 1067 in
1880 1013 2073 1068 defuso

494 1091 603 1165 [AL
649 1096 863 1169 diﬂ‘osoj
914 1099 1081 1156 latere
1138 1103 1359 1171 proclivi
1414 1105 1612 1159 montis
1660 1106 1763 1159 sita
1806 1105 1906 1170 sit,
1951 1119 2072 1173 pro-

492 1202 747 1257 rumpens
776 1197 803 1227 α
829 1191 992 1246 ardua
1036 1193 1089 1247 in
1129 1193 1446 1249 sublimibus
1492 1196 1890 1261 cacuminibus,
1942 1200 2065 1265 qui,

491 1277 730 1347 undique
760 1282 809 1335 ei
854 1281 1077 1337 abscissi
1110 1284 1343 1340 fluminis
1376 1286 1534 1341 Dova:
1557 1285 1585 1324 ι)
1616 1287 1766 1341 alveo
1804 1288 2066 1357 vallante,

491 1369 799 1427 nullatenus
828 1376 1255 1431 commeantibus
1283 1377 1422 1431 viam
1455 1378 1659 1447 pandit,
1691 1378 1870 1448 ibique
1898 1396 2067 1450 usque

487 1460 556 1515 ad
581 1462 809 1518 mediam
835 1463 980 1521 diem
1011 1475 1321 1535 exspectat,
1349 1468 1395 1523 si
1420 1469 1613 1539 aliquis
1644 1470 1745 1525 iter
1773 1470 1839 1525 ad
1883 1486 2066 1525 mona-

486 1554 712 1610 sterium
743 1558 1042 1614 revertendi
1075 1559 1374 1629 prohibeat.
1401 1562 1609 1617 Etcum
1643 1562 1821 1616 nullus
1851 1573 2064 1617 contra-

488 1649 601 1704 rius
620 1651 901 1719 existeret,
932 1653 1048 1723 ipse
1078 1670 1173 1723 per
1200 1655 1429 1733 mediam
1472 1656 1657 1711 urbem
1704 1673 1826 1711 cum
1858 1658 1968 1712 suis
1997 1657 2064 1711 ad

482 1739 866 1798 monasterium
890 1743 1206 1816 regreditur.
1239 1746 1355 1811 Quo
1375 1746 1588 1813 audito,
1619 1746 1977 1802 Bruutcliildis
2000 1763 2062 1803 ac

2179 558 2371 626 smpius
2422 569 2671 616 testatum
2718 575 2872 627 esse,
2921 564 3021 619 nisi
3060 563 3111 618 vi
3157 564 3563 640 abstraheretur,
3605 593 3691 633 nntl

2178 648 2557 705 discessurum.
2604 651 2681 706 Illi
2721 653 2936 722 gemino
2976 654 3152 710 vallati
3200 656 3455 727 periculo,
3497 665 3693 733 undique

2178 751 2399 811 urgente
2440 743 2751 811 formidine,
2787 744 3001 814 pallium
3043 762 3149 817 quo
3187 747 3394 805 indutus
3419 762 3519 808 erat
3556 758 3693 813 attin-

2175 838 2337 899 gunt;
2368 831 2458 886 alii
2489 834 2711 903 genibus
2733 834 2997 904 provoluti
3028 850 3148 890 cum
3168 835 3409 909 lacrymis
3426 855 3691 912 precantur,

2176 930 2234 974 ut
2259 935 2355 989 pro
2384 923 2514 976 tanti
2553 924 2772 979 sceleris
2801 925 2951 994 culpa
2996 925 3101 981 illis
3129 927 3452 995 ignosceret,
3482 932 3559 999 qui
3596 950 3685 988 non

2173 1010 2284 1065 suis
2311 1010 2591 1068 desideriis
2609 1052 2626 1079 ,
2653 1014 2749 1068 sed
2778 1015 2937 1084 regiis
2968 1015 3400 1085 obtemperarent
3424 1024 3688 1087 prmeeptis.

2174 1099 2374 1157 Videns
2398 1101 2577 1173 itaque
2598 1104 2679 1157 vir
2703 1104 2800 1158 Dei
2828 1104 3123 1173 periculum
3151 1106 3286 1174 fore,
3312 1107 3356 1160 si
3385 1123 3487 1162 suae
3510 1114 3688 1165 severi-

2175 1193 2265 1246 tati
2303 1192 2669 1262 satisfaceret,
2713 1209 2834 1249 cum
2879 1194 3025 1250 omni
3072 1195 3271 1265 ejnlatu
3310 1207 3461 1267 atque
3497 1214 3695 1257 tnmrore

2170 1282 2460 1352 egreditur,
2490 1283 2755 1352 deputatis
2782 1285 3113 1351 custodibus,
3138 1288 3227 1355 qui
3266 1301 3529 1358 quousque
3558 1291 3697 1344 ditio-

2171 1370 2253 1426 nis
2273 1385 2384 1426 sua:
2404 1387 2569 1441 regno
2590 1373 2890 1441 pelleretur,
2919 1389 3021 1428 non
3045 1390 3165 1429 eum
3191 1376 3558 1446 relinquerent.
3582 1380 3701 1435 inter

2168 1475 2303 1530 quos
2336 1461 2539 1534 primus
2569 1464 2954 1541 Ragumundus
2984 1463 3002 1502 τ
3035 1476 3173 1529 erat,
3202 1468 3293 1537 qui
3318 1483 3437 1522 eum
3459 1468 3701 1527 Namnctis

2169 1567 2337 1621 usque
2367 1552 2639 1622 perduxit.
2666 1556 2860 1626 Sicque
2885 1571 2913 1608 a
2939 1571 3101 1627 regno
3124 1556 3437 1614 Theoderici
3459 1564 3700 1631 expulsus,

2169 1642 2361 1696 iterum
2407 1643 2719 1701 Hiberniam
2757 1646 2989 1701 insulam
3030 1648 3293 1716 repedare
3329 1652 3702 1720 disposuiLSed

2169 1739 2224 1785 ut
2248 1741 2273 1779 κ
2300 1732 2429 1787 nulli
2462 1734 2671 1802 penitus
2695 1737 2795 1791 iter
2819 1736 3164 1806 gratliendum
3190 1740 3246 1793 fit
3266 1742 3599 1810 pontificium,
3616 1744 3703 1798 nisi

483 1830 880 1900 Theodericus,
928 1836 1071 1905 quod
1118 1837 1323 1892 scilicet
1365 1840 1432 1892 ab
1473 1839 1662 1893 exsilio
1713 1841 2048 1904 revertisset,

2168 1824 2427 1890 permissu
2452 1825 2746 1891 Altissimi;
2778 1827 2893 1896 ipse
2916 1840 3297 1886 verosanctus
3328 1816 3522 1887 lialiam
3561 1850 3701 1902 expe-

482 1924 836 1981 atrocioribus
879 1928 971 1983 ine
1012 1927 1211 1984 aculeis
1239 1929 1605 1996 stimulantur,
1633 1929 1883 2000 iubentes
1924 1934 2055 1988 Ber-

481 2014 653 2073 thario
682 2018 863 2073 comiti
893 2019 1153 2073 attentius
1183 2019 1594 2089 perquirendum
1626 2021 1860 2077 virorum
1888 2033 1908 2059 ι·
1933 2038 2053 2077 cum

481 2110 762 2177 praesidio,
812 2112 1077 2183 simulque
1121 2122 1176 2169 et
1218 2112 1573 2179 Baudulfum,
1609 2129 1765 2182 quem
1811 2117 2057 2183 superius

478 2202 718 2258 dixeram
740 2243 755 2269 ,
788 2204 1143 2260 destinarunt.
1186 2204 1303 2271 Quo
1342 2219 1463 2257 cum
1509 2202 1814 2271 venissent,
1842 2206 2052 2260 beatum

484 2292 871 2348 Columbanum
922 2296 975 2348 in
1017 2294 1241 2350 ecclesia
1290 2294 1520 2362 positum
1547 2336 1560 2360 ,
1616 2294 1902 2363 psallentio
1929 2293 1956 2332 ἀ
1994 2310 2054 2350 ac

476 2382 704 2439 orationi
736 2384 973 2439 deditum
1007 2400 1127 2439 cum
1160 2385 1305 2439 omni
1336 2384 1754 2455 congregatione
1794 2385 2051 2452 fratrum,

484 2475 787 2544 reperiunt;
821 2477 1003 2547 sicque
1032 2476 1205 2531 virum
1234 2477 1325 2532 Dei
1348 2478 1689 2555 alloquuntur
1722 2497 1733 2530 :
1770 2478 2055 2536 Precamur

479 2577 536 2621 ut
564 2575 587 2603 ο
621 2576 726 2622 tam
759 2567 922 2636 regiis
948 2583 1106 2637 quam
1139 2568 1299 2623 etiam
1331 2568 1529 2623 nostris
1567 2568 1784 2623 obedias
1844 2584 2053 2638 praece-

474 2657 612 2726 ptis,
642 2672 998 2728 egressusque
1020 2673 1086 2715 eo
1116 2659 1309 2715 itinere
1337 2674 1444 2729 quo
1482 2662 1712 2729 primum
1746 2660 1829 2716 his
1855 2667 2051 2716 adven-

474 2750 599 2806 tasti
630 2750 682 2805 in
707 2750 871 2820 616
904 2750 1055 2807 locis.
1090 2751 1159 2806 At
1188 2750 1317 2807 ille:
1349 2750 1462 2806 Non
1486 2752 1629 2807 enim
1652 2792 1665 2815 ,
1697 2751 1897 2820 inquit,
1930 2766 2052 2808 reor

474 2840 689 2904 placere
726 2837 1003 2894 Conditori
1032 2838 1098 2894 ad
1135 2838 1303 2895 semel
1342 2839 1521 2894 natale
1560 2841 1730 2895 solum
1764 2839 1833 2895 ob
1853 2839 2049 2896 Christi

472 2930 718 2986 timorem
749 2930 992 2986 relictum
1024 2930 1200 2986 denuo
1232 2930 1513 2999 repedare.
1541 2933 1783 3001 Cumque
1821 2933 2050 2990 nullate-

472 3037 573 3077 nus
617 3032 903 3078 cernerent
930 3022 1033 3080 sibi
1068 3022 1237 3078 virum
1269 3022 1363 3079 Dei
1390 3023 1678 3091 obaudire,
1707 3024 1908 3081 relictis
1938 3026 2051 3095 qui-

471 3112 694 3168 busdam
716 3154 730 3176 ,
756 3114 952 3182 quibus
988 3114 1238 3170 ferocitas
1278 3115 1442 3171 animi
1470 3110 1662 3170 fortior
1690 3115 1890 3182 inerat,
1918 3117 2047 3171 Ber-

2163 1924 2279 1967 tens
2303 1954 2319 1980 ,
2377 1916 2756 1970 monasterium
2808 1918 2860 1971 in
2915 1919 3061 1983 loco,
3096 1920 3313 1976 nomine
3343 1921 3500 1976 Bobio
3521 1920 3569 1989 ιι,
3590 1924 3697 1978 illuc

2159 2013 2476 2059 construens
2500 2015 2700 2061 sancta:
2727 2008 3171 2075 conversationis,
3200 2011 3389 2066 ulenus
3409 2012 3604 2069 dierum
3622 2016 3704 2068 mi-

2158 2105 2274 2164 grat
2303 2097 2366 2149 ad
2392 2096 2654 2151 Christum
2685 2096 2726 2150 ί.

2228 2197 2326 2250 ΑΝ.
2360 2197 2840 2252 neum—XXXVII.
2875 2198 3027 2253 Anno
3060 2201 3167 2255 £5!
3207 2202 3356 2273 regni
3382 2200 3698 2267 Theoderici,

2156 2301 2275 2340 cum
2307 2288 2649 2342 Alesacioncs
2675 2288 2699 2326 ιι
2724 2331 2737 2355 ,
2771 2289 2859 2343 ubi
2893 2289 3063 2345 fuerat
3114 2292 3410 2355 enutritus,
3460 2305 3696 2361 praecepto

2159 2377 2323 2445 patris
2360 2379 2440 2431 sui
2486 2377 2812 2433 Childeberti
2855 2379 3099 2445 tenebat,
3139 2395 3170 2433 a
3204 2381 3569 2437 Theudeberto
3611 2385 3696 2435 nitu

2158 2469 2383 2523 barbaro
2410 2469 2569 2540 617
2600 2471 2930 2539 pervaditur.
2967 2472 3118 2526 Unde
3166 2473 3419 2541 placitum
3459 2476 3586 2529 inter
3618 2475 3698 2528 hos

2154 2560 2287 2614 duos
2310 2575 2482 2628 reges,
2510 2572 2565 2615 ut
2596 2562 2916 2616 Francorum
2938 2562 3140 2632 judicio
3165 2565 3432 2631 finiretur,
3450 2560 3697 2621 Saloissal

2154 2660 2332 2708 oestro
2362 2654 2661 2707 instituunt.
2697 2653 2877 2722 Ibique
2902 2654 3269 2710 Theudcricus
3314 2670 3431 2710 cum
3455 2655 3695 2711 scaritis'll

2164 2750 2368 2796 tantum
2396 2743 2581 2798 decem
2615 2742 2853 2798 millibus
2883 2745 3127 2799 accessit.
3160 2744 3561 2800 Tbeudebertus
3594 2761 3701 2800 vero

2155 2850 2273 2889 cum
2299 2850 2492 2905 magno
2514 2835 3164 2890 exercituAustrasiorum
3195 2836 3325 2891 inibi
3353 2836 3581 2906 priclium
3609 2835 3701 2889 vel-

2154 2927 2268 2981 lens
2289 2926 2625 2982 committere
2645 2925 2969 2995 aggreditur,
2991 2926 3130 2996 quod
3154 2943 3279 2982 cum
3303 2927 3531 2997 undique
3554 2926 3706 2979 Theu-

2153 3018 2365 3073 dericus
2390 3017 2458 3073 ab
2478 3019 2717 3073 exercitu
2739 3016 3096 3074 Theudeberti
3112 3019 3563 3091 .eircutndarctur,
3594 3032 3703 3071 coa-

2155 3119 2274 3165 ctus
2287 3118 2445 3180 atque
2460 3109 2767 3179 compulsus
2787 3109 3086 3165 Theuderic
3094 3126 3175 3177 us,
3193 3112 3388 3166 timore
3401 3111 3705 3181 perterritus,

471 3204 677 3260 tharins
705 3204 985 3262 abscessit.
1010 3206 1073 3262 iii
1096 3221 1224 3262 vero
1254 3206 1343 3277 qui
1365 3216 1735 3263 remanserant
1756 3208 1926 3262 virum
1955 3208 2048 3264 Dei
2077 3188 2122 3248 Ο
2160 3218 2255 3273 per
2285 3202 2544 3272 pactionis
2573 3202 2842 3256 vinculum
2877 3202 3118 3257 AISacios
3147 3202 3215 3256 ad
3261 3215 3461 3271 partem
3489 3200 3705 3255 Theode-

469 3294 753 3353 hortantur
773 3307 831 3352 ut
858 3297 962 3353 illis
990 3289 1332 3365 misereatur,
1354 3300 1444 3368 qui
1467 3299 1531 3353 ad
1555 3298 1660 3354 tale
1681 3314 1814 3367 opus
1837 3309 2052 3369 patran-

469 3390 598 3445 dum
629 3390 913 3446 infeliciter
960 3388 1170 3445 fuerant
1210 3389 1425 3455 relicti,
1469 3403 1764 3458 eorumque
1816 3391 2052 3458 periculo

469 3482 811 3549 consuleret;
841 3483 929 3552 qui
955 3481 1001 3538 si
1029 3497 1149 3538 eum
1179 3481 1444 3537 violenter
1486 3494 1592 3536 non
1641 3480 2015 3539 abstraherent

535 3622 565 3687 ξ
601 3618 802 3687 Chesn.
828 3626 879 3687 et
912 3618 1121 3683 caeteri,
1150 3625 1514 3687 prorumpunt.

544 3685 573 3727 ι
608 3685 749 3741 Εάἱΰ
788 3686 1029 3756 plerique
1055 3685 1175 3743 cum
1206 3685 1381 3753 Coll»,
1424 3686 1598 3741 Deme.
1634 3687 1792 3752 Bob.,
1840 3687 2043 3756 Devicta,

470 3757 663 3829 Erelp,
690 3758 903 3829 Uenite,
935 3756 1039 3811 Ch.
1064 3758 1162 3820 al.,
1192 3757 1366 3810 Duuii.
1401 3758 1493 3811 Est
1528 3758 1688 3813 Dubis
1736 3758 1925 3829 ﬂuvius
1965 3761 2048 3829 (te

470 3826 676 3952 'Dolubs)
701 3828 792 3897 qui
830 3826 1203 3883 Vesontionem
1221 3828 1589 3897 Sequanorum
1605 3828 1943 3898 metropolitn
1969 3826 2046 3884 al-

493 3914 543 3952 ut
575 3938 589 3952 .

493 3907 589 3952 ιηι.

544 3980 569 4041 ἡ
600 3969 753 4041 Co'b.
786 3979 840 4026 et
869 3970 1111 4041 plerique
1127 3969 1240 4041 cd._,
1263 3970 1494 4041 virum...
1515 3968 1749 4041 superius
1764 3969 2042 4041 direxerat.

540 4040 567 4077 τί
600 4039 902 4105 Psaltentio,
923 4041 974 4095 id
997 4048 1097 4108 est,
1126 4049 1186 4094 ut
1211 4039 1371 4093 hodie
1399 4039 1685 4106 loquimur,
1714 4040 2041 4108 psalmodite.

471 4111 623 4167 Unde
654 4128 757 4165 non
791 4121 935 4167 recte
961 4110 1313 4167 emendarunt
1336 4110 1427 4178 qui
1457 4123 1683 4177 posuere
1723 4110 2042 4178 psaltentem.

548 4184 572 4212 °
602 4182 737 4237 Editi
770 4184 1032 4253 plerique,
1058 4190 1241 4253 utnon
1260 4190 1363 4253 tarn
1386 4180 1561 4253 regiis.

547 4254 565 4292 τ
603 4253 657 4306 In
694 4248 807 4307 Vita
839 4248 1009 4308 sancti
1038 4250 1356 4306 Columbani
1378 4292 1391 4315 ,
1428 4248 1821 4320 Ragamundus.
1855 4250 2041 4317 Freh.,

470 4324 882 4391 liaguitnhtdus.

540 4403 565 4441 ε
599 4395 749 4449 Colb.
789 4394 883 4449 alt.
929 4408 1087 4447 manu
1136 4391 1211 4444 sic
1241 4391 1434 4445 habet:
1467 4390 1571 4447 Sed
1616 4391 1910 4444 admonitus
1954 4408 2043 4459 per

468 4465 700 4534 spiritum
736 4464 871 4534 quod
904 4464 1056 4517 semet
1104 4462 1373 4542 reliquerat
1437 4479 1498 4514 ne
1546 4463 1728 4542 iterum
1766 4469 2008 4529 repeteret

468 4530 695 4603 gressum
720 4530 853 4589 retro
881 4547 1170 4602 retorquens
1202 4530 1411 4584 Italiam
1442 4532 1651 4598 expetit.

541 4602 568 4640 ³³
600 4607 769 4660 Situm
794 4615 874 4660 est
904 4604 1124 4659 Bobitnn
1156 4604 1205 4656 in
1240 4603 1373 4657 valle
1412 4600 1825 4671 profundissima
1856 4601 1907 4654 in
1940 4601 2033 4655 Al-

471 4674 622 4738 pibus
647 4676 832 4729 Cottiis
861 4676 925 4728 ad
955 4675 1228 4729 llui‘iolunt
1260 4670 1630 4742 cognOminetn
1649 4713 1663 4736 ,
1688 4670 1824 4724 haud
1854 4670 2036 4742 procul

468 4759 497 4796 a
522 4743 737 4800 flumine
762 4744 951 4799 Trebia
979 4756 1032 4799 et
1058 4740 1361 4812 Apennino‘.
1393 4742 1571 4796 Crevit
1603 4744 1653 4796 in
1686 4743 1895 4805 urbem,
1927 4740 2035 4805 epi-

466 4816 666 4882 scopali
716 4817 843 4870 sede
884 4816 1136 4869 donatam
1182 4827 1322 4867 anno
1374 4813 1529 4867 1014.
1566 4813 1821 4881 Superest
1859 4820 2037 4865 tamen

466 4884 642 4938 adhuc
682 4885 1089 4949 monasterium,
1142 4885 1264 4939 licet
1310 4883 1592 4952 exiguum,
1642 4882 1743 4937 sub
1784 4896 2034 4951 congreg.

465 4954 766 5010 Casineusi.
795 4954 871 5009 De
892 4969 996 5021 quo
1025 4958 1173 5021 plura
1200 4953 1396 5008 videsis
1428 4954 1476 5006 in
1503 4954 1694 5009 itinere
1730 4952 1907 5006 Italico
1929 4952 2037 5005 Ma-

473 5022 787 5093 billoniano,
821 5039 941 5093 pag.
963 5024 1090 5080 2l5.
1119 5025 1262 5081 Obiit
1299 5032 1516 5093 sanctus
1544 5022 1910 5077 Columbanus
1934 5036 2035 5093 an.

466 5092 604 5167 615,
636 5090 787 5167 cujus
817 5090 1011 5149 fesium
1045 5095 1186 5149 Beda
1217 5105 1269 5148 et
1290 5092 1711 5167 ﬂatiilellierttts
1732 5108 1781 5145 xi
1804 5135 1816 5155 ,
1860 5090 1946 5167 alii
1986 5107 2038 5145 nt

466 5165 573 5221 kal.
600 5162 909 5224 Decembris
930 5169 1264 5235 consignant.
1286 5166 1418 5217 Etim
1440 5164 1631 5235 Paulus
1651 5162 1793 5217 Diae.
1811 5167 1861 5217 in
1886 5163 2033 5218 Cest.

466 5235 728 5307 Langob.,
760 5237 1039 5294 Aimoinus
1062 5233 1116 5291 e't
1144 5236 1323 5307 caeteri
1355 5233 1588 5288 laudant.

544 5302 654 5363 l'ln
684 5302 839 5365 Colb.
861 5308 1052 5374 altera,
1081 5307 1177 5363 sed
1206 5306 1419 5374 antiqua
1450 5320 1641 5369 manu,
1676 5307 1789 5358 haec
1818 5302 1883 5355 ad
1909 5316 2039 5355 mar-

466 5378 642 5447 ginem
688 5380 865 5435 addita
905 5373 1068 5440 sunt,
1100 5394 1220 5447 quae
1260 5373 1506 5431 videntur
1539 5392 1605 5447 ex
1638 5388 1906 5444 anonymo
1946 5373 2035 5447 qui

468 5446 631 5503 Gesta
661 5448 984 5504 Francorum
1020 5446 1236 5516 scripsit
1272 5448 1372 5501 sub
1398 5446 1735 5500 Theoderico
1779 5458 1904 5511 rege
1943 5446 2040 5497 de-

465 5528 674 5587 sumpta
698 5534 760 5573 ex
786 5536 904 5588 cap.
929 5520 997 5573 38
1021 5538 1033 5571 :
1065 5518 1414 5572 Brunirhildis
1443 5531 1559 5569 vero
1596 5517 1773 5584 regina
1809 5530 1908 5567 non
1936 5528 2037 5564 ces-

468 5590 611 5644 sabat
640 5590 863 5657 quotidie
892 5590 1263 5643 Theudericum
1290 5602 1494 5640 monere
1523 5588 1692 5638 dicens
1710 5602 1727 5637 :
1754 5593 2035 5657 Querens-

463 5653 719 5731 gligis,'et
747 5674 903 5731 quare
945 5676 1047 5711 non
1084 5658 1637 5731 requirisgthesuurnm
1676 5657 1836 5731 patris
1866 5653 1941 5705 tui
1979 5667 2037 5704 ac

465 5727 677 5802 Setinum
701 5733 812 5801 ejus
837 5730 901 5780 de
927 5744 1080 5802 man_u
1102 5728 1594 5802 Theutleberti.ruin
1619 5727 1750 5779 scias
1788 5740 1902 5802 eum
1933 5738 2034 5775 non

466 5798 570 5861 uie
601 5798 808 5859 fratrem
830 5811 994 5857 tuum.
1026 5798 1089 5853 In
1121 5800 1371 5854 adulterio
1393 5801 1527 5852 enim
1552 5799 1611 5852 de
1643 5798 1923 5852 concubina
1949 5812 2034 5856 να.

2160 3295 2293 3348 hcrti
2327 3294 2580 3359 firmavit;
2611 3294 2772 3348 etiam
2798 3299 2852 3346 et
2878 3292 3280 3362 Suggentenses
3307 3304 3359 3348 et
3388 3291 3431 3345 Τ
3435 3305 3641 3348 urenses
3663 3298 3709 3379 et

2157 3384 2554 3451 Canipanenses
2600 3392 2663 3448 ιι,
2706 3396 2838 3452 quos
2881 3383 3078 3451 saepius
3135 3383 3447 3452 repetebat,
3494 3382 3708 3449 idemque

2158 3478 2401 3532 allllSiaSC
2424 3475 2569 3529 visus
2598 3484 2700 3530 est.
2734 3475 3029 3545 Regressus
3060 3481 3290 3544 uterque
3318 3474 3387 3528 ad
3415 3472 3568 3529 sedes
3591 3484 3700 3540 pro-

2158 3612 2250 3665 tris
2271 3612 2342 3664 tui
2368 3619 2657 3678 procreatus
2679 3618 2770 3662 est.
2807 3607 2902 3661 llis
2930 3610 3100 3677 itaque
3129 3625 3193 3661 ac
3222 3608 3410 3661 talibus
3431 3602 3705 3659 incitationi-

2151 3683 2241 3735 bus
2270 3689 2524 3749 utcunque
2539 3680 2773 3750 percitus,
2794 3680 2941 3745 (repit
2953 3680 3082 3733 alter
3103 3681 3157 3731 in
3174 3680 3397 3733 alterum
3410 3688 3704 3745 consurgere.

2158 3750 2309 3815 Vide,
2336 3765 2517 3818 supra,
2548 3765 2667 3818 cap.
2694 3749 2787 3801 27.

2227 3825 2239 3871 t
2279 3810 2368 3877 Sic
2396 3810 2527 3873 mss.
2556 3810 2821 3883 et'Freh.;
2847 3828 2902 3873 at
2929 3819 3071 3883 Col.,
3100 3817 3283 3887 Bign.,
3308 3816 3442 3887 Bar.
3458 3826 3508 3870 et
3539 3810 3704 3867 ltochu

2151 3893 2429 3953 mendose,
2452 3907 2587 3943 anno
2618 3888 2703 3944 12.
2724 3888 2824 3945 Ch.
2848 3904 3043 3942 annum
3076 3886 3185 3943 non
3214 3886 3491 3954 exprimit.

2225 3961 2248 3999 ¹⁶
2282 3962 2339 4016 id
2370 3971 2451 4016 est
2481 3962 2750 4015 Elisntiam
2777 3999 2791 4016 .
2823 3974 2918 4013 seu
2950 3960 3242 4022 Alsatiam,
3273 3957 3592 4025 provinciam
3620 3966 3702 4004 no-

2153 4034 2434 4092 tissimam,
2460 4032 2549 4083 ubi
2584 4030 2721 4097 apud
2744 4029 3069 4097 Marilegium
3097 4024 3331 4083 nutritus
3363 4024 3703 4097 fuerat_'l‘heu-

2150 4102 2393 4167 dericus,
2446 4100 2519 4153 uti
2574 4094 2737 4154 refert
2786 4094 3078 4167 Gregorius
3122 4096 3481 4152 Turonensis.
3514 4094 3583 4146 Ex
3621 4094 3707 4167 hoc

2151 4181 2330 4227 autem
2363 4160 2478 4225 loco
2512 4171 2592 4243 vir
2613 4171 2684 4224 cl.
2708 4160 3008 4243 Obreclitus
3028 4169 3084 4243 in
3109 4169 3414 4243 Prodromo
3443 4178 3609 4242 rerum
3632 4160 3705 4238 Al-

2154 4245 2437 4297 satiearum
2463 4240 2652 4294 merito
2676 4256 2865 4295 eorum
2895 4238 3206 4305 opinionem
3240 4238 3449 4307 rejicit,
3483 4238 3563 4300 qui
3593 4245 3703 4284 serto

2155 4326 2306 4380 psere
2351 4311 2588 4365 Alisatite
2640 4326 2832 4364 nomen
2882 4318 3008 4362 ante
3050 4309 3313 4362 sazculum
3350 4320 3441 4359 vttt
3474 4316 3704 4372 nusquam

2152 4382 2289 4450 apud
2317 4394 2560 4434 aue-tores
2595 4380 2837 4449 reperiri.
3158 4448 3168 4450 ᾉ
3371 4446 3382 4450 _
3575 4440 3593 4450 Α
3676 4438 3685 4447 ,

2230 4452 2243 4490 ὶ
2293 4452 2480 4506 Mirum
2511 4462 2592 4503 est
2635 4440 2793 4518 tinam
2849 4449 3009 4501 variis
3050 4448 3224 4501 modis
3278 4446 3533 4518 scriptum
3572 4440 3707 4518 fuerit

2024 4502 2037 4525 ’
2071 4493 2122 4550 D
2147 4493 2439 4592 hujus-loci
2472 4493 2689 4584 nomen,
2714 4525 2800 4588 qui
2830 4521 2963 4592 situs
2986 4529 3061 4571 est
3094 4518 3173 4592 ad_
3194 4493 3443 4592 Rhenum
3464 4515 3599 4592 inter
3614 4510 3702 4592 Ia—

2146 4576 2336 4647 bernas
2366 4601 2419 4644 et
2447 4576 2848 4658 Brocomag'um,
2881 4589 3055 4642 dictus
3085 4588 3250 4656 vulgo
3272 4586 3436 4641 Selts.
3464 4583 3586 4637 Vide
3614 4576 3704 4633 No-

2144 4664 2310 4716 titiam
2336 4661 2528 4716 Valesii
2553 4660 2618 4713 ad
2648 4674 2830 4713 vocent
2860 4658 3078 4713 Saletio.
3477 4724 3488 4728 _

2212 4743 2250 4769 ιη
2282 4733 2407 4786 Mss.
2428 4777 2441 4799 ,
2470 4740 2758 4799 utrumque.
2796 4731 2961 4784 Porro
2993 4730 3316 4782 scaritorum
3349 4724 3560 4780 nomine

2143 4814 2220 4859 tes
2243 4788 2511 4873 designari
2538 4788 2702 4873 puto,
2717 4803 2794 4873 sic
2819 4816 2847 4853 a
2877 4813 3025 4852 scara
3068 4799 3265 4873 dictos,
3297 4812 3402 4873 qua
3430 4805 3557 4873 voce
3585 4788 3702 4873 milis

2143 4885 2256 4927 tum
2288 4859 2514 4935 cuneus,
2538 4859 2653 4925 sive
2676 4859 3004 4924 bellatorum
3036 4870 3179 4922 acies
3224 4859 3559 4935 exprimitur.
3585 4859 3700 4935 liitlc

2142 4959 2239 4997 vox
2268 4954 2450 4997 nostra
2481 4930 2666 5009 gallica
2696 4940 3049 4993 escarmouche
3090 4930 3371 5009 proﬂuxit.
3406 4934 3537 4988 Vide
3570 4930 3698 4984 Αιιε-

2141 5030 2341 5069 serram
2372 5014 2423 5065 in
2449 5007 2590 5065 hunc
2609 5012 2807 5085 locum,
2836 5020 2890 5064 et
2910 5009 3093 5085 Cangii
3116 5007 3489 5085 glossarium.’

2211 5093 2237 5120 ³
2262 5085 2380 5139 Jam
2403 5097 2560 5149 supra
2591 5081 2842 5147 diximus,
2864 5081 2929 5133 ad
2956 5093 3112 5147 caput
3132 5078 3232 5143 35,
3262 5078 3331 5133 de
3353 5078 3599 5130 comitatu
3618 5081 3699 5148 ett-

2139 5155 2393 5225 giutensi,
2435 5152 2594 5225 vulgo
2635 5151 2909 5225 §untguw.
2955 5150 3230 5225 Turensis
3275 5162 3427 5225 vero,
3455 5155 3603 5225 quem
3629 5153 3696 5225 tu:

2140 5216 2295 5279 caute
2334 5216 2614 5277 Aimoinus
2635 5216 3003 5275 Turoiiensem
3055 5219 3314 5288 appellat,
3342 5216 3565 5292 videtin.
3592 5218 3694 5287 esse

2139 5296 2188 5349 le
2216 5295 2457 5365 Turgaw,
2490 5307 2653 5365 pagus
2687 5292 3049 5365 Helvetiorum
3080 5284 3225 5365 inter
3287 5284 3476 5365 pagum
3504 5284 3693 5365 Tiguti:

2141 5381 2265 5420 num
2295 5358 2349 5419 e't
2378 5368 2548 5416 lacum
2568 5362 3054 5415 Constantiensrm.
3078 5358 3470 5426 Catnpanensis
3500 5359 3691 5407 nomine

2141 5435 2227 5489 hic
2264 5433 2528 5503 designari
2556 5441 2704 5502 putat
2730 5431 2968 5486 Cointins
2990 5448 3104 5488 eam
3143 5428 3463 5503 Campanis.-
3510 5428 3691 5503 pariet“

2138 5521 2259 5575 quae
2289 5489 2537 5575 eatucirca
2556 5489 2846 5572 'Sequanze
2891 5504 3074 5575 ripas,_
3092 5516 3260 5564 supra
3289 5489 3556 5562 'infraqtie
3577 5489 3692 5575 Tre-

2138 5564 2319 5629 carum
2366 5574 2574 5637 urbem,
2627 5564 2785 5641 quam
2839 5564 2993 5627 antea
3037 5572 3410 5641 Cumramnus
3450 5564 3689 5641 territet“-

2144 5645 2335 5700 Verum
2371 5660 2529 5711 pagus
2557 5635 2992 5697 liic'tnetnoratus
3029 5642 3167 5711 haud
3221 5640 3405 5706 procul
3437 5654 3494 5711 a__
3514 5635 3689 5711 sagitt"

2142 5718 2275 5772 tonsi
2306 5701 2608 5768 ρι”Γιῖι-υιιδὶ
2636 5714 2840 5767 videtur
2866 5714 3113 5767 abfuisse.
3141 5701 3233 5763 (ἶΙί
3276 5714 3346 5762 al.
3380 5716 3431 5762 et
3461 5707 3605 5760 Frcll.
3629 5701 3684 5747 δι’

2145 5792 2339 5843 ltubettt
2372 5785 2782 5857 Campiuucnses.
