3946 6188
224 353 329 410 029

1654 349 2075 406 CIiIlONICUM.

3304 400 3311 413 .
3391 353 3501 412 83°

227 466 385 537 prias.
420 462 517 518 liis
544 461 728 519 diebus
753 469 808 519 et
843 462 1121 520 Alamanni
1155 462 1207 518 in
1238 476 1375 533 pago
1400 464 1747 521 Aventicensi
1776 460 1800 502 ⁸
1833 471 1879 526 Α
1909 474 2121 534 oportet
2167 464 2326 535 hujus
2368 466 2445 522 rei
2494 479 2707 523 causam
2756 477 3030 539 expetere.
3066 468 3281 525 Rustica
3319 470 3501 529 fabula

226 556 612 612 Ultra-Iurene
648 555 915 612 hostiliter
944 557 1170 627 ingressi
1213 564 1369 626 sunt,
1403 557 1684 627 ipsumque
1716 573 1809 627 pa-

218 664 345 719 gum
393 649 739 718 praedantes,
789 648 1083 705 Abbelinus
1116 658 1170 705 et
1211 649 1479 720 Ilerpinus
1509 648 1538 689 ιι
1584 650 1811 706 comites

204 736 339 796 cum
373 743 588 799 caeteris
613 743 683 799 de
711 744 831 812 ipso
862 758 1000 816 pago
1048 744 1337 801 comitibus
1387 759 1508 800 com
1564 746 1808 802 exercitu

220 841 455 903 pergunt
481 832 693 889 obviam
724 834 1055 892 Alamannis.
1092 836 1327 907 Uterque
1357 836 1636 906 phalanga:
1663 851 1812 893 wan-

217 937 313 992 gas
343 933 369 963 ο
394 923 626 995 jungunt
650 925 715 980 ad
748 927 1027 994 praelium;
1057 928 1337 983 Alamanni
1369 928 1807 984 Trans-Joranos

216 1025 497 1083 superant,
532 1017 837 1086 ploritatem
866 1033 1051 1074 eorum
1080 1019 1257 1089 gladio
1284 1021 1572 1087 trucidant,
1605 1030 1660 1077 et
1686 1036 1809 1090 pro-

216 1112 502 1169 sternunt;
554 1106 838 1161 maximam
884 1121 1090 1178 partem
1137 1109 1808 1177 territoriiAventicens's

217 1196 477 1251 incendio
493 1206 871 1263 concremant;
894 1199 1246 1268 plurimorum
1268 1203 1494 1257 nimium
1526 1202 1804 1257 hominum

217 1288 619 1344 multitudinmn
662 1290 858 1347 exinde
888 1291 943 1348 in
994 1291 1354 1364 captivitatem
1393 1295 1690 1360 duxerunt;
1724 1311 1809 1351 re—

218 1380 471 1451 versique
499 1397 620 1437 cum
648 1383 824 1451 prteda
854 1385 1161 1454 perguntad
1191 1387 1424 1455 prepria.
1444 1386 1809 1443 Theodericus

217 1470 284 1525 ub
312 1472 416 1524 has
458 1470 680 1541 injurias
716 1471 975 1543 deinceps
1020 1474 1226 1544 integra
1274 1476 1590 1533 assiduitate
1623 1477 1804 1530 consi-

218 1561 347 1616 lium
380 1562 604 1628 iniehat,
632 1579 738 1632 quo
760 1574 914 1634 pacto
941 1565 1376 1622 Tueudebertum
1412 1568 1677 1634 potuisset
1706 1584 1804 1638 op-

219 1654 477 1721 primere.
512 1655 590 1710 Eo
613 1672 757 1711 anno
786 1656 1083 1713 Bilichildis
1113 1657 1137 1693 α
1172 1673 1201 1711 a
1226 1659 1604 1715 'l‘heudeberto
1641 1660 1809 1716 inter—

222 1746 420 1799 iit-itur.
468 1745 874 1802 Theudehertus
903 1749 1168 1817 puellam,
1199 1751 1418 1805 nomine
1460 1750 1807 1808 Theudichil—

220 1836 369 1899 dem,
395 1839 591 1906 arcipit
623 1854 864 1893 uxorem.

284 1927 394 1980 Att.
427 1942 568 1982 next.
602 1959 671 1968 —
702 1932 855 1985 Anno
891 1929 958 1983 16
991 1939 1014 1969 θ
1045 1930 1390 1997 Theoderici,
1442 1932 1808 1990 Theodericus

218 2016 386 2087 legati
409 2035 549 2074 ‘nem
575 2020 640 2075 ad
662 2020 1029 2077 Chlothariom
1046 2022 1265 2088 direxit,
1292 2025 1457 2095 618
1486 2023 1727 2081 indicans
1749 2040 1809 2081 se

216 2121 410 2166 contra
437 2112 891 2179 Theudebertom,
916 2129 983 2172 eo
1011 2116 1151 2184 quod
1168 2116 1333 2171 frater
1358 2130 1488 2172 suos
1511 2133 1616 2173 non
1640 2127 1805 2184 esset,

220 2200 496 2259 hostiliter
518 2205 662 2261 velle
685 2206 998 2279 aggredere,
1032 2206 1091 2261 si.
1126 2205 1471 2263 Chlotharius
1515 2208 1567 2261 in
1616 2208 1808 2263 solatio

220 2294 589 2351 Theudeberti
616 2309 723 2351 non
755 2305 935 2362 esset;
974 2295 1227 2353 ducatum
1278 2296 1539 2353 Dentelini
1574 2294 1620 2361 τ.
1650 2312 1807 2367 quem

222 2396 416 2440 contra
469 2386 905 2445 Theudebertom
951 2400 1286 2455 cessaverat,
1348 2392 1392 2445 si
1449 2391 1810 2447 Theodericus

219 2475 661 2533 Theudehertum
701 2490 994 2550 superaret,
1035 2480 1378 2538 Chlotharios
1412 2497 1572 2553 supra
1601 2496 1807 2539 memo-

219 2580 399 2625 ratum
425 2572 688 2628 Dentelini
714 2574 964 2629 ducatum
1013 2576 1065 2630 in
1115 2589 1268 2630 suam
1307 2575 1566 2631 ditionem
1598 2577 1806 2643 recipe-

218 2672 320 2718 ret.
358 2661 470 2719 llac
504 2666 874 2721 convenientia
921 2680 950 2719 a
974 2666 1314 2722 Theoderico
1362 2676 1418 2722 et
1463 2666 1802 2732 Chlothario,

217 2754 415 2826 legatis
445 2754 948 2825 intercurrentibus,
980 2758 1209 2818 ﬁrmata.
1242 2758 1609 2815 Theodericus
1630 2768 1810 2817 movet

217 2847 541 2903 exercitum.

286 2938 400 2992 Art.
432 2953 593 2993 nexu.
627 2967 697 2979 —
727 2938 1009 2997 XXXVIII.
1054 2943 1210 2997 Anno
1259 2943 1317 2998 I7
1359 2941 1679 2998 Theoderici
1726 2956 1807 2997 re-

215 3030 324 3098 gis,
352 3028 621 3100 Lingonas
649 3031 716 3086 de
748 3033 1010 3089 universis
1037 3034 1185 3104 regni
1214 3035 1294 3089 sui
1315 3033 1603 3105 provinciis
1624 3048 1809 3090 mense

215 3120 398 3175 Iladii
447 3122 719 3179 exercitus
756 3125 1055 3191 adunatur,
1103 3126 1448 3198 dirigensqoe
1489 3141 1582 3198 per
1630 3128 1809 3184 Ande-

1917 556 2133 624 dicitor,
2163 557 2307 628 quod
2345 572 2467 613 cum
2497 559 2654 629 lupus
2676 558 3006 616 ascendisset
3052 556 3102 613 In
3150 574 3421 632 montem,
3445 572 3502 619 et

1916 662 2036 704 cum
2068 647 2161 704 Iiiii
2209 650 2292 705 soi
2333 648 2445 721 jam
2502 664 2702 708 venare
2727 662 3044 723 cmpissent,
3070 666 3167 709 eos
3213 657 3279 708 ad
3332 669 3393 710 se
3442 652 3533 712 iu'

1915 747 2098 793 monte
2127 747 2316 807 vocat,
2348 740 2533 797 dicens
2563 757 2577 796 :
2614 758 2637 794 ι
2674 741 2843 809 Quam
2888 743 3048 815 longe
3076 744 3216 799 oculi
3251 749 3416 802 vestri
3443 748 3498 803 in

1916 843 2346 901 unamquamque
2390 840 2595 902 partem
2620 832 2785 904 619
2828 833 3015 890 videre
3047 836 3361 904 praevalent,
3390 853 3499 895 non

1916 920 2125 976 habetis
2150 924 2373 986 amicos,
2402 923 2505 978 nisi
2559 938 2755 993 paucos
2806 925 2897 995 qui
2946 926 3015 981 de
3073 937 3252 983 vestro
3302 942 3502 996 genere

1914 1028 2057 1073 sunt.
2087 1016 2337 1075 Periieite
2387 1020 2549 1090 igitur
2597 1023 2739 1093 quod
2784 1024 3042 1092 ccepistis.
3076 1044 3097 1078 ο
3130 1026 3499 1083 Theooericus

1912 1124 2033 1163 cum
2059 1112 2300 1165 exercitu
2330 1111 2643 1168 Ardennam
2673 1115 2941 1170 transiens
2968 1116 3285 1172 Tolbiacnm
3310 1132 3499 1186 perve-

1914 1199 2011 1253 nit.
2040 1198 2447 1257 Theudebertos
2503 1217 2624 1258 cum
2654 1202 2982 1271 Saxonibus,
3003 1206 3291 1278 Thuringis
3319 1218 3375 1264 et
3393 1224 3501 1264 ca:-

1915 1291 2039 1345 teris
2066 1290 2314 1360 gentibus
2334 1333 2347 1355 ,
2372 1306 2508 1362 quos
2537 1292 2603 1348 de
2655 1294 2795 1348 ultra
2825 1294 3092 1361 Rhenum,
3128 1296 3208 1351 vel
3266 1297 3503 1366 undqu

1915 1390 2157 1450 potuerat
2213 1383 2470 1449 adonare,
2522 1393 2711 1439 contra
2764 1384 3157 1442 Theodericum
3187 1388 3497 1444 'i‘olbiacom

1914 1472 2167 1537 perrexit,
2220 1470 2402 1542 ibique
2452 1474 2633 1529 denuo
2697 1476 3046 1530 commissum
3088 1488 3172 1532 (εει
3225 1478 3493 1547 praelium.

1915 1559 2106 1615 Fertur
2139 1576 2168 1613 a
2208 1561 2429 1618 Francis
2460 1564 2776 1636 ueterisque
2814 1568 3061 1635 gentihus
3097 1568 3165 1623 ab
3204 1572 3495 1641 antiqnztus

1918 1649 1937 1688 ί
1970 1653 2045 1707 sic
2068 1654 2203 1709 forte
2234 1671 2332 1710 nec
2352 1654 2638 1725 aliquando
2679 1658 2843 1712 fuisse
2871 1660 3113 1727 praelium
3143 1675 3489 1732 conceptum.

1912 1743 1984 1798 Ibi
2015 1747 2157 1799 enim
2189 1755 2330 1800 tanta
2379 1755 2584 1817 strages
2611 1748 2680 1801 ab
2710 1758 2936 1820 utroque
2963 1753 3202 1806 exercito
3232 1753 3366 1807 facta
3391 1767 3497 1816 est,

1844 1838 1889 1898 ιι
1920 1842 1975 1885 ut
2000 1832 2293 1903 phalanges
2319 1834 2370 1888 in
2401 1835 2642 1913 ingressu
2691 1836 3001 1891 certaminis
3056 1848 3240 1893 contra
3269 1855 3328 1895 se
3359 1857 3497 1910 pra--

1914 1923 2105 1979 Iiantes
2135 1929 2186 1989 l,
2212 1926 2473 1981 cadavera
2503 1929 2744 1982 virorum
2797 1928 3096 1983 occisorum
3130 1930 3362 2000 undique
3390 1948 3495 1987 non

1912 2017 2176 2074 haberent
2204 2018 2296 2074 ubi
2325 2006 2574 2075 inclinata
2618 2022 2887 2088 jacerent,
2914 2021 3010 2075 sed
3038 2022 3252 2078 stabant
3299 2028 3495 2079 mortui

1914 2117 2052 2171 inter
2081 2125 2398 2173 eteterorum
2431 2116 2688 2171 cadavera
2712 2116 2879 2171 stricti
2910 2117 3062 2186 quasi
3094 2118 3357 2173 viventes.
3388 2118 3512 2174 Sed-

1913 2207 2139 2261 Domino
2167 2206 2502 2277 praecedente
2524 2208 2717 2262 iterum
2744 2206 3109 2262 Theodericus
3144 2208 3492 2264 Theodeber-

1912 2306 2024 2353 tum
2048 2307 2300 2367 superat,
2329 2306 2381 2353 et
2403 2313 2433 2353 a
2464 2297 2718 2353 Tolbiace
2764 2311 2935 2367 usque
2972 2296 3250 2352 Coloniam
3287 2301 3496 2355 exerci—

1913 2400 1997 2447 tus
2021 2390 2381 2447 Tlieurleberti
2437 2390 2617 2459 gladio
2672 2389 2989 2444 trucidatur.
3040 2389 3141 2444 Per
3197 2390 3312 2445 loca
3343 2404 3507 2446 oram

1913 2492 2071 2538 terra:
2096 2482 2396 2551 cooperuit,
2430 2480 2654 2549 ipsoque
2681 2480 2770 2536 die
2790 2478 3065 2535 Coloniam
3100 2482 3354 2549 perrexit,
3384 2495 3496 2535 om-

1914 2589 2114 2644 nesque
2169 2573 2453 2629 thesauros
2493 2571 2857 2629 Theudeberti
2900 2571 3030 2626 inibi
3083 2573 3307 2642 recepit.
3346 2570 3496 2628 Diri-

1912 2680 2149 2735 gensque
2193 2663 2560 2721 Theodericus
2619 2664 2754 2719 ultra
2815 2663 3061 2720 Rhenum
3122 2675 3241 2733 post
3287 2673 3494 2737 tergum

1912 2755 2272 2810 Tlieudellerti
2297 2754 2632 2811 Bertharium
2663 2753 3073 2820 cubicularium,
3094 2755 3183 2824 qui
3211 2753 3496 2825 diligenter

1913 2843 2347 2900 Thcudebertum
2379 2845 2692 2913 insequens,
2720 2858 2842 2898 cum
2862 2843 2971 2913 jam
2999 2858 3122 2898 cum
3181 2845 3365 2914 paucis
3413 2846 3495 2900 Iu-

1912 2945 2083 3005 geret,
2118 2934 2292 3002 ipsum
2315 2942 2530 3004 captum
2579 2933 2890 2989 Bertharius
2915 2933 3158 2989 Colonia:
3182 2935 3491 3003 conspectui

1912 3025 2230 3081 Theuderici
2252 3033 2562 3095 praesentat,
2599 3031 2821 3080 exutum
2852 3025 3090 3083 vestibus
3144 3023 3410 3093 regalibus
3430 3021 3493 3080 ι.

1912 3114 2320 3173 Theodehertos
2356 3112 2687 3183 exspoliatus
2711 3151 2729 3179 ,
2756 3127 3030 3183 equusque
3054 3112 3175 3183 ejus
3199 3126 3321 3168 eum
3349 3121 3493 3169 stra-

218 3212 374 3267 laom
404 3221 453 3278 ε,
478 3212 641 3270 Nasio
679 3224 857 3270 castro
908 3226 1085 3287 capto,
1117 3217 1332 3273 Tullum
1375 3218 1641 3274 civitatem
1688 3232 1807 3289 per-

1918 3218 2033 3265 tora
2066 3208 2233 3279 regia,
2292 3206 2395 3262 hoc
2438 3212 2718 3275 totumque
2765 3203 3046 3261 Berthario
3073 3218 3106 3258 a
3154 3202 3494 3260 Theuderico

215 3303 389 3359 rexit.
418 3304 602 3375 ibique
626 3305 1034 3363 Theodebe‘rtos
1057 3324 1179 3364 cum
1221 3310 1620 3365 Austrasiorum
1647 3324 1807 3365 exer-

213 3394 327 3449 citu
351 3393 567 3450 obviam
592 3409 841 3467 pergens,
870 3399 922 3453 in
944 3398 1181 3455 Tullensi
1209 3400 1486 3469 campania
1519 3399 1809 3470 conﬂigunt

213 3485 543 3541 certamine.
566 3486 936 3545 Theodericus
950 3499 1168 3559 superat
1190 3490 1650 3567 Theudebertont,
1663 3490 1808 3561 ejus-

216 3592 329 3648 que
356 3578 653 3636 exercitum
685 3583 997 3651 prosternit.
1027 3582 1175 3639 Caesa
1223 3593 1308 3640 est
1349 3584 1417 3639 de
1445 3584 1685 3641 exercitu
1714 3598 1808 3640 eo-

221 3671 356 3727 dem
387 3671 577 3741 prmlio
606 3674 768 3729 nimia
794 3674 1075 3731 multitudo
1096 3675 1331 3731 virororn
1361 3675 1600 3732 fortium.
1629 3676 1807 3733 Theu-

215 3762 483 3818 dehertos
538 3772 687 3835 terga
735 3775 952 3822 vertens
1007 3780 1105 3836 per
1156 3766 1483 3822 territorium
1546 3766 1807 3824 Mettense

217 3854 473 3919 veniens,
505 3856 730 3913 transito
770 3857 1005 3929 Vosego,
1024 3856 1300 3915 Coloniam
1330 3860 1586 3929 lugaciter
1616 3874 1804 3930 perve-

216 3945 323 4001 nit.
346 3945 716 4004 Tbeodericos
734 3958 854 4020 post
866 3959 1073 4021 tergum
1095 3965 1217 4006 cum
1245 3950 1803 4021 exercituinsequens,

219 4035 412 4095 beatos
431 4045 486 4093 et
515 4039 838 4110 apostolicos
858 4040 939 4095 vir
960 4040 1239 4097 Leonisius
1256 4038 1306 4107 δ,
1329 4041 1696 4109 Magancensis
1716 4055 1807 4096 or-

219 4128 307 4185 bis
350 4129 671 4199 episcopus,
719 4130 945 4204 diligens
1000 4132 1286 4186 utilitatem
1336 4131 1695 4201 Theuderici,
1748 4140 1805 4188 et

219 4220 415 4276 adiens
442 4222 723 4276 stultitiam
758 4220 1142 4287 Theodeberti,
1172 4223 1237 4278 ad
1285 4222 1678 4278 Theodericum
1710 4237 1803 4278 ve-

219 4316 379 4369 niens
408 4313 542 4367 dixit
574 4329 588 4367 :
619 4315 771 4380 Quod
797 4314 1007 4384 cmpisti
1057 4315 1319 4382 perlicito.
1350 4314 1483 4369 satis
1527 4324 1577 4369 te
1603 4316 1805 4370 utiliter

294 4481 322 4509 ι
353 4471 693 4533 Aventicum,
722 4470 851 4525 urbs
896 4470 1022 4524 olim
1067 4472 1294 4526 celebris
1333 4479 1389 4527 et
1438 4472 1802 4528 Helvetiorum

217 4554 405 4608 caput,
434 4541 596 4597 hodie
640 4541 705 4611 ad
756 4540 927 4596 vicum
976 4544 1215 4605 redacta,
1268 4545 1579 4611 episcopum
1622 4543 1806 4599 habuit

216 4614 450 4667 Marium
502 4610 754 4667 Chroniei
795 4611 1132 4677 scriptorem,
1190 4612 1279 4679 qui
1306 4610 1801 4680 ’snbscripsitconc.

218 4684 435 4738 hiatise.
464 4697 502 4738 ιι
526 4698 617 4737 an.
641 4682 766 4745 585,
796 4696 937 4736 nunc
964 4697 1092 4737 vero
1139 4683 1296 4737 sedes
1338 4681 1454 4751 ejus
1484 4686 1807 4752 episcopalis

218 4755 563 4807 Lausannam
592 4753 847 4807 translata
877 4762 981 4806 est.
1013 4753 1055 4807 A
1086 4752 1240 4806 nobis
1264 4754 1492 4806 Avenche
1517 4796 1531 4821 ,
1566 4754 1633 4806 ab
1662 4756 1808 4809 inco-

216 4826 303 4894 lis,
324 4822 638 4894 Uwﬂisburg
655 4823 986 4894 appellatur.

296 4893 327 4932 δ
358 4890 577 4964 Aliquot
602 4890 752 4958 editi,
787 4891 1089 4960 Appellinus
1121 4900 1168 4944 et
1208 4890 1470 4961 Erpinus;
1510 4893 1608 4958 aL,
1650 4894 1811 4948 Abbe—

213 4967 392 5020 lenus.

301 5047 323 5074 ε
356 5036 445 5089 Sic
475 5048 607 5089 mss.
634 5033 775 5088 Editi
804 5033 1039 5102 aliquot,
1068 5033 1288 5087 ordines.
1322 5032 1390 5087 Et
1411 5031 1568 5099 infra,
1593 5035 1802 5103 plurimi

210 5121 435 5169 eorum;
464 5104 644 5175 cum,
674 5105 847 5175 plures
874 5113 1012 5157 tunc.

295 5176 326 5214 ει
354 5178 484 5245 Alii,
514 5174 775 5230 Belieldis.
812 5175 937 5229 Erat
967 5174 1131 5244 ipsius
1160 5174 1519 5231 Theodeberti
1542 5189 1701 5241 uxor,
1735 5190 1801 5231 ex

214 5263 344 5314 cap.
378 5245 468 5311 35,
495 5261 680 5315 supra.

300 5327 326 5355 ο
353 5316 498 5373 Clar.
531 5326 588 5369 et
615 5316 820 5379 aliquot
844 5315 1003 5379 Editi,
1035 5330 1166 5369 anno
1198 5314 1287 5369 I5.

308 5388 326 5427 ί
370 5389 497 5453 Alii,
533 5385 819 5451 Denulim’,
851 5394 901 5441 et
933 5386 1088 5439 infra.

308 5468 335 5505 ε
372 5458 468 5512 llic
498 5458 666 5525 locus,
696 5466 754 5510 ut
779 5458 886 5526 jam
916 5455 1049 5510 alias
1077 5455 1382 5526 monuimus
1409 5499 1421 5522 ,
1446 5459 1677 5525 priscum
1711 5471 1805 5509 no-

226 5545 361 5585 men
386 5530 602 5594 retinet,
625 5525 1018 5598 vulgoAndelot
1040 5529 1092 5581 in
1126 5525 1418 5598 Lingonum
1449 5527 1665 5598 dioecesi
1698 5541 1811 5581 ver-

222 5616 328 5655 sos
354 5600 571 5654 Nasium
600 5596 836 5654 castrum
866 5598 1186 5663 Leucorum,
1206 5596 1345 5666 quod
1364 5613 1511 5651 nunc
1533 5597 1584 5651 in
1612 5597 1809 5650 ducatu

220 5670 480 5726 Barrensi
520 5670 681 5723 situm
724 5669 786 5722 ad
819 5668 1015 5722 Ornam
1047 5668 1267 5727 nomen.
1304 5667 1418 5720 Na:
1448 5667 1606 5737 vulgo
1628 5667 1811 5735 appel-

218 5742 391 5794 latur.
418 5738 634 5794 Nasium
663 5739 790 5794 olim
823 5738 1035 5792 celebre
1075 5738 1191 5800 l'oit,
1222 5738 1296 5791 uti
1325 5740 1467 5805 patet
1492 5754 1558 5791 ex
1585 5739 1809 5791 vetustis

221 5814 537 5867 auctoribus
562 5822 612 5867 et
643 5826 709 5866 ex
738 5810 968 5865 nominis
1008 5807 1258 5880 antiquis,
1284 5808 1369 5879 qui
1399 5807 1470 5863 ihi
1502 5808 1809 5877 frequenter

1911 3298 2245 3357 conceditur.
2273 3294 2687 3353 Theodebertos
2712 3294 2924 3351 vinetus
2950 3293 3231 3350 Cabillono
3258 3293 3493 3350 destina-

1908 3401 2025 3457 tur;
2050 3391 2190 3447 Iilius
2237 3392 2375 3461 ejus,
2407 3389 2624 3446 nomine
2677 3387 2978 3453 Meroveus,
3019 3386 3292 3455 parvolus,
3337 3385 3495 3457 jussu

1910 3482 2232 3539 Theuderici
2264 3480 2636 3553 apprehensus
2665 3496 2695 3536 a
2720 3482 2951 3550 quodam
2975 3494 3070 3549 per
3097 3479 3285 3549 pedem
3308 3479 3374 3535 ad
3397 3494 3494 3549 pe-

1911 3582 2047 3629 tram
2072 3573 2393 3644 percutitur,
2436 3571 2719 3628 cerebrum
2747 3571 2865 3641 ejus
2895 3570 3069 3641 capite
3087 3578 3335 3639 eroptum
3359 3568 3495 3626 ami-

1910 3667 1981 3719 sit
2005 3664 2275 3732 spiritum.
2302 3663 2648 3719 Chlotharins
2682 3663 2934 3718 ducatum
2984 3659 3252 3717 Dentelini
3302 3673 3495 3717 secon-

1912 3758 2037 3811 dom
2066 3755 2503 3813 convenientiam
2520 3753 2842 3812 Theoderici
2873 3754 3139 3823 integrum
3171 3766 3283 3808 suae
3302 3751 3495 3809 ditioni

1912 3847 2126 3919 redigit.
2144 3847 2226 3905 0b
2252 3862 2411 3918 quam
2435 3863 2549 3905 rem
2571 3847 2936 3904 Theodericus
2956 3861 3079 3903 cum
3103 3847 3216 3920 jam
3241 3846 3336 3903 toti
3362 3848 3495 3905 Aus-

1910 3947 1993 3996 ter
2022 3938 2040 3977 ι
2073 3940 2239 4012 620
2291 3939 2681 4008 dominaretur,
2726 3938 2890 3994 nimia
2942 3939 3310 4011 indignatione
3335 3952 3489 3997 com-

1909 4043 2112 4101 motos,
2136 4043 2326 4089 contra
2356 4032 2729 4088 Chlothariom
2772 4033 3075 4088 exercitum
3107 4039 3310 4087 movet.

1979 4125 2080 4179 Aa.
2111 4138 2292 4179 DCXiit.
2313 4152 2382 4164 —
2403 4123 2558 4178 Anno
2581 4123 2649 4179 18
2677 4125 2825 4193 regni
2855 4123 2935 4178 sui
2964 4123 3034 4178 de
3060 4124 3254 4179 Auster
3274 4131 3330 4178 et
3356 4123 3491 4178 Bor-

1908 4216 2102 4289 gundia
2124 4229 2343 4269 movere
2367 4217 2641 4284 praecepit,
2676 4214 2993 4283 legationem
3026 4216 3172 4283 prius
3222 4213 3485 4283 dirigens,

1909 4317 1965 4364 ut
1990 4323 2048 4364 se
2079 4306 2419 4363 Chlotharios
2436 4305 2505 4362 de
2526 4305 2636 4374 jam
2662 4305 2803 4360 dicto
2832 4303 3027 4359 ducatu
3054 4302 3315 4359 Dentelini
3337 4305 3487 4359 omni

1907 4462 2272 4517 inveniuntur.
2299 4459 2455 4514 Certe
2484 4474 2602 4511 cum
2644 4459 2696 4513 in
2741 4472 2801 4512 ea
2861 4457 3080 4528 regione
3140 4470 3482 4512 versaremur

1908 4529 2407 4596 an.1696,detema
2453 4539 2533 4584 est
2587 4543 2819 4593 camera,
2878 4531 3033 4593 cujus
3084 4528 3220 4581 muri
3275 4529 3483 4581 mosivo

1913 4602 2188 4656 incrustati
2235 4609 2415 4661 erant,
2458 4615 2521 4654 ex
2581 4599 2774 4667 quibus
2835 4598 3001 4666 lapilli
3050 4597 3319 4667 quadrati
3364 4596 3489 4652 inde

1914 4674 2052 4727 eruti
2093 4671 2158 4725 ad
2209 4685 2307 4723 nos
2352 4670 2514 4724 delati
2571 4666 2805 4723 fuerunt.
2873 4670 3025 4722 Itone
3080 4678 3259 4724 autem
3310 4666 3487 4722 locum

1915 4742 2056 4797 male
2099 4740 2339 4794 nonnulli
2383 4739 2671 4793 Naneeiom
2732 4738 3094 4807 Lotharingize
3159 4748 3318 4804 caput
3364 4751 3489 4793 esse

1915 4814 2263 4881 scripserunt.

1991 4876 2103 4936 h'In
2130 4880 2270 4934 Clar.
2295 4888 2348 4933 et
2369 4876 2465 4933 Ch.
2501 4879 2595 4944 al.,
2630 4879 2799 4932 Lcsio.
2830 4879 2950 4933 Fuit
2992 4877 3330 4945 Moguntinos
3377 4877 3491 4945 epi-

1916 4968 2135 5021 scapus,
2161 4964 2319 5021 quem
2361 4950 2466 5003 alio
2504 4951 2732 5021 nomine
2763 4949 3159 5021 Lindegasium.
3187 4962 3284 5002 seu
3319 4946 3493 5021 Lude-

1920 5016 2127 5094 gastum
2157 5016 2475 5094 appellatum
2492 5019 2916 5094 fuisseCointius
2938 5019 3087 5094 dicit.
3116 5018 3346 5094 Sanetus
3370 5016 3491 5094 I_._in-

1911 5085 2161 5164 degasius
2190 5085 2383 5144 dicitur
2412 5105 2440 5143 a
2491 5089 2749 5144 Bruschio
2799 5092 2849 5144 in
2893 5089 3138 5157 catalogo
3178 5088 3345 5156 episc.
3376 5085 3493 5139 Mo~

1912 5165 2275 5236 guntinorom.
2500 5176 2505 5187 ·
3056 5228 3073 5236 Δ
3110 5228 3121 5236 _
3369 5222 3401 5236 η

1998 5235 2013 5272 ί
2059 5232 2196 5298 Alii,
2225 5234 2288 5286 ab
2334 5241 2542 5299 antiquo
2592 5240 2697 5284 tam
2741 5246 2996 5297 nunquam
3046 5228 3203 5291 fuisse
3255 5223 3493 5292 praelium

1937 5318 2127 5359 actum.

1914 5311 2178 5429 “imae.
2217 5371 2357 5429 Clar.
2381 5414 2395 5438 ,
2426 5373 2519 5427 ubi
2561 5370 2909 5441 phalanges...
2943 5364 3271 5433 proeliantur,
3304 5372 3359 5418 ut
3398 5380 3490 5418 ca-

1916 5449 2123 5501 darem.

1986 5465 2275 5581 feralean
2332 5523 2604 5584 prasente:
2645 5510 2920 5584 exliihitum
2964 5513 3114 5584 reste
3149 5505 3332 5584 regali,
3380 5514 3488 5559 etc.

1913 5589 2066 5643 Colb.
2099 5574 2377 5655 utramque
2401 5586 2680 5641 lectionem
2701 5580 2876 5640 habet,
2894 5586 2946 5630 et
2964 5574 3100 5629 infra
3121 5575 3350 5644 aliquot,
3372 5590 3491 5627 cum

1915 5664 2310 5786 ferIraS‘iemélar.
2351 5722 2561 5792 semper
2593 5718 2857 5775 Aostriam
2889 5717 3160 5785 designat,
3198 5714 3346 5767 Editi
3396 5726 3505 5764 va-

1914 5804 2055 5859 riunt
