3946 6188
525 330 621 389 631

1686 321 2100 380 FREDEGARII
2138 321 2576 380 SCIIOIASTICI

3632 335 3718 388 63‘!

523 449 682 503 modo
711 452 1034 509 removeret;
1058 439 1291 511 alioquin
1321 442 1528 496 noverit
1554 455 1615 496 se
1642 442 1880 496 exercitu
1912 440 2088 495 Tlteu-
2116 438 2169 497 Α
2195 438 2397 493 tliarius
2425 438 2727 509 eligeretur.
2761 439 2957 495 Gentes
2996 452 3116 508 qum
3145 440 3250 497 illic
3276 448 3497 498 attractus
3543 458 3717 502 tnrrant

522 536 684 593 deriei
714 535 947 604 undique
970 547 1190 603 regnum
1232 531 1529 587 Cltlutharii
1552 531 1912 600 impleturum.
1942 529 2093 595 Quod

2199 529 2427 583 consilio
2455 540 2662 585 secreto
2693 531 2758 585 dc
2799 532 2989 585 solatio
3042 526 3390 589 Brnnicliildis
3430 544 3479 589 et
3523 536 3716 591 ﬁliorum

519 628 763 689 verbum,
804 622 1253 693 quemadmodum
1294 622 1454 693 legati
1498 620 1820 685 nuntiarant,
1854 619 2096 689 probavit
2199 619 2519 676 Theudorici
2549 623 2729 690 procul
2755 621 2878 677 fecit
2907 624 3095 678 abesse
3128 642 3140 676 :
3175 627 3364 680 exinde
3390 631 3596 695 regressi
3617 647 3716 684 cuiu

516 722 763 772 eventus.

590 802 832 862 XXXIX.
862 805 982 874 Ipso
1008 818 1220 874 quoque
1266 818 1406 859 anno
1439 803 1551 872 jam
1597 773 1865 858 exercitus
1905 810 2092 857 contra

515 896 885 952 Cltlotbarium
924 896 1302 965 uggrediebat,
1338 909 1458 950 cum
1508 893 1873 950 Tlteudericus
1918 894 2091 948 Mettis

516 986 780 1053 profluvio
805 989 1014 1042 ventris
1042 989 1284 1041 metitur.
1330 985 1607 1040 Exercitus
1657 985 1898 1054 protinus
1936 985 2090 1039 rediit

516 1078 584 1134 ad
609 1080 853 1147 proprias
878 1079 1053 1133 sedes.
1082 1077 1440 1131 Brunichildis
1470 1090 1590 1130 cum
1622 1075 1744 1129 ﬁliis
1772 1074 2092 1129 Theoderici

517 1179 765 1240 quatuor,
787 1169 1050 1239 Sigiberto
1074 1179 1123 1234 ιι,
1152 1168 1519 1233 Childeberto,
1536 1165 1733 1232 Corho,
1756 1175 1810 1219 et
1843 1166 2091 1221 Meroveo

516 1262 695 1319 Mettis
744 1264 1009 1329 residens,
1039 1261 1365 1330 Sigiliertum
1408 1262 1459 1315 in
1500 1274 1665 1329 regno
1718 1259 1884 1328 patris
1938 1258 2091 1313 insti-

515 1363 668 1408 tuere
692 1355 898 1409 nititur.

587 1442 698 1498 XL.
723 1443 1085 1510 Chlotharius,
1116 1442 1345 1499 factione
1381 1444 1581 1499 Arnulﬁ
1611 1452 1666 1498 et
1692 1443 1897 1514 Pippinl
1928 1442 1976 1509 δ,
2005 1443 2086 1499 vel

514 1544 833 1590 cancrorum
892 1551 1173 1606 procerum
1224 1538 1418 1591 Auster
1477 1537 1791 1605 ingreditur.
1849 1537 2087 1607 Cumque

515 1628 886 1681 Antennacum
910 1637 933 1665 ε
963 1626 1299 1693 accessisset,
1330 1635 1383 1681 et
1423 1624 1780 1681 Brunichildis
1808 1640 1929 1681 cum
1962 1626 2085 1681 ﬁliis

513 1716 833 1772 Theoderici
872 1716 1187 1772 Warmacite
1216 1717 1241 1754 ά
1274 1718 1566 1783 resideret,
1607 1719 1831 1787 legatos,
1864 1718 1946 1772 his
1984 1733 2083 1772 no-

2201 711 2537 766 Brunichiltle
2584 723 2638 767 et
2697 714 2819 768 ﬁliis
2857 715 3203 780 Theoderici,
3250 717 3560 785 Burgundias
3583 726 3717 791 appe.

2196 812 2333 868 tu‘nt,
2375 805 2553 860 missis
2598 804 2612 841 ί
2651 819 2743 874 per
2768 807 3075 861 universum
3106 805 3297 860 Auster
3322 807 3717 875 discurrentibus,

2194 896 2487 950 exercitum
2520 911 2736 950 movere
2762 896 3087 952 nitebantur.

2266 984 2397 1040 XLI.
2430 986 2745 1055 Burgundize
2785 986 3024 1042 faronest'
3061 1002 3208 1051 vero,
3229 998 3331 1043 tam
3352 990 3718 1061 episcopi‘quam

2192 1077 2372 1130 caeteri
2400 1076 2617 1143 lendes,
2659 1079 2906 1133 timentes
2947 1078 3361 1146 Bruniclilldem,
3402 1082 3641 1136 etodium
3675 1084 3718 1136 in

2192 1183 2307 1220 eam
2339 1168 2616 1234 habentes,
2648 1184 2766 1223 cum
2806 1169 3188 1224 Warnaeliario
3224 1169 3496 1225 consilium
3525 1173 3721 1227 inientes

2194 1259 2507 1325 tractabant,
2534 1270 2589 1314 ut
2617 1273 2789 1328 neque
2813 1276 2948 1315 unus
2978 1276 3042 1315 ex
3072 1260 3194 1315 ﬁliis
3219 1260 3527 1316 Theuderici
3554 1264 3722 1318 evade.

2193 1361 2293 1415 ret,
2322 1350 2439 1417 sed,
2468 1352 2546 1407 eis
2574 1352 2823 1407 omnibus
2851 1368 2920 1421 op
2958 1354 3144 1418 ressis,
3172 1362 3226 1406 ct
3250 1355 3622 1409 lirunicliildetu
3643 1356 3725 1410 de-

2191 1442 2380 1507 lerent,
2408 1455 2457 1496 et
2481 1458 2700 1513 regnum
2727 1442 3015 1498 Chlotharii
3049 1444 3155 1517 [AL
3187 1443 3509 1516 Chlotliario]
3530 1454 3720 1512 expete-

2188 1544 2330 1600 rent,
2361 1534 2500 1601 quod
2544 1535 2782 1603 probavit
2814 1546 3055 1590 eventus.
3088 1536 3331 1605 Cumque
3372 1537 3519 1607 jussu
3557 1538 3722 1592 [ιι-ιιηὶ-

2186 1624 2379 1678 childis
2430 1636 2484 1681 et
2534 1626 2782 1696 Sigiberti
2848 1628 2939 1680 ﬁlii
2996 1626 3316 1682 Theudorici
3370 1630 3619 1682 exercitus
3666 1618 3723 1683 de

2189 1712 2486 1783 Burgundia
2538 1726 2592 1771 et
2656 1721 2849 1772 Auster
2899 1726 3081 1772 contra
3113 1717 3472 1774 Chlotharium
3502 1720 3724 1801 aggrede-

513 1805 763 1870 minibus,
816 1806 1182 1860 Chadoinduin
1223 1814 1277 1860 et
1332 1807 1630 1876 ilex-ponens
1657 1817 1703 1875 ε,
1730 1808 1794 1862 ad
1832 1808 2085 1863 Chlotlta-
2114 1797 2162 1858 Β
2192 1817 2353 1860 tetur.

514 1897 648 1951 rium
669 1898 885 1961 direxit,
913 1906 1219 1954 contestans
1234 1898 1284 1953 ei
1314 1906 1370 1952 ut
1394 1912 1452 1952 sc
1468 1900 1535 1954 de
1558 1912 1722 1969 regno
1746 1899 2083 1971 Theoderici,

512 1988 807 2057 quod-ﬁliis
830 1989 1140 2059 reliquerat,
1160 2001 1479 2045 removeret.
1500 1986 1841 2049 Chlotharius
1861 2006 2088 2064 respon-

511 2079 690 2147 debat,
718 2089 773 2135 et
800 2096 895 2151 per
915 2097 1040 2137 suos
1078 2082 1279 2153 legatos
1308 2084 1635 2139 Brunicliildi
1666 2082 1969 2149 mandabat,
1995 2085 2086 2153 jn-

2261 1897 2417 1952 XLll.
2460 1899 2794 1968 Veniensque
2824 1900 3119 1971 Sigibertus
3142 1903 3192 1956 in
3229 1904 3567 1973 Campaniam
3586 1903 3721 1956 terri-

2190 1989 2309 2043 torii
2345 1989 2792 2045 Catalaunensisk
2818 2007 2979 2062 super
3009 1993 3227 2046 ﬂuvium
3257 1988 3491 2047 Axonam
3511 1992 3550 2059 ι,
3573 1993 3723 2060 ibique

2189 2079 2529 2135 Chlotltarius
2563 2082 2773 2135 obviam
2804 2092 2927 2136 cum
2952 2084 3192 2139 exercitu
3232 2086 3402 2148 venit,
3431 2082 3610 2136 multos
3630 2083 3721 2153 jam

511 2171 652 2226 dicio
698 2171 1027 2228 Francorum
1082 2174 1375 2229 electorum
1406 2175 1727 2245 f,quidquid
1753 2176 2087 2254 precedente
2187 2168 2255 2223 de
2297 2170 2584 2225 Austrasiis
2634 2182 2812 2226 schm
2861 2171 3062 2228 habens
3113 2174 3342 2229 factione
3390 2172 3722 2228 Warnacharii

515 2264 738 2318 Domino
767 2279 797 2319 a
836 2265 1056 2321 Francis
1085 2265 1224 2321 inter
1249 2266 1464 2323 eosdem
1492 2266 1836 2336 judicabitur,
1868 2267 2085 2336 pollice-

515 2364 599 2408 tur
638 2368 758 2409 sese
796 2354 1042 2424 implere.
1069 2354 1426 2412 Brunichildis
1467 2356 1790 2427 Sigibertum
1816 2357 2083 2413 seniorem

511 2444 682 2497 ﬁlium
711 2443 1033 2501 Theoderici
1061 2448 1113 2499 in
1151 2445 1494 2516 Thoringiam
1532 2446 1750 2516 direxit,
1773 2460 1894 2502 cum
1923 2462 2028 2517 quo
2056 2456 2082 2494 8

510 2530 951 2587 Warnacharium
981 2534 1238 2602 majorem
1283 2535 1473 2591 domus
1521 2548 1574 2591 et
1611 2537 1903 2592 Athoenum
1962 2553 2081 2593 cum

508 2618 725 2675 caeteris
750 2622 1063 2689 proceribus
1108 2622 1417 2688 destinavit,
1459 2634 1516 2678 ut
1542 2635 1729 2694 gentes
1779 2630 1899 2696 quae
1945 2629 2081 2683 ultra

510 2711 756 2768 Rhenum
794 2722 920 2768 sunt
968 2715 1333 2782 attraherent,
1364 2717 1593 2785 qualiter
1633 2718 1947 2773 Cltlothario
1985 2735 2080 2788 po-

508 2802 738 2858 tuissent
764 2803 1037 2860 resistere.
1061 2804 1191 2860 Post
1228 2812 1432 2877 tergum
1473 2808 1761 2863 indieulum
1788 2810 1999 2876 direxit,
2026 2821 2083 2866 ut

505 2893 783 2949 Alboenus
811 2909 931 2950 cum
976 2896 1190 2952 caeteris
1238 2897 1676 2954 Warnacliarium
1726 2891 2076 2969 interﬁceret,

508 3001 576 3042 eo
603 2987 743 3057 quod
774 3001 833 3042 se
860 2988 912 3042 in
952 3004 1178 3060 regnum
1220 2988 1515 3045 Chlotharii
1552 2991 1712 3047 vellet
1766 2992 2075 3049 transferre.

506 3081 663 3151 631
684 3082 852 3148 Quem
871 3081 1158 3137 indieulum
1183 3082 1443 3138 relectum
1471 3083 1744 3139 Alboenus
1771 3084 2070 3154 disruptum

2188 2259 2405 2328 majoris
2447 2261 2671 2325 domus,
2718 2263 2855 2317 sicut
2890 2263 2998 2332 jam
3046 2263 3176 2319 olim
3222 2274 3553 2326 tractaverat,
3580 2264 3717 2334 622

2186 2351 2640 2406 consentientibus
2665 2353 2893 2408 Atetheo
2925 2354 3169 2422 patricio,
3209 2354 3472 2419 Rocrone,
3502 2352 3721 2424 Sigoaldo

2184 2447 2239 2494 et
2267 2439 2535 2496 Eudelane
2561 2442 2805 2497 ducibus.
2836 2444 3078 2512 Cumque
3118 2446 3170 2498 in
3198 2450 3481 2514 congres~u
3504 2449 3720 2499 certami-

2185 2529 2267 2582 nis
2303 2529 2613 2585 tlebuissent
2657 2545 2777 2587 cum
2821 2534 3057 2589 exercitu
3100 2533 3406 2604 confligere,
3449 2536 3719 2603 priusquam

2184 2624 2412 2692 pricliari
2438 2625 2747 2693 coepissent,
2780 2627 2927 2696 signa
2956 2626 3175 2695 dantes,
3207 2629 3468 2683 exercitus
3503 2625 3718 2696 Sigiberti

2186 2721 2331 2781 terga
2360 2725 2575 2768 vertens
2626 2715 2767 2769 redit
2813 2716 2878 2769 ad
2925 2718 3167 2785 proprias
3198 2718 3374 2774 sedes.
3421 2716 3718 2773 Chlotltarius

2182 2805 2457 2872 paulatim,
2504 2814 2561 2860 ut
2589 2817 2947 2872 convenerat,
2974 2820 3093 2878 post
3124 2818 3330 2879 tergum
3360 2825 3475 2864 cum
3512 2810 3717 2865 exercitu
3771 2860 3781 2871 ,

2179 2907 2430 2962 sequens,
2464 2908 2628 2963 usque
2660 2896 2863 2951 Ararim
2892 2896 3234 2968 Saogonnam
3254 2906 3295 2937 ω
3318 2901 3525 2954 ﬂuvium
3554 2913 3711 2969 perve-

2177 2986 2279 3039 nit.
2312 2985 2491 3056 Captis
2522 2986 2643 3043 ﬁliis
2665 2988 2979 3044 Theoderici
3023 2990 3221 3057 tribus,
3254 2992 3532 3063 Sigiberto,
3560 2992 3711 3045 Corbo

2176 3084 2233 3133 et
2251 3077 2518 3144 Meroveo,
2543 3094 2698 3146 quem
2724 3080 2839 3149 ipse
2867 3080 2933 3135 de
2955 3080 3101 3136 fonte
3122 3084 3355 3150 excepit,
3385 3080 3715 3136 Cltildebcrtus

501 3150 730 3243 projecit
757 3174 810 3227 in
840 3181 1058 3229 terram.
1085 3175 1335 3231 Inventus
1365 3184 1443 3231 est
1479 3191 1507 3230 a
1538 3191 1704 3245 puero
1742 3150 2069 3233 Warhacha-
2097 3150 2149 3213 θ’
2174 3168 2432 3238 fugaciter
2453 3170 2748 3225 ascendens
2769 3178 2818 3238 ι’,
2853 3184 2950 3225 nec
2975 3186 3209 3240 unquam
3240 3181 3418 3241 postea
3445 3172 3536 3225 fuit
3558 3184 3713 3224 rever-

498 3262 565 3316 rii
594 3278 609 3315 :
639 3276 799 3331 super
830 3263 1001 3318 tabula
1029 3279 1151 3319 cera
1195 3266 1348 3319 linita
1379 3264 1553 3320 denuo
1592 3266 1706 3335 ipse
1730 3266 1989 3323 Solidatur
2017 3266 2066 3325 ι’.

496 3351 615 3419 Quo
642 3354 874 3408 indiculo
896 3355 1119 3419 relecto,
1150 3356 1561 3411 Warnacbarius
1608 3371 1832 3412 cernens
1858 3374 1918 3415 se
1949 3362 2069 3416 vita:

496 3446 787 3514 periculum
817 3448 1035 3515 habere,
1068 3447 1320 3516 deinceps
1341 3450 1574 3515 cogitare
1601 3449 1763 3517 cmpit
1784 3450 1889 3518 quo
1917 3464 2070 3520 pacto

496 3533 593 3589 ﬁlii
637 3536 955 3592 Theudorici
1005 3536 1468 3605 opprimerentur,
1495 3545 1548 3591 et
1579 3537 1631 3590 in
1658 3551 1879 3606 regnum
1910 3538 2070 3597 Chlo-

562 3734 589 3768 ‘
619 3730 707 3786 Sic
734 3730 875 3785 Clar.
908 3730 1006 3787 Ed.
1037 3745 1158 3786 cum
1206 3731 1337 3786 Bolt.
1370 3740 1424 3787 et
1468 3730 1647 3798 Colb.,
1679 3730 1971 3801 Sigoberto,
2000 3744 2055 3790 et

490 3816 566 3857 Ilc
595 3815 824 3857 St‘fﬂDel'.

556 3816 867 3925 'bsimiiis
892 3871 1057 3941 episc.
1078 3870 1368 3935 Mettensis,
1383 3872 1568 3941 dequo
1587 3870 1876 3940 etPippino
1897 3874 2053 3933 infra.

578 3952 598 3977 ο
638 3940 785 3994 Colb.
811 3948 865 3993 et
896 3934 1222 3995 Biolicr.cum
1242 3934 1651 4009 Ed.’plerisque,
1683 3934 2050 4009 Coptonucum.

485 4010 553 4064 At
586 4010 1089 4082 hie-Antennacum
1144 4010 1471 4082 designatur,
1522 4012 1680 4082 vulgo
1723 4013 2049 4081 Aitdrenach,

486 4079 793 4147 oppidulum
835 4081 971 4133 inter
996 4080 1230 4134 Bonnam
1260 4079 1312 4135 et
1337 4079 1676 4135 Conﬂuentes
1723 4084 1822 4135 sub
1851 4079 2053 4140 ditione

486 4150 866 4221 archiepiscopi
901 4149 1255 4221 Coloniensis.
1283 4152 1640 4221 Captonacmn
1662 4166 1785 4205 vero
1804 4153 2050 4221 palatium

489 4216 586 4272 fuit
616 4216 753 4273 haud
780 4219 961 4287 procul
994 4220 1193 4273 Lutetia
1222 4216 1467 4275 dissitutn
1496 4263 1511 4286 ,
1539 4220 1689 4289 cujus
1716 4216 1848 4276 situs
1881 4226 2050 4278 incer—

479 4300 564 4342 tus
588 4300 687 4354 est,
724 4290 821 4341 nisi
854 4289 920 4342 sit
946 4289 1091 4343 vicus
1121 4289 1334 4352 Clinton,
1369 4306 1530 4356 prone
1553 4291 1801 4345 Sanctum
1832 4292 2050 4346 Germa-

482 4371 604 4411 num
635 4361 685 4412 in
710 4359 853 4412 Laia.
885 4358 1011 4411 Vide
1038 4359 1126 4412 lib.
1162 4374 1212 4411 tv
1240 4362 1304 4411 de
1327 4360 1403 4414 Re
1434 4360 1770 4427 Diplomatica
1798 4364 2047 4417 num.29.

547 4428 573 4464 α
609 4428 741 4483 Urbs
772 4428 1068 4497 notissima.
1104 4427 1508 4497 vulgoWorms.

556 4507 580 4533 ε
608 4498 705 4552 Ed.
732 4500 933 4566 aliquot
959 4507 1011 4551 et
1036 4496 1213 4559 Colli.,
1240 4496 1474 4563 Erbone;
1500 4499 1656 4563 Boh.,
1681 4498 1936 4553 Caduino.

553 4566 571 4605 τ
600 4567 721 4633 Alii,
745 4572 922 4622 electo.
953 4566 1060 4622 Res
1089 4566 1303 4637 majoris
1345 4570 1596 4622 momenti
1639 4570 1840 4637 judicio
1873 4568 2047 4624 Fran-

477 4637 747 4707 eorum,id
779 4648 860 4691 est
881 4638 1125 4691 ordinum
1155 4652 1246 4691 seu
1274 4647 1505 4693 statuutn
1536 4640 1681 4707 regni
1707 4639 2045 4695 ﬁniebantur.

476 4705 553 4757 Eo
583 4705 793 4772 capitali
822 4708 1082 4760 sententia
1106 4708 1387 4763 damnatus
1423 4708 1523 4762 fuit
1554 4705 1852 4764 Bernartius
1881 4710 2046 4766 ltalne

475 4788 595 4846 rex,
620 4775 708 4841 qui
753 4775 1006 4830 adversus
1052 4776 1376 4833 Ludovicum
1427 4779 1576 4833 Pium
1614 4788 1859 4846 patruum
1890 4794 2045 4835 suum

475 4842 879 4915 conjuraverat,
906 4846 1059 4913 quain
1104 4862 1312 4911 pinnam
1364 4842 1673 4915 temperavit
1723 4849 2044 4915 Ludovicus,

474 4915 750 4966 oculorum
806 4915 1037 4967 orbitate
1087 4927 1387 4971 contentus.
1439 4917 1568 4971 Huic
1614 4922 1873 4973 successit
1916 4920 2047 4973 duo-

474 4984 646 5057 decim
690 4983 900 5038 Parium
944 4984 1211 5051 Francia,
1246 4995 1352 5039 tum
1377 4989 1863 5057 parlamentorum,
1891 4990 2044 5044 insti-

472 5053 623 5107 tutio.

543 5133 568 5169 ις
596 5123 720 5196 Ch.,
754 5123 993 5196 Freh_.__t-t
1012 5123 1208 5196 caeteri,
1238 5124 1453 5191 direxit,
1478 5130 1615 5195 apud
1641 5145 1786 5196 quem
1818 5129 2045 5184 Warna-

471 5192 719 5259 diarium,
751 5195 845 5259 al.,
880 5193 1259 5256 Warnhan‘um,
1291 5192 1581 5250 Alboinunt.

542 5259 569 5296 ⁸
607 5264 716 5320 ΆΙ..
768 5263 943 5317 lmitus
978 5266 1144 5317 denuo
1187 5265 1450 5317 solidatur.
1488 5267 1618 5321 llinc
1656 5266 1952 5322 Chiffletius
1991 5269 2044 5322 in

471 5330 715 5407 Anastasi
752 5334 1037 5407 Cltilderici
1066 5334 1220 5407 infert
1256 5349 1407 5403 reges
1447 5346 1657 5392 nostros
1700 5338 2045 5407 pugillaribus

477 5400 668 5478 ceratis
702 5416 825 5478 usos
863 5404 1058 5478 fuisse,
1077 5406 1269 5474 quibus
1293 5400 1538 5460 mandata
1568 5424 1661 5462 sua
1692 5400 1931 5475 (indiculi
1959 5409 2046 5463 hic

471 5469 737 5534 dicuntur)
771 5469 1190 5529 committebant.

551 5536 566 5574 ⁸
609 5538 784 5605 Colb.,
817 5542 1161 5597 Brunichildis
1191 5546 1401 5600 missis”
1457 5546 1725 5599 nitebatur.

548 5619 562 5656 ι
600 5606 759 5689 .Colb:
806 5618 860 5662 et
884 5612 1083 5689 aliquot
1111 5614 1273 5689 Editi,
1314 5617 1545 5689 barones,
1578 5630 1701 5689 quas
1724 5625 2042 5689 voxpustea

470 5682 703 5753 maxime
738 5682 789 5732 itt
818 5695 911 5732 usu
944 5682 1041 5753 fuit
1076 5684 1141 5736 ad
1175 5687 1528 5752 designandos
1558 5682 1705 5753 regni
1735 5687 2039 5753 optimates.

466 5746 705 5807 Faroncs
723 5757 898 5807 autem
922 5752 1047 5806 dicti
1076 5765 1194 5809 sunt
1222 5746 1358 5823 quod
1384 5774 1413 5813 c
1436 5755 1600 5812 nobili
1618 5746 1742 5823 γανα
1766 5746 1891 5811 editi
1912 5756 2040 5812 siut.

2175 3275 2287 3315 sus.
2340 3261 2732 3315 Austrasiorum
2788 3261 3053 3316 exercitus
3109 3260 3314 3317 illaesus
3360 3261 3621 3317 revertitur
3658 3258 3713 3317 ad

2178 3354 2417 3421 pr0prias
2466 3354 2641 3408 sedes.
2681 3353 2935 3410 Factione
2983 3353 3353 3410 Warnacharii
3399 3354 3599 3422 majoris
3632 3351 3712 3405 do-

2177 3457 2314 3505 mus.
2346 3458 2467 3498 cum
2499 3443 2718 3513 reliquis
2746 3445 2974 3499 maxime
2998 3444 3122 3499 totis
3153 3445 3464 3513 proceribus
3490 3444 3549 3497 de
3573 3454 3711 3510 regno

2178 3534 2517 3603 Burgundiae,
2547 3534 2904 3590 Brunichildis
2931 3534 2998 3589 ab
3024 3535 3277 3605 llerpone
3302 3530 3712 3591 comestabulode

2168 3735 2320 3790 Fara:
2339 3734 2479 3788 enim
2503 3731 2868 3802 generationes
2895 3740 3036 3795 sunt,
3061 3746 3154 3785 seu
3186 3732 3360 3797 lineae,
3387 3740 3444 3787 ut
3469 3732 3610 3786 habet
3632 3729 3705 3782 lex

2165 3805 2400 3874 Langob.
2436 3800 2525 3857 lib.
2558 3818 2634 3874 tu
2676 3804 2755 3874 tit.
2809 3800 2896 3868 14,
2924 3813 2976 3855 et
3018 3814 3199 3857 monet
3247 3805 3437 3858 Paulus
3486 3804 3707 3856 Diaconus

2167 3876 2259 3931 lib.
2281 3870 2345 3929 ἰι
2390 3872 2522 3927 Hist.
2554 3870 2886 3937 Langebard.
2919 3888 3034 3939 cap.
3068 3876 3119 3925 9.
3163 3874 3332 3929 Unico
3363 3875 3518 3928 verbo
3561 3873 3707 3939 leaen-

2162 3950 2283 3999 d-im
2313 3954 2455 3998 esset
2492 3938 3018 4006 Burgundzefarones,
3054 3956 3109 3995 ut
3139 3942 3279 3997 infra
3313 3959 3426 4006 cap.
3456 3943 3541 4003 Η,
3565 3947 3613 3993 ct
3636 3938 3704 3991 hic

2165 4017 2382 4076 Bellen,
2400 4013 2891 4079 burgundefarones.
2910 4008 3116 4065 Etenim
3135 4024 3351 4068 sanetn‘s
3368 4008 3513 4073 Fato,
3532 4014 3703 4077 episco-

2158 4102 2253 4152 pus
2283 4084 2583 4144 Mcldensis,
2619 4082 3045 4149 Burgundofarus
3080 4086 3472 4151 appellabatur,
3514 4084 3703 4150 ejusque

2155 4170 2306 4209 soror
2333 4153 2751 4221 Burgundul'ara,
2783 4160 2837 4203 ut
2864 4166 2928 4204 ex
2971 4167 3157 4205 eorum
3197 4154 3327 4207 Vitis
3361 4162 3497 4221 patet
3536 4155 3580 4205 in
3614 4165 3700 4201 sa:-

2154 4227 2236 4280 cul
2266 4251 2272 4263 -
2305 4241 2337 4277 ll
2366 4223 2725 4276 Buttedit'litln.

2225 4294 2250 4332 ι
2269 4295 2389 4357 Clt.,
2408 4292 2701 4358 Campania:
2723 4291 3031 4344 territorium
3049 4290 3416 4347 Catalaunense
3428 4309 3447 4357 ,'
3463 4292 3564 4360 alii,
3577 4289 3700 4344 Cant-

2151 4367 2354 4433 pam'am
2381 4361 2817 4417 Catalauneitsent.

2231 4456 2246 4493 ι
2294 4455 2426 4508 Editi
2459 4452 2655 4522 aliquot
2680 4468 2799 4505 cum
2833 4452 2961 4504 Bob.
2990 4463 3043 4506 et
3069 4452 3245 4518 Colh.,
3275 4454 3563 4509 Coraniam'.
3594 4448 3699 4522 ltetu

2154 4527 2355 4595 aliquot
2390 4523 2513 4589 Ed.,
2546 4519 2819 4595 mendose,
2866 4525 3079 4595 ﬂuvium
3124 4523 3373 4595 Coxioma.
3400 4524 3499 4578 Sed
3525 4522 3607 4595 hic
3625 4519 3699 4571 deo

2150 4591 2389 4664 signatur
2405 4598 2587 4647 Axona
2613 4593 2871 4662 (t’Aisne),
2894 4594 3196 4660 Campania:
3219 4594 3431 4659 ﬂuvius,
3454 4592 3536 4661 qui
3559 4591 3699 4645 Sues-

2150 4666 2388 4718 sionibus
2430 4664 2659 4732 irrigatis
2688 4664 2842 4715 latine
2884 4668 3231 4732 pcrmi-Cctnr
3262 4679 3424 4735 prope
3463 4664 3696 4729 Compen-

2150 4735 2318 4790 dium.

2221 4834 2259 4862 σι
2298 4824 2465 4896 Clar._,
2499 4822 2847 4896 Sttuconnam‘.
2868 4824 3041 4896 (Eolbn
3063 4822 3385 4896 Sagarinum,
3408 4830 3520 4896 qua:
3544 4816 3693 4896 omnia

2151 4896 2397 4949 eumdem
2439 4894 2651 4965 fluvium
2687 4894 2760 4965 (lo
2807 4886 3345 4965 Sadneldesi'gnant.
3372 4886 3525 4951 'U'nde
3555 4890 3692 4946 Freh.

2150 4974 2203 5021 et
2233 4965 2426 5020 Chesn.
2460 4963 2653 5018 habent
2680 4964 2731 5014 id
2765 4973 2837 5017 est
2875 4963 3224 5032 Saogonnafn.

2220 5067 2246 5093 ιλ
2284 5055 2460 5117 Colb.,
2493 5055 2725 5110 secunda
2754 5069 2945 5125 manu,
2964 5055 3141 5125 fugam
3169 5058 3335 5111 iniens
3364 5068 3560 5110 ascenso
3585 5064 3691 5119 91w

2148 5143 2407 5200 nunquam
2434 5134 2605 5195 postea
2633 5127 2766 5200 visus
2793 5135 2890 5200 est.
2912 5124 3035 5179 llttc’
3054 5142 3210 5200 porro
3254 5126 3596 5200 revocandum

2151 5198 2199 5249 id
2244 5193 2385 5265 quod
2432 5193 2611 5266 narr_at
2660 5193 2958 5266 Florentius
3009 5193 3285 5266 presbyter
3312 5196 3618 5266 Tricastinos
3645 5193 3687 5266 in

2151 5256 2274 5320 Vita
2313 5275 2510 5337 sancta:
2540 5263 2828 5317 Rusticulae
2875 5256 3183 5337 aliba'tissaz'
3209 5265 3543 5337 Arelatensis,
3570 5256 3686 5337 apud

2146 5336 2435 5391 Chesniutn
2458 5372 2475 5397 ,
2506 5343 2649 5385 torno
2674 5348 2713 5399 ι,
2745 5349 2862 5403 pag.
2896 5333 3020 5398 5155,
3054 5336 3138 5389 ubi
3167 5345 3411 5389 accusata
3441 5333 3592 5387 fuisse
3615 5330 3684 5381 di-

2145 5410 2283 5461 citur
2310 5406 2447 5471 apud
2475 5404 2822 5468 (Ilotltariutn,
2848 5407 2983 5473 quod
3014 5406 3107 5458 illa
3131 5406 3326 5459 occulte
3352 5420 3509 5475 regem
3532 5410 3685 5475 nam.

2145 5486 2239 5527 ret.
2272 5476 2383 5530 Non
2422 5475 2560 5527 enim
2601 5474 2733 5544 alius
2774 5485 2855 5544 est
2896 5476 2993 5529 iste
3019 5492 3113 5530 rex
3153 5490 3310 5544 quam
3349 5473 3685 5544 Cliildebgrllls

2147 5546 2233 5599 hic
2260 5552 2600 5618 memoratus.
2629 5542 2777 5599 Unde
2803 5543 2901 5618 hac
2928 5535 3263 5618 accusatione
3296 5552 3526 5618 recepta,
3550 5535 3684 5618 Citio-

2149 5618 2335 5675 tarius,
2366 5616 2438 5665 ira
2460 5623 2777 5679 commotus,
2807 5614 3209 5684 diligentissime
3232 5614 3309 5669 rei
3333 5616 3588 5685 veritatem
3607 5614 3677 5685 tuo.

2145 5685 2324 5756 dagari
2358 5685 2649 5756 mandavit;
2684 5686 2882 5756 veritus
2912 5682 3110 5756 quippe
3138 5701 3204 5742 nc
3239 5685 3326 5741 ille
3354 5684 3405 5739 itt
3436 5682 3583 5751 patris
3610 5682 3677 5731 sui

2145 5753 2363 5825 regnum
2388 5754 2611 5811 reditum
2642 5753 3007 5811 meditaretur.
