3946 6188
371 320 472 375 635

1790 319 2209 377 CliRONI'CUM.

3517 331 3629 394 654

366 448 499 503 pago
521 429 892 489 Ultra-Jureno
925 444 991 488 ex
1023 430 1149 485 villa
1182 430 1363 486 UrbaR
1395 445 1497 486 una
1537 444 1657 487 cum
1690 431 1933 486 Theude-
1963 434 2010 490 A
2037 437 2150 484 ster
2172 444 2399 503 regnum
2422 431 2755 502 arripuisset,
2805 431 3101 506 lierponem
3147 438 3255 510 [ΑΙ.
3304 442 3620 518 llerpiuum]

366 525 485 578 lane
515 538 768 593 germana
807 521 1127 578 Theuderici
1166 522 1493 593 producitur,
1534 530 1590 577 et
1632 521 1939 583 Chlouiario

368 616 605 669 liiuuava
636 614 800 670 vicob
848 629 1009 684 super
1058 615 1328 669 Vincenna
1364 614 1528 671 ﬂuvio
1566 624 1937 684 praesentatnr.

366 707 664 775 Sigibertus
682 715 735 761 et
763 704 969 763 Corbus
996 707 1087 762 lilii
1111 707 1424 763 Theoderici
1450 707 1603 777 jussu
1640 705 1933 762 Cblotharii

367 798 627 853 interfecti
657 806 800 852 sunt.
841 798 1117 855 Meroveus
1144 798 1405 854 secretius
1445 800 1597 868 jussu
1643 797 1940 853 Cblotharii

368 890 417 943 in
442 888 690 957 Neptrico
708 899 729 926 ε
753 888 1083 958 perducitur,
1104 890 1348 944 eumdem
1380 890 1707 959 amplectens
1734 902 1939 953 amore,

369 982 505 1048 quod
535 981 705 1048 ipsum
736 980 801 1034 de
844 990 1031 1035 sancto
1059 983 1361 1049 excepisset
1410 982 1641 1035 lavacro.
1671 980 1939 1050 lngobodo

365 1067 660 1126 Gral‘iionid
691 1072 1113 1138 commendatur,
1136 1072 1224 1125 ubi
1251 1073 1427 1141 plures
1456 1083 1571 1141 post
1599 1087 1767 1126 annos
1788 1072 1936 1126 vixit.

363 1161 718 1225 Cblotharius,
763 1177 883 1216 cum
914 1162 1274 1233 Brunichildis
1308 1176 1406 1217 suo
1449 1163 1757 1231 conspecmi
1805 1178 1936 1229 prae-

362 1250 687 1320 scutarethr,
719 1254 977 1309 etodium
1005 1267 1188 1313 contra
1219 1257 1385 1326 ipsam
1418 1257 1636 1311 nimium
1668 1257 1889 1312 haberet
1915 1298 1933 1325 ,

360 1354 613 1411 reputans
665 1346 711 1399 ci
763 1359 827 1399 co
865 1345 1005 1414 quod
1056 1346 1241 1403 decem
1290 1362 1441 1419 rcges
1483 1348 1808 1402 Francorum
1842 1363 1936 1418 per

361 1431 528 1499 ipsnm
577 1432 839 1488 interfecti
883 1434 1127 1501 fuissent,
1160 1436 1211 1490 id
1243 1448 1341 1503 est,
1383 1437 1700 1506 Sigibertus,
1734 1446 1788 1492 et
1820 1438 1935 1493 Me-

360 1538 571 1587 roveus,
613 1525 773 1597 623
804 1536 855 1581 et
884 1528 1092 1596 genitor
1118 1542 1249 1583 suus
1290 1528 1654 1599 Cbilpericus,
1691 1530 1934 1585 Theude-

360 1612 540 1665 bertus
570 1622 624 1665 et
654 1615 793 1669 iilius
830 1629 957 1670 suus
985 1616 1355 1686 Chlotharius,
1392 1620 1519 1673 item
1568 1618 1843 1675 Meroveus
1874 1622 1933 1672 li-

355 1701 459 1756 lius
487 1701 803 1770 Cltlotharii,
854 1702 1251 1772 Theudericus,
1291 1709 1633 1779 ejusdemque
1665 1711 1757 1765 ﬁlii
1791 1720 1929 1776 tres,

2049 518 2256 584 ducem,
2288 534 2484 589 genere
2515 521 2801 591 Francum,
2831 524 2947 581 loco
2976 527 3262 585 Eudelanii
3294 534 3345 588 in
3376 550 3508 606 pago
3532 537 3623 593 Ul-
3670 522 3673 523 ν
3700 580 3703 583 γ

2050 609 2355 667 tra-Jurano
2380 612 2608 669 instituit
2637 632 2651 669 :
2683 617 2771 686 qui
2800 618 2921 672 dum
2952 634 3134 689 pacem
3156 621 3209 677 in
3230 623 3348 693 ipso
3368 642 3503 697 pago
3530 644 3621 685 ve-

2048 702 2321 777 hementer
2362 706 2676 772 arripuisset
2711 711 2925 779 sectari,
2964 715 3223 769 malorum
3263 720 3618 789 nugacitatetn

2047 793 2361 863 reprimens,
2394 792 2462 851 ab
2490 797 2618 865 ipsis
2647 802 3000 869 pagensibus,
3042 804 3326 876 instigante
3356 820 3504 876 parte
3527 812 3627 866 adv

2044 901 2219 957 versa,
2250 890 2473 945 consilio
2500 892 2662 964 624
2701 895 2909 952 Alethei
2940 901 3141 967 patricii
3173 900 3225 955 et
3257 902 3619 960 Leudemuutii

2043 977 2277 1047 episcopi
2309 988 2363 1034 et
2407 977 2670 1050 llerponis
2709 986 2940 1053 comitis,
2989 1003 3082 1056 per
3112 991 3418 1049 rebellionis
3456 996 3620 1051 auda-

2045 1069 2179 1122 ciam
2215 1070 2388 1139 llerpo
2430 1060 2547 1126 dux.
2575 1074 2911 1131 interficitur.
2938 1075 3278 1136 Chlotharius
3294 1098 3413 1139 cum
3447 1086 3500 1140 in
3530 1086 3619 1141 Al~

2042 1159 2172 1212 satia
2220 1161 2416 1229 villam,
2448 1163 2784 1234 Marolegiam
2813 1166 2837 1205 ¹ι
2865 1181 3237 1237 cognomento,
3266 1188 3388 1229 cum
3437 1177 3617 1233 Berte-

2044 1246 2233 1304 thrude
2263 1250 2381 1324 [Αι.
2432 1254 2720 1327 Bertrude]
2745 1259 2923 1327 regina
2954 1264 3285 1327 accessisset,
3318 1281 3501 1333 pacem
3533 1282 3617 1324 se-

2040 1345 2236 1406 ctatus,
2270 1342 2463 1399 multos
2504 1346 2681 1415 inique
2717 1358 2936 1418 agentes
2966 1351 3140 1421 gladio
3168 1357 3466 1411 trucidavit.

2110 1428 2290 1487 XLIV.
2334 1424 2745 1492 Leudemundus
2775 1440 2987 1508 quidem
3035 1444 3314 1514 episcopus
3342 1446 3613 1502 Seduncn-

2037 1520 2111 1576 sis
2154 1520 2172 1560 1
2215 1522 2281 1577 ad
2329 1524 2731 1583 Bertethrudem
2766 1534 2999 1601 reginam
3053 1537 3269 1590 veniens
3321 1540 3611 1605 secretius.

2036 1614 2263 1671 consilio
2290 1618 2501 1674 Alethei
2535 1622 2702 1675 verba
2730 1623 3077 1692 ignominiosa
3107 1628 3259 1693 dixit,
3285 1632 3421 1698 quod
3452 1632 3613 1686 Chlo-

2037 1705 2238 1761 tharius
2268 1708 2455 1764 eodem
2480 1724 2619 1764 anno
2649 1713 2969 1770 omnimodis
3008 1717 3262 1786 migraret
3298 1719 3363 1772 de
3389 1724 3608 1788 szeculo,

356 1794 442 1861 qui
478 1796 542 1847 ad
576 1810 811 1863 przgsens
861 1797 1109 1851 exstincti
1143 1798 1370 1862 [uer-ant,
1399 1814 1493 1867 per
1525 1801 1753 1855 triduum
1784 1816 1925 1869 eam,
1960 1813 2004 1872 Β
2035 1808 2090 1851 ut
2112 1788 2413 1869 thesauros,
2439 1812 2693 1870 quantum
2724 1813 2951 1873 poterat,
2973 1810 3332 1864 secretissime
3354 1811 3418 1864 ad
3441 1812 3611 1866 Sedu-

353 1887 580 1945 diversis
603 1889 883 1943 tormentis
912 1890 1175 1957 affectam,
1204 1891 1355 1959 jubet
1403 1891 1546 1960 prius
1584 1895 1790 1947 camelo
1834 1908 1929 1962 per

352 1992 560 2032 onmem
592 1980 883 2033 exercitum
915 1979 1187 2035 sedentem
1212 1981 1523 2050 perducere,
1555 1994 1675 2049 post
1701 1984 1811 2038 haec
1836 1998 1927 2039 co-

351 2082 435 2120 ma
458 2068 669 2134 capitis,
697 2084 800 2123 uno
830 2070 964 2139 pede
986 2079 1039 2126 et
1068 2071 1286 2126 brachio
1312 2073 1377 2127 ad
1401 2073 1732 2129 vitiocissimi
1751 2084 1775 2112 ο
1804 2075 1923 2144 equi

350 2157 572 2212 caudam
622 2158 817 2229 ligare;
862 2159 1044 2228 ibique
1072 2161 1306 2217 calcibus
1332 2172 1387 2219 et
1413 2163 1694 2220 velocitate
1738 2179 1927 2221 cursus

349 2251 683 2305 membratim
724 2250 1133 2322 disrumpitur‘.
1193 2254 1604 2311 Warnacharius
1652 2258 1704 2313 in
1760 2275 1923 2331 regno

348 2338 667 2408 Burgundire
694 2341 1039 2399 substituitur
1067 2345 1237 2415 major
1276 2348 1467 2401 domus
1487 2388 1502 2413 ,
1528 2362 1864 2406 sacramento
1891 2366 1921 2406 a

347 2426 656 2486 Chlothario
681 2443 925 2502 accepto,
953 2451 1018 2490 ne
1050 2443 1278 2504 unquam
1306 2428 1429 2494 vitae
1457 2454 1567 2495 suae
1598 2443 1923 2512 temporibus

346 2520 743 2591 degradaretur.
774 2525 829 2581 in
862 2527 1055 2582 Auster
1084 2528 1231 2582 ltado
1257 2529 1504 2601 idemque
1535 2534 1673 2589 hunc
1697 2534 1918 2603 gradum

345 2611 563 2669 honoris
587 2618 898 2683 assumpsit.
921 2616 1209 2674 Firmatum
1234 2630 1317 2675 εει
1335 2637 1494 2678 omne
1515 2632 1733 2694 regnum
1759 2626 1922 2681 Fran-

342 2712 547 2768 corum,
576 2707 713 2760 sicut
733 2722 762 2761 a
792 2709 966 2777 priore
994 2702 1343 2765 Chlotttarios
1369 2710 1696 2769 dominatum
1728 2711 1918 2784 fuerat,

342 2802 462 2848 cum
491 2796 695 2851 cadetis
723 2799 989 2852 thesauris
1018 2800 1203 2855 ditiuni
1231 2802 1525 2858 Chlotharii
1546 2804 1772 2872 junioris
1802 2808 1920 2862 sub-

342 2885 540 2954 jicitur,
592 2887 731 2955 quod
763 2880 988 2942 feliciter
1015 2896 1129 2958 post
1171 2893 1437 2948 sexdecim
1477 2892 1671 2950 annish
1703 2900 1868 2953 tenuit
1899 2945 1913 2968 ,

342 2988 524 3042 pacem
571 2976 774 3031 habens
818 2990 936 3031 cum
978 2980 1223 3035 omnibus
1267 2984 1509 3051 gentibus
1562 2985 1766 3043 vicinis.
1816 2986 1919 3044 Iste

343 3058 680 3121 Chlotharius
723 3068 987 3136 patientiae
1026 3069 1265 3135 deditus,
1307 3072 1499 3127 litteris
1543 3072 1811 3143 eruditus,
1853 3078 1919 3131 ti-

2029 1888 2112 1940 nis
2150 1903 2300 1943 suam
2341 1891 2611 1946 civitatem
2646 1894 2997 1961 transferret,
3030 1913 3096 1952 eo
3124 1902 3259 1967 quod
3285 1912 3429 1956 esset
3463 1904 3608 1958 locus

2027 1976 2345 2045 tutissimus,
2387 1988 2443 2034 et
2480 1980 2734 2037 Aletheus
2761 1995 2903 2039 esset
2946 1999 3159 2054 paratus
3183 1999 3240 2054 ιη,
3266 2004 3414 2044 suam
3446 1992 3607 2047 relin-

2024 2083 2193 2137 quens
2226 2085 2443 2124 uxorem
2466 2114 2479 2137 ,
2514 2072 2920 2130 Bertethrudem
2962 2079 3196 2147 reginam
3236 2083 3478 2139 accipere
3540 2100 3606 2140 eo

2023 2158 2165 2229 quod
2212 2170 2357 2216 esset
2405 2163 2552 2233 regio
2596 2179 2791 2234 genere
2827 2167 2895 2222 de
2936 2168 3431 2240 Burgundionibus,
3492 2176 3605 2245 ipse

2023 2260 2143 2319 post
2169 2250 2535 2308 Chlotharium
2556 2256 2584 2287 ³³
2618 2265 2799 2324 posset
2830 2274 3047 2330 regnum
3081 2278 3371 2336 assumere.
3402 2267 3600 2339 Regina

2025 2341 2390 2400 Bertethrudis
2417 2360 2539 2400 cum
2563 2346 2678 2402 haec
2697 2350 2952 2417 audisset,
2983 2354 3147 2409 verita
3173 2372 3238 2412 ne
3256 2358 3451 2413 veritas
3472 2363 3600 2417 sub-

2021 2434 2258 2505 sisteret,
2289 2438 2343 2491 in
2388 2439 2651 2508 lacrymas
2683 2438 3032 2515 prorumpens
3052 2448 3185 2504 abiit
3208 2448 3256 2505 in
3274 2453 3600 2513 cubiculum.

2022 2532 2432 2590 Leudemundus
2454 2551 2678 2592 cernens
2706 2554 2766 2595 se
2806 2538 3171 2611 hujuscemodi
3202 2543 3377 2601 verbis
3408 2548 3603 2605 habere

2021 2622 2343 2691 periculum,
2392 2623 2649 2695 fugaciler
2693 2643 2786 2697 per
2824 2638 3032 2685 noctem
3076 2630 3302 2689 Sedunis
3346 2637 3601 2705 perrexit.

2022 2713 2226 2769 Exinde
2269 2715 2492 2773 latenter
2521 2717 2640 2786 fuga
2682 2718 2993 2777 Lussovium
3023 2723 3087 2777 ad
3118 2724 3373 2781 domuum
3405 2732 3603 2784 Austa»

2020 2806 2156 2860 sium
2187 2806 2471 2863 abbatem"
2502 2810 2761 2880 pervenit.
2812 2812 2937 2867 Post
2984 2814 3097 2869 haec
3141 2816 3207 2870 ab
3250 2820 3364 2884 ipso
3411 2820 3601 2877 abbate

2021 2906 2140 2950 cum
2190 2896 2388 2951 domno
2435 2896 2744 2953 Chlotharlo
2782 2900 2863 2957 his
2907 2903 3075 2971 culpis
3118 2917 3417 2976 excusatur,
3451 2918 3506 2964 et
3534 2911 3600 2967 ad

2018 2998 2170 3040 suam
2191 3000 2438 3041 reversus
2465 2992 2547 3043 est
2572 2990 2859 3046 civitatem.
2895 2990 3231 3051 Chlotltarius
3264 2996 3551 3055 Massulaco
3576 3013 3600 3051 ρ

2018 3077 2142 3133 villa
2164 3088 2280 3133 cum
2310 3082 2619 3149 proceribus
2646 3083 2907 3149 residens,
2938 3085 3217 3141 Aletheutn
3243 3089 3307 3143 ad
3333 3105 3389 3144 se
3418 3092 3601 3149 venire

341 3168 493 3209 mens
549 3152 713 3210 Deum
737 3199 752 3223 ,
808 3156 1152 3216 ecclesiarum
1212 3172 1266 3216 et
1308 3165 1645 3220 sacerdotum
1699 3180 1922 3235 magnus
1951 3177 1995 3238 ο
2028 3167 2279 3236 przecepit
2306 3184 2320 3222 :
2353 3169 2510 3239 hujus
2539 3173 2765 3227 consilio
2796 3174 3128 3244 iniquissimo
3166 3186 3456 3249 comperto,
3489 3183 3597 3254 gla-

340 3257 671 3313 munerator,
697 3249 1016 3317 pauperibus
1045 3252 1435 3324 eleemosynam
1479 3256 1737 3324 tribuens,
1770 3256 1915 3313 beni-

340 3353 497 3408 gnum
528 3354 585 3394 se
608 3340 852 3395 omnibus
877 3355 928 3396 et
953 3340 1146 3411 pietate
1170 3347 1382 3414 plenum
1411 3348 1722 3404 ostendens.
1746 3347 1919 3405 Vena-

342 3428 485 3483 tione
514 3428 745 3484 ferarum
771 3432 934 3488 nimia
962 3434 1278 3491 assiduitate
1308 3442 1480 3502 utens,
1504 3444 1556 3492 et
1582 3444 1914 3505 postremum

342 3521 622 3577 mulierum
671 3530 723 3579 et
768 3527 1061 3595 puellarum
1104 3528 1531 3601 suggestionibus
1563 3528 1782 3586 nimium
1820 3549 1914 3589 an-

341 3629 529 3681 nuens,
563 3617 631 3670 ob
657 3616 756 3671 hoc
784 3619 997 3688 quidem
1033 3620 1459 3691 blasphematuri
1493 3636 1524 3676 a
1550 3623 1812 3679 leudibus.

415 3704 597 3761 XLIII.
636 3706 764 3762 Cum
812 3724 952 3764 anno
991 3712 1058 3765 50
1087 3713 1233 3783 regni
1261 3714 1342 3768 sui
1380 3712 1697 3785 Burgundite
1724 3720 1778 3769 et
1804 3715 1913 3769 Au-

410 3868 436 3897 α
461 3860 702 3928 Plerique
727 3862 885 3928 Editi,
914 3862 1120 3918 Urbana
1136 3882 1267 3919 cum.
1286 3865 1428 3921 Clar.
1445 3876 1493 3920 et
1516 3862 1614 3922 Ch.
1633 3860 1727 3930 aL,
1748 3866 1909 3922 Orba.

341 3926 635 4004 Utrumque
657 3948 850 4004 nomen
872 3926 1017 4004 'Urba
1043 3944 1091 3989 et
1120 3936 1275 4003 Orba,
1302 3938 1439 4004 apud
1461 3926 1910 3992 aucrores—occur-

341 4001 427 4077 rit,
454 4002 618 4077 vulgo
638 4002 830 4077 dicitur
866 4003 1031 4077 Orbe,
1063 4021 1155 4077 seu
1203 4001 1421 4077 orbant,
1446 4018 1681 4077 castrum
1710 4022 1911 4077 cogno-

329 4070 659 4158 .mi9inﬂuvio
690 4074 991 4158 impositum
1021 4076 1071 4127 in
1102 4076 1608 4158 fliurguntiieliberu
1633 4070 1906 4158 cotiiiit'atu.

411 4139 436 4178 δ
476 4139 626 4195 Colb.
660 4139 779 4197 cuni
813 4144 1076 4211 plerisque
1102 4139 1286 4207 Editis.
1312 4140 1367 4199 in
1397 4146 1540 4199 Novo
1560 4146 1685 4199 vico.
1719 4147 1912 4200 Iliona-

344 4224 455 4264 ram
480 4211 728 4288 Cointius
751 4214 1127 4288 interpretatur
1162 4216 1373 4288 (nonne.
1405 4215 1781 4288 Vincenna_(la
1822 4216 1911 4269 Vi-

342 4296 511 4356 renne,
541 4296 632 4337 seu
670 4281 915 4355 Vigenne)
948 4286 999 4338 in
1030 4287 1239 4340 Ararim
1285 4285 1456 4340 inﬂuit
1489 4302 1652 4356 prope
1694 4281 1911 4341 Pentem

342 4352 596 4405 Arleium.

411 4431 433 4456 ε
457 4420 549 4495 §ic
575 4436 785 4495 semper
808 4422 846 4478 C
868 4432 947 4479 ar.
968 4427 1033 4479 At
1058 4425 1325 4491 Boh.,Ch.
1348 4434 1401 4479 et
1418 4425 1601 4487 Frelt..
1625 4426 1908 4495 Neptriam,

342 4488 709 4563 al._Neptrico,
743 4493 881 4558 Col.,
935 4497 1108 4563 Bign..
1149 4488 1295 4561 Bar.,
1329 4497 1491 4551 Buch.
1544 4507 1597 4551 et
1632 4488 1733 4561 Ill.',
1778 4488 1913 4549 Neu;

342 4561 530 4636 striani,
556 4562 745 4636 quibus
773 4561 1018 4636 omnibus
1039 4566 1222 4621 eadem
1249 4566 1490 4620 Neustria
1516 4567 1837 4636 designatur.

409 4629 433 4667 ά
474 4629 769 4688 Graftioues
813 4634 971 4688 iidem
1019 4648 1171 4690 erant
1206 4651 1268 4689 ac
1308 4638 1527 4690 comites
1573 4629 1665 4691 seu
1709 4636 1913 4703 judice;

340 4715 611 4774 pagorum,
642 4714 697 4756 ut
722 4721 787 4757 ex
820 4705 979 4759 variis
1005 4706 1308 4761 auctoribus
1337 4707 1565 4774 antiquis
1592 4712 1752 4774 patet,
1778 4720 1912 4774 quus

341 4771 609 4855 videtis'i’tt
643 4774 822 4855 Qangii
853 4774 1288 4855 Glossarioublos
1312 4771 1485 4855 autem
1514 4771 1910 4855 sic‘dictos'pu-

340 4849 411 4913 tat
440 4840 733 4897 Chifﬂetius
762 4840 815 4897 in
847 4846 1091 4900 Anastasi
1136 4846 1442 4911 Cliilderici,
1492 4847 1629 4912 quod
1670 4840 1911 4913 graphia-

338 4910 469 4984 rium
500 4913 643 4984 regis
663 4915 1011 4969 custodirent.
1046 4917 1337 4971 Graviones
1362 4910 1555 4984 passim
1585 4910 1908 4979 scribuntur,

336 4981 690 5056 ethudteQue
731 4985 1031 5053 Lantgravii
1074 4987 1212 5056 apud
1259 4981 1553 5040 Gerittanos
1595 4986 1910 5041 nobilissimi

336 5050 613 5107 habentur.

410 5129 431 5206 ς
472 5123 580 5206 μ,
618 5124 1016 5206 ferocissimum
1050 5124 1204 5206 infra,
1237 5143 1451 5206 contain.
1491 5196 1501 5206 _
1639 5196 1649 5206 ο
1697 5178 1708 5188 ,

406 5188 427 5229 ί
472 5188 866 5267 Brunichildem
902 5188 1029 5250 falso
1059 5212 1086 5248 a
1124 5188 1254 5267 Jona
1290 5209 1341 5251 et
1368 5196 1689 5267 Fredegario
1719 5195 1911 5250 multo-

332 5278 448 5316 rum
496 5266 777 5319 criminum
820 5276 1120 5321 accusatatn
1162 5264 1328 5321 fuisse
1376 5264 1613 5333 pluribus
1639 5269 1913 5321 contendit

332 5334 591 5406 Cointius,
622 5351 801 5401 quem,
834 5338 875 5390 si
906 5337 1072 5403 lubet,
1096 5339 1336 5403 consule,
1364 5338 1693 5406 putissitnum
1716 5338 1781 5389 ad
1812 5354 1909 5391 an-

332 5419 456 5476 num
488 5400 612 5472 615,
646 5405 734 5461 ubi
762 5400 875 5475 ejus
906 5400 1200 5476 apolo'giam
1237 5400 1440 5473 scribit,
1474 5422 1535 5461 ac
1563 5406 1746 5460 laudes
1768 5406 1905 5474 ejus-

331 5474 451 5546 dem
482 5490 543 5546 ex
572 5478 725 5530 variis
752 5474 1108 5532 monumentis
1139 5481 1399 5546 congerit.
1435 5479 1561 5545 Ejus
1591 5480 1907 5544 supplicmm

331 5544 646 5618 describitur
683 5562 893 5614 quoque
924 5547 985 5618 in,
1007 5546 1153 5599 Marii
1197 5544 1523 5618 appendice;
1564 5547 1738 5601 locum
1779 5546 1912 5601 inte-

329 5630 482 5682 grum
508 5616 667 5671 habes
692 5618 742 5670 in
760 5616 1054 5685 appendice
1079 5616 1244 5686 hujus
1256 5619 1554 5673 voluminis.

403 5696 427 5733 κ
452 5686 714 5741 Clutarius
736 5687 779 5755 l,
805 5688 943 5741 lilius
964 5687 1273 5752 Chlodovei,
1296 5689 1559 5743 defunctis
1583 5687 1834 5744 fratribus
1857 5697 1909 5743 ct

332 5755 611 5823 nepotibus
642 5758 772 5823 suis,
803 5758 1162 5814 tuonarchiam
1192 5760 1512 5815 obtinuerat.

1944 4548 1996 4608 D

2020 3254 2110 3314 dio
2137 3258 2403 3316 trucidare
2426 3260 2604 3329 jussit.

2092 3353 2192 3406 AN.
2227 3368 2408 3408 nam.
2444 3384 2515 3394 —
2536 3356 2691 3409 Anno
2726 3356 2795 3412 55
2816 3367 2840 3406 ει
2878 3358 3022 3427 regni
3054 3357 3346 3429 Chlotharii
3378 3363 3599 3419 Warna~

2023 3440 2260 3498 charium
2292 3443 2546 3514 majorem
2576 3441 2765 3501 domus
2794 3462 2911 3502 cum
2953 3448 3211 3508 universis
3242 3454 3597 3522 pontificibus,

2021 3532 2114 3589 sed
2140 3536 2192 3588 et
2223 3534 2731 3605 Burgundtefaroues
2762 3546 2782 3575 ι’
2819 3539 3081 3611 Bouugelu
3106 3544 3223 3598 villa
3247 3547 3310 3600 ad
3336 3561 3393 3602 se
3424 3550 3602 3604 venire

2023 3624 2293 3694 prtecepit,
2326 3625 2505 3694 ibique
2546 3629 2756 3680 cunctis
2785 3628 2993 3683 illorum
3025 3633 3183 3703 625
3207 3636 3363 3704 justis
3395 3642 3600 3708 petitio~

2023 3712 2176 3769 nibus
2198 3722 2459 3780 annuens,
2495 3718 2938 3785 praeceptiouibus
2969 3724 3202 3778 roborat.

2093 3874 2123 3913 δ
2160 3876 2320 3943 Boh.,
2350 3893 2438 3946 per
2470 3879 2721 3933 sexdecim
2751 3897 2933 3938 annos.
2967 3887 3150 3953 Freh.,
3185 3900 3295 3958 post
3317 3893 3603 3961 quindecim

2021 3963 2178 4001 annos
2185 3985 2200 4001 ο

2100 4016 2216 4097 ιδιά
2258 4024 2358 4076 est,
2391 4016 2737 4087 vituperatur,
2764 4024 2951 4091 gallice
2982 4026 3162 4095 blame,
3196 4040 3249 4084 ut
3275 4032 3384 4101 jam
3416 4036 3603 4092 obser-

2025 4101 2288 4140 V3V|ﬂiUS.

2021 4224 2040 4277 ι
2096 4154 2128 4237 1.
2159 4155 2357 4211 Cltesn.
2395 4166 2450 4213 et
2488 4158 2651 4215 Freb.
2675 4201 2692 4228 ,
2735 4161 3073 4219 Tlteuddanis
3144 4168 3243 4223 Ch.
3276 4171 3380 4237 aL,
3427 4172 3603 4229 Eude-

2043 4241 2175 4277 ants.

2043 4241 2175 4278 αηιε.

2092 4291 2118 4331 ¹ι
2160 4294 2794 4372 Sic_Cl:irom._,_optime.
2817 4299 2969 4355 Culb.
3003 4314 3056 4358 et
3085 4306 3306 4372 Cnesn.,
3338 4310 3598 4367 Maurole-

2020 4365 2188 4446 gjam;
2217 4368 2319 4445 Ch.
2361 4368 2457 4446 ah,
2497 4362 3067 4446 _Mairrolegico.AEditi
3116 4362 3380 4446 plerique,
3414 4362 3599 4439 ivi—(lavat

2021 4435 2365 4507 Auroleginm.
2398 4438 2470 4492 De
2496 4437 2593 4492 hac
2620 4435 2775 4507 supra
2808 4442 3055 4497 diximus.

2098 4503 2115 4541 ι
2257 4508 2591 4588 βιδτοφηέι
2619 4503 2780 4588 ῼόμ)ἒ
2802 4522 2854 4588 et
2881 4511 3015 4588 Boii.
3053 4530 3173 4588 cum
3207 4517 3375 4574 Editis
3405 4523 3596 4588 pleris-

2021 4590 2146 4660 quo,
2172 4576 2491 4660 §idprtensis.
2518 4579 2583 4631 Et
2602 4579 2678 4660 sic
2700 4579 2945 4660 inferius.
2969 4584 3262 4660 S_edunutn,
3282 4576 3595 4660 vulgoSt'on,

2020 4644 2071 4698 in
2108 4646 2332 4718 valesia,
2368 4648 2432 4718 de
2463 4656 2562 4716 qua
2597 4648 2728 4703 urbe
2752 4648 2865 4718 jam
2897 4653 3144 4709 diximus.

2087 4716 2308 4797 m.Freh.
2326 4728 2378 4771 et
2393 4716 2768 4799 Chnpatric‘ius
2783 4720 2889 4799 qui.
2921 4725 3210 4799 ,τῃ-εἰρίνεα
3232 4727 3600 4799 Ed.nonnulli,

2013 4794 2069 4839 et
2086 4789 2189 4869 sit;
2211 4786 2919 4869 s_emper,“l.3c_rtr'ttdem,:alit,
2944 4786 3273 4869 ΔΒενὲιονιιιξςειη
3302 4786 3592 4869 appellant:

2013 4863 2112 4978 Ch;
2145 4855 2301 4977 (Colit.
2335 4867 2388 4912 et
2415 4859 2500 4912 alii
2532 4857 2693 4924 Editi,
2722 4855 2817 4913 sub
2857 4858 3139 4920 Chfotario.
3172 4855 3597 4942 Frettlz’psa'ru'ti

2114 4944 2138 4975 n
2164 4943 2291 4978 arto.
2758 4942 2776 4957 ’

2114 4936 2291 4979 otarto.
2758 4942 2776 4957 ’

2092 5004 2123 5071 f'_
2146 4997 2279 5050 Editi
2296 4996 2567 5071 plerique,
2595 4999 2663 5071 ad
2691 4998 3142 5071 domum_Auatmii
3168 5009 3377 5063 abbatis.
3412 5009 3501 5065 Sic
3541 5022 3599 5071 et

2015 5063 2189 5129 Colb.,
2220 5063 2319 5141 qui
2338 5063 2472 5141 cunt
2489 5066 2650 5141 Frelt.
2671 5080 2723 5123 et
2746 5071 2844 5141 Ch.
2864 5068 2933 5127 al.
2964 5076 3121 5131 habet
3147 5063 3492 5134 Austrum—Is

2016 5134 2544 5223 satietus'Ettstlasitts
2574 5140 2714 5193 beati
2765 5137 3407 5223 Qo‘ltttiibarii_successor,
3444 5134 3597 5223 cujus

2017 5207 2119 5259 vita
2144 5222 2205 5260 ex
2232 5206 2362 5279 Jona
2388 5208 2611 5262 habetur
2638 5211 2834 5264 smculu
2862 5210 2894 5266 ti
2924 5208 3117 5269 “cited.
3145 5219 3281 5273 inter
3302 5206 3434 5276 Acta
3455 5206 3591 5279 Stin:

2014 5286 2243 5340 ctorutn,
2275 5278 2339 5330 ad
2371 5294 2566 5332 annum
2596 5278 2717 5334 6‘25.

2088 5356 2115 5429 P-
2152 5346 2315 5429 Qlarq
2362 5346 2699 5429 Δζαρξᾳιαειςηι.
2734 5348 2900 5419 Hujus
2929 5353 3067 5408 villa:
3088 5357 3223 5412 situs
3250 5360 3467 5429 ignotus
3484 5374 3590 5421 est.

2022 5416 2150 5469 Vide
2182 5415 2271 5469 lib.
2304 5434 2352 5470 tv
2373 5419 2441 5471 de
2465 5419 2540 5472 lle
2564 5415 2845 5486 Diplowai.

2035 5557 2065 5611 ά
2086 5496 2113 5534 (ι
2151 5486 2408 5609 ῗὶοϐἷέέξιτ.
2441 5489 2632 5544 (ἔδειετὶ
2665 5504 2850 5544 omnes
2872 5506 2991 5546 cum
3024 5496 3293 5564 Aimoino,
3334 5520 3473 5558 anno
3499 5506 3591 5573 ii,

2091 5570 2149 5608 es
2178 5596 2191 5611 .
2332 5595 2347 5611 .

2015 5556 2065 5611 id
2091 5562 2191 5617 est,
2224 5556 2347 5611 617.

2089 5635 2109 5663 ι’
2142 5625 2240 5708 “Sic
2268 5624 2433 5708 illam;
2472 5638 2526 5708 at
2566 5624 2718 5708 Co-l‘b.‘
2756 5645 2874 5708 cum
2903 5630 3067 5701 Etlit.,
3110 5640 3427 5708 pontiﬁcibus
3462 5643 3591 5695 Bur.

2014 5697 2216 5777 guntlt'ae
2244 5706 2288 5749 ct
2314 5698 2592 5777 (amnibus.
2632 5698 2761 5777 Boii.
2783 5740 2798 5765 ,
2834 5697 3146 5772 Burgundii;
3176 5697 3385 5777 (breuis.
3416 5714 3589 5763 Cann-

2019 5783 2110 5823 nes
2133 5769 2314 5823 decem
2334 5782 2393 5845 cx
2423 5766 2537 5819 end.
2573 5781 2665 5821 tus.
2696 5766 3007 5831 liltcmcnSis
3036 5766 3283 5837 ιολμριιέδιω
3315 5780 3473 5836 refert
3495 5784 3587 5833 Ιιρη
