3946 6188
324 348 428 405 635

1487 342 1907 400 FREDEGABII
1940 339 2387 432 .SCIIOLASTICI

3473 344 3572 400 636

395 461 1043 534 Xl.V.Langobardorum
1065 474 1194 530 gens
1216 458 1671 529 quemadmodum
1704 457 1902 513 tributa
1933 460 1981 517 Α
2010 454 2215 524 pcgius,
2245 461 2303 509 et
2348 451 2545 515 Gauto,
2587 449 2655 505 ab
2695 449 2879 520 Agone
2915 458 2942 498 ι
2974 463 3099 521 rege
3127 447 3195 504 ad
3220 447 3566 510 Chlotharium

324 557 610 613 duodecim
641 555 805 611 millia
843 553 1138 610 solidorum
1170 552 1361 625 ditioni
1394 552 1722 609 Francorum
1753 552 1909 608 annis

324 650 548 719 singulis
598 646 987 712 dissolvebant,
1016 645 1284 711 referam;
1314 644 1399 700 vel
1424 659 1532 715 quo
1556 642 1748 699 ordine
1777 642 1911 697 duas

325 742 587 804 civitates,
635 740 931 810 Augustam
975 737 1304 797 et,Siusiutn
1339 745 1365 774 ι
1393 751 1517 792 cum
1549 736 1835 793 territoriis
1880 751 1910 790 a

328 841 477 899 parte
514 829 845 884 Francorum
886 836 1253 893 cassaverant,
1285 842 1393 883 non
1423 827 1783 884 abscondant.
1810 827 1908 884 Dc-

326 920 508 975 functo
537 918 666 990 Clep
718 919 955 989 ipsorum
984 918 1010 957 δ
1041 918 1304 989 principe,
1356 918 1642 974 duodecim
1686 919 1853 975 duces
1887 931 1909 959 ο

326 1012 804 1079 Langobardorum
835 1012 1116 1067 duodecim
1147 1013 1304 1066 annis
1332 1013 1452 1067 sine
1476 1013 1691 1082 regibus
1721 1012 1914 1067 transi-

332 1114 549 1173 gerunt.
580 1103 809 1173 Ipsoque
859 1112 1123 1172 tempore,
1150 1104 1289 1158 sicut
1314 1118 1477 1172 supra
1506 1103 1766 1172 scriptum
1794 1102 1919 1171 legi-

328 1208 439 1264 tur,
472 1215 567 1269 per
606 1199 722 1255 loca
770 1199 825 1253 in
874 1215 1100 1269 regnum
1146 1198 1473 1255 Francorum
1524 1207 1917 1268 proruperunt;

330 1304 428 1359 pro
457 1304 519 1344 ea
569 1289 989 1358 prmsumptione
1036 1291 1089 1343 in
1119 1290 1508 1359 compositione
1538 1291 1829 1359 Augustam
1864 1296 1919 1343 ct

331 1379 569 1435 Siusium
602 1378 850 1435 civitates
879 1396 999 1435 cum
1032 1380 1239 1449 integro
1285 1380 1500 1435 illorum
1548 1379 1818 1435 territorio
1862 1388 1919 1436 et

333 1472 551 1541 pepulo,
585 1469 826 1540 partibus
848 1470 1241 1526 Guntcbramni
1273 1471 1629 1527 tradiderunt.
1651 1471 1780 1527 Post
1802 1471 1919 1527 haec

333 1562 655 1633 legationem
685 1561 753 1617 ad
800 1562 1113 1618 Mauricium
1161 1564 1539 1633 imperatorem
1582 1561 1849 1633 dirigunt;
1884 1563 1918 1617 il

335 1653 620 1710 duodecim
649 1652 817 1709 duces
844 1654 1084 1724 singulos
1105 1654 1390 1724 legatarios
1415 1656 1706 1721 destinant,
1733 1669 1919 1725 pacem

334 1752 392 1801 et
439 1745 793 1816 patrocinium
848 1744 1053 1813 imperii
1100 1755 1367 1815 petentes.
1406 1745 1678 1815 lidemquc
1703 1755 1757 1802 et
1784 1746 1921 1800 alios

2014 558 2194 613 regem
2230 542 2590 607 destinantur,
2624 549 2870 610 petentes
2901 549 2960 594 ut
2996 539 3087 594 illa
3117 538 3392 595 duodecim
3421 545 3567 601 millia

2014 634 2340 703 solidorum,
2374 648 2494 704 quae
2545 632 2702 689 annis
2754 630 2982 701 singulis
3022 630 3345 687 Francorum
3386 637 3571 689 arariis

2012 726 2402 792 dissolvebant,
2447 723 2762 783 debuissent
2809 724 3032 792 cessari,
3081 723 3394 780 exhibentes
3440 725 3570 796 iuge-

2015 819 2168 874 niose
2202 820 2464 875 secretius
2493 819 2591 895 tria
2622 817 2784 873 millia
2815 816 3038 882 solidos,
3058 831 3129 872 ex
3156 814 3345 885 quibus
3368 816 3574 871 Warna-

2015 913 2235 970 charius
2262 913 2432 979 mille,
2469 910 2851 969 Gundelandus
2881 910 3049 976 mille,
3080 919 3135 966 et
3157 909 3370 966 Cbucus
3388 908 3415 947 ιι
3439 910 3574 966 mille

2014 1014 2342 1074 acceperunt
2373 1020 2388 1058 :
2427 1001 2749 1059 Chlothario
2794 1015 2923 1059 vero
2973 1000 3187 1071 triginta
3230 1014 3327 1056 sex
3364 999 3381 1038 ί
3415 1000 3567 1055 millia

2017 1098 2314 1153 solidorum
2338 1096 2555 1153 insimul
2578 1093 2927 1151 exhibebant.
2951 1094 3129 1160 Quare
3159 1091 3385 1147 consilio
3410 1106 3579 1161 supra—

2018 1191 2364 1260 scriptorum,
2392 1190 2485 1258 qui
2532 1178 2746 1243 occulte
2811 1184 3018 1241 xeniati
3066 1184 3303 1250 fuerant,
3333 1182 3577 1239 Chlotha~

2020 1281 2131 1336 rius
2176 1280 2288 1350 ipsa
2334 1279 2531 1334 tributa
2564 1293 2593 1333 a
2636 1287 2786 1347 parte
2818 1275 3295 1348 Langobardorum
3340 1277 3583 1340 cassavit;

2020 1380 2075 1428 et
2091 1373 2383 1427 amicitiam
2417 1382 2727 1442 perpetuam
2742 1385 2882 1427 mm
2913 1366 3280 1441 Langobardis
3299 1382 3587 1423 sacramen-

2022 1462 2092 1520 tis
2112 1474 2168 1520 et
2196 1467 2364 1534 pactis
2394 1463 2650 1518 ﬁrmavit.
3350 1530 3351 1533 η

2091 1556 2193 1611 Aa.
2221 1570 2434 1610 ncxvut.
2468 1585 2536 1595 —
2559 1553 2743 1609 XLVI.
2780 1554 2935 1608 Anno
2960 1551 3029 1608 35
3064 1549 3081 1603 i
3116 1550 3271 1620 regni
3301 1548 3587 1605 Cltlmharii

2022 1645 2391 1701 Bertethrudis
2420 1644 2604 1714 regina
2636 1643 2883 1708 moritur,
2906 1656 3066 1711 quant
3096 1642 3257 1696 unico
3307 1654 3484 1694 amore
3517 1638 3593 1693 di-

2024 1737 2230 1791 lexerat
2260 1736 2630 1799 Chlotharius,
2658 1745 2712 1789 et
2737 1748 2928 1789 omnes
2959 1733 3144 1788 leudcs
3169 1732 3460 1786 bonitatem
3488 1729 3594 1798 ejus

336 1834 622 1904 legatarios
670 1832 953 1888 duodecim
1001 1834 1067 1888 ad
1100 1835 1561 1890 Guntchramnum
1607 1844 1662 1891 et
1702 1834 1920 1892 Childe-

2049 1837 2313 1881 rernentes
2341 1841 2392 1877 νο
2411 1826 2693 1879 hementer
2712 1838 2829 1877 ama
2840 1835 3047 1877 verant.

337 1926 546 1982 berlum
597 1924 891 1988 destinant,
935 1934 991 1980 ut
1040 1928 1393 1995 patrocinium
1446 1937 1501 1980 et
1553 1927 1918 1984 defensionem

339 2019 668 2074 Francorum
725 2015 1021 2082 habentes,
1072 2017 1354 2072 duodecim
1417 2016 1581 2072 millia
1629 2019 1920 2075 solidorum

341 2117 498 2168 attuis
528 2114 755 2183 sugulis
799 2114 885 2168 bis
912 2113 1121 2168 duobus
1153 2113 1367 2181 regibus
1408 2115 1461 2167 in
1494 2113 1687 2170 tributa
1731 2115 1921 2182 imple—

341 2217 485 2272 rent,
520 2206 708 2261 vallem
758 2214 1115 2275 cognomento
1145 2206 1417 2274 Ametegis
1472 2206 1714 2275 partibus
1756 2207 1925 2262 Gunt-

341 2298 583 2352 chramni
613 2307 913 2365 cassantes,
946 2306 1003 2350 ut
1025 2296 1106 2350 his
1145 2296 1352 2367 legatis,
1377 2296 1464 2351 ubi
1499 2298 1617 2365 plus
1661 2313 1926 2369 congrue—

344 2389 459 2455 bal,
508 2390 861 2459 patrocinium
908 2388 1010 2444 sibi
1056 2388 1353 2442 firmarent.
1386 2388 1512 2443 Post
1555 2391 1670 2445 haec
1720 2390 1927 2461 integra

344 2482 632 2536 ilev0tione
652 2481 1006 2549 patrocinium
1033 2479 1237 2550 eligunt
1263 2478 1612 2536 Francorum.
1627 2481 1735 2537 Nec
1756 2497 1926 2550 mora,

349 2582 473 2644 post
505 2574 767 2643 permissu
811 2572 1200 2630 Guntchramni
1247 2581 1303 2629 et
1348 2572 1679 2630 Childeberti
1726 2577 1930 2630 Autha-

351 2666 491 2722 rium
529 2664 559 2703 ἀ
590 2664 781 2721 ducem
832 2679 993 2734 super
1043 2680 1104 2721 se
1145 2664 1485 2734 Langobardi
1539 2666 1829 2721 sublimant
1880 2670 1932 2723 in

352 2772 542 2827 regno.
572 2756 726 2812 Alius
775 2755 1074 2812 Autharius
1104 2755 1359 2826 idemque’
1394 2756 1526 2825 dux,
1555 2772 1676 2813 cum
1728 2759 1935 2830 integro

349 2865 452 2906 suo
482 2850 682 2906 ducatu
724 2862 783 2903 se
832 2847 1023 2903 ditioni
1071 2846 1292 2902 tradidit
1336 2846 1573 2918 imperii,
1602 2848 1780 2919 ibique
1807 2864 1935 2920 per-

351 2941 571 3006 mansit,
600 2950 654 2996 ct
683 2937 976 2996 Autbarius
996 2936 1163 3010 626
1190 2954 1281 2994 rex
1315 2938 1510 2994 tributa
1553 2954 1675 3010 qua:
1722 2939 1937 3013 Lango-

356 3034 509 3092 bardi
556 3033 623 3088 ad
675 3041 883 3103 partem
937 3030 1268 3086 Francorum
1311 3031 1741 3103 spoponderant,
1783 3032 1940 3089 annis

2101 1922 2198 1973 AN.
2232 1933 2426 1972 ncnn.
2462 1947 2530 1957 -—
2563 1916 2769 1971 XLVII.
2830 1918 2985 1969 Anno
3016 1915 3084 1969 39
3111 1922 3133 1950 ι
3171 1928 3323 1983 regni
3349 1909 3593 1967 Unlotha-

2028 2011 2116 2073 rii,
2154 2011 2511 2079 Dagohertnm
2553 2010 2721 2063 ﬁlium
2754 2024 2907 2063 suum
2940 2017 3246 2063 consortem
3277 2005 3427 2076 regni
3465 2005 3599 2068 facit,

2028 2116 2257 2169 eumque
2305 2116 2465 2165 super
2515 2102 2819 2155 Austrasios
2866 2114 3047 2169 regem
3097 2099 3352 2160 instituit,
3380 2097 3602 2153 retinens

2028 2192 2129 2248 sibi
2178 2192 2318 2260 quod
2376 2192 2623 2246 Ardenna
2652 2200 2705 2244 et
2738 2192 2973 2261 Vosagus
3015 2190 3247 2245 lversus
3296 2188 3516 2244 Ncuster
3554 2192 3604 2241 et

2034 2286 2391 2355 Burgundiatn
2426 2285 2801 2339 excludebant.

2102 2406 2203 2456 AN.
2239 2416 2461 2455 nexam.
2489 2398 2803 2453 ——XI.Vlll.
2854 2398 3008 2452 Anno
3059 2397 3129 2450 40
3176 2399 3329 2465 regni
3358 2394 3601 2449 Clilotha-

2034 2491 2121 2558 rii,
2153 2491 2314 2545 homo
2352 2489 2591 2560 quidam,
2624 2489 2838 2544 nomine
2881 2488 3063 2550 Samo,
3094 2488 3319 2542 natione
3358 2485 3601 2547 Francus,

2034 2584 2102 2638 de
2132 2597 2265 2651 pago
2287 2582 2608 2651 Sennonago
2636 2590 2675 2617 ω
2699 2582 2877 2651 plures
2906 2594 3089 2637 secum
3116 2592 3271 2650 neget
3284 2580 3458 2635 iantes
3484 2576 3609 2632 asci-

2036 2674 2130 2741 vit,
2175 2673 2244 2728 ad
2286 2673 2446 2743 627
2475 2671 2837 2728 exercendum
2894 2671 3163 2741 negotium
3219 2672 3275 2725 in
3324 2670 3536 2727 Sclavos
3560 2675 3607 2730 ⁸³.

2036 2776 2392 2835 cognomento
2433 2764 2699 2828 \Vinidos,
2750 2763 3005 2834 perrexit.
3048 2763 3224 2819 Sclavi
3268 2764 3383 2834 jam
3427 2770 3609 2818 contra

2043 2862 2265 2927 Avares,
2291 2869 2646 2930 cognomento
2673 2858 2889 2914 Chunos
2924 2864 2976 2923 ο.
3007 2867 3063 2912 et
3090 2872 3275 2926 regem
3308 2870 3491 2913 eorum
3519 2852 3612 2907 Ga-

2038 2967 2232 3025 ganum
2262 2962 2540 3023 coeperant
2569 2952 2848 3008 rebellare.
2885 2949 3085 3007 Winidi
3118 2948 3327 3005 Befulci
3362 2958 3388 2997 ι’
3419 2943 3612 3002 Chnnis

2042 3045 2249 3101 fuerant
2266 3044 2375 3114 jam
2401 3044 2469 3099 ab
2489 3043 2803 3114 antiquitus,
2839 3053 2896 3099 ut
2916 3058 3039 3099 cum
3069 3040 3246 3095 Chuni
3286 3041 3342 3095 in
3382 3035 3612 3094 exercitu

356 3124 584 3194 singulis
606 3122 857 3179 reddidit.
872 3121 1001 3177 Post
1016 3121 1134 3193 ejus
1154 3122 1449 3178 discessum
1473 3121 1611 3178 Illius
1630 3122 1748 3193 ejus
1761 3127 1876 3194 Ago
1890 3134 1936 3194 ο,

2049 3145 2229 3193 contra
2273 3146 2489 3208 gentem
2534 3136 2829 3207 quamlibet
2875 3134 3284 3205 aggrediebaut,
3316 3130 3486 3188 Clmni
3531 3140 3616 3197 prc

359 3219 415 3274 ίιι
473 3232 698 3289 τεςηιιηι
740 3214 1058 3271 sublimat“
1084 3256 1100 3284 ι
1151 3214 1403 3271 similiter
1455 3215 1706 3284 implesse
1751 3215 1940 3287 disno-
1963 3202 2011 3265 ο
2046 3228 2239 3283 casuis
2261 3202 2496 3283 adunato
2518 3202 2731 3283 illorum
2748 3202 2990 3282 exercitu
3016 3226 3256 3289 stabant,
3284 3221 3479 3278 Winidi
3502 3231 3616 3274 vero

357 3320 755 3461 “Trocmi.
777 3430 847 3442 —
870 3402 1028 3456 Anno
1076 3398 1148 3456 34
1180 3396 1199 3437 ί
1232 3398 1382 3468 regni
1433 3388 1753 3470 Cblotbaru,
1784 3400 1947 3469 legati

365 3504 477 3551 tres
499 3495 706 3550 nobiles
732 3509 800 3549 ex
829 3502 990 3565 gente
1015 3489 1486 3561 Langobardorum
1501 3490 1766 3560 Agiull‘us,
1787 3492 1947 3548 Pom-

367 3686 486 3730 trus
514 3668 868 3728 Delalandeiu
895 3670 1287 3741 Supplementa,
1304 3670 1641 3741 antiquorum
1674 3672 1947 3729 Concilio—

370 3762 488 3800 rum
512 3744 871 3815 Galliae,_pag.
900 3740 1084 3815 δείξω
1114 3756 1205 3815 au.
1232 3740 1358 3805 618,
1386 3757 1521 3815 quos
1545 3746 1597 3815 in
1626 3743 1725 3815 hac
1744 3744 1949 3815 synodo

369 3814 617 3885 conditos
652 3810 949 3885 existimat.
990 3810 1306 3885 Complures
1331 3810 1433 3866 sub
1457 3813 1672 3868 nomine
1716 3810 1946 3885 lienegeo

370 3886 453 3940 sili
481 3884 618 3939 villae
641 3883 838 3937 faciunt
863 3883 1023 3936 situm
1040 3881 1193 3951 istius
1210 3880 1496 3947 incertum,
1516 3898 1634 3951 quae
1658 3885 1797 3949 regia
1822 3880 1948 3951 fuit;

370 3898 453 3940 stu
481 3898 618 3939 villae
641 3898 838 3937 tactum
863 3898 1023 3936 suum
1040 3898 1193 3935 tsuus
1210 3898 1496 3947 incertum,
1554 3899 1634 3937 uae
1658 3898 1797 3949 regia
1822 3898 1948 3951 luit;

370 3957 529 4024 vulgo
557 3954 804 4010 dicuntur
847 3951 1049 4024 Boueil.
1102 3950 1467 4024 Ilic_(_lointius
1514 3898 1787 4024 sesignari
1839 3958 1953 4010 vult

369 4022 488 4080 eam
513 4041 630 4094 quae
659 4027 710 4079 in
758 4023 964 4090 Briegio
1005 4035 1168 4090 prope
1209 4022 1512 4094 Matronam
1543 4022 1655 4078 sits
1682 4036 1764 4079 est
1812 4025 1953 4081 haud

372 4092 558 4209 procul
614 4110 641 4148 a
689 4094 903 4150 Calensi
950 4094 1306 4158 monasterio;
1339 4092 1425 4145 alii
1467 4093 1692 4148 alteram
1734 4096 1788 4150 in
1825 4111 1953 4168 agro

396 4162 659 4209 ’nrieinnei
688 4166 935 4209 nnsilam-
970 4162 1102 4209 Vide
1130 4162 1220 4209 lih-
1246 4166 1297 4209 iv
1323 4163 1389 4209 de
1412 4164 1489 4209 ΒΩ
1520 4164 1807 4209 Dinlnmnt-

396 4162 659 4221 ’arisicnsi
688 4166 935 4232 positam.
970 4162 1102 4217 Vide
1130 4162 1299 4234 libriv
1323 4163 1389 4217 de
1412 4164 1489 4218 Bc
1520 4164 1807 4234 Diplomat.

447 4247 471 4273 ⁸
506 4241 576 4293 Ida
595 4242 912 4306 cstAugusta
935 4232 1189 4306 Prmtorist
1213 4232 1574 4306 Salassorum,
1588 4232 1753 4305 vulgo
1769 4238 1952 4302 Aouu;

372 4309 587 4363 Susium
636 4303 787 4372 vero,
818 4320 913 4361 seu
965 4304 1270 4376 Segusium,
1313 4303 1488 4376 Suae;
1528 4321 1648 4376 qua:
1690 4303 1846 4361 antea
1880 4323 1950 4362 ex

374 4379 523 4433 Italia
573 4378 979 4444 Transpadana,
1036 4381 1147 4426 tum
1198 4374 1253 4428 in
1309 4374 1951 4443 Liguria'censebantur,

377 4461 498 4516 post
525 4452 660 4504 hanc
683 4448 982 4503 cessionem
1004 4444 1069 4516 ad
1088 4444 1443 4516 B_urgundiam
1468 4446 1802 4514 pertinuere.
1819 4446 1954 4503 Vide

379 4514 571 4575 Valesii
599 4520 861 4574 notitiam.
897 4516 1020 4580 Ed.,
1050 4514 1210 4580 infra,
1240 4517 1309 4586 qd
1334 4525 1550 4586 partem.

448 4570 959 4657 hiFicth‘Clie—pioso
981 4570 1209 4643 summa:
1232 4570 1359 4654 Chf,
1389 4584 1575 4657 Clepeo
1610 4604 1830 4645 summa.
1861 4588 1947 4647 Al.
1975 4570 2029 4630 Ῑ)

376 4661 497 4719 Ed.,
533 4661 763 4727 (Ilepiosa
790 4659 1035 4727 principe.

452 4741 473 4767 ο
511 4730 704 4785 Paulus
740 4726 882 4784 Diae.
916 4726 1129 4798 triginta
1160 4729 1397 4800 quinque
1420 4726 1585 4784 duces
1614 4727 1780 4785 fuisse
1811 4732 1948 4786 scri-

375 4801 451 4857 bit
479 4801 572 4856 lih.
604 4817 640 4855 ll
669 4816 790 4857 can.
822 4798 910 4853 52.

413 4803 451 4855 it
479 4803 572 4856 lih.
604 4817 640 4855 ll
669 4816 790 4856 can.
822 4803 910 4853 52.

445 4816 968 4940 ίιιἮὸιῖίΪὲιΡὲιῖἷιᾟοι
983 4869 1109 4939 Ed.,
1124 4868 1503 4940 Chlotharium.
1517 4868 1645 4940 Alii,
1667 4885 1782 4923 cum
1796 4870 1951 4924 Chlo-

373 4944 563 4999 thario.
592 4941 728 4997 Vide
751 4938 935 4996 lithn
967 4938 1101 4995 Hist.
1135 4940 1302 5009 Lang.
1338 4939 1491 4994 Paul.
1516 4938 1666 4996 Diac.

444 5026 467 5049 '
497 5016 613 5086 Ago
645 5012 1026 5086 seuAAgil‘ulfus
1047 5010 1485 5086 _Autharii_filius
1516 5024 1621 5066 non
1651 5010 1766 5086 fuit.
1799 5012 1951 5068 Unde

371 5080 595 5166 ltmc‘aTd
628 5082 985 5166 Ailoloaldum
1030 5080 1233 5166 Agonis
1286 5080 1449 5163 filium
1481 5082 1780 5166 revocanda
1830 5098 1952 5138 esse

370 5146 1949 5302 rzagajasszgaizt‘naidasassesasses

447 5296 463 5333 ί
497 5298 587 5351 Sic
616 5294 850 5350 Clarom.
880 5291 1096 5359 Czeteri,
1120 5309 1255 5346 anno
1277 5291 1369 5354 35,
1397 5292 1487 5361 qui
1515 5303 1597 5347 est
1624 5294 1751 5349 6I8.

442 5375 467 5410 κ
499 5367 623 5433 Alii,
659 5366 943 5433 Agilulfus,
977 5363 1276 5434 Pompeius,
1309 5362 1605 5434 Gut0._Ago
1644 5373 1844 5429 autem,
1870 5379 1949 5419 se-

370 5431 829 5490 cundum'Cointii
885 5431 1170 5500 calculum,
1219 5444 1347 5488 tunc
1386 5431 1670 5489 defunctus
1718 5444 1856 5490 erat.
1886 5436 1947 5492 Si

373 5518 574 5572 tamen,
624 5515 685 5561 ut
722 5507 843 5561 aliis
886 5506 1078 5574 placet,
1112 5519 1201 5560 an.
1236 5500 1342 5559 592
1372 5503 1621 5574 thronum
1668 5505 1833 5560 subiit
1882 5507 1949 5561 ad

370 5594 540 5633 annos
556 5578 646 5643 25,
667 5586 724 5629 ttt
744 5572 928 5629 scribit
949 5576 1139 5628 Paulus
1170 5576 1339 5639 Diac.,
1372 5572 1436 5643 ad
1452 5572 1594 5627 hunc
1622 5588 1820 5631 annum
1844 5576 1950 5631 617

373 5642 639 5718 pervenit,
670 5646 901 5718 indeque
934 5646 1230 5718 iirmabitur
1257 5644 1381 5718 cod.
1408 5642 1642 5718 Clarom_.
1670 5646 1848 5718 lectio.

443 5719 470 5756 ³·
503 5713 628 5784 Alii,
663 5717 982 5779 [lanugseu
1004 5730 1124 5768 cum
1147 5713 1573 5776 Colb..Chunua.
1607 5716 1771 5771 Porro
1802 5716 1951 5773 War-

375 5794 655 5848 uacliarius
686 5798 802 5845 erat
838 5785 1008 5845 maior
1047 5785 1234 5844 domus
1281 5788 1333 5843 iu
1377 5786 1706 5855 Burgundia,
1736 5790 1948 5847 Gunde-

2045 3320 2379 3389 puguabant;
2409 3318 2453 3373 si
2482 3332 2609 3373 vero
2634 3319 2699 3372 ad
2729 3316 3049 3373 vincendum
3082 3315 3471 3386 praevalebant,
3503 3321 3617 3364 tunc

2045 3410 2216 3492 filiuni
2261 3410 2469 3480 pradas
2519 3411 2839 3479 capiendum
2872 3409 3290 3480 aggrediebant;
3322 3407 3406 3460 sin
3451 3413 3617 3459 autem

2047 3499 2247 3557 Wiuitli
2292 3502 2703 3571 superabantur,
2737 3500 3049 3555 Chu'iorum
3078 3498 3287 3553 auxilio
3319 3496 3437 3551 fulti
3490 3494 3618 3547 vires

2050 3677 2243 3733 landus
2263 3678 2317 3733 in
2340 3676 2583 3734 Neustria
2615 3686 2663 3729 et
2696 3676 2830 3731 forte
2849 3677 3062 3732 Chucus
3089 3674 3140 3728 in
3173 3674 3391 3730 Austria
3430 3665 3618 3725 Radoni

2054 3763 2213 3814 supra
2243 3758 2539 3803 memorato
2560 3758 2909 3802 successerat.

2132 3818 2147 3857 ί
2180 3818 2338 3889 Freh.
2368 3828 2423 3873 et
2451 3817 2676 3889 Chesn.,
2709 3819 3173 3889 trigintagquinque.

2128 3891 2143 3940 l
2181 3888 2270 3944 Sic
2291 3889 2456 3954 Clar.,
2484 3898 2538 3943 at
2557 3878 2707 3944 Colb.
2733 3878 2996 3944 h5bet38.
3024 3878 3361 3951 Boh.,Ches.
3388 3894 3437 3937 et
3470 3878 3620 3937 Freli.

2054 3974 2175 4014 cum
2194 3961 2474 4029 Anunytno
2499 3969 2553 4014 ct
2582 3960 2848 4022 Aimuino,
2876 3958 2977 4022 56;
3006 3958 3093 4029 alii
3119 3958 3247 4022 Ed.,
3272 3958 3366 4029 39.
3392 3955 3623 4029 Berctru-

2055 4030 2176 4085 dem
2229 4024 2467 4083 nonnulli
2513 4030 2700 4083 volunt
2740 4032 2793 4082 in
2840 4027 3068 4083 ecclesia
3094 4029 3266 4082 sancti
3298 4024 3459 4086 Petri,
3493 4032 3621 4076 nunc

2057 4100 2231 4154 sancti
2265 4095 3147 4166 Audoeni,Ilotbomagi,sepultam
3171 4096 3362 4159 fuisse,
3388 4094 3477 4148 ubi
3493 4093 3627 4162 jacet

2057 4170 2365 4240 Aldetrudis
2392 4170 2559 4224 altera
2588 4170 2828 4240 cpnsdem
2870 4169 3010 4238 regis
3057 4183 3214 4222 uxor.
3250 4168 3361 4240 Sed
3392 4168 3623 4240 lierelru-

2057 4242 2179 4295 dem
2227 4238 2367 4309 apud
2418 4235 2663 4309 sanctum
2710 4235 3038 4295 Germanum
3069 4254 3099 4292 a
3148 4239 3327 4293 Pratis
3374 4235 3627 4309 sepultam

2059 4312 2223 4364 fuisse
2246 4304 2351 4383 non
2373 4308 2545 4383 solum
2564 4309 2763 4383 probat
2790 4311 3017 4383 aliorum
3041 4309 3370 4383 scriptorum
3402 4304 3627 4383 auctori-

2060 4389 2162 4446 tas,
2192 4380 2284 4435 sed
2307 4380 2506 4435 evincit
2529 4375 2645 4449 ej'us
2672 4380 3002 4448 sepulcrum,
3038 4375 3178 4449 quod
3208 4378 3415 4448 aliquot
3434 4375 3629 4449 abhinc

2060 4444 2213 4503 annis
2234 4444 2604 4515 erutum,cum
2630 4444 2840 4506 caneris
2863 4444 3375 4519 regum'tumulis'iu
3398 4444 3627 4519 ejusdem

2058 4522 2299 4592 ecclesia:
2344 4510 2673 4592 presbyterio
2700 4510 3020 4575 collocatum
3052 4532 3153 4585 esu,
3185 4534 3310 4574 cum
3349 4510 3522 4587 lapide
3544 4510 3630 4582 qui

2055 4591 2174 4661 cius
2197 4592 2425 4658 efﬁgiem
2456 4591 2701 4645 recenter
2720 4592 2981 4660 sculptam
3013 4598 3389 4657 reprazsental.

2128 4659 2153 4699 ¹ι
2184 4661 2256 4716 Ita
2281 4660 2449 4717 Clar..
2477 4662 2633 4717 Colb.
2658 4671 2711 4716 et
2736 4661 2890 4715 Alex.
2912 4676 3033 4715 eum
3053 4662 3323 4717 Aimoino.
3348 4666 3608 4717 anonymo

2128 4671 2153 4699 ι
2184 4671 2256 4716 Ita
2281 4671 2449 4725 Clar.,
2477 4671 2633 4717 colu.
2658 4671 2711 4716 et
2736 4671 2890 4715 Alex.
2912 4676 3033 4715 cum
3053 4671 3323 4724 Allnnino,
3348 4671 3629 4727 anonymo,

2057 4730 2269 4812 Valesio
2288 4739 2342 4787 et
2366 4732 2597 4812 exteris.
2636 4731 2774 4812 Editi
2807 4740 3160 4812 tantem-anno
3185 4730 3279 4785 58.
3384 4807 3395 4812 Α
3441 4796 3453 4812 .
3509 4791 3606 4812 "ﬂ

2133 4798 2151 4839 ¹
2187 4802 2353 4859 Silva:
2385 4800 2699 4871 notissimae,
2728 4801 2800 4856 les
2836 4801 2942 4857 bois
2982 4791 3308 4855 d’Ardennea
3346 4796 3482 4854 etde
3509 4791 3632 4849 Vos-

2056 4888 2167 4981 ge‘";
2200 4942 2298 5014 Ed.
2332 4940 2569 5014 plerique
2594 4942 2646 4997 in
2674 4941 2911 5014 margine
2939 4942 3135 5014 habent
3160 4938 3474 5014 Santonica,
3499 4930 3630 5014 quod

2061 5014 2196 5068 forte
2241 5006 2496 5069 Senones
2532 5011 2730 5083 (Sena)
2760 5006 3027 5068 cclehrem
3072 5013 3125 5066 in
3158 5011 3334 5083 Gallia
3384 5006 3631 5083 populum

2058 5086 2146 5139 hic
2189 5084 2456 5154 designari
2493 5080 2763 5153 putarent.
2810 5086 2876 5137 At
2906 5084 2995 5137 alii
3026 5084 3227 5154 malunt
3255 5080 3629 5154 _hu_nc__locutn

2059 5148 2395 5241 interpretari
2423 5148 2522 5237 de:
2535 5170 2671 5223 pago
2699 5155 2982 5241 SQIIO‘I‘IagO
3004 5151 3295 5241 .(Scrtgitw),
3333 5152 3387 5204 iu
3422 5148 3629 5201 Ilanno-

2056 5226 2168 5292 nia,
2206 5225 2294 5279 ubi
2325 5225 2581 5294 Soncgia,
2606 5227 2805 5278 nostris
2832 5225 3089 5293 Soigniex,
3107 5225 3354 5275 habetur.

2127 5304 2155 5332 η
2186 5296 2381 5349 Eorum
2434 5296 2753 5365 provineize,
2801 5296 3066 5364 hodieque
3123 5292 3353 5365 Marchia
3399 5284 3631 5365 \_V_i.uid_r}-

2057 5381 2194 5430 rum,
2226 5354 2530 5431 Sitlavotiia,
2579 5378 2631 5420 et
2673 5354 2949 5420 Caiinthia
2980 5354 3249 5418 dicuntur.
3299 5361 3377 5415 De
3410 5354 3631 5431 Winidis

2058 5447 2113 5489 et
2138 5426 2396 5502 ejusmodi
2429 5426 2678 5507 gentibus
2710 5437 2977 5507 barbaris,
3003 5448 3296 5507 eorumque
3344 5426 3633 5507 originibus

2060 5501 2286 5577 legenda
2336 5501 2570 5576 llugonis
2616 5506 2788 5562 Cretii
2819 5508 3196 5576 prolegetncna
3242 5506 3296 5556 in
3346 5501 3631 5555 Historiam

2060 5577 2405 5639 Gotthorutn,
2435 5589 2543 5632 etc.

2133 5657 2159 5683 °
2191 5647 2313 5714 Alii,
2351 5646 2592 5711 Hunnus,
2615 5656 2669 5702 et
2690 5646 2767 5701 sic
2791 5661 3025 5715 semper.

2134 5729 2160 5769 Ρ
2192 5711 2467 5779 Frelt.al.,
2486 5715 2703 5784 Bifulci,
2735 5718 2812 5772 sic
2832 5711 2960 5771 dicti
2991 5726 3136 5779 sunt,
3162 5713 3301 5783 quod
3335 5711 3416 5767 bis
3442 5716 3629 5778 pugn

2061 5802 2209 5852 rent;
2241 5800 2289 5843 et
2320 5790 2453 5845 infra
2485 5790 2618 5845 sicut
2639 5786 2798 5845 Chcs.
2830 5789 2920 5851 al.,
2960 5786 3218 5850 I’rwtnlci.
