3946 6188
342 369 438 428 637

1762 350 2175 410 CIIRONICUM.

3496 360 3603 421 638

336 480 700 540 resumebant.
729 478 856 539 ideo
906 476 1107 535 Befulci
1153 475 1479 533 vocabantur
1521 488 1552 528 a
1591 470 1816 536 Chunis,
1848 486 1913 527 eo
1940 470 1994 531 Α
2016 470 2177 538 ciam,
2209 470 2458 541 superbia
2501 472 2695 538 elatus,
2731 472 2991 530 adversus
3019 474 3378 531 Charoaldum
3417 491 3598 548 regem

335 573 480 643 quod
510 571 709 640 duplici
734 569 789 625 in
813 569 1199 640 congressione
1227 566 1537 623 certaminis
1554 565 1743 621 vestita
1774 577 1916 634 prte-

333 664 403 718 lia
434 662 693 719 iacientes
734 673 859 718 ante
885 658 1108 717 Chunos"
1146 658 1584 729 praecederent‘.
1621 654 1796 712 Chuni
1845 655 1911 711 ad

332 753 681 810 hiemandum
729 753 883 807 anuis
942 751 1163 822 singulis
1215 751 1268 805 in
1319 747 1544 805 Sclavos
1596 745 1911 811 veniebant;

335 858 539 900 uxores
574 843 887 898 Selavorum
914 851 968 897 et
1009 840 1146 895 tilias
1176 855 1359 896 eorum
1404 846 1575 893 strato
1601 836 1911 901 sumebant;

333 937 537 989 tributa
566 950 727 1002 super
753 935 886 988 alias
908 933 1285 1003 oppressiones
1316 931 1495 987 Sclavi
1515 930 1719 985 Chunis
1741 929 1915 984 solve-

331 1029 484 1081 bant.
517 1026 637 1081 Filii
663 1025 996 1093 Cbunorum,
1028 1014 1161 1094 quos
1190 1022 1245 1078 in
1279 1036 1474 1077 uxores
1498 1019 1834 1075 Winidorum
1859 1026 1913 1074 et

330 1120 471 1174 ﬁlias
495 1126 879 1187 generaverant
909 1118 957 1183 δ,
992 1119 1204 1172 tandem
1251 1131 1355 1171 non
1404 1113 1724 1170 sufferentes
1775 1111 1913 1165 hanc

330 1209 591 1263 malitiam
625 1210 764 1263 ferre
796 1218 850 1263 et
872 1209 1303 1278 Oppressionem,
1324 1205 1636 1261 Chunorum
1665 1202 1914 1257 domina-

328 1300 535 1354 tioncm
561 1307 837 1369 negantes,
873 1308 929 1352 ut
954 1313 1114 1365 supra
1164 1296 1408 1361 memini,
1439 1301 1714 1363 cmperant
1739 1291 1913 1346 rebel-

327 1390 618 1445 lare.Cum
646 1390 697 1443 in
722 1390 959 1445 exercitu
990 1388 1194 1444 Winidi
1222 1397 1407 1443 contra
1434 1385 1656 1441 Chunos
1688 1384 1913 1437 fuissent

322 1482 596 1551 aggressi,
613 1482 775 1537 Samo
798 1483 1094 1551 negotians,
1111 1482 1179 1535 de
1204 1498 1309 1550 quo
1327 1479 1617 1535 memoravi
1638 1477 1908 1546 superius,

323 1585 454 1625 cum
487 1571 619 1641 ipsis
651 1556 703 1626 in
731 1573 965 1626 exercitu
997 1573 1255 1639 perrexit,
1290 1571 1469 1638 ibique
1494 1579 1637 1623 tanta
1666 1568 1784 1636 ejus
1815 1566 1911 1621 l‘uit

326 1666 557 1731 utilitas,
601 1674 659 1720 tit
708 1666 901 1719 mirum
950 1665 1154 1727 fuisset,
1195 1674 1251 1718 et
1296 1661 1458 1717 nimia
1512 1657 1795 1713 multitudo
1842 1658 1911 1713 de

321 1756 536 1812 Chunis
576 1755 754 1826 gladio
785 1754 1121 1810 Winidoruut
1171 1754 1433 1808 trucidata
1473 1753 1679 1806 fuisset.
1708 1751 1906 1805 Winidi

320 1860 615 1905 cernentes
646 1849 927 1905 utilitatem
974 1848 1243 1914 Samonis,
1272 1864 1394 1902 cum
1426 1864 1588 1917 super
1615 1862 1675 1903 se
1704 1848 1904 1916 eligunt
1942 1827 1987 1887 Β

321 1955 535 2010 regem,
556 1940 646 1995 ubi
677 1940 892 2009 triginta
919 1940 1354 2010 quinque.annos
1384 1939 1628 2007 regnavit
1658 1938 1905 1993 feliciter.

322 2033 489 2087 Plura
536 2031 714 2100 prtelia
764 2042 949 2087 contra
999 2031 1218 2086 Cit-tutos
1268 2044 1366 2085 suo
1418 2030 1678 2098 regimine
1706 2029 1907 2083 Winidi

318 2134 625 2193 gesserunt,
661 2139 760 2178 suo
801 2124 1025 2178 consilio
1070 2133 1124 2177 et
1172 2124 1402 2176 utilitate
1450 2121 1647 2176 Wiﬂitii
1695 2138 1909 2186 semper

320 2222 673 2285 superarunt.
706 2214 870 2268 Samo
921 2214 1199 2267 duodecim
1246 2219 1437 2265 uxores
1477 2229 1540 2265 ex
1573 2229 1766 2279 genere
1796 2214 1909 2267 Wi--

319 2303 581 2357 nidorum
631 2303 881 2366 habebat,
911 2303 979 2358 de
1022 2303 1213 2371 quibus
1264 2302 1445 2370 viginti
1491 2302 1627 2357 duos
1675 2304 1809 2358 ﬁlios
1853 2313 1906 2359 et

316 2394 629 2464 quindecim
658 2394 791 2449 ﬁlias
815 2394 1019 2449 habuit.

393 2487 582 2542 XLIX.
615 2488 840 2557 Ipsoque
861 2502 1003 2540 anno
1024 2485 1092 2540 40
1108 2484 1431 2549 Cblotharii,
1454 2486 1779 2542 Adaloaldus
1807 2504 1903 2542 rex

315 2579 798 2648 Langobardorum
845 2577 984 2632 ﬁlius
1028 2580 1229 2646 Agonis
1274 2578 1434 2648 regis,
1468 2594 1590 2633 eum
1640 2580 1773 2647 patri
1807 2594 1905 2634 suo

312 2671 680 2727 successisset
704 2670 868 2740 628
890 2669 942 2723 in
976 2682 1163 2737 regno,
1197 2668 1424 2738 legatum
1464 2667 1702 2724 Mauricii
1736 2671 1904 2738 impe-

312 2762 541 2825 ratoris,
574 2762 791 2815 nomine
828 2761 1138 2824 Eusebium,
1173 2763 1448 2829 ingeniose
1489 2760 1555 2815 ad
1586 2776 1646 2816 se
1671 2764 1898 2816 venien-

311 2862 431 2908 tem
466 2852 697 2921 benigne
717 2853 974 2920 suscepit.
1002 2851 1258 2905 Inunctus
1284 2851 1336 2904 in
1364 2850 1556 2905 balneo
1579 2851 1760 2905 nescio
1784 2851 1901 2920 qui-

310 2945 421 2998 bus
475 2941 759 3013 unguentis
806 2941 875 2994 ab
924 2941 1040 3009 ipso
1072 2939 1305 2995 Eusebio
1356 2939 1808 3009 persuadebatur;
1850 2949 1904 2995 ct

310 3045 444 3104 post
477 3032 613 3088 hanc
643 3034 948 3089 unctionem
1001 3032 1357 3101 nequidquam
1406 3030 1574 3098 aliud,
1610 3032 1710 3086 nisi
1758 3033 1899 3102 quod

308 3128 384 3183 ab
421 3126 655 3181 Eusebio
685 3124 1020 3192 hortabatur,
1048 3126 1223 3178 facere
1249 3130 1476 3192 poterat.
1509 3123 1806 3179 Persuasus
1834 3124 1901 3179 ab

2018 573 2257 633 coeperat
2278 564 2562 620 rebellare.

2088 675 2174 730 Ll.
2203 674 2556 747 Gundeberga
2584 691 2764 747 regina
2794 692 2914 732 eum
2934 685 3078 732 esset
3100 678 3320 745 pulchra
3347 689 3592 747 aSpectn,

2016 766 2243 838 benigna
2294 766 2347 823 in
2394 769 2617 832 cunctis,
2673 778 2727 823 et
2793 772 2991 836 pietate
3036 768 3369 837 plenissima,
3438 768 3594 823 Chri-

2016 859 2207 925 stiana,
2241 859 2597 929 eleemosynis
2627 860 2797 929 larga,
2818 861 3159 929 prtccellente
3188 862 3427 915 bonitate
3455 863 3595 931 ejus,

2015 952 2335 1021 diligebatur
2355 968 2384 1005 a
2413 953 2640 1007 cunctis.
2672 953 2841 1009 Homo
2863 953 3103 1021 quidam,
3131 954 3348 1008 nomine
3375 954 3591 1008 Adalnl-

2017 1042 2119 1106 ius,
2152 1058 2217 1097 ex
2253 1057 2452 1111 genere
2480 1042 2974 1111 Langobardorum,
3010 1057 3132 1098 cum
3162 1044 3214 1097 in
3242 1044 3360 1097 aula
3413 1045 3593 1113 palatii

2013 1133 2227 1189 assidue
2258 1135 2321 1188 ad
2351 1135 2663 1204 obsequium
2696 1136 2835 1205 regis
2889 1144 3325 1200 conversarctur,
3364 1138 3593 1204 quadam

2016 1224 2134 1279 vice
2175 1226 2238 1280 ad
2272 1227 2509 1295 reginam
2555 1227 2796 1292 veniens,
2827 1242 2947 1281 cum
2990 1227 3042 1281 in
3086 1229 3206 1295 ejus
3248 1235 3417 1281 staret
3460 1241 3592 1281 con-

2012 1325 2220 1385 Spectu,
2252 1316 2604 1387 Gundeberga
2643 1318 2827 1389 regina
2851 1333 2973 1373 eum
3002 1319 3144 1373 sicut
3168 1327 3224 1373 et
3251 1329 3480 1372 cancros
3511 1319 3593 1372 di-

2013 1407 2207 1477 ligens,
2236 1407 2370 1462 dixit
2414 1409 2654 1463 honestae
2697 1418 2918 1463 staturae.
2962 1408 3269 1464 Adalulfnm
3299 1409 3460 1463 fuisse
3488 1407 3594 1462 for-

2016 1508 2237 1554 matum.
2264 1482 2365 1554 ille
2394 1502 2508 1554 haec
2538 1499 2762 1555 audiens
2791 1499 2857 1554 ad
2888 1499 3298 1570 Gundebergam
3329 1500 3590 1554 secretius

2012 1588 2108 1651 ait,
2143 1587 2356 1643 dicens:
2381 1587 2631 1643 Formam
2649 1597 2818 1644 status
2849 1590 2953 1643 mei
2973 1598 2996 1626 °
3023 1589 3241 1645 laudare
3270 1588 3483 1660 dignata
3510 1604 3593 1658 es,

2012 1677 2204 1730 stratui
2255 1685 2344 1730 tuo
2382 1676 2513 1745 jube
2544 1693 2630 1732 me
2672 1677 3013 1747 subiungere.
3047 1677 3142 1733 illa
3173 1678 3382 1734 fortiter
3426 1678 3593 1734 dene-

2014 1780 2165 1834 gans,
2195 1781 2424 1835 eumque
2447 1766 2742 1834 deSpiciens
2773 1768 2823 1821 in
2872 1767 3060 1823 faciem
3108 1768 3339 1836 exspuit.
3376 1767 3592 1823 Adalul-

2016 1857 2095 1910 ius
2119 1871 2344 1911 cernens
2372 1858 2605 1927 6295e
2635 1859 2757 1912 vitae
2782 1859 3078 1926 perieulum
3102 1859 3321 1922 habere,
3349 1859 3416 1913 ad
3445 1858 3585 1913 Cha-

2016 1954 2255 2007 roaldum
2289 1969 2466 2023 regem
2503 1954 2740 2022 protinus
2784 1954 3041 2017 cucurrit,
3080 1962 3265 2021 petens
3308 1963 3365 2007 ut
3410 1968 3589 2009 secre-

2015 2043 2119 2099 tius
2147 2047 2285 2114 quod
2313 2045 2381 2098 ad
2401 2044 2793 2113 suggerendum
2825 2042 3075 2110 habebat,
3100 2052 3418 2111 exponeret.
3445 2043 3588 2097 Loco

2012 2144 2254 2203 accepto,
2283 2135 2419 2189 dixit
2461 2136 2527 2189 ad
2573 2151 2754 2205 regem
2786 2154 2798 2188 :
2834 2136 3057 2190 Domina
3105 2150 3223 2190 mea
3273 2138 3454 2205 regina
3500 2148 3588 2191 tua

2011 2228 2362 2296 Gunctcberga
2409 2230 2547 2297 apud
2578 2228 2845 2283 Tasonem
2885 2227 3077 2283 ducem
3126 2229 3388 2282 secretius
3417 2228 3588 2282 tribus

2009 2317 2199 2375 diebus
2242 2321 2414 2374 locuta
2443 2331 2545 2384 est,
2575 2329 2631 2376 ut
2657 2329 2710 2377 te
2746 2333 2952 2376 veneno
2994 2320 3339 2384 interﬁceret,
3390 2320 3588 2389 ipsum-

2008 2428 2112 2483 que
2140 2414 2239 2466 sibi
2265 2413 2608 2483 conjugatum
2638 2412 2953 2469 sublimaret
2974 2413 3027 2468 in
3057 2428 3302 2481 regnum.
3330 2412 3585 2467 Charoal-

2007 2503 2107 2558 dus
2147 2518 2241 2557 rex
2287 2502 2369 2556 his
2413 2502 2708 2558 mendaciis
2748 2502 2945 2557 auditis
2982 2502 3230 2567 credens,
3263 2501 3585 2556 Gundebcr-

2008 2610 2129 2664 gam
2160 2593 2213 2649 in
2255 2594 2533 2648 Caumello
2567 2592 2584 2631 ί
2632 2603 2809 2648 castro
2850 2595 2901 2647 in
2955 2607 3115 2647 uuam
3158 2602 3358 2646 turrem
3390 2593 3586 2646 exsilio

2007 2684 2189 2740 trudit.
2220 2684 2567 2740 Chlotharius
2618 2684 2823 2754 legatos
2868 2685 3103 2753 dirigens
3130 2683 3196 2737 ad
3229 2684 3586 2738 Charoaldum

2006 2793 2212 2849 regem,
2252 2776 2533 2847 inquirens
2570 2791 2671 2844 qua
2698 2776 2764 2830 de
2791 2790 2850 2829 re
2891 2775 3299 2845 Gundebergam
3341 2778 3580 2846 reginam

2006 2875 2278 2939 parentem
2317 2867 2643 2922 Francorum
2677 2876 2701 2914 Β
2735 2866 3089 2930 humiliasset,
3121 2878 3173 2919 ut
3200 2866 3391 2921 exsilio
3416 2877 3582 2921 retru-

2004 2957 2189 3013 disset.
2230 2954 2667 3012 Charoaldushis
2698 2954 2878 3010 verbis
2914 2954 3265 3009 mendacibus
3305 2958 3458 3023 quasi
3486 2971 3578 3010 ve-

2006 3049 2163 3102 ritate
2191 3047 2572 3112 subsisterent,
2603 3044 2903 3113 respondit.
2934 3031 3085 3099 'l’unc
3117 3057 3253 3098 unus
3274 3060 3339 3098 ex
3384 3043 3581 3114 legata-

2006 3140 2117 3206 riis,
2145 3138 2363 3194 nomine
2386 3136 2716 3205 Ansoaldus,
2736 3152 2841 3191 non
2872 3138 3027 3207 quasi
3049 3136 3347 3207 iniunctum
3366 3137 3581 3192 habuis-

308 3219 440 3289 ipso
481 3224 540 3271 ut
567 3218 821 3286 primates
857 3224 913 3270 et
942 3214 1231 3269 nobiliores
1252 3222 1473 3269 cunctos
1494 3215 1548 3269 in
1574 3230 1739 3285 regno
1762 3214 1896 3269 Lan-

2013 3243 2107 3299 set,
2137 3231 2230 3288 sed
2262 3248 2329 3287 ex
2364 3248 2421 3287 se
2442 3231 2507 3287 ad
2538 3230 2897 3287 Charoaldum
2924 3231 3063 3285 dixit
3094 3248 3108 3286 :
3146 3231 3404 3287 Liberare
3436 3244 3582 3299 pote-

307 3307 676 3381 gobardorum
700 3305 1000 3361 interﬁcere
1034 3304 1329 3370 ordinaret,
1362 3303 1565 3361 eisdem
1595 3305 1895 3370 exstinctis,

309 3414 377 3455 se
406 3412 533 3453 cum
559 3395 704 3451 omni
735 3408 894 3468 gente
934 3395 1404 3467 Langobardorum
1437 3395 1665 3465 imperio
1695 3396 1896 3451 Mauri-

312 3491 385 3546 cii
414 3489 674 3546 traderet.
713 3487 867 3554 Quod
896 3502 1017 3544 cum
1044 3487 1154 3557 jam
1182 3486 1462 3541 duodecim
1507 3502 1572 3541 ex
1606 3487 1707 3554 eis,
1736 3487 1899 3543 nullis

312 3580 493 3651 culpis
513 3578 871 3645 exstantibus,
886 3576 1065 3648 gladio
1090 3577 1428 3644 trucidasset,
1459 3576 1649 3646 reliqui
1673 3592 1899 3634 cernen-

313 3684 402 3729 tes
445 3687 630 3727 eorum
660 3686 781 3727 esse
810 3670 931 3726 vitae
962 3670 1281 3741 periculum,
1320 3670 1381 3725 L.
1413 3670 1771 3726 Cbaroaldum
1802 3674 1901 3727 du-

310 3779 442 3820 cem
474 3762 882 3830 Taurinensem,
930 3762 1020 3832 qui
1069 3777 1376 3832 germanam
1432 3757 1709 3819 Adaloaldi
1759 3766 1899 3835 regis

314 3856 556 3913 habebat
582 3870 824 3921 uxorem,
852 3855 1070 3911 nomine
1115 3854 1547 3925 Gundebergam,
1576 3871 1764 3913 omnes
1813 3874 1901 3915 se-

312 3950 508 4005 niores
561 3948 984 4004 et'nobilissimi
1035 3947 1508 4015 Langobardorum
1568 3952 1743 4019 gentis
1795 3967 1901 4007 uno

312 4042 692 4110 conspirantes
744 4041 990 4106 consilio,
1024 4041 1076 4095 in
1110 4055 1328 4109 regnum
1369 4041 1573 4111 eligunt
1599 4043 1898 4097 subliman-

312 4135 473 4189 dum.
532 4132 876 4199 Adaloaldus,
937 4146 1144 4186 veneno
1196 4130 1388 4184 hausto
1422 4141 1473 4197 ε,
1503 4131 1718 4187 interiit.
1761 4134 1900 4189 Cha-

316 4226 547 4283 roaldus
573 4227 752 4279 statim
790 4240 1008 4293 regnum
1046 4225 1291 4291 arripuit.
1313 4223 1455 4279 Taso
1481 4240 1621 4280 unus
1657 4241 1720 4280 ex
1752 4227 1901 4282 duci—

316 4319 423 4374 bus
457 4316 923 4386 Langobardorum
954 4331 1074 4371 cum
1094 4324 1271 4384 ageret
1294 4314 1592 4371 Tuscanatu
1622 4314 1649 4353 ά
1679 4318 1893 4387 provin-

393 4526 421 4551 ⁸
457 4515 595 4570 Editi
642 4524 697 4569 ut
740 4514 1045 4584 plurimum,
1078 4516 1346 4570 certamine
1383 4516 1671 4571 utebantur.
1703 4517 1892 4586 Chatti,

316 4596 432 4644 οιε.

394 4659 423 4698 δ
455 4657 582 4721 Alii,
610 4656 661 4711 in
693 4657 1055 4712 uxoribus”...
1087 4666 1133 4709 et
1193 4656 1394 4721 ﬁliabus
1423 4657 1753 4726 generabant.

398 4740 424 4767 ε
456 4729 545 4783 Sic
566 4729 663 4783 Ch.
697 4742 745 4782 et
776 4728 972 4793 Freh.;
999 4728 1089 4781 alii
1119 4727 1240 4790 Ed.,
1274 4744 1461 4781 veneno
1486 4729 1723 4797 infectus.
1754 4728 1895 4784 Clar.

316 4809 374 4856 et
406 4799 568 4854 Freh.
623 4799 719 4867 aL,
758 4811 957 4852 auctus.
1008 4798 1135 4867 lieni
1172 4809 1225 4851 et
1256 4798 1418 4867 Freh.
1462 4799 1554 4865 aL,
1597 4810 1797 4854 unctus.
1832 4801 1898 4854 Et

320 4872 462 4926 infra
492 4868 634 4924 Taso
660 4871 800 4939 apud
831 4870 993 4923 Ches.
1026 4870 1097 4923 al.
1131 4869 1323 4922 dicitur
1351 4866 1485 4921 Taro
1514 4882 1566 4923 et
1590 4871 1712 4935 Aw,
1735 4880 1791 4925 et
1819 4873 1898 4927 sic

318 4940 481 4996 infra.

390 5010 417 5049 ά
440 5010 543 5065 -Sic
568 5009 713 5063 Clar.
748 5008 909 5064 Frch.
936 5008 1007 5064 al.
1039 5017 1092 5063 et
1121 5006 1283 5062 Ches.
1301 5008 1401 5071 aL,
1426 5007 1475 5060 id
1506 5017 1605 5068 est.
1633 5007 1893 5064 Tusciam.

320 5083 425 5137 Alii
444 5083 500 5135 iu
526 5080 820 5133 Tussicana.
846 5080 953 5145 AL,
984 5089 1190 5133 teneret.
1208 5079 1280 5131 De
1297 5080 1521 5131 ’lasouis
1548 5094 1699 5141 nece,
1733 5080 1893 5147 infra,

321 5169 473 5205 num.
508 5151 596 5205 69.
626 5151 959 5204 Charoaldus
1005 5165 1035 5202 a
1066 5150 1227 5202 Paulo
1270 5149 1413 5202 Diae.
1448 5150 1535 5202 lib.
1570 5165 1616 5202 tv
1659 5151 1895 5219 appella-

320 5234 412 5276 tnr
441 5220 767 5282 Rodoaldus,
791 5233 843 5275 et
872 5221 950 5275 sic
985 5222 1082 5273 Ch.
1105 5221 1176 5273 al.
1199 5236 1213 5283 ;
1241 5219 1338 5273 sed
1366 5228 1572 5273 veteres
1600 5222 1891 5289 prtemitte-

320 5298 455 5346 bant
486 5296 713 5346 litteram
747 5292 811 5355 il,
839 5302 892 5345 et
915 5291 1317 5345 Clirodoaldum
1367 5291 1795 5357 pronuntiabant.
1831 5294 1886 5347 Si

326 5377 507 5418 tamen
540 5372 683 5417 recta
713 5372 1008 5427 temporum
1037 5360 1206 5415 series
1227 5360 1563 5424 observetur,
1583 5361 1667 5414 hic
1686 5362 1891 5415 Arioal-

322 5434 425 5487 dus
446 5433 566 5500 l‘nit,
585 5434 670 5486 cui
703 5430 970 5494 Rotbaris,
990 5446 1147 5499 quem
1175 5429 1306 5484 intra
1335 5431 1889 5485 nosteranetorClno-

322 5503 519 5557 tariutn
566 5504 815 5572 appellat,
847 5504 1130 5572 successit,
1162 5510 1216 5554 et
1255 5499 1378 5555 huic
1426 5501 1750 5557 Rodoaldus.
1784 5504 1888 5557 Sed

319 5588 445 5641 qua:
488 5572 573 5625 hic
608 5571 685 5627 de
730 5572 1032 5625 (lharoaldo
1076 5571 1345 5637 dicuntur,
1386 5572 1687 5641 tribuuntur
1730 5573 1887 5640 infra,

320 5659 448 5710 cap.
495 5643 563 5695 70
598 5652 654 5697 et
691 5644 779 5707 71,
819 5642 1119 5696 Chrotario.
1167 5641 1234 5695 Et
1274 5642 1486 5707 quidem
1543 5640 1887 5710 Ft'edegarius

324 5709 797 5782 Langobardorum
837 5712 1112 5765 historiam
1142 5709 1362 5765 omnino
1395 5713 1685 5781 perturbat.
1718 5709 1793 5769 De
1824 5729 1886 5769 ea

325 5787 536 5852 legendi
570 5784 712 5838 Pauli
746 5785 957 5838 Diacoui
990 5799 1084 5837 sex
1114 5782 1256 5837 libri.

1933 4570 1983 4629 D

2002 3341 2088 3381 ras
2117 3327 2185 3381 de
2212 3324 2537 3394 blasphemia
2560 3322 2651 3396 [Id
2682 3319 2990 3393 est,_blame]
3018 3322 3154 3377 hanc
3174 3337 3426 3389 causam;
3454 3324 3584 3391 jube

2003 3420 2149 3474 illum
2181 3418 2453 3473 hominem
2482 3418 2572 3486 qui
2603 3414 2976 3485 hujuscemodi
3001 3416 3161 3472 verba
3194 3415 3285 3471 tibi
3317 3417 3583 3471 nuntiavit

2002 3510 2219 3574 armari,
2252 3522 2305 3563 et
2348 3508 2602 3577 procedat
2648 3507 2787 3562 alius
2831 3507 2899 3563 de
2929 3518 3078 3573 parte
3110 3508 3314 3579 regina:
3362 3507 3581 3564 Gunde-

2006 3601 2218 3670 bergte;
2272 3601 2469 3669 quique
2517 3609 2754 3653 armatus
2794 3597 2860 3653 ad
2891 3599 3162 3667 singulare
3189 3608 3491 3664 certamen,
3522 3611 3583 3655 ut

1998 3690 2199 3759 judicio
2229 3689 2317 3744 Dei
2348 3686 2399 3754 δ,
2425 3688 2508 3743 his
2555 3688 2762 3743 duobus
2795 3686 3239 3758 conﬂigentibus,
3286 3702 3580 3757 cognosca-

2003 3790 2090 3836 tur
2116 3790 2296 3835 utrum
2339 3779 2493 3849 huius
2521 3778 2689 3848 culpa:
2720 3778 3072 3848 reputatiouis
3118 3778 3475 3850 Gundcberga
3508 3780 3583 3836 sit

2006 3871 2244 3937 innoxia,
2286 3887 2352 3925 an
2400 3869 2627 3925 fortasse
2674 3869 2979 3939 culpabilis.
3008 3870 3250 3940 Cumque
3280 3871 3394 3926 hinc
3437 3871 3581 3927 Cha-

2004 3964 2190 4018 roaldo
2208 3964 2319 4033 regi
2335 3970 2389 4017 et
2413 3960 2661 4017 omnibus
2692 3960 3003 4029 primatibus
3032 3960 3214 4029 palatii
3239 3961 3322 4015 sui
3352 3961 3582 4027 placuis-

2002 4065 2142 4116 sent,
2166 4053 2319 4121 jubet
2337 4050 2640 4107 Adalulfum
2660 4060 2923 4104 armatum
2952 4050 3255 4104 conﬂictum
3282 4053 3431 4107 adire
3454 4067 3578 4107 cer-

2004 4146 2239 4208 taminis,
2293 4152 2349 4198 et
2395 4143 2463 4197 de
2509 4152 2661 4211 parte
2709 4141 3083 4209 Gundebergae
3137 4146 3579 4210 procurrentibus

2001 4234 2339 4289 consobrinis
2391 4232 2758 4301 Gundebergai
2810 4240 2865 4286 et
2913 4231 3160 4285 Ariberto
3200 4231 3244 4298 ί,
3277 4232 3457 4298 homo,
3485 4251 3579 4287 no-

2004 4327 2148 4382 mine
2181 4326 2340 4393 Pitto,
2370 4334 2554 4380 contra
2596 4321 2899 4378 Adalulfum
2952 4331 3189 4377 armatus
3236 4326 3589 4394 aggreditur-

2081 4532 2105 4557 υ
2141 4519 2263 4582 Alii,
2291 4528 2499 4572 statura:
2524 4532 2668 4571 mete.

2084 4588 2102 4627 ί
2134 4590 2258 4654 Alii,
2285 4590 2529 4643 Camena.
2578 4588 2665 4641 Est
2707 4585 3055 4656 Laumellum,
3097 4587 3254 4644 hodie
3278 4588 3429 4645 vicus
3458 4588 3567 4645 exi—

2001 4675 2136 4731 guus
2160 4661 2219 4731 in
2254 4658 2516 4731 insubria,
2553 4656 3005 4731 Luritellqilictus.

2075 4740 2100 4777 ε
2135 4730 2259 4784 Erat
2281 4728 2494 4797 Agilnlﬁ
2521 4728 2660 4795 regis
2686 4737 2739 4780 et
2762 4726 3145 4797 Theodelindie
3165 4726 3291 4794 tilia,
3322 4743 3384 4782 ex
3414 4729 3579 4785 Paulo

2003 4801 2151 4855 Diae.
2201 4800 2291 4853 lib.
2336 4796 2393 4851 iv
2437 4813 2555 4864 cap.
2602 4798 2692 4852 49.
2734 4796 3098 4852 Thcodelint‘la
3155 4805 3283 4851 ver’o
3315 4800 3421 4853 filia
3463 4811 3578 4857 erat

2005 4870 2270 4924 Garibaldi
2325 4867 2688 4935 Bajoariorum
2740 4868 2891 4921 ducis
2940 4876 2992 4920 et
3030 4867 3352 4932 Waldradte,
3402 4871 3579 4924 ’Πιθο-

2000 4940 2143 4996 baldi
2174 4939 2495 5009 Francorum
2524 4937 2667 5006 regis
2686 4938 2913 5009 relictze.
2941 4937 3079 4992 Vide
3108 4955 3292 5007 supra,
3335 4956 3452 5009 cap.
3483 4943 3576 4995 54.

2071 5008 2098 5048 ιι
2130 5010 2391 5064 Judicium
2427 5007 2516 5061 Dei
2543 5008 2886 5077 appellabant
2914 5009 3199 5079 singularia
3248 5007 3569 5079 certamina,

2000 5081 2248 5137 examina
2283 5095 2374 5147 per
2400 5081 2571 5145 ignem
2595 5088 2685 5131 aut
2715 5094 2929 5147 aquam,
2960 5090 3085 5142 ctc.,
3119 5080 3310 5145 quibus
3336 5083 3399 5132 ad
3425 5083 3572 5133 «lete-

1999 5154 2225 5221 gendam
2276 5151 2552 5203 veritatem
2593 5150 2856 5221 occultam
2885 5159 3049 5221 tunc
3077 5151 3379 5211 utebantur,
3408 5153 3571 5221 ηυυά

2000 5219 2308 5289 persuasum
2354 5221 2606 5272 haberent
2638 5219 2843 5287 cjusmo
2883 5219 2899 5272 i
2946 5220 3349 5285 probationibus
3404 5220 3570 5272 “I'Illlt

1998 5293 2072 5347 rei
2108 5293 2380 5345 veritatem
2418 5290 2576 5343 etiam
2621 5290 2897 5355 miraculo,
2944 5291 2988 5342 si
3032 5301 3164 5355 opus
3210 5301 3373 5355 esset,
3425 5304 3575 5345 certo

1998 5364 2477 5417 inaniiestaturum.
2526 5359 2599 5413 De
2626 5359 2742 5428 ejus
2769 5359 3343 5428 generibusvariismie
3374 5362 3567 5415 ritibus

1994 5436 2185 5502 quibus
2225 5432 2336 5485 ﬁeri
2386 5433 2610 5493 solebat,
2660 5430 2877 5502 quando
2923 5436 3081 5502 etiam
3133 5435 3449 5502 permissum
3482 5443 3574 5485 aut

1996 5499 2213 5560 vetitum
2260 5502 2436 5564 luerit,
2484 5502 2599 5555 inse
2641 5499 2858 5555 disserit
2910 5499 3145 5566 Cangius
3188 5500 3240 5554 in
3271 5502 3570 5569 Glossario,

1994 5590 2150 5643 quem
2185 5574 2426 5629 consule.

2075 5643 2088 5680 ί
2120 5644 2294 5702 Colb.,
2327 5643 2425 5694 (ili.
2459 5651 2510 5693 et
2540 5638 2720 5702 Freli.,
2757 5638 3049 5706 Ilariberto,
3084 5642 3224 5695 unde
3256 5642 3402 5703 editi,
3433 5639 3568 5693 Chn-

1994 5715 2198 5766 riberto.
2235 5713 2425 5765 l’aulus
2472 5710 2587 5763 loco
2621 5710 2831 5765 laudato
2867 5712 3053 5766 scribit
3096 5713 3341 5780 injuriam
3376 5714 3510 5763 hanc
3538 5725 3567 5763 ει

1992 5786 2202 5839 L'atello
2234 5784 2394 5850 ipsius
2423 5780 2617 5849 regina:
2646 5797 2801 5837 serw
2835 5782 2999 5839 fuisse
3031 5785 3350 5838 "adtenuat
