3946 6188
406 327 504 383 6'59

1564 321 1973 380 Faenenmn
2011 320 2215 377 SCIlOl
2233 320 2449 378 ASTICI
2492 346 2499 352 -
3516 330 3608 387 ϐω

409 444 639 511 Eumque
662 438 1027 494 conﬂixissent
1050 445 1368 503 certamine,
1400 436 1671 490 sdalnlfns
1696 451 1723 487 ει
1756 436 1967 490 Pittone
1994 433 2048 494 Α
2072 434 2286 489 tandem
2322 450 2352 488 a
2390 433 2749 503 pontiﬁcibus,
2797 435 2881 493 vel
2910 435 3311 506 sapientissimis
3340 439 3455 495 viris
3489 457 3605 512 pro-

403 533 734 587 iutetiicitur.
761 531 923 601 630
952 527 1303 597 Gundeberga
1330 528 1509 583 statim
1536 528 1602 582 de
1630 526 1822 582 exsilio
1849 536 1968 581 post

401 639 570 677 annos
595 631 702 675 tres
731 634 973 692 regressa
1002 621 1321 676 sublimatur
1351 621 1403 674 in
1438 636 1682 690 regnum.

472 713 571 766 AN.
627 726 839 765 ncxxrv.
870 739 939 750 —
974 710 1080 765 LII.
1127 712 1281 765 Anno
1316 709 1376 763 4i
1406 719 1431 747 ι
1463 708 1755 764 Chlotbarii
1805 706 1966 775 regis,

398 819 516 855 eum
551 802 876 873 Dagobertus
903 802 1013 872 jam
1039 803 1240 856 utiliter
1265 812 1507 868 regnaret
1534 803 1584 854 in
1615 805 1828 860 Auster,
1854 799 1970 868 qui-

398 893 517 946 dam
548 908 613 949 ex
638 893 944 961 proceribus
972 894 1039 948 de
1064 903 1219 963 gente
1249 892 1409 947 nobili
1442 892 1769 962 Ayglolﬁnga
1800 884 1850 952 ιι,
1874 904 1970 942 no-

400 987 541 1040 mine
586 985 973 1049 Chrodoaldus,
1027 986 1079 1039 in
1117 985 1375 1039 oﬂ'ensam
1424 984 1704 1053 Dagoberti
1745 980 1967 1045 cadens,

398 1076 771 1141 instigantibus
799 1075 1104 1129 beatissimo
1129 1075 1240 1128 viro
1262 1084 1421 1143 atque
1451 1074 1699 1142 pontiﬁce
1727 1069 1966 1134 Arnuifo,

398 1175 451 1217 et
484 1165 703 1232 Pippino
734 1165 935 1232 majore
964 1164 1151 1218 domus
1178 1174 1222 1227 ε,
1258 1179 1351 1217 seu
1383 1172 1435 1217 et
1463 1162 1672 1216 caeteris
1710 1160 1970 1229 prioribus

398 1258 532 1328 [ΑΛ.
562 1254 905 1326 primoribus]
936 1256 1236 1310 sublitnatis
1269 1257 1319 1309 in
1353 1262 1560 1319 Auster,
1607 1269 1672 1308 eo
1713 1253 1855 1323 quod
1885 1268 1971 1307 es-

397 1358 481 1400 set
511 1346 622 1414 ipse
667 1346 1035 1400 Chrodoaldus
1086 1346 1243 1400 rebus
1278 1346 1520 1415 plurimis
1565 1344 1781 1407 ditatus,
1814 1350 1972 1396 caete-

398 1452 576 1492 rorum
608 1436 916 1491 facultatum
964 1437 1253 1506 cupiditate
1285 1452 1555 1504 pervasor,
1586 1432 1853 1502 superbiae
1878 1432 1972 1487 de-

398 1529 563 1594 ditus,
596 1528 839 1583 elatione
878 1528 1086 1597 plenus,
1123 1542 1220 1581 nec
1268 1528 1552 1595 quidquam
1601 1524 1721 1579 boni
1755 1524 1806 1578 in
1856 1522 1972 1592 ipso

400 1618 782 1686 reperiebatur.
825 1619 1065 1686 Cumque
1109 1619 1435 1687 Dagobertus
1475 1618 1647 1685 ipsum
1674 1615 1782 1685 jam
1814 1614 1974 1669 vellet

400 1725 495 1772 tro
546 1710 659 1763 suis
716 1708 1037 1765 facinoribus
1091 1709 1431 1773 interﬁcere,
1482 1707 1851 1762 Chrodoaldus
1903 1706 1967 1760 ad

2071 527 2305 593 ceribus,
2349 536 2498 595 pater
2539 527 2843 596 paciﬁcator
2870 544 2989 583 cum
3031 528 3173 593 lilio;
3227 530 3535 601 reddensque
3560 537 3601 592 ei

2070 618 2353 673 solidatam
2385 617 2522 685 quod
2550 628 2831 685 aSpexerat
2859 620 2924 672 ad
2955 635 3175 688 regnum
3208 620 3598 691 Austrasiorum,

2074 709 2177 765 hoc
2205 719 2407 765 tantum
2434 710 2630 765 exinde
2667 712 2806 779 quod
2848 713 2981 767 citra
3024 713 3263 780 Ligerem
3295 715 3371 769 vel
3413 716 3459 769 in
3491 717 3603 770 [νιος

2071 798 2261 853 vincia
2286 801 2520 868 partibus
2548 802 2709 853 situm
2736 811 2870 866 erat,
2896 817 3005 855 sua:
3037 802 3225 856 ditioni
3252 804 3475 858 retinuit.

2141 894 2242 947 An.
2304 908 2519 948 ncxxw.
2549 922 2617 932 —
2644 893 2774 947 LIV.
2832 896 2987 948 Anno
3032 894 3101 948 45
3151 896 3298 964 regni
3342 896 3605 953 Clilotharii

2071 980 2484 1037 Warnacharius
2532 985 2700 1052 major
2739 986 2929 1039 domus
2970 986 3195 1041 moritur
3223 996 3268 1037 κ.
3313 987 3351 1040 F
3356 988 3468 1042 ilius
3509 990 3609 1058 ejus

2071 1074 2312 1129 Codiuus
2366 1075 2529 1127 animi
2584 1075 2802 1130 levitate
2859 1076 3090 1130 imbutus
3148 1091 3424 1132 novercam
3475 1095 3609 1133 suam

2074 1162 2354 1217 Bertauem
2405 1178 2470 1218 eo
2498 1179 2639 1219 anno
2677 1166 2881 1233 accepit
2910 1181 3127 1220 uxorem
3162 1185 3176 1221 :
3211 1168 3349 1223 unde
3384 1169 3613 1224 Chlotha-

2072 1251 2184 1304 rius
2209 1268 2297 1306 rex
2322 1252 2575 1307 adversus
2602 1270 2721 1307 eum
2756 1255 2918 1307 nimio
2948 1254 3128 1309 furore
3156 1271 3444 1323 permetus,
3485 1258 3615 1325 jubet

2073 1341 2371 1395 Arueberto
2394 1344 2536 1404 duci,
2567 1346 2653 1411 qui
2677 1344 2869 1398 Codini
2901 1361 3203 1414 germanam
3229 1362 3441 1401 uxorein
3467 1349 3613 1404 habe-

2072 1432 2179 1499 bat,
2214 1448 2333 1485 eum
2365 1448 2483 1487 cum
2515 1434 2747 1490 exercitu
2784 1436 3100 1491 interﬁcere.
3146 1435 3259 1489 God
3289 1452 3384 1490 nus
3408 1454 3616 1494 cernens

2072 1536 2182 1576 sua:
2214 1523 2333 1577 vitae
2380 1524 2668 1592 periculum
2697 1567 2712 1592 ,
2766 1532 2911 1594 terga
2965 1540 3179 1582 vertens
3228 1544 3346 1581 cum
3376 1546 3531 1584 uxore
3558 1534 3614 1585 ad

2076 1613 2427 1680 Dagolertum
2458 1629 2634 1680 regem
2664 1617 2895 1681 perrexit
2926 1618 2974 1669 in
3000 1619 3214 1683 Auster,
3247 1628 3301 1674 et
3332 1621 3380 1673 in
3411 1623 3619 1676 ecclesia

2078 1709 2242 1758 sancti
2262 1708 2300 1759 Δ
2311 1707 2388 1774 pri
2402 1706 2429 1742 ιι
2453 1722 2597 1775 regio
2621 1710 2810 1761 timore
2825 1718 2985 1775 pertei
3003 1710 3041 1762 ri
3052 1718 3152 1774 tus,
3177 1710 3304 1765 fecit
3316 1713 3620 1775 confugiunt.

402 1798 769 1852 Clilotharium
802 1807 945 1868 terga
974 1800 1171 1862 vertit,
1226 1808 1281 1852 ut
1327 1812 1475 1851 suam
1515 1812 1635 1852 cum
1670 1797 1779 1849 ﬁlio
1809 1796 1969 1849 vitam
2005 1777 2047 1834 Β
2081 1795 2404 1864 Dagobertus
2438 1812 2529 1861 per
2566 1798 2766 1866 legatos
2803 1812 2897 1867 pro
2940 1794 3057 1867 ejus
3089 1801 3192 1854 vita
3232 1801 3426 1870 saepius
3466 1801 3615 1856 Chlo-

401 1886 645 1940 obtinere
684 1887 1012 1955 dignaretur.
1063 1886 1403 1941 Chlotharius
1442 1898 1562 1940 cum
1614 1884 1969 1954 Dagobertuut

398 1978 637 2039 vidisset,
692 1978 828 2031 inter
859 1986 1078 2033 ett-teras
1108 1977 1495 2032 collocutiones
1525 1976 1866 2032 Chrodoaldo
1895 1977 1973 2030 vi-

402 2078 507 2122 tam
559 2079 824 2137 precatur.
892 2068 1219 2139 Dagobertus
1258 2070 1594 2138 promittens,
1644 2071 1687 2123 si
1738 2067 1787 2123 id
1833 2067 1970 2137 quod

399 2161 538 2214 male
566 2170 805 2231 gesserat
833 2162 1165 2227 emendaret,
1205 2160 1577 2215 Chrodoaldus
1611 2159 1732 2213 vita:
1766 2158 1975 2228 pericu-

398 2250 506 2305 lum
547 2268 649 2305 non
702 2251 957 2319 haberet;
1016 2253 1111 2307 sed
1164 2254 1306 2306 nulla
1345 2260 1588 2306 exstante
1641 2266 1809 2315 mora,
1853 2266 1973 2305 cum

397 2338 770 2396 Clirodoaldus
794 2356 914 2395 cum
948 2341 1245 2411 Dagoberto
1267 2341 1514 2397 Treveris
1543 2341 1675 2415 [Al.,
1706 2341 1974 2414 reversus]

398 2435 735 2500 accessisset,
784 2434 933 2502 jussu
990 2433 1271 2505 Dagoberti
1313 2433 1622 2489 interfectus
1659 2444 1742 2489 est
1772 2451 1785 2486 :
1816 2449 1973 2503 quem

400 2526 710 2580 Bertharins
742 2526 901 2578 homo
927 2525 1316 2595 Scarponensis
1346 2523 1371 2561 ά
1399 2523 1684 2596 evaginato
1709 2522 1884 2595 gladio
1906 2525 1972 2579 ad

396 2618 590 2671 ostium
620 2616 749 2687 [Al.,
784 2615 1087 2687 postitium]
1117 2614 1348 2670 cubiculi
1378 2617 1547 2683 capite
1579 2614 1866 2669 truncavit.

470 2713 565 2765 AN.
601 2725 790 2764 ncnv.
814 2739 881 2749 --
911 2708 1041 2764 LIII.
1070 2709 1226 2763 Anno
1252 2707 1318 2761 42
1344 2710 1489 2778 regni
1516 2708 1839 2775 Chlotharii,
1874 2708 1973 2762 Da.

400 2800 654 2869 gobertus
710 2801 855 2855 cultu
898 2798 1064 2870 regio,
1105 2814 1167 2853 ex
1201 2798 1330 2871 [Al.,
1361 2799 1436 2870 et]
1474 2794 1624 2869 jussu
1658 2800 1825 2870 patiis
1880 2800 1975 2855 ho-

395 2900 545 2948 neste
580 2906 699 2947 cum
722 2892 968 2948 Ieudibus
1000 2893 1052 2947 in
1087 2893 1360 2961 Clippiaco
1411 2908 1514 2947 non
1548 2903 1571 2931 ο
1597 2894 1778 2963 procul
1830 2888 1973 2947 Pari-

395 2983 504 3036 sius
529 2983 690 3045 venit,
726 2981 907 3052 ibique
934 2997 1243 3053 germanam
1274 2982 1523 3039 Sitzhildae
1567 2984 1769 3055 regium
1797 2980 1843 3053 ι,
1879 2999 1973 3037 ηο-

394 3072 537 3124 mine
564 3072 968 3139 Gomalrudem,
1003 3072 1057 3127 in
1086 3072 1389 3143 eonjugium
1419 3073 1633 3141 accipit.
1666 3072 1972 3129 Transactis

394 3162 615 3231 nuptiis,
646 3162 733 3216 die
759 3162 911 3217 tertia
954 3133 1092 3218 inter
1121 3133 1490 3219 Chlovtharium
1526 3133 1579 3218 et
1612 3162 1968 3230 Dagobertum
1999 3133 2046 3195 θ

396 3254 561 3306 lilium
592 3268 745 3307 suum
775 3254 934 3324 631
981 3255 1156 3323 gravis
1191 3265 1305 3309 orta
1337 3255 1435 3309 fuit
1478 3255 1720 3311 intentio.
1752 3256 1974 3312 Petebat

392 3347 535 3400 enim
569 3346 899 3414 Dagobertus
928 3356 1119 3400 cuneta
1156 3362 1273 3416 qua:
1303 3346 1371 3401 ad
1412 3363 1634 3418 regnum
1663 3347 1972 3404 Austrasio-

396 3454 511 3491 rum
558 3438 889 3505 pertinebant
941 3454 1052 3492 suae
1097 3438 1284 3493 ditioni
1326 3438 1459 3493 velle
1508 3438 1767 3508 recipere,
1824 3440 1965 3511 quod

393 3531 737 3585 Clilotharius
793 3532 1139 3586 vehementer
1189 3532 1490 3601 denegabat
1536 3533 1707 3587 eidem
1756 3549 1821 3589 ex
1870 3533 1972 3590 hoc

396 3621 528 3675 nihil
561 3624 694 3676 velle
722 3622 1042 3676 concedere.
1076 3621 1274 3675 Electis
1310 3621 1378 3674 ab
1408 3618 1488 3675 his
1514 3620 1724 3677 duobus
1756 3624 1970 3691 regibus

393 3714 677 3766 duodecim
701 3713 1025 3766 Francorum
1049 3714 1381 3781 proceribus,
1413 3724 1468 3767 ut
1492 3729 1674 3769 eorum
1704 3714 1971 3783 discepta-

396 3805 543 3859 tione
576 3805 688 3857 lircc
731 3805 973 3858 ﬁniretur
1004 3804 1265 3870 intentio,
1301 3806 1441 3859 inter
1471 3820 1605 3873 quos
1647 3816 1700 3860 et
1737 3805 1969 3861 domnus

398 3892 655 3947 Arnulfus
701 3894 937 3961 pontifex
979 3892 1254 3947 Mettensis
1293 3908 1412 3946 cum
1458 3894 1678 3962 reliquis
1706 3896 1970 3965 episcopis

395 3985 626 4053 eligitur,
660 3985 748 4053 qui
782 3984 1187 4053 benignissime,
1212 3994 1268 4037 ut
1298 4000 1390 4037 sua
1422 3994 1537 4037 erat
1566 3986 1840 4048 sanctitas,
1889 3986 1971 4040 itt—

396 4089 478 4134 ler
508 4086 711 4147 patrem
743 4086 797 4132 et
821 4077 985 4131 lilium
1016 4093 1110 4146 pro
1143 4079 1287 4146 pacis
1319 4077 1633 4145 loquebatur
1658 4076 1968 4147 concordia,

466 4264 490 4292 ³
522 4250 807 4307 Bollandns
844 4263 1021 4307 monet
1061 4253 1112 4306 in
1145 4251 1446 4306 Comment.
1489 4249 1554 4303 ad
1587 4248 1755 4304 Vitam
1797 4248 1965 4305 sancti

394 4326 621 4402 I’ippitii,
655 4324 742 4377 die
781 4324 844 4376 2|
892 4322 1073 4401 Febr._,
1108 4322 1209 4376 hoc
1234 4335 1391 4402 caput
1424 4324 1473 4375 in
1504 4320 1710 4390 aliquot
1753 4322 1967 4390 scriptis

393 4399 603 4457 deesse,
635 4402 810 4448 exstat
840 4404 1013 4448 tamen
1049 4399 1098 4446 in
1131 4399 1347 4445 nostris.

462 4466 489 4504 δ
515 4466 614 4549 ἕξις
666 4465 941 4549 Plerique
965 4463 1298 4549 eaeeae
1324 4462 1595 4549 ’.νιρτηίης
1614 4459 1962 4549 Αέίρξίοξιιελβξτν
1996 4490 2042 4549 n

392 4552 487 4595 seu
510 4530 850 4588 Chardaldui.
883 4530 1187 4596 Bollandus,
1215 4530 1330 4585 luco
1355 4532 1523 4596 laud.,
1572 4530 1731 4585 habet
1768 4530 1961 4599 Agilo!-

395 4607 553 4676 ﬁnga,
584 4606 705 4668 sive,
736 4616 794 4676 ut
826 4605 938 4673 ipse
968 4604 1201 4676 exponit,
1227 4600 1406 4676 βοὶεα.
1441 4601 1724 4676 Historiam
1760 4600 1961 4676 Agilol.

393 4670 599 4742 tingicte
625 4670 859 4741 familiae,
885 4689 947 4727 ex
979 4690 1080 4743 qua
1110 4672 1416 4727 Guelforum
1449 4670 1961 4743 aliarumquenobi-

392 4740 582 4799 liorum
607 4744 907 4797 Germania:
934 4740 1253 4797 familiarum
1286 4744 1545 4812 originem
1578 4740 1747 4808 repeti
1767 4741 1963 4812 debere

391 4826 598 4878 censet,
648 4814 762 4867 fuse
799 4813 1085 4878 descripsit
1133 4809 1414 4868 Bucelinus
1452 4813 1746 4867 monachus
1773 4809 1961 4865 Wein-

388 4884 653 4954 gartensis
679 4894 828 4954 torno
860 4882 902 4954 II
934 4882 1231 4935 Germaniae
1257 4897 1442 4954 sacrm.

466 4966 488 4995 ο
524 4955 596 5009 Ex
637 4953 719 5007 his
750 4952 959 5007 duobus
986 4955 1107 5006 viris
1147 4952 1525 5018 sanctissimis,
1566 4950 1633 5006 de
1661 4950 1854 5018 quibus
1882 4950 1962 5005 in-

392 5026 469 5079 fra
514 5025 711 5093 passim
760 5022 956 5093 agitur,
1009 5022 1169 5093 prior,
1197 5023 1295 5076 fuit
1341 5023 1625 5091 episcopus
1663 5020 1959 5089 Mettensis,

389 5092 529 5150 alter
552 5097 737 5160 laicus,
769 5108 800 5148 e
821 5092 1014 5161 quibus
1046 5092 1237 5160 prodiit
1274 5094 1503 5147 secunda
1540 5106 1721 5161 regum
1755 5101 1964 5161 nostro-

392 5182 512 5221 rum
544 5169 727 5235 stirps.
760 5160 1066 5235 VAnsegisus
1090 5164 1307 5235 quippe
1330 5164 1517 5235 sancti
1562 5160 1765 5216 Arnultl
1822 5160 1964 5215 ﬁlius

388 5252 610 5293 uxorem
640 5232 795 5291 duxit
822 5232 1051 5303 Beggatti
1086 5232 1291 5302 Pippini
1318 5232 1510 5299 ﬁliam,
1543 5245 1609 5285 ex
1638 5246 1740 5303 qua
1779 5245 1961 5303 susce;

396 5305 474 5372 pit
516 5305 790 5373 Pippinum
839 5300 1307 5366 fle—ristallen'sem,
1346 5305 1439 5372 qui
1472 5312 1621 5371 pater
1662 5302 1759 5354 fuit
1787 5300 1961 5373 Caroli

394 5369 649 5445 g'ilartel'li,
698 5391 761 5428 ex
794 5391 900 5445 quo
942 5384 1092 5431 ortus
1130 5386 1211 5429 est
1252 5369 1505 5443 Pippinu’s
1539 5373 1752 5435 Brevis,
1785 5369 1961 5425 Caroli

393 5442 563 5511 Magni
603 5452 771 5511 pater.

466 5520 492 5549 α
522 5514 788 5581 Scarpona
829 5522 976 5567 vetus
1021 5523 1101 5568 est
1139 5513 1492 5581 Lotharingia:
1527 5521 1780 5574 castrum,
1822 5524 1962 5565 nunc

396 5583 452 5641 in
482 5582 655 5635 vicum
688 5582 957 5636 redactum
987 5594 1040 5637 et
1068 5585 1152 5636 vix
1185 5594 1387 5640 notum.
1423 5583 1488 5635 ad
1522 5582 1814 5644 Mosellam,
1850 5596 1962 5634 ses-

394 5654 636 5723 qnileuca
659 5652 864 5706 distans
886 5652 1103 5723 a_l’onte
1130 5653 1430 5723 Montionis,
1446 5667 1628 5723 versus
1651 5652 1963 5723 Nanceinm,

395 5720 553 5795 vulgo
580 5723 862 5791 Surpeique
902 5720 1125 5789 dictum,
1160 5721 1295 5779 haud
1332 5723 1509 5792 procul
1536 5738 1561 5774 a
1588 5722 1838 5778 (Iusto-lia
1864 5722 1959 5775 Dei

2074 1888 2300 1941 thariutu
2350 1903 2525 1956 regem
2566 1886 2989 1957 deprecabatur:
3024 1891 3233 1947 tandem
3274 1909 3307 1947 a
3333 1894 3624 1947 Chlotliario

2075 1976 2398 2044 promittitur
2426 1976 2617 2031 Godini
2640 1978 2747 2032 vita
2774 1967 3049 2047 concessa,
3077 1992 3252 2037 tamen
3278 1979 3386 2055 [AL
3413 1981 3623 2056 tantum)

2074 2078 2130 2122 ut
2173 2069 2473 2133 Bertanein,
2506 2084 2664 2138 quam
2703 2082 2888 2126 contra
2930 2087 3194 2128 canonum
3240 2076 3476 2129 instituti
3510 2093 3626 2130 uxo—

2074 2176 2188 2215 rem
2218 2171 2518 2230 acceperat,
2563 2165 2906 2233 relinqueret.
2954 2166 3194 2235 Cumque
3234 2164 3353 2238 ipse
3402 2168 3629 2235 reliquis-

2074 2261 2175 2315 set,
2206 2262 2260 2307 et
2289 2268 2535 2309 reversus
2575 2265 2718 2311 esset
2757 2259 2807 2309 in
2840 2273 3060 2327 regnum
3098 2258 3440 2328 Burgundize,
3485 2259 3626 2311 Berta

2074 2345 2328 2399 continuo
2347 2346 2411 2399 ad
2438 2346 2803 2403 Chlotharium
2836 2352 3087 2417 perrexit,
3118 2351 3307 2406 dicens
3336 2368 3351 2407 :
3383 2352 3441 2411 Si
3481 2351 3630 2406 Codi-

2077 2449 2175 2488 nns
2203 2438 2512 2505 conspectui
2535 2438 2825 2493 Clilotharii
2856 2449 3223 2507 praesentatur,
3269 2442 3445 2511 ipsum
3464 2458 3629 2511 regem

2077 2527 2235 2581 vellet
2267 2528 2585 2585 interﬁcere.
2616 2529 2859 2585 Godinus
2880 2532 3032 2600 jussu
3062 2531 3363 2587 Chlotharii
3392 2548 3484 2603 per
3512 2548 3633 2602 prte-

2076 2620 2228 2689 cipua
2277 2621 2390 2675 loca
2430 2630 2756 2687 sanctorum,
2790 2621 2970 2675 domni
3010 2623 3172 2693 63a
3208 2621 3447 2679 Medardi
3490 2620 3634 2678 Sues-

2075 2711 2255 2764 sionas
2292 2719 2345 2763 et
2386 2709 2568 2764 domni
2612 2708 2852 2781 Dionysii
2897 2707 3131 2765 Parisios
3176 2725 3239 2766 ea
3292 2710 3636 2782 prastentione

2078 2810 2404 2854 sacramenta
2432 2800 2655 2854 daturus
2681 2801 2979 2867 adducitur,
3011 2812 3067 2856 ut
3096 2817 3316 2873 semper
3337 2802 3639 2872 Chlothario

2076 2889 2297 2945 deberet
2326 2904 2447 2944 esse
2476 2889 2667 2955 ﬁdelis,
2697 2899 2753 2944 ut
2776 2905 3011 2959 congrue
3033 2891 3181 2945 locus
3211 2899 3361 2946 esset
3382 2899 3637 2961 repertus,

2077 2996 2182 3051 quo
2210 2991 2365 3051 pacto
2384 2990 2660 3049 separatus
2688 2997 2714 3032 a
2745 2982 2857 3036 suis
2882 2981 3300 3037 interliceretur.
3335 2980 3639 3040 Chramnnl-

2081 3073 2159 3127 fus
2189 3068 2232 3136 ί,
2282 3087 2417 3126 unus
2444 3087 2506 3127 ex
2539 3073 2865 3140 proceribus,
2898 3082 2952 3128 et
2979 3072 3356 3129 Waldebertus
3398 3073 3638 3129 domesti-

2074 3178 2168 3216 cus
2198 3162 2436 3217 dicentes
2473 3158 2538 3217 ad
2585 3163 2848 3219 Godinum
2888 3174 2942 3219 ut
2986 3163 3294 3220 Aurelianis
3326 3165 3379 3220 in
3429 3165 3639 3221 ecclesia

2073 3257 2241 3310 sancti
2284 3255 2496 3321 Aniani,
2537 3250 2590 3312 et
2628 3255 2856 3311 Turonis
2891 3258 2955 3312 ad
3007 3252 3184 3313 limina
3236 3259 3411 3314 sancti
3446 3256 3639 3312 Martini

2075 3343 2246 3412 ipsum
2279 3354 2670 3399 sacramentum
2703 3346 2891 3422 adhuc.
2919 3346 3234 3417 impleturus
3261 3350 3457 3404 adiret.
3499 3347 3640 3415 Quod

2073 3447 2197 3487 cum
2221 3434 2274 3487 in
2296 3434 2604 3488 suburbano
2631 3436 2894 3503 Carnotis,
2920 3434 3273 3494 Chramnquo
3309 3441 3571 3494 indicante
3590 3448 3639 3491 et

2075 3524 2487 3588 transmittente,
2542 3525 2671 3580 hora
2717 3528 2925 3595 prandii
2966 3529 3018 3581 in
3068 3530 3359 3598 quamdam
3411 3529 3639 3586 villulam

2072 3616 2325 3681 venisset,
2376 3616 2553 3685 ibique
2583 3615 2955 3673 Chramnnlfus
2984 3630 3038 3674 et
3059 3619 3443 3677 Waldebertus
3488 3635 3638 3688 super

2072 3704 2243 3774 ipsum
2273 3720 2391 3760 cum
2420 3706 2658 3762 exercitu
2683 3708 2908 3772 irruunt,
2940 3724 3172 3781 eumque
3207 3712 3567 3776 interﬁciunt;
3594 3720 3644 3766 et

2071 3816 2165 3854 eos
2196 3800 2281 3866 qtti
2315 3815 2435 3855 eum
2467 3800 2583 3869 ipso
2612 3801 2783 3856 adhuc
2815 3802 3143 3870 restiterant,
3186 3810 3451 3877 quosdam
3480 3808 3634 3865 inter-

2074 3890 2275 3952 ﬁciunt,
2294 3889 2534 3959 aliosque
2562 3892 2889 3961 exspoliatos
2909 3895 2963 3949 in
2991 3895 3166 3967 fugam
3184 3911 3462 3956 vertentes
3492 3904 3641 3959 relin-

2070 3989 2257 4048 qunnt.
2288 3979 2364 4033 Eo
2387 3994 2526 4034 anno
2551 3981 2816 4036 Palladius
2843 3982 3063 4055 ejusque
3092 3988 3235 4044 lilius
3256 3992 3506 4051 Sit'OCUS.
3539 3995 3641 4060 epio

2070 4086 2265 4140 scopus
2287 4068 2527 4126 (Elosani
2554 4072 2601 4139 i,
2651 4075 2927 4133 incusante
2967 4076 3285 4150 Aighynane
3313 4085 3473 4152 duce,
3515 4083 3642 4155 quod

2072 4246 2413 4317 (Doulewart)
2438 4249 2617 4301 situm.

2072 4387 2084 4398 .
2146 4318 2344 4398 sts.,
2386 4317 2650 4398 Clippiaco
2693 4320 2890 4398 procul.
2936 4324 2993 4377 In
3022 4325 3165 4381 Clar.
3212 4336 3325 4383 tres
3368 4331 3557 4385 litterae
3581 4345 3642 4384 ex

2073 4389 2328 4461 industria
2382 4389 2792 4461 detnﬁnﬂsunt.
2853 4396 3137 4461 SupereSI,
3191 4399 3433 4454 Ieudibus
3493 4416 3641 4453 nec...

2070 4456 2560 4537 Clippincoprocul.
2610 4459 2731 4515 Vet.
2766 4456 3132 4537 Ed.,_praeter'
3157 4466 3351 4535 Freh.,
3409 4474 3473 4525 de
3500 4468 3646 4523 Picto

2108 4527 2274 4609 rogat.
2303 4527 2654 4609 Clippiacum,
2702 4533 2858 4601 vulgo
2883 4527 3080 4609 Ciicliy,
3116 4538 3290 4609 _situm
3321 4527 3407 4595 est
3446 4542 3497 4594 in
3520 4553 3642 4609 agro

2115 4596 2359 4651 arisieusi
2412 4614 2572 4667 prope
2609 4596 2936 4668 Sequanam;
2967 4596 3075 4657 ubi
3098 4605 3389 4664 defunctus
3418 4622 3500 4665 est
3526 4596 3644 4665 san-

2070 4677 2188 4742 ctus
2208 4668 2511 4742 Andoeuus.
2534 4670 2661 4742 Vide
2678 4671 2771 4725 lib.
2792 4687 2840 4724 tv
2854 4673 2919 4727 de
2934 4672 3012 4727 Re
3032 4675 3380 4742 Diplomatica
3395 4697 3542 4734 num.
3559 4681 3644 4734 36.

2069 4737 2414 4861 ξῗιὲἳὲἶέιυέα
2437 4740 2575 4807 apud
2610 4740 2962 4797 Ilomiliacum
2985 4737 3300 4815 contigisse,
3336 4750 3501 4819 infra,
3528 4765 3641 4818 cap.

2145 4847 2159 4869 ,
2191 4817 2401 4862 dicitur.

2151 4875 2172 4915 τ
2191 4877 2312 4932 llaec
2334 4877 2431 4931 fuit
2459 4879 2622 4947 ipsius
2652 4878 2911 4936 Chlotarii
2942 4899 3095 4937 uxor.

2142 4958 2166 4995 ιι
2199 4948 2331 5001 lIinc
2352 4949 2543 5016 collige
2582 4952 2743 5004 alium
2775 4966 2892 5008 esse
2927 4954 2991 5009 ab
3022 4954 3124 5009 isto
3157 4956 3554 5012 Warnachario
3582 4958 3642 5011 il-

2068 5017 2175 5089 lum
2207 5018 2319 5087 qui,
2353 5029 2527 5086 partes
2570 5020 2796 5089 Agrestii
2826 5034 3009 5076 contra
3051 5036 3294 5081 sanctum
3346 5028 3646 5084 Eusta‘sium

2070 5088 2476 5160 Luxoviensem_
2496 5088 2741 5160 abbatem
2784 5093 2916 5147 tueri
2971 5096 3178 5160 volens,
3234 5098 3289 5151 in
3342 5110 3501 5153 conc.
3545 5099 3646 5151 Ma-

2072 5158 2261 5213 tiscon.
2295 5174 2382 5211 an.
2415 5158 2519 5212 622
2548 5163 2827 5225 repentina
2858 5174 3030 5220 morte
3060 5158 3283 5221 interiit.

2140 5226 2165 5265 ιι
2196 5227 2251 5281 In
2310 5230 2565 5306 sithurbio
2606 5228 2862 5306 Tullensi,
2917 5233 3254 5306 sirint-Evn,
3306 5239 3465 5306 cujus
3504 5235 3646 5291 urbis

2067 5298 2240 5354 fuerat
2265 5300 2569 5369 episeopus,
2614 5302 2699 5354 tibi
2731 5313 2906 5357 exstat
2932 5304 3139 5358 abitalia
3178 5298 3393 5363 ordinis
3426 5307 3639 5363 Benedi-

2067 5369 2193 5439 ctini
2220 5370 2320 5439 sub
2346 5372 2751 5439 congregatione
2780 5376 2949 5429 sancti
2984 5375 3175 5430 Vitoni.

2146 5438 2163 5509 ξ
2195 5438 2369 5502 CoIb.,
2403 5438 2724 5509 Itanntulfus.

2140 5506 2158 5558 i
2196 5510 2327 5563 Bob.
2360 5520 2412 5563 et
2449 5510 2597 5583 Culb.
2628 5506 2751 5583 cum
2783 5513 2983 5580 aliquot
3031 5515 3150 5581 EtL,
3202 5512 3466 5569 Seductus
3494 5516 3645 5583 φῆς.

2068 5578 2388 5653 fateamini;
2416 5582 2483 5653 al.
2502 5621 2516 5645 ,
2538 5591 2581 5633 et
2606 5581 2854 5635 Sedocus.
2877 5578 3176 5647 ‘Aitnoinns,
3203 5585 3299 5637 lib.
3334 5602 3385 5639 tv
3417 5578 3534 5653 cap.
3564 5581 3647 5645 ﬂ,

2072 5649 2301 5723 δράσαιμι
2342 5649 2695 5723 Tholosqtium
2742 5654 3027 5723 episcOpus.
3082 5656 3283 5708 Chesn.
3334 5669 3391 5711 ct
3446 5649 3643 5723 conn,

2075 5720 2302 5774 ὅρηαι-αδ
2328 5724 2477 5774 eoisc.
2531 5720 2811 5779 Elosanus.
2843 5722 2891 5779 Is
2912 5720 3000 5780 est
3031 5726 3119 5795 qui
3146 5739 3289 5779 anno
3325 5722 3645 5794 jirxcedenti
