3928 6184
340 276 440 335 6ιὸ

1796 280 2213 338 CIIR()NICU.\I.

3517 282 3625 341 6M

338 392 522 465 gttatio
550 394 669 463 ejus
711 390 1046 458 recessisset,
1082 401 1262 448 tamen
1292 400 1499 464 postea,
1527 404 1688 465 atque
1730 398 1932 453 utinam
1960 399 2011 455 Α
2040 401 2339 448 moverunt.
2366 394 2489 448 Post
2520 397 2633 449 haec
2656 393 3176 467 Constantinopol'm
3197 400 3382 456 sedem
3413 401 3624 472 imperii

338 492 410 547 illi
435 490 499 545 ad
521 488 822 545 mercedem
852 502 1032 543 veram
1063 486 1195 543 lucri
1223 487 1435 555 luisset,
1464 504 1586 543 nam
1618 489 1922 560 eleemosy-

339 596 455 635 nam
483 581 803 649 pauperibus
839 593 1001 650 supra
1041 577 1256 632 modum
1288 564 1507 649 largiter
1552 580 1833 651 erogabat,
1876 581 1923 635 si

338 669 491 741 hujus
522 672 599 726 rei
638 670 903 742 sagacitas
941 670 1250 739 cupiditatis
1275 668 1527 725 instinctu
1575 685 1678 725 non
1713 685 1951 740 przeper

336 764 518 829 disset,
548 779 771 831 regnum
804 771 860 818 ut
887 762 1122 817 creditur
1152 763 1434 818 meruisset
1466 772 1750 820 aeternum.

401 853 539 908 LXI.
579 851 710 907 Cum
758 853 942 907 leudes
986 854 1065 905 sui
1111 851 1228 922 ejus
1278 854 1569 922 nequitiam
1619 866 1921 923 gemerent,

334 944 450 999 ha-c
478 960 707 999 cernens
734 945 1012 1014 Pippiuus,
1049 960 1169 998 cunt
1200 954 1344 999 esset
1372 947 1581 1000 cautior
1608 948 1841 1012 cunctis,
1871 956 1927 1004 et

331 1040 650 1095 consiliosus
674 1038 852 1101 valde,
889 1038 1230 1107 plenissimus
1260 1038 1385 1103 lide,
1420 1038 1488 1092 ab
1518 1040 1767 1094 omnibus
1793 1041 1928 1094 dileo

336 1139 471 1195 ctus,
502 1148 597 1199 pro
639 1130 859 1199 justitize
903 1144 1089 1184 amore
1116 1145 1219 1198 qua
1253 1130 1607 1200 Dagohertum
1638 1132 1927 1187 consiliose

332 1225 680 1287 instruxerat,
705 1221 830 1275 dum
861 1236 963 1275 suo
985 1237 1112 1276 usus
1145 1222 1317 1277 Inerat
1344 1222 1593 1288 consilio,
1620 1224 1719 1277 sibi
1747 1235 1924 1278 tamen

333 1328 431 1369 nec
455 1314 745 1383 quidquam
788 1312 994 1368 oblitus
1019 1313 1261 1382 juSIititn,
1294 1329 1467 1383 neque
1497 1314 1753 1369 recedens
1782 1330 1811 1367 a
1844 1315 1926 1369 via

330 1407 591 1460 bonitatis
614 1448 631 1474 ,
660 1421 782 1461 cum
812 1406 878 1460 ad
914 1408 1271 1474 Dagobertum
1300 1408 1601 1473 accederet,
1637 1408 1927 1477 prudenter

325 1496 523 1567 agebat
553 1497 606 1552 in
633 1497 862 1562 cunctis,
894 1506 953 1552 et
980 1507 1193 1552 cautum
1222 1512 1283 1553 se
1311 1499 1365 1551 in
1394 1476 1649 1552 omnibus
1675 1476 1926 1557 ostende-

329 1590 453 1655 bat;
486 1587 663 1643 zelum
694 1586 837 1660 [Ch.,
858 1584 1027 1658 zelus]
1050 1587 1452 1643 Austrasiorum
1484 1588 1746 1645 adversus
1777 1604 1924 1645 eum-

328 1676 454 1732 dem
494 1676 847 1732 vehementer
890 1676 1234 1747 suggerebat,
1268 1684 1331 1731 ut
1372 1676 1533 1733 etiam
1584 1677 1755 1747 ipsum
1805 1693 1926 1734 cum

2029 486 2447 556 propinquantes
2472 488 2752 543 destruere
2780 490 3137 545 conabantur.
3174 493 3468 562 Egrediens
3487 510 3613 552 cum

2028 582 2265 635 exercitu
2314 581 2587 637 Ileraclius
2632 583 2880 649 obviam,
2933 585 3121 654 legatis
3169 587 3617 655 discurrentibus,

2031 672 2305 728 Ileraclius
2336 674 2709 743 imperatorem
2733 676 3036 743 Persarum,
3054 681 3273 734 nomine
3301 679 3542 738 Costlroe
3562 681 3620 751 ⁸,

2031 762 2181 831 petiit
2227 774 2283 816 ttt
2331 764 2384 818 hi
2433 764 2540 818 duo
2593 765 2946 834 imperatores
3010 770 3265 831 singulari
3324 775 3623 832 certamine

2028 853 2506 923 coniungerentur,
2533 872 2788 925 suspensa
2822 860 3004 927 procul
3037 862 3313 931 utriusque
3344 864 3618 918 exercitus

2030 947 2398 1012 multitudine;
2426 958 2482 1001 et
2502 953 2586 1003 cui
2616 950 2836 1003 victoria
2861 962 3207 1019 priestaretur
3227 954 3294 1007 ab
3321 954 3618 1023 Altissimo,

2030 1035 2310 1103 imperium
2360 1037 2478 1108 eius
2513 1042 2600 1106 qui
2645 1040 2957 1094 vintelratur
3003 1051 3058 1096 et
3099 1045 3348 1111 populum
3391 1046 3619 1100 illmsum

2032 1129 2317 1196 reciperet.
2352 1129 2644 1197 Imperator
2688 1131 2972 1186 Persarum
3022 1135 3120 1188 hac
3156 1135 3528 1193 convenientia
3557 1157 3620 1195 se

2030 1235 2369 1289 egreSsurum
2395 1222 2460 1274 ad
2491 1221 2730 1288 prwlittm
2762 1222 3022 1292 singulari
3050 1226 3341 1279 ecrtatnine
3379 1241 3616 1296 spopon-

2031 1312 2128 1365 dit.
2180 1312 2453 1367 lleraclius
2505 1313 2795 1383 imperator
2843 1330 2992 1369 arma
3034 1330 3254 1370 sumens
3294 1318 3450 1372 telam
3484 1332 3619 1387 pra:-

2032 1404 2086 1457 Iii
2121 1412 2144 1439 θ
2173 1414 2228 1458 et
2280 1406 2595 1475 phalangem
2628 1425 2654 1457 a
2688 1407 2800 1461 suis
2849 1418 2969 1475 post
3009 1418 3214 1479 tergum
3265 1423 3617 1480 praeparatam

2033 1495 2340 1564 relinquens
2370 1537 2385 1563 ,
2438 1497 2692 1568 singulari
2741 1501 3057 1565 certamine,
3106 1513 3161 1555 ιιι
3210 1517 3380 1558 novus
3429 1503 3619 1570 David,

2034 1589 2272 1658 procedit
2318 1589 2386 1643 ad
2435 1588 2653 1645 bellum.
2701 1591 2993 1661 Imperator
3039 1594 3324 1648 Persarum
3354 1592 3621 1653 Cosdroes

2034 1681 2315 1749 patricium
2365 1683 2648 1749 quemdam
2695 1698 2759 1737 ex
2810 1685 2942 1751 suis,
2972 1700 3130 1757 quem
3185 1686 3533 1744 fortissimum
3566 1690 3618 1744 in

278 1766 642 1838 'lDagoberto
685 1777 1012 1823 conarentur
1042 1766 1216 1823 facere
1261 1766 1528 1832 odiosum,
1555 1776 1614 1821 ut
1642 1769 1815 1836 potius
1848 1769 2008 1839 in--B
2036 1772 2223 1839 praelio
2267 1787 2493 1829 cernere
2524 1784 2789 1842 potuerat,
2827 1776 2985 1844 hujus
3013 1780 3403 1834 convenit-mite
3443 1781 3508 1833 ad
3540 1780 3621 1835 in-

327 1862 690 1918 terﬁceretur.
729 1860 834 1918 Sed
866 1860 1087 1929 iustitia:
1134 1875 1286 1916 amor
1313 1870 1367 1915 et
1406 1859 1503 1915 Dei
1556 1860 1734 1926 timor,
1766 1875 1923 1929 quem

325 1953 622 2022 diligenter
650 1949 932 2020 amplexus
965 1948 1168 2014 fuerat,
1200 1950 1372 2018 ipsum
1418 1948 1665 2004 liberavit
1688 1964 1717 2003 a
1748 1950 1923 2004 malis.

328 2049 451 2117 Ipse
471 2058 603 2100 vero
635 2058 702 2100 eo
728 2059 871 2099 anno
911 2058 1032 2098 cum
1081 2041 1350 2109 Sigiberto
1391 2041 1501 2097 ﬁlio
1535 2041 1827 2112 Dagoberti
1857 2043 1924 2098 ad

327 2138 707 2194 Charihertum
740 2154 927 2210 regem
954 2137 1201 2192 accessit.

400 2233 569 2289 LXII.
608 2230 989 2295 Charibertns,
1042 2228 1344 2284 Aurelianis
1393 2228 1649 2294 veniens,
1688 2227 1927 2299 Sigiber-

328 2336 444 2379 tum
473 2325 541 2380 de
567 2332 754 2379 sancto
779 2323 994 2378 lavacro
1021 2322 1232 2390 excepit
1254 2329 1303 2374 ο.
1336 2316 1470 2389 IEga
1502 2334 1629 2375 vero
1655 2334 1685 2373 a
1717 2322 1927 2374 exteris

330 2415 637 2485 Neptrasiis
682 2412 710 2451 δ
750 2412 977 2468 consilio
1026 2410 1309 2482 Dagoberti
1364 2418 1482 2465 erat
1530 2410 1795 2467 assiduus.
1849 2410 1929 2466 Eo

328 2521 476 2560 anno
501 2506 659 2575 legati
694 2504 1008 2575 Dagoberti,
1041 2516 1179 2571 quos
1206 2500 1272 2555 ad
1303 2500 1605 2556 lleraclium
1636 2500 1927 2570 imperato-

329 2612 447 2652 rem
467 2596 762 2661 direxerat,
781 2596 863 2650 his
883 2594 1191 2651 nominibus
1205 2593 1462 2650 Servatus
1478 2592 1610 2665 [.4l.,
1628 2591 1928 2662 Servatius]

328 2700 382 2745 et
428 2688 727 2755 Paternus,
779 2688 847 2743 ad
902 2686 1150 2742 eumdem
1202 2694 1569 2749 revertuntur,
1621 2683 1930 2739 nuntiantes

329 2798 519 2854 pacem
553 2790 866 2852 perpetuam
895 2794 1016 2836 cum
1064 2777 1314 2832 Heraclio
1344 2777 1607 2855 lirmasse.
1641 2777 1774 2832 Acta
1802 2791 1931 2831 vero

328 2874 581 2931 miraculi
604 2889 724 2944 qua:
741 2874 810 2928 ab
824 2870 1071 2928 Heraclio
1089 2870 1226 2925 t‘acta
1238 2879 1361 2924 sunt
1376 2884 1481 2923 non
1494 2870 1927 2938 praztermittam.

405 2989 588 3047 IsXIII.
611 2989 886 3044 lleraclitts
907 3002 1028 3041 cum
1050 2996 1193 3041 esset
1218 2983 1471 3055 patricius
1490 2981 1609 3055 161».
1633 2984 1722 3036 ad.
1746 2984 1929 3055 super]

323 3084 616 3137 universas
645 3080 840 3135 Africa:
871 3077 1198 3150 provincias,
1220 3085 1276 3132 et
1308 3074 1498 3139 Focas,
1520 3075 1612 3145 qui
1648 3074 1930 3146 tyrannico

2027 1872 2140 1917 star
2170 1877 2267 1931 pro
2295 1877 2355 1919 se
2380 1872 2566 1919 contra
2592 1865 2893 1921 lleraclium
2918 1870 2985 1921 ad
3019 1869 3369 1939 prteliandum
3397 1871 3619 1927 direxit.

2025 1955 2270 2025 Cumque
2316 1967 2540 2028 uterque
2591 1973 2711 2012 cum
2767 1960 2941 2030 equis,
2984 1961 3037 2015 Iti
3087 1963 3193 2016 duo
3237 1964 3622 2033 congressione

2027 2048 2198 2116 prmlii
2243 2049 2295 2103 in
2345 2050 2571 2105 invicem
2627 2052 3068 2121 propinquarent,
3106 2053 3386 2110 lleraclius
3431 2056 3507 2111 ait
3551 2058 3621 2112 ad

2026 2137 2338 2208 patricium,
2370 2155 2530 2210 quem
2583 2142 2961 2210 imperatorem
2994 2142 3278 2198 Persarum
3322 2143 3619 2201 Cosdrocm

2028 2231 2350 2296 :estimaltat,
2381 2232 2567 2288 dicens
2592 2250 2605 2286 :
2629 2233 2718 2287 Sic
2755 2244 3084 2293 convenerat
3117 2246 3173 2290 ut
3201 2237 3474 2307 singulare
3498 2253 3620 2295 cer-

2029 2332 2208 2377 tamen
2256 2323 2420 2395 639
2464 2324 2811 2392 praeliaudum
2864 2325 3240 2384 debuissemus
3284 2330 3576 2400 conﬂigere
3602 2372 3620 2397 ,

2027 2427 2197 2482 quare
2241 2424 2360 2482 post
2408 2425 2614 2485 tergum
2659 2425 2806 2470 tuum
2854 2416 2947 2472 alii
2997 2421 3327 2489 sequuntur?
3360 2420 3623 2477 Patricius

2029 2500 2121 2557 ille
2165 2518 2361 2573 gyrans
2406 2514 2597 2573 caput,
2625 2514 2684 2558 ut
2724 2506 3064 2576 conspiceret
3109 2510 3200 2578 qui
3248 2520 3369 2580 post
3409 2520 3619 2581 tergum

2031 2592 2146 2662 ejus
2173 2596 2439 2662 venirent,
2466 2595 2738 2651 Ileraclius
2767 2612 2965 2666 equum
2988 2599 3240 2655 calcaneo
3271 2600 3620 2657 vehementer

2033 2700 2249 2757 urgens,
2282 2691 2575 2744 extrahens
2619 2702 2781 2743 usum
2819 2686 2837 2725 ί
2874 2696 3035 2757 caput
3079 2690 3286 2758 patricii
3331 2690 3621 2749 Persarum

2032 2778 2316 2831 truncavit.
2349 2775 2623 2832 Cosdroes
2674 2777 2966 2846 imperator
2993 2793 3114 2834 cum
3161 2778 3339 2834 Persis
3380 2780 3623 2837 devictus

2032 2877 2087 2922 et
2127 2868 2409 2934 confusus,
2438 2879 2586 2939 terga
2634 2880 2853 2924 vertens
2881 2883 2912 2924 a
2942 2871 3055 2925 suis
3085 2870 3316 2940 propriis
3347 2874 3624 2941 tyrannica

2033 2960 2223 3016 ordine
2264 2960 2607 3016 interﬁcitur.
2656 2961 2835 3017 Persa:
2880 2971 3028 3031 tiarga
3071 2971 3342 3018 vertentes
3367 2966 3433 3017 ad
3466 2965 3624 3021 sedes

2034 3061 2278 3107 remeant
2305 3055 2568 3122 proprias.
2595 3050 2872 3107 Ileraclius
2898 3061 3089 3107 evectu
3117 3054 3294 3108 navali
3318 3069 3439 3109 cum
3468 3070 3625 3111 exere

329 3172 525 3226 ordine
571 3140 886 3225 Mauriciutn
923 3169 1302 3239 imperatorem
1360 3166 1726 3231 interiecerat,
1755 3164 1927 3235 impe-

2041 3142 2143 3197 citu
2195 3140 2384 3197 Persas
2433 3143 2750 3212 ingreditur,
2779 3152 3053 3215 totamque
3085 3145 3359 3200 Persidam
3401 3162 3512 3202 sua:
3542 3148 3626 3201 di-

333 3264 585 3332 ritumque
604 3262 769 3332 638
793 3267 1069 3329 rapuerat,
1088 3256 1420 3329 nequissime
1442 3266 1673 3326 regeret,
1698 3268 1751 3310 et
1772 3256 1935 3311 modo

330 3353 592 3409 amentia:
632 3352 916 3406 thesauros
957 3350 1009 3404 in
1041 3363 1189 3403 mare
1238 3346 1544 3417 projiceret,
1572 3346 1761 3401 dicens
1788 3348 1931 3417 quod

331 3444 591 3513 Neptuno
639 3456 860 3496 munera
909 3440 1084 3507 daret,
1128 3447 1409 3493 senatores
1458 3447 1746 3493 cernentes
1791 3438 1933 3508 quod

332 3537 504 3591 vellet
548 3534 834 3602 imperium
884 3547 981 3601 per
1018 3529 1303 3586 stultitiam
1349 3530 1632 3585 destruere
1656 3568 1671 3595 ,
1705 3526 1939 3586 factione

334 3624 579 3682 lleraclii
614 3624 867 3679 i-‘ocatem
912 3621 1309 3691 apprehensum
1354 3632 1574 3675 senatus
1614 3621 1856 3675 manibus
1884 3630 1939 3675 et

335 3714 574 3786 pedibus
623 3712 881 3766 truncatis
930 3711 1108 3781 lapide
1149 3710 1215 3765 ad
1262 3711 1455 3766 collum
1502 3709 1666 3778 ligato
1706 3711 1758 3764 in
1792 3724 1939 3765 mare

336 3804 660 3878 projiciunt.
694 3804 971 3859 Heraclius
996 3818 1266 3858 consensu
1302 3810 1523 3856 senatus
1554 3802 1607 3854 in
1656 3801 1937 3872 imperium

337 3898 662 3953 sublimatur
716 3907 763 3963 ε,
787 3912 909 3950 cum
950 3894 1287 3950 infestatione
1328 3895 1611 3948 Persarum
1655 3894 1937 3963 imperium

337 3989 682 4058 temporibus
724 3986 963 4042 Mauricii
993 3996 1051 4042 et
1082 3984 1292 4041 Focatis
1337 3986 1719 4055 imperatorum
1753 3985 1939 4039 multa:

339 4078 641 4150 provincia:
671 4078 898 4133 fuissent
931 4085 1171 4132 vastatas.
1834 4132 1839 4139 ε

420 4169 612 4225 LXIV.
659 4170 805 4225 more
834 4168 996 4223 solito
1024 4166 1201 4222 denuo
1227 4173 1411 4220 contra
1440 4163 1741 4219 lleraelium
1769 4176 1940 4232 tmpe-

340 4274 494 4318 rator
525 4263 804 4317 Persarum
846 4276 969 4315 cum
998 4259 1238 4315 exercitu
1261 4272 1513 4327 surgens,
1544 4256 1940 4311 Chalcedonam

336 4356 620 4408 είιίιειιισιιι
671 4367 769 4407 nec
816 4352 1002 4421 procul
1050 4366 1080 4405 a
1135 4349 1643 4417 Constantinopoli,
1673 4357 1942 4404 vastantes

342 4448 532 4501 Persa:
578 4445 867 4515 provinciae
898 4443 913 4515 l
946 4440 1152 4496 Forsan
1176 4481 1194 4506 ,
1229 4441 1530 4511 provincias
1560 4439 1569 4509 Ι
1604 4439 1938 4511 reipublicm,

2042 3235 2169 3288 lioni
2195 3234 2406 3305 redigit,
2423 3236 2596 3304 captis
2614 3235 2809 3291 exinde
2831 3236 3012 3291 multis
3030 3236 3320 3306 thesauris,
3339 3247 3395 3292 et
3415 3250 3624 3308 septem

2039 3326 2447 3383 (EltiaruitisB:
2491 3328 2661 3382 tribus
2703 3328 2858 3382 annis
2905 3329 3119 3383 circiter
3174 3328 3390 3385 Persida
3423 3340 3628 3392 vastata

2037 3420 2155 3489 ejus
2182 3418 2372 3474 diti0ni
2397 3419 2698 3490 subjicitur.
2744 3419 2871 3474 Pust
2901 3422 3016 3476 haec
3041 3420 3220 3476 denuo
3253 3422 3429 3477 Persa:
3462 3423 3607 3493 impe

2039 3525 2272 3570 ratorem
2302 3527 2465 3581 super
2489 3527 2551 3568 se
2579 3521 2764 3568 creant
2792 3509 2841 3565 h.
3178 3512 3183 3517 ’
3410 3528 3415 3531 ι

2111 3609 2273 3664 LXV.
2310 3607 2586 3663 lleraclius
2628 3606 2925 3675 imperator
2951 3616 3069 3662 erat
3096 3607 3375 3677 speciosus
3401 3622 3628 3678 conspe-

2040 3710 2150 3766 ctu,
2204 3698 2425 3769 pulchra
2480 3698 2635 3767 facie,
2683 3706 2853 3753 status
2903 3699 3073 3752 forma
3116 3698 3290 3767 digna:
3337 3712 3630 3763 mensurae,

2042 3793 2365 3849 fortissimus
2394 3792 2629 3856 cieteris,
2652 3800 2918 3859 pugnator
2945 3790 3212 3861 egregius.
3245 3789 3377 3846 Nam
3406 3800 3461 3845 et
3484 3804 3630 3860 stepe

2042 3884 2223 3940 leones
2250 3883 2303 3938 in
2324 3896 2508 3947 arena,
2535 3888 2591 3936 et
2612 3882 2835 3937 inermis
2860 3881 3039 3951 plures
3067 3880 3316 3951 singulos
3341 3879 3632 3935 interfecit.

2042 3975 2174 4029 Cum
2204 3983 2347 4027 esset
2378 3971 2570 4027 litteris
2600 3971 2826 4025 nimium
2874 3971 3153 4037 eruditus,
3183 3971 3488 4040 astrologus
3517 3971 3634 4025 elli-

2043 4065 2200 4127 citur,
2232 4065 2483 4135 per.quod
2513 4076 2741 4117 cernens
2766 4077 2795 4115 a
2820 4061 3157 4115 circumcisis
3179 4061 3430 4130 gentibus
3451 4060 3634 4116 divino

2047 4169 2174 4209 nutu
2222 4153 2503 4218 imperium
2534 4165 2654 4206 esse
2685 4149 3022 4214 vastandum,
3053 4149 3119 4202 ad
3152 4148 3515 4218 Dagobertum
3545 4164 3632 4204 re-

2044 4262 2163 4318 gem
2217 4246 2543 4299 Francorum
2593 4242 2867 4311 dsrigens,
2908 4239 3040 4311 petit
3089 4248 3145 4294 ut
3186 4255 3375 4295 omnes
3417 4240 3634 4297 .ludteos

2047 4339 2195 4411 regni
2227 4338 2309 4393 sui
2340 4338 2404 4390 ad
2454 4336 2610 4391 tidem
2642 4333 2954 4389 catholicam
3004 4331 3348 4402 baptizandos
3379 4332 3634 4401 pnecipc-

2047 4444 2151 4497 ret,
2182 4432 2323 4501 quod
2355 4429 2597 4498 protinus
2649 4425 2985 4497 Dagobertus
3010 4423 3250 4493 implevit
3279 4421 3323 4476 ί.
3356 4422 3631 4479 lIeraclius

339 4514 746 4607 pervenissent,
771 4514 996 4603 eamque
1042 4540 1389 4601 erumpentes
1440 4529 1685 4585 incendio
1714 4544 1942 4585 concre-
1977 4522 2024 4581 D
2055 4540 2151 4597 per
2176 4539 2362 4578 omnes
2392 4520 2693 4592 provincias
2740 4516 2950 4588 imperii
2983 4515 3142 4570 talem
3176 4515 3424 4585 idemque
3454 4514 3638 4569 facere

430 4702 455 4725 '-
487 4689 677 4742 Narrat
698 4687 1107 4739 Ilauuetmunlus
1126 4690 1177 4738 in
1198 4683 1317 4737 Vita
1334 4682 1503 4737 sancti
1527 4682 1753 4736 Amandi
1772 4696 1944 4750 eptsc.

342 4760 734 4827 Trajectens'ts,
764 4758 918 4824 cujus
945 4757 1238 4823 discipulus
1269 4754 1367 4827 luit
1387 4794 1403 4819 ,
1436 4753 1759 4827 Sigibet‘tutn
1786 4755 1852 4827 ab
1879 4768 1946 4827 eo

343 4823 679 4896 baptizatum
712 4823 897 4888 fuisse.
930 4840 1100 4890 eaque
1124 4825 1407 4879 occasione
1452 4823 1771 4896 miraculum
1816 4823 1945 4878 insi-

338 4893 456 4973 (ne
486 4898 795 4973 contigisse.
826 4898 957 4951 Nam
985 4912 1104 4950 cum
1138 4897 1219 4949 vir
1246 4906 1462 4949 sanctus
1494 4893 1779 4973 puerulum
1806 4904 1945 4973 cate-

342 4965 679 5026 Ehttmennm
724 4970 949 5031 taceret,
984 4980 1034 5019 et
1084 4981 1245 5021 nemo
1293 4965 1644 5032 reSponderet
1688 4965 1941 5030 orationi,

346 5042 610 5110 puerulus
635 5041 775 5093 clara
799 5053 935 5110 voce
957 5037 1232 5103 respondit
1256 5040 1438 5110 Amen,
1459 5035 1599 5105 quod
1626 5034 1766 5105 apud
1797 5034 1940 5103 Clip-

345 5106 569 5180 ipiacum
600 5110 862 5164 accidisse
892 5109 1032 5163 idem
1060 5116 1247 5180 auctor
1277 5106 1469 5180 innuit.

437 5189 467 5229 δ
488 5182 588 5237 Ed.
613 5180 838 5249 aliquot,
866 5196 926 5232 ac
963 5180 1158 5234 steteris
1205 5178 1505 5232 Austrasiis.
1548 5176 1612 5232 Et
1641 5176 1799 5241 infra,
1831 5186 1941 5232 erat

344 5256 422 5307 ad
452 5252 702 5315 insidias;
733 5250 949 5315 Bubon,
980 5252 1047 5303 ad
1076 5249 1329 5304 insidiis.‘

430 5336 454 5364 ε
487 5314 765 5378 Heraclius
812 5314 1024 5374 creatus
1062 5329 1145 5374 est
1189 5320 1480 5389 impetator
1516 5316 1743 5372 ano6I0.
1772 5314 1943 5389 Ches-

347 5400 518 5449 droes
543 5408 631 5446 an.
678 5390 784 5446 614
830 5391 1220 5462 Jerosolymam
1270 5388 1442 5457 cepit,
1504 5398 1557 5462 et
1601 5390 1742 5462 Saes
1778 5388 1942 5455 ipsius

345 5466 693 5521 evercituutn
747 5462 941 5516 ductor
982 5459 1371 5515 Chalcedoncm
1399 5505 1415 5529 ,
1462 5459 1945 5529 Alexandriamiet

346 5548 521 5589 totam
551 5530 844 5602 Ezyptuut
870 5548 957 5586 an.
990 5530 1093 5587 6I5
1115 5542 1205 5585 aut
1233 5528 1498 5602 sequenti.
1532 5533 1632 5602 An.
1659 5543 1786 5602 vero
1812 5528 1938 5596 623,

347 5608 635 5662 lleraclius
664 5599 715 5655 in
747 5608 890 5670 ipsos
918 5605 1208 5658 exercitum
1255 5599 1441 5666 movit,
1466 5611 1518 5655 ιιι
1547 5599 1825 5670 Chosdros
1849 5612 1938 5654 an.

344 5679 465 5731 623
497 5678 699 5743 fugato,
734 5669 844 5726 tum
890 5689 1019 5742 pace
1066 5688 1185 5728 eum
1218 5675 1398 5728 Sisrue
1445 5673 1586 5726 illius
1631 5670 1738 5723 lilio
1779 5669 1937 5733 inita,

344 5742 577 5803 crucem
606 5754 845 5799 sanctam
864 5783 877 5807 ,
910 5760 1024 5815 qua:
1050 5746 1100 5799 itt
1136 5745 1403 5799 l'erstdettt
1433 5743 1605 5799 delata
1635 5742 1824 5808 fuerat,
1849 5753 1937 5796 ro-

2052 4681 2213 4751 ccpit,
2250 4693 2312 4732 ac
2355 4674 2583 4751 solemni
2628 4687 2841 4751 pompa.
2866 4660 3217 4751 Jerosolymis
3267 4670 3519 4751 restituit.
3553 4671 3633 4727 De

2050 4742 2133 4834 his
2185 4742 2299 4834 fuse
2354 4746 2750 4816 Theophanes,
2802 4742 3078 4798 Cedrenus
3131 4754 3186 4797 et
3236 4742 3328 4797 alii
3381 4753 3636 4799 auctores

2050 4823 2314 4946 Grétglhl.
2348 4896 2452 4942 vet.
2487 4896 2540 4941 ct
2583 4884 2742 4939 Ches.
2774 4883 2869 4950 aI.,
2902 4882 3200 4948 Construes,
3234 4896 3332 4937 seu
3359 4881 3621 4949 Costrttcs,

2046 4976 2101 5020 et
2126 4964 2353 5019 Costrus.
2389 4959 2544 5023 Bolt.,
2572 4954 2839 5019 Construe,
2874 4964 2928 5009 et
2951 4953 3031 5008 sic
3058 4953 3218 5007 infra.
3700 4956 3705 4961 '

2123 5044 2145 5071 ο
2173 5034 2348 5098 Colb.,
2377 5022 2580 5082 sumens
2608 5027 2706 5080 tela
2733 5036 2817 5098 et;
2846 5026 2919 5079 al.
2954 5023 3095 5098 _Ed.,_
3108 5037 3169 5098 et
3187 5022 3478 5098 phalangis.

2128 5103 2145 5142 τ
2176 5103 2266 5159 Sic
2293 5090 2469 5163 Clar.,
2506 5098 2619 5153 Pal.
2663 5107 2715 5151 et
2744 5096 2901 5152 Freh.
2953 5094 3006 5148 lu
3057 5094 3209 5148 Colb.
3244 5093 3438 5163 detrito
3465 5090 3632 5163 priori

2047 5175 2305 5257 vocabqu
2333 5161 2590 5242 scriptum
2613 5176 2697 5225 est
2718 5183 2907 5222 ensem.
2935 5163 3036 5219 Ch.
3069 5165 3141 5218 al.
3172 5170 3227 5216 et
3250 5161 3341 5214 alii
3362 5161 3487 5227 Ed.,
3516 5162 3635 5232 gla-

2049 5248 2266 5371 dimsit:
2292 5313 2433 5368 Clar.
2480 5321 2535 5367 et
2582 5310 2721 5372 Col.,
2752 5309 2913 5362 Chcs.
2946 5304 3019 5357 al.
3059 5314 3113 5357 et
3160 5302 3360 5355 caeteri.
3414 5302 3638 5359 Veteres

2053 5385 2150 5440 Ed.
2181 5389 2392 5439 incaute
2439 5384 2642 5437 litteras
2693 5376 2997 5434 nnrnerales
3047 5389 3117 5427 vtt
3165 5374 3366 5428 nomini
3416 5376 3636 5443 proprio

2047 5456 2356 5524 iungentes,
2396 5452 2777 5524 Waltinruitis;
2799 5446 3030 5524 _Pal.,__tv
3059 5443 3424 5524 Agltiarui‘tisi
3447 5446 3542 5524 Cb.
3575 5456 3635 5524 _et

2050 5513 2237 5590 Ῑῗτθῖι..
2262 5513 2453 5596 septem
2496 5523 2726 5596 Arnitis:
2762 5519 2858 5596 a_I.,
2890 5514 3075 5596 Ailtis.
3107 5514 3266 5595 lloh:,
3291 5513 3634 5596 Celtiornitis.

2118 5596 2146 5633 ¹³
2179 5583 2328 5652 8111ιί⁷
2366 5610 2486 5651 cum
2533 5593 2711 5657 Culb.,
2765 5590 2933 5641 denuo
2982 5583 3172 5640 Persas
3216 5585 3497 5656 imperator
3542 5600 3634 5637 au-

2053 5682 2317 5794 Ρεῖαἶᾶεω
2350 5734 2549 5793 fecerat
2577 5727 2911 5799 canticum
2937 5743 3001 5784 οι
3042 5728 3263 5796 δεθείη·
3293 5727 3385 5781 ¹⁵¹”
3419 5737 3495 5788 "’
3516 5734 3635 5790 ω’
