3928 6184
346 293 445 352 διγ

1516 271 1937 331 FREDEGARII
1978 267 2242 326 SCIIOLA
2256 266 2425 322 STICl
3482 265 3567 324 διε

346 405 621 471 decrevit;
652 400 929 471 ignorabat
955 394 1099 452 enim
1121 392 1265 450 unde
1294 391 1407 447 haec
1434 390 1711 446 calamitas
1738 395 1927 442 contra
1960 394 2003 446 Λ
2036 383 2227 436 linivit.
2250 379 2348 434 Cui
2378 373 2637 433 successit
2658 374 2709 428 in
2743 372 2950 443 imperii
2978 372 3203 444 gradum
3232 370 3570 437 ConStantiuus

352 498 634 569 imperium
662 500 927 562 surgeret.

427 595 605 653 LXVI.
664 590 931 661 Agareni,
965 588 1053 658 qui
1110 594 1165 643 et
1206 580 1513 645 Sarraceni,
1560 580 1701 634 sicut
1756 575 1932 631 Orosii

348 687 505 757 [Bo/i.
533 682 761 752 Eorosii]
788 683 920 736 liber
956 686 1201 744 testatur,
1230 690 1364 745 gens
1385 672 1694 729 circumcisa
1716 683 1746 723 a
1770 669 1936 721 latere

354 775 552 830 montis
597 772 842 837 Caucasi,
868 784 1035 839 super
1084 781 1231 823 mare
1278 764 1558 834 Caspium,
1590 771 1809 821 terram,
1841 758 1938 811 Er-

352 870 507 924 colite
532 878 558 905 ﬁ
585 876 979 938 cognomento,
1009 862 1120 933 jam
1168 862 1292 915 olim
1323 858 1701 922 conscdentes,
1733 869 1852 910 cum
1884 854 1936 907 in

356 960 517 1013 nimia
552 956 888 1011 multitudine
934 954 1264 1014 crevissent,
1299 950 1509 1005 tandem
1541 963 1687 1001 arma
1715 961 1936 1001 sumen-

357 1060 469 1115 tes,
500 1048 803 1115 provincias
854 1044 1082 1099 lleraclii
1130 1041 1470 1109 imperatoris
1523 1039 1589 1096 ad
1622 1039 1939 1093 vastandum

357 1145 565 1195 irruunt
591 1147 811 1196 :contra
852 1152 986 1206 quos
1016 1135 1292 1191 Heraclius
1337 1132 1535 1187 milites
1562 1129 1728 1202 640
1756 1129 1821 1183 ad
1853 1145 1941 1183 re-

357 1232 653 1288 sistendum
684 1230 905 1285 direxit.
930 1227 1175 1295 Cumque
1210 1223 1440 1294 prmliari
1472 1225 1781 1291 cmpiSsent,
1814 1222 1936 1273 Sar-

361 1326 545 1381 raceni
574 1324 772 1379 milites
801 1329 1079 1389 superant,
1111 1332 1309 1387 eosque
1360 1315 1540 1386 gladio
1569 1313 1804 1383 graviter
1834 1322 1915 1365 tru

360 1417 563 1471 cidaut.
616 1420 806 1471 Fertur
846 1414 899 1467 in
951 1427 1015 1466 eo
1065 1410 1252 1480 praelio
1298 1418 1513 1463 centum
1560 1403 1942 1475 quinquaginta

362 1509 527 1565 millia
559 1507 784 1562 militum
818 1521 847 1560 a
876 1502 1185 1561 Sarracenis
1227 1501 1396 1556 fuisse
1426 1482 1729 1553 interfecta.
1754 1494 1942 1563 Spolia

362 1614 548 1654 eorum
597 1596 873 1652 Sarraceni
936 1611 1029 1662 per
1082 1594 1290 1661 legatos
1341 1591 1589 1646 Heraclio
1642 1587 1946 1655 recipienda

363 1690 615 1745 otferu’nt.
650 1687 921 1743 iieraclius
957 1685 1181 1753 cupiens
1228 1697 1387 1750 super
1416 1681 1744 1737 Sarracenos
1774 1679 1929 1733 vindi-

363 1792 526 1845 ctam,
560 1779 689 1834 nihil
716 1778 785 1832 ab
814 1777 896 1832 his
926 1777 1168 1841 recipere
1196 1774 1384 1828 voluit.
1426 1774 1759 1843 Congregata
1792 1772 1946 1827 undi-

364 1888 468 1939 que
487 1872 553 1924 de
574 1870 839 1925 universis
863 1867 1156 1937 provinciis
1184 1865 1394 1933 imperii
1417 1866 1586 1919 nimia
1608 1863 1946 1919 multitudine

365 1962 629 2025 militum,
684 1958 1050 2013 transmittens
1132 1955 1414 2010 Beraclius
1477 1954 1796 2023 legationem
1879 1952 1945 2007 ad

370 2052 557 2106 Portas
606 2050 827 2119 Caspias
860 2047 910 2114 δ,
942 2061 1075 2117 quas
1118 2044 1419 2101 Alexander
1458 2045 1681 2116 Magnus
1727 2044 1949 2101 Macedo

367 2158 527 2211 super
556 2157 704 2197 mare
735 2139 987 2210 Caspium
1018 2152 1188 2193 aereas
1220 2135 1334 2192 ﬁeri
1372 2146 1430 2190 et
1455 2150 1668 2191 serrare
1694 2138 1945 2204 jusserat,

369 2245 589 2306 propter
633 2234 1035 2291 inundationem
1081 2231 1317 2300 gentium
1364 2228 1801 2293 saevissitnarum,
1832 2244 1950 2296 quae

370 2329 506 2381 ultra
550 2333 784 2385 montem
818 2324 1042 2379 Caucasi
1092 2322 1341 2377 culminis
1373 2320 1705 2383 habitabant,
1733 2320 1948 2374 easdem

370 2428 552 2489 portas
597 2418 873 2474 Heraclius
919 2415 1129 2486 aperire
1175 2414 1448 2484 praecepit,
1479 2413 1707 2481 indeque
1736 2420 1948 2466 centum

368 2511 750 2581 quinquaginta
799 2510 967 2564 millia
1014 2516 1366 2578 pugnatorum
1394 2520 1630 2574 auroque
1658 2505 1949 2559 locatorum

370 2603 578 2658 auxilio
606 2616 706 2659 suo
731 2609 919 2657 contra
947 2598 1279 2655 Sarracenos
1294 2597 1361 2651 ad
1384 2595 1733 2666 prmliaudum
1764 2595 1950 2650 mittit.

373 2694 653 2749 Sarraceni
707 2692 846 2747 duos
908 2691 1168 2746 habentes
1214 2687 1517 2757 principes,
1568 2687 1796 2743 ducenta
1842 2685 1955 2741 fere

362 2786 538 2854 ,ηιίἱιὶδ
561 2790 734 2838 erant.
765 2782 1005 2850 Cumque
1027 2786 1205 2835 castra
1232 2793 1331 2834 nec
1352 2777 1537 2847 procul
1560 2778 1700 2832 inter
1721 2792 1779 2833 se
1803 2790 1956 2833 exer-

364 2877 513 2929 citus
540 2883 763 2941 uterque
792 2870 1118 2940 posuissent,
1150 2868 1223 2923 ita
1253 2876 1312 2923 ut
1353 2868 1408 2922 in
1434 2869 1725 2923 crastinum
1756 2868 1955 2922 belium

368 2968 590 3029 inirent,
617 2962 986 3031 confligentes,
1011 2958 1198 3017 eadem
1228 2965 1384 3013 nocte
1403 2956 1580 3027 gladio
1607 2957 1696 3011 Dei
1729 2956 1957 3012 Heraclii

371 3058 644 3119 exercitus
694 3055 1002 3124 percutitur.
1032 3051 1090 3107 In
1124 3054 1321 3108 castris
1346 3050 1727 3121 quinquaginta
1756 3060 1811 3105 et
1849 3050 1957 3105 duo

2037 474 2177 528 ﬁlius
2206 472 2324 541 ejus
2342 510 2357 536 ,
2387 469 2541 539 cuius
2567 476 2810 536 tempore
2840 478 2963 534 pars
3006 463 3218 534 publica
3246 478 3274 518 a
3299 464 3572 526 Sarraceuis

2035 568 2257 623 nimium
2286 572 2542 620 vastatur.

2113 655 2218 712 Art.
2249 658 2450 709 Dcxitx.
2484 680 2551 692 -
2598 650 2807 705 LXV".
2840 651 2994 704 Auno
3025 649 3056 703 9
3088 658 3112 686 ο
3144 649 3433 718 Dagoberti,
3462 651 3580 705 Cha-

2035 747 2265 802 ribertus
2287 760 2378 799 rex
2403 742 2644 806 moritur,
2676 741 2982 808 relinquens
3015 738 3179 793 filium
3208 740 3484 806 parvulum,
3507 757 3583 793 tto-

2038 839 2182 893 mine
2235 834 2601 904 Chilpericum
2631 873 2645 896 ,
2678 831 2766 900 qui
2800 844 2898 884 nec
2938 839 3057 897 post
3103 843 3305 882 moram
3336 818 3584 883 defunctus

2040 938 2123 985 est
2180 945 2196 983 :
2248 926 2421 982 fertur
2469 924 2702 980 factione
2752 920 3031 990 Dagoberti
3086 919 3248 974 fuisse
3287 920 3581 976 interfectus.

2048 1023 2224 1076 Omne
2244 1030 2467 1084 regnum
2492 1013 2810 1079 Cbariberti,
2838 1027 2941 1064 una
2966 1025 3087 1065 cum
3117 1010 3410 1077 Wasconia,
3441 1011 3588 1080 Daga-

2042 1113 2226 1168 bertus
2263 1119 2502 1177 protinus
2528 1121 2640 1173 suae
2668 1105 2859 1159 ditioni
2890 1103 3081 1172 redigit
3127 1118 3142 1157 :
3188 1103 3454 1157 thesauros
3476 1118 3589 1171 quu-

2043 1224 2147 1280 que
2176 1206 2471 1262 Chartberti
2522 1203 2753 1256 Baronto
2783 1200 2903 1254 duci
2950 1197 2971 1236 ί
3022 1197 3388 1252 adducendum
3430 1206 3481 1251 et
3505 1198 3589 1250 sibi

2047 1300 2475 1359 nrmseutandum
2501 1296 2716 1355 direxit.
2754 1294 2905 1350 Unde
2939 1293 3200 1346 Barontus
3229 1304 3385 1360 grave
3407 1290 3594 1358 dispen-

2047 1396 2193 1471 dium
2223 1392 2415 1447 fecisse
2438 1387 2798 1458 dignoscitur,
2826 1399 2930 1438 una
2961 1399 3082 1438 cum
3113 1380 3455 1437 thesaurariis
3478 1382 3598 1451 1Al.,

2050 1482 2337 1554 thesauris]
2407 1482 2627 1544 faciens,
2660 1480 2881 1534 nimium
2905 1476 3100 1533 exinde
3124 1475 3476 1530 fraudulenter
3502 1475 3588 1529 sub

2050 1581 2234 1636 traxit.

2121 1670 2354 1728 LXVIII.
2398 1668 2477 1722 Eo
2500 1681 2644 1722 anno
2671 1663 2844 1720 Selavi
2864 1705 2881 1729 ,
2912 1672 3272 1734 cognomento
3302 1660 3487 1715 Winidi
3508 1700 3522 1726 ,
3559 1661 3604 1715 in

1976 1767 2022 1826 Β
2049 1778 2216 1835 regno
2256 1761 2508 1821 Samonis
2535 1758 2897 1828 negotiantes,
2946 1756 3276 1810 Francorum
3317 1770 3431 1809 cum
3463 1754 3607 1823 pluri-

2042 1873 2190 1912 mam
2222 1854 2611 1910 multitudinem
2646 1848 3036 1904 interfecissent
3063 1858 3119 1903 et
3140 1848 3301 1902 rebus
3333 1846 3605 1915 exSpolias-

2002 1980 2003 1983 η
2041 1958 2188 2015 sent,
2227 1949 2327 1999 huc
2373 1944 2474 1998 fuit
2514 1945 2718 1995 initium
2744 1939 2990 2015 scandali
3032 1939 3171 1992 inter
3199 1937 3544 2004 Dagoberlum
3567 1945 3611 1990 ct

2043 2039 2335 2095 Satnonetn
2370 2049 2551 2104 regem
2591 2030 2966 2086 Sclavinorum
2992 2038 3045 2082 ε.
3073 2028 3421 2095 Dirigeusque
3448 2027 3612 2094 ‘Dago-

2051 2130 2231 2182 bet-tus
2254 2125 2555 2180 Sichatiutn
2580 2122 2894 2190 legatarium
2925 2119 2992 2173 ad
3015 2120 3325 2182 Samnitem,
3358 2126 3537 2185 petens
3561 2125 3611 2169 ttt

2046 2220 2385 2287 negotiantas
2406 2228 2549 2284 quos
2576 2215 2654 2267 sui
2702 2210 3117 2276 interfecerant,
3158 2221 3209 2264 et
3242 2225 3330 2264 res
3361 2224 3485 2277 quas
3527 2208 3588 2260 illi
3634 2274 3643 2277 ,

2044 2312 2154 2367 cite
2196 2314 2585 2378 usurpaverant
2640 2321 2761 2360 cum
2812 2303 3017 2372 justitia
3066 2302 3273 2355 faceret
3318 2298 3613 2353 etnendarc-

2044 2404 2214 2461 Samo
2245 2403 2434 2458 nolens
2487 2400 2785 2456 Sicharium
2827 2397 3011 2451 videre
3032 2437 3045 2460 ,
3086 2409 3186 2449 nec
3212 2393 3281 2446 ad
3313 2407 3370 2447 sc
3398 2407 3510 2445 eum
3536 2404 3615 2442 vc-

2059 2498 2176 2555 nire
2210 2496 2439 2567 permitti
2461 2505 2570 2560 ret;
2622 2493 2892 2550 Sicharius
2920 2501 3094 2545 vestes
3120 2488 3340 2542 indutus
3380 2486 3445 2538 ad
3474 2484 3617 2537 instar

2048 2591 2419 2647 Sclavinorum
2471 2584 2501 2624 ιι
2544 2600 2664 2640 cum
2705 2583 2817 2639 suis
2864 2581 2931 2636 ad
2974 2588 3324 2648 conspectum
3377 2573 3618 2645 pervenit,

2057 2681 2273 2739 Samoni
2324 2680 2572 2733 universa
2620 2692 2737 2745 qua:
2782 2673 3012 2743 iniuncta
3064 2672 3307 2726 habebat
3360 2667 3620 2723 nuntiavit.

2052 2772 2167 2828 Sed
2202 2779 2261 2825 ut
2289 2769 2445 2825 habet
2475 2767 2745 2838 gentilitas
2777 2775 2832 2819 ct
2860 2763 3107 2833 superbia
3148 2775 3435 2832 pravorum
3462 2798 3474 2821 ,
3508 2753 3621 2810 nihil

2058 2879 2091 2918 ta
2120 2863 2359 2919 Samonc
2396 2875 2516 2930 quae
2544 2859 2626 2913 sui
2665 2857 2995 2912 admiserant
3023 2863 3104 2909 est
3145 2853 3505 2913 emendatum,
3535 2848 3621 2902 nisi

2055 2963 2269 3009 tantum
2302 2952 2493 3022 placita
2524 2950 2724 3006 vellens
2752 2949 3037 3002 instituere
3061 2985 3076 3010 ,
3110 2944 3183 2999 uti
3208 2945 3282 3000 de
3329 2944 3408 2998 his
3444 2949 3496 2996 et
3521 2938 3624 2993 aliis

2060 3044 2487 3106 intentionibus,
2540 3055 2657 3111 quae
2700 3042 2838 3101 inter
2874 3037 2971 3094 has
3011 3046 3193 3106 partes
3242 3044 3376 3090 ortae
3415 3035 3623 3097 fuerant,

383 3160 406 3188 ο
445 3150 611 3203 millia
641 3121 707 3203 ex
736 3147 993 3202 militibus
1021 3146 1249 3201 lleraclii
1283 3146 1335 3199 in
1362 3154 1533 3199 strato
1578 3146 1768 3198 mortui
1798 3154 1949 3197 sunt:
1985 3131 2031 3194 C
2057 3135 2259 3204 iustitia
2290 3133 2611 3193 redderetur
2640 3131 2693 3184 in
2718 3129 2967 3185 invicem.
3016 3126 3317 3190 Sicbarius,
3339 3124 3473 3179 sicut
3500 3121 3626 3176 stul-

372 3255 609 3309 cumque
648 3240 699 3293 in
742 3239 976 3296 crastino
1015 3238 1278 3293 deberent
1325 3238 1391 3291 ad
1443 3236 1684 3306 praelium
1729 3232 1953 3305 egredi,

373 3341 658 3387 ret-nentes
690 3346 872 3385 eorum
904 3333 1173 3386 exercitus
1205 3330 1401 3383 milites
1431 3336 1634 3396 partem
1667 3327 1955 3380 maximam

376 3424 557 3478 itit-inn
579 3424 783 3495 judicio
813 3420 1171 3486 interfectam,
1200 3420 1460 3475 adversus
1504 3419 1828 3474 Sarracenos
1848 3431 1958 3473 nec

376 3510 644 3577 attsi,sttnt
690 3515 824 3568 inire
871 3511 1463 3582 prmlium..Regressus
1488 3508 1958 3581 omnis‘exercitus

380 3608 607 3663 tier-aelii
638 3607 703 3661 ad
735 3608 976 3676 proprias
1002 3606 1192 3669 sedes,
1226 3604 1507 3660 Sarraceni
1538 3616 1688 3657 more
1716 3616 1822 3672 quo
1849 3615 1960 3657 cte-

376 3709 591 3773 pcraut,
622 3698 922 3768 provincias
954 3697 1184 3753 lleraclii
1232 3696 1571 3765 imperatoris
1614 3695 1830 3750 assidue
1863 3709 1958 3747 va-

379 3800 524 3845 stare
565 3790 875 3861 pergebant.
932 3789 1065 3843 Cum
1113 3786 1223 3857 iam
1267 3786 1690 3856 Hierosolymam
1741 3787 1958 3855 propin-

383 3890 653 3948 quassent,
678 3880 954 3949 lieraclins
978 3878 1162 3933 videns
1183 3876 1323 3947 quod
1342 3891 1531 3931 eorum
1560 3876 1828 3931 violentiae
1856 3892 1959 3930 non

378 3970 643 4036 potuisset
684 3970 935 4023 resistere
961 4009 975 4028 .
1022 3968 1186 4025 nimia
1237 3965 1591 4021 amaritudine
1632 3973 1687 4020 et
1728 3979 1962 4019 mturare

380 4068 647 4127 arreptus,
680 4057 860 4115 infelix
890 4058 1237 4129 Eutycianam
1270 4056 1515 4115 itazresitn
1536 4055 1646 4124 jam
1671 4063 1883 4110 sectans
1904 4053 1955 4120 ά,

384 4148 579 4203 Christi
608 4149 1163 4216 cultutn'rdinqneus,
1197 4146 1400 4201 habens
1422 4161 1648 4205 uxorem
1687 4147 1845 4200 filiam
1873 4162 1958 4200 so-

384 4243 531 4296 toris
573 4257 706 4307 sum,
737 4240 895 4311 641
925 4256 952 4293 a
982 4239 1142 4297 febre
1184 4250 1409 4295 vexatus
1456 4240 1744 4293 crudeliter
1800 4242 1957 4293 vitam

2058 3236 2146 3287 tus
2168 3229 2407 3296 iegatns,
2446 3224 2607 3279 verba
2642 3220 2946 3293 improperii
2988 3232 3116 3288 quae
3149 3217 3393 3287 iniuncta
3424 3230 3521 3269 uon
3546 3216 3626 3265 ba-

2061 3320 2270 3385 buerat,
2302 3328 2358 3374 et
2400 3316 2576 3375 minas
2620 3314 2879 3371 adversus
2931 3313 3223 3368 Samouem
3285 3310 3533 3379 loquitur,
3574 3321 3629 3360 ea

2061 3411 2202 3483 quod
2236 3412 2403 3467 Samo
2429 3417 2485 3463 et
2506 3407 2735 3478 populus
2764 3405 2914 3476 regni
2935 3405 3019 3458 sui
3053 3404 3361 3472 Dagobcrto
3390 3400 3628 3455 deberent

2059 3504 2358 3565 servitium.
2385 3502 2548 3557 Samo
2574 3499 2903 3570 respondens
2920 3499 3029 3566 jam
3056 3496 3273 3552 saucius
3300 3494 3489 3571 [Clar.,
3516 3506 3631 3548 cau-

2061 3599 2196 3672 cius]
2247 3600 2380 3655 dixit
2424 3614 2438 3653 :
2489 3596 2652 3669 642
2691 3594 2759 3650 Et
2786 3604 2981 3650 terram
3010 3607 3168 3662 quam
3201 3591 3460 3646 habemus
3483 3587 3632 3653 Βεεθ-

2063 3692 2200 3748 berti
2229 3700 2331 3756 est,
2358 3700 2409 3745 et
2438 3702 2536 3743 nos
2572 3687 2653 3741 sui
2683 3700 2870 3741 sumus
2891 3726 2906 3753 ,
2946 3684 2994 3739 si
3026 3692 3206 3737 tamen
3238 3681 3513 3736 nobiscum
3537 3673 3636 3730 dis-

2065 3783 2305 3853 posuerit
2361 3779 2624 3834 amicitias
2676 3789 3023 3833 conservare.
3084 3774 3366 3830 Sicharius
3421 3771 3634 3827 dicens:

2064 3879 2177 3931 Non
2209 3884 2291 3930 est
2320 3872 2600 3949 possibile,
2631 3879 2687 3925 ut
2712 3867 3001 3924 Christiani
3032 3868 3123 3922 Dei
3157 3868 3305 3922 servi
3346 3879 3467 3920 cum
3502 3858 3637 3915 cani-

2069 3969 2169 4022 bus
2207 3965 2475 4021 amicitias
2522 3963 2786 4019 collocare
2832 3961 3058 4030 possint,
3098 3960 3263 4015 Samo
3311 3973 3344 4014 e
3391 3952 3637 4011 contrarie

2066 4060 2200 4114 dixit
2225 4078 2237 4111 ι
2273 4060 2327 4114 Si
2356 4072 2451 4112 vos
2470 4056 2599 4111 estis
2623 4056 2713 4110 Dei
2737 4053 2902 4116 servi,
2931 4061 2985 4108 et
3012 4068 3109 4107 nos
3135 4066 3325 4109 sumus
3354 4051 3448 4105 Dei
3473 4061 3637 4109 canes,

2067 4151 2208 4210 dum,
2227 4164 2321 4202 vos
2344 4148 2563 4202 assidue
2592 4156 2776 4201 contra
2807 4146 2979 4206 ipsum
3009 4152 3185 4214 agttts,
3211 4159 3311 4197 nos
3337 4141 3636 4210 permissum

2070 4244 2377 4310 accepimus
2409 4255 2505 4295 vos
2528 4238 2793 4293 morsibus
2818 4237 3075 4292 lacerare.
3113 4237 3334 4306 Eiectos
3365 4244 3449 4289 est
3469 4232 3642 4289 Siclta-

388 4358 472 4410 Π.
525 4358 595 4410 De
620 4365 724 4415 hac
756 4371 815 4410 re
844 4355 996 4423 plura
1026 4355 1078 4406 in
1120 4362 1398 4422 utramque
1438 4367 1640 4420 partem
1690 4366 1954 4419 scripsere
1992 4359 2039 4418 Ι)
2068 4370 2226 4409 unam
2260 4352 2543 4407 conflatam
2574 4358 2819 4423 naturam
2852 4348 3189 4423 admittebat,
3212 4348 3301 4402 illa
3330 4350 3535 4423 unicam
3559 4359 3641 4395 vo-

386 4429 508 4482 J-ilt.
542 4427 812 4480 L'tunuius
840 4436 893 4479 et
923 4426 982 4479 P.
1014 4424 1140 4478 Joh.
1171 4423 1371 4479 Nicolai
1417 4423 1813 4479 Dutuinicauus.

460 4508 485 4532 κ
516 4497 663 4550 Culb.
694 4505 748 4549 et
780 4495 913 4551 Editi
954 4494 1172 4559 aliquot.
1210 4492 1475 4548 Ercolria'.
1525 4495 1651 4555 Alii,
1689 4492 1955 4547 .llcrcolei.

386 4566 669 4620 inferiores
690 4565 911 4619 Caucasi
938 4573 1110 4632 partes
1133 4562 1302 4618 Colice
1322 4564 1582 4633 regionem
1602 4564 1769 4617 dictas
1797 4563 1959 4617 fuisse

394 4640 582 4698 legitur
600 4636 737 4703 apud
761 4636 1043 4703 Urtelittm.

454 4704 485 4741 ‘b
508 4701 681 4757 Codd.
710 4705 849 4765 Clar,
874 4713 926 4757 et
948 4702 1124 4769 Colb.,
1148 4702 1379 4771 Cispius;
1412 4703 1681 4763 Ft'elt.al.,
1711 4701 1957 4771 Cia‘pittnt.

393 4770 589 4828 Mavult
618 4774 818 4827 Plinius
864 4773 1153 4827 Caucasias
1206 4770 1382 4839 portas
1423 4776 1710 4841 appellari:
1746 4770 1865 4841 quae
1908 4783 1961 4827 et

392 4842 532 4912 Pylze
579 4843 759 4895 Ibetitn
804 4843 1073 4906 dicuntur,
1107 4859 1210 4894 non
1258 4845 1395 4909 quod
1447 4846 1514 4897 ibi
1567 4856 1732 4909 portae
1765 4861 1819 4895 re
1847 4843 1961 4910 ipsa

389 4911 615 4974 fuerint,
645 4926 947 4979 quamquam
985 4922 1039 4965 et
1076 4911 1144 4964 ab
1176 4913 1361 4966 incolis
1405 4913 1646 4967 dicantur
1679 4915 1832 4967 Poma
1863 4915 1964 4968 fcr-

392 4998 508 5048 rea,
543 4984 634 5037 sed
688 4983 829 5049 quod
878 4982 1023 5034 locus
1071 4982 1206 5035 adeo
1250 4984 1324 5036 sit
1368 4995 1620 5051 angustus
1647 5025 1657 5040 ,
1689 4993 1745 5037 ut
1792 4986 1967 5051 quivis

396 5054 632 5107 hostium
664 5053 892 5118 impetus
918 5051 1074 5106 facile
1103 5052 1313 5106 rotundi
1345 5065 1535 5121 possit.
1562 5055 1747 5106 Aditus
1779 5068 1969 5120 nempe

392 5124 608 5177 nonnisi
635 5132 992 5177 trecentorum
1023 5136 1268 5190 passuum
1299 5124 1470 5191 spatio
1502 5125 1635 5176 inter
1664 5123 1967 5177 Caucasum

395 5204 636 5248 montem
664 5205 715 5246 et
750 5208 895 5246 mare
925 5192 1243 5246 Hireaneum
1275 5202 1438 5259 patet,
1473 5196 1817 5262 immutetque
1847 5193 1969 5246 valli

395 5264 668 5336 castellum
704 5266 754 5315 in
799 5278 929 5331 rupe
968 5262 1223 5336 Cinnanis
1264 5264 1515 5336 positum.
1566 5264 1635 5316 Ibi
1686 5274 1812 5316 urbs
1856 5274 1962 5331 est,

397 5332 688 5385 "armastis
721 5338 954 5398 nomine,
991 5349 1149 5401 quant
1194 5332 1433 5399 Derbrnt,
1468 5333 1517 5385 id
1562 5344 1641 5385 est
1683 5336 1967 5402 Angustias

395 5402 682 5468 appellant,
714 5402 899 5456 Turcis
936 5403 1130 5468 Demir,
1155 5418 1249 5454 seu
1280 5402 1451 5454 Tcmir
1483 5404 1616 5470 cupi.

397 5538 447 5592 al
469 5482 488 5507 ε
519 5470 705 5592 (libels,
734 5472 1302 5543 Freh.,qttinquaginta
1327 5473 1543 5542 quinque
1565 5474 1748 5526 millia.
1768 5472 1965 5529 Chesu.

456 5578 494 5592 ..
582 5556 611 5592 e
664 5555 754 5592 ιιι.

456 5578 494 5605 .,
527 5554 559 5593 ι.
582 5554 635 5592 et
664 5555 754 5593 ιιι.

466 5610 490 5645 (³
524 5610 987 5665 Monotltelitarutn
1036 5610 1291 5666 istem-sim
1343 5613 1590 5666 tuebatur
1653 5613 1967 5680 ilerattlius,

396 5694 512 5737 tnta:
545 5681 884 5739 Eutxcltiantc
912 5683 1125 5735 soboles
1155 5694 1288 5737 erat.
1336 5683 1457 5735 llmc
1485 5698 1677 5751 nempe
1704 5701 1733 5737 e
1762 5683 1967 5738 duabus

2069 4427 2348 4479 luutatem.
2396 4423 2544 4476 lianc
2595 4420 2806 4488 publico
2841 4420 3017 4473 edit-to
3070 4418 3333 4473 Ecthesim
3363 4418 3637 4488 appellant,

2072 4496 2321 4551 omnibus
2351 4486 2633 4547 tenendam
2668 4504 2964 4557 prepouere
2992 4491 3190 4543 veritus
3222 4504 3328 4541 non
3361 4497 3465 4541 est.
3493 4486 3643 4557 Hera-

2067 4568 2171 4619 clio
2204 4566 2334 4631 patri
2371 4570 2633 4615 successit
2662 4553 3046 4631 Constantinus
3070 4561 3378 4612 catholicus
3411 4553 3638 4631 att_._(i:ii.

2069 4636 2143 4689 De
2197 4625 2439 4689 cladibus
2460 4644 2597 4686 .vero
2627 4645 2720 4700 per
2744 4629 3076 4687 Sarracenos
3114 4631 3286 4700 illatis
3308 4668 3324 4692 ,
3355 4630 3443 4695 qui
3473 4625 3643 4700 Multa-

2069 4706 2237 4758 tnedis
2267 4719 2361 4756 seu
2394 4694 2730 4759 Mallumetis,
2778 4714 2865 4753 an.
2900 4700 3025 4763 GSI,
3059 4698 3206 4767 regni
3241 4700 3327 4753 sui
3361 4694 3521 4767 Super
3550 4694 3643 4747 ali-

2068 4784 2200 4845 quot
2256 4773 2454 4845 Arabes
2501 4786 2644 4845 nouo
2694 4766 3279 4845 defunctipdiscipulis
3322 4766 3511 4836 juncti-
3541 4778 3641 4845 non

2069 4836 2245 4899 minus
2274 4843 2384 4899 Deo
2411 4856 2567 4909 quam
2594 4840 2897 4895 hominibus
2920 4840 3116 4895 bellum
3142 4836 3478 4902 indixerunt,
3506 4836 3643 4901 plura

2065 4916 2263 4969 vldesis
2305 4916 2443 4981 apud
2476 4911 2852 4978 'l‘heOphanetn
2875 4951 2889 4971 ,
2922 4910 3279 4981 Nicephorum
3308 4920 3366 4962 et
3408 4915 3643 4981 caeteros.

2068 4985 2234 5038 Nemo
2275 4979 2445 5037 nescit
2497 4990 2757 5051 quantum
2806 4981 2881 5035 illi
2933 4980 3142 5041 barbari
3186 4994 3285 5049 per
3338 4979 3641 5032 universum

2068 5054 2248 5110 orbem
2285 5063 2464 5119 postea
2494 5050 2763 5122 propagari
2792 5063 2919 5111 sint.

2154 5133 2176 5161 θ
2222 5123 2406 5184 Frelt.,
2438 5137 2572 5175 anno
2603 5131 2799 5175 octavo.

2149 5190 2169 5231 ί
2215 5194 2335 5256 Alii,
2366 5189 2658 5246 Barontum
2686 5190 2896 5255 ducem;
2924 5189 3039 5254 alii,
3070 5187 3301 5251 Baronto
3333 5189 3461 5242 duce
3486 5185 3595 5241 sibi.

2143 5273 2167 5311 ε
2206 5263 2297 5319 Sic
2323 5261 2493 5328 Clar.,
2522 5260 2661 5330 quod
2689 5270 2743 5316 et
2762 5262 2943 5316 cancri
2961 5261 3167 5317 habent
3194 5258 3529 5329 frequentius
3564 5257 3643 5309 iu-

2071 5335 2185 5399 fra;
2218 5334 2303 5387 hic
2330 5348 2478 5395 vero,
2512 5333 2837 5387 Sclavorum.

2142 5403 2171 5442 ιλ
2210 5404 2345 5459 Hinc
2367 5406 2504 5457 forte
2520 5401 2793 5457 .Sclavinia
2811 5401 3010 5458 dictum
3029 5411 3115 5457 est
3133 5399 3437 5464 vestimenti
3463 5408 3644 5467 genus,

2073 5493 2177 5543 quo
2199 5476 2397 5527 saeculo
2427 5488 2498 5525 χιι
2531 5471 2794 5543 peregrini
2814 5472 3131 5543 utebantur,
3161 5486 3226 5524 cx
3252 5466 3483 5543 Cazsarii
3517 5466 3643 5542 libro

2072 5533 2140 5600 tie
2169 5545 2379 5609 Mirac.,
2405 5533 2560 5613 capp.
2591 5533 2731 5595 tO'et
2770 5538 2853 5605 Η,
2887 5533 3207 5613 utotrservat
3234 5533 3639 5613 Alteset=ra,tl“i

2076 5629 2125 5671 ct
2157 5610 2525 5677 Saxoniciam,
2556 5627 2621 5669 ex
2650 5613 2928 5682 Augustini
2949 5627 3069 5684 cap.
3102 5612 3196 5667 lz’J
3223 5611 3430 5677 Quaest.
3458 5610 3619 5663 utrius

2075 5701 2182 5756 que
2210 5685 2381 5751 Test.,
2421 5684 2597 5737 laudat
