3946 6188
346 225 461 283 Βί9

1775 224 2190 292 αηιιοκιςῖυη.

3515 228 3625 285 836

346 347 462 402 rius
506 344 573 400 de
618 351 907 413 conspectu
963 343 1233 399 Samonis.
1262 332 1416 398 ~Cum
1467 342 1581 397 lucc
1636 342 1937 409 Dagoberto
1966 345 2013 401 Α
2043 354 2156 405 sus,
2184 337 2366 393 'statim
2395 338 2484 409 qui
2517 339 2728 395 fuerant
2757 340 3039 411 praeparati
3066 354 3228 410 super
3255 341 3518 404 Tasonem
3546 346 3619 399 iro

348 437 669 493 atriatiasset.
715 436 1047 508 Dagvbertus
1075 437 1377 507 superbitcr
1403 436 1556 505 jubet
1586 436 1654 491 de
1684 436 1934 488 universo

342 542 518 597 regno
564 528 962 582 Austrasiorum
1018 536 1202 580 contra
1244 526 1531 582 Samonem
1580 533 1636 579 et
1691 524 1938 579 Winidos

348 633 576 673 movere
602 618 892 673 exercitum
921 635 934 672 :
957 618 1047 672 ubi
1073 616 1237 671 tribus
1260 615 1447 671 turmis
1470 616 1748 686 phalangas
1772 630 1937 685 super

344 712 597 767 Winidos
617 712 884 767 exercitus
925 710 1252 779 ingreditur,
1297 710 1457 765 etiam
1499 718 1554 765 et
1589 708 1930 777 Langobardi

339 803 610 859 aulatione
640 810 667 839 ι
696 803 979 872 Dagoberti
1022 801 1270 868 idemque
1303 799 1574 854 hostiliter
1608 799 1663 853 in
1703 800 1926 854 Sclavos

346 905 725 965 perrexerunt.
758 893 934 949 Sclavi
959 892 1041 946 liis
1069 899 1124 946 et
1150 892 1267 945 aliis
1292 890 1425 946 locis
1453 905 1483 945 e
1511 890 1782 945 contrario
1805 905 1936 959 pra:-

340 995 619 1055 parantes,
644 985 1068 1038 Alamannorum
1096 980 1373 1036 exercitus
1402 996 1521 1035 cum
1550 978 1933 1035 Chrodoberto

338 1076 483 1131 duce
513 1077 564 1129 in
596 1085 745 1143 parte
787 1089 889 1143 qua
932 1075 1204 1141 ingressus
1242 1080 1322 1126 est
1372 1072 1646 1125 victoriam
1678 1070 1925 1126 obtinuit.

338 1165 676 1234 Langobardi
706 1164 996 1232 itidemque
1035 1163 1309 1218 victoriam
1331 1162 1710 1228 obtinuerunt;
1739 1172 1793 1217 et
1817 1163 1928 1228 plu-

338 1256 542 1309 rimum
575 1269 854 1309 numerum
884 1254 1214 1323 captivorum
1246 1254 1312 1307 de
1334 1251 1539 1308 Sc'avis
1570 1251 1848 1307 Alamanni
1878 1261 1931 1307 et

339 1345 684 1415 Langobardi
714 1359 895 1399 secum
926 1345 1214 1399 duxerunt.
1256 1344 1517 1398 Austrasii
1552 1358 1679 1398 vero
1707 1356 1828 1398 eum
1862 1344 1927 1398 ad

336 1446 578 1489 castrum
612 1434 1017 1505 Wogastisbure
1049 1432 1098 1501 δ,
1124 1433 1213 1487 ubi
1242 1434 1469 1503 plurima
1497 1448 1686 1488 manus
1712 1432 1927 1487 fortium

337 1523 679 1583 Winidorum
735 1525 1193 1588 imtnoraverant,
1249 1522 1642 1577 circumdantes
1676 1564 1691 1587 ,
1752 1522 1929 1577 triduo

336 1615 673 1685 praeliantes,
704 1615 887 1683 plures
924 1614 1124 1669 ibidem
1156 1614 1223 1669 de
1242 1616 1482 1668 exercitu
1518 1613 1797 1683 Dagoberti
1819 1620 1929 1683 g'a-

2050 439 2229 495 ruunt,
2254 438 2310 484 et
2337 429 2532 499 ipsum,
2565 441 2622 486 et
2644 443 2770 485 suos
2800 440 2974 497 totos,
3008 432 3241 501 quicum
3270 448 3336 487 eo
3360 445 3639 493 venerant.

2041 518 2175 592 [Al.,
2232 517 2410 590 erant]
2458 520 2863 575 interfecerunt.
2923 521 3256 576 Charoaldus
3308 538 3402 578 rex
3452 540 3614 578 unum

2038 612 2406 666 centenarium
2437 612 2575 677 auri,
2605 614 2747 667 sicut
2773 614 3113 681 promiserat,
3146 614 3387 682 partibus
3415 615 3614 669 llisacii

2032 711 2091 758 et
2114 702 2325 770 imperii
2350 704 2600 758 cassavit.
2626 704 2738 758 Duo
2764 712 2968 758 tantum
2994 706 3300 760 centenaria
3329 706 3443 760 auri
3463 706 3583 760 dein

2034 807 2161 861 cepa
2214 792 2281 848 ad
2336 804 2541 862 partem
2588 793 3059 864 Langobardorum
3101 812 3128 849 a
3161 795 3386 866 patricio
3414 795 3613 850 Roma-
3660 811 3671 824 κ

2035 896 2227 937 norum
2265 883 2423 939 annis
2464 884 2689 952 singulis
2717 884 3029 951 implentur.
3080 884 3229 941 Unus
3274 888 3615 941 centenarius

2034 981 2245 1028 centum
2274 974 2439 1029 libras
2466 976 2582 1030 auri
2602 976 2773 1045 capit.
2797 977 2924 1032 Post
2948 976 3061 1032 bazc
3074 977 3336 1032 continuo
3360 976 3614 1033 Cbaroal-

2034 1062 2136 1115 dus
2164 1078 2257 1117 rex
2289 1064 2533 1119 moritur.

2106 1153 2265 1209 LXX.
2293 1156 2648 1227 Gundelierga
2692 1159 2895 1229 regina,
2922 1174 2987 1212 eo
3015 1159 3154 1228 quod
3187 1174 3374 1215 attines
3402 1160 3613 1226 Lango-

2036 1243 2183 1299 bardi
2229 1249 2403 1303 eidem
2459 1249 2618 1303 ﬁdem
2674 1266 2795 1305 cum
2842 1253 3190 1306 sacramentis
3242 1254 3610 1320 ﬁrmaverant,

2031 1339 2407 1394 Chrotltarium
2435 1350 2460 1378 ο
2492 1342 2800 1409 quemdam,
2826 1358 2989 1396 unum
3014 1358 3079 1397 ex
3112 1344 3336 1399 ducibus
3363 1346 3430 1401 de
3456 1349 3611 1401 terri-

2032 1430 2191 1493 torio,
2225 1428 2412 1483 Brixiae
2441 1431 2509 1485 ad
2540 1444 2598 1486 se
2626 1433 2813 1486 venire
2836 1434 3098 1502 praecipit,
3132 1450 3252 1489 eum
3278 1438 3610 1506 compellens

2032 1530 2092 1574 ut
2120 1535 2343 1577 uxorem
2368 1536 2526 1591 quam
2556 1522 2784 1577 habebat
2815 1524 3162 1592 relinqueret,
3191 1536 3246 1581 et
3272 1542 3391 1582 eam
3419 1531 3606 1584 matri-

2029 1612 2214 1665 monio
2238 1612 2548 1681 acciperet:
2582 1628 2676 1681 per
2704 1614 2873 1680 ipSntn
2898 1629 3089 1671 omnes
3115 1617 3452 1687 Langobardi
3481 1636 3603 1676 eum

334 1705 429 1761 dio
461 1706 814 1768 trucidantur,
855 1714 911 1760 et
950 1704 1145 1759 exinde
1189 1704 1448 1775 l’ngaciter
1473 1720 1662 1759 omnes
1695 1706 1922 1760 tentoria
1961 1707 2001 1765 Β
2026 1702 2386 1757 sublimabant
2434 1704 2486 1758 in
2532 1719 2718 1773 regno.
2770 1706 2925 1772 Quod
2977 1707 3332 1765 Chrmharius
3381 1712 3609 1770 libenter

328 1806 391 1851 et
412 1811 503 1850 res
526 1811 660 1864 quas
682 1794 983 1850 habuerunt
1009 1794 1390 1865 relinquentes,
1416 1794 1481 1848 ad
1505 1796 1749 1864 proprias
1767 1796 1921 1850 sedes

331 1898 702 1943 revertuntur.
733 1888 907 1942 Multis
932 1898 1054 1958 post
1078 1891 1192 1942 lnec
1227 1888 1434 1941 vicibus
1464 1885 1663 1941 Winidi
1696 1886 1749 1941 in
1780 1888 1925 1941 Tuo-

330 1983 563 2048 ringiam
604 1993 661 2037 et
708 1983 947 2052 reliquus
987 1981 1248 2035 vastando
1298 1994 1461 2050 pagos
1502 1980 1553 2034 in
1590 1978 1921 2035 Francorum

325 2091 564 2143 regnum
597 2076 825 2130 irruunt.
872 2075 1047 2132 Etiam
1075 2084 1128 2129 ct
1158 2063 1435 2129 Deruanus
1466 2073 1576 2128 dux
1608 2074 1784 2143 gentis
1815 2072 1920 2128 Ur-

334 2168 551 2223 biorum
589 2178 636 2233 ε,
683 2168 773 2237 qui
810 2182 874 2221 ex
921 2182 1119 2235 genere
1162 2166 1530 2222 Sclaviuornm
1572 2176 1745 2231 erant,
1774 2176 1825 2221 et
1856 2168 1921 2220 ad

331 2275 568 2333 regnum
596 2260 920 2315 Francorum
940 2274 1049 2329 iam
1081 2260 1205 2317 olim
1230 2268 1574 2328 aspexerant,
1599 2273 1659 2313 se
1688 2259 1750 2312 ad
1787 2258 1921 2330 ML.

336 2368 401 2408 se
430 2356 506 2423 et]
560 2366 777 2421 regnum
808 2351 1025 2404 Samoni
1056 2366 1177 2406 cum
1215 2365 1327 2405 suis
1368 2348 1606 2404 tradidit.
1658 2348 1924 2418 latamque

335 2444 623 2499 victoriam
656 2458 813 2511 quam
842 2441 1041 2496 Winidi
1087 2450 1269 2496 contra
1308 2432 1546 2495 Francos
1588 2449 1919 2500 meruerunt,

332 2552 446 2591 non
481 2544 681 2588 tantum
713 2533 1076 2590 Sclavinorum
1110 2532 1366 2587 fortitudo
1383 2533 1636 2595 obtinuit,
1666 2541 1922 2601 quantum

336 2628 664 2683 dementalin
707 2626 1134 2689 Austrasiorum,
1178 2626 1304 2678 dtnn
1349 2638 1408 2679 se
1452 2624 1747 2678 cernebant
1800 2638 1922 2677 cum

332 2718 642 2788 Dagoberto
690 2718 869 2771 odium
920 2714 1232 2780 incurrisse,
1281 2725 1338 2770 et
1390 2716 1606 2769 assidue
1646 2714 1918 2783 exspolia-

334 2818 549 2865 rentur.

404 2902 570 2975 653
602 2900 785 2957 LXIX.
826 2900 903 2956 Eo
949 2914 1093 2954 anno
1135 2898 1465 2954 Cbaroaldus
1507 2890 1671 2955 ‘Arcx
1718 2885 1926 2970 Lango-

337 2997 628 3052 bardorum
663 2995 862 3063 legatos
899 2992 964 3047 ad
1014 2991 1283 3045 Hisar-ium
1332 2990 1610 3058 patricium
1658 2995 1922 3046 secretius

2025 1795 2386 1860 consentiens,
2417 1796 2768 1849 sacramentis
2798 1812 2891 1865 per
2913 1798 3024 1852 loca
3052 1811 3358 1856 sanctorum
3390 1803 3607 1860 firmans

2027 1900 2095 1940 ne
2135 1901 2368 1954 unquam
2410 1886 2819 1955 Gundebergam
2867 1898 3005 1956 post.
3027 1899 3241 1956 oneret,
3274 1907 3371 1946 nec
3410 1894 3477 1948 de
3508 1899 3605 1949 ho-

2028 1991 2159 2031 nore
2185 1978 2383 2045 gradus
2411 1979 2611 2047 aliquid
2640 1981 2925 2042 minueret,
2950 1981 3235 2052 ipsamque
3265 1987 3421 2039 unico
3444 1987 3608 2059 644

2028 2082 2215 2119 amore
2245 2068 2473 2135 diligens
2513 2069 2565 2121 in
2607 2069 2857 2123 omnibus
2891 2071 3145 2125 honorem
3180 2086 3456 2142 prmataret
3482 2093 3609 2133 con~

2024 2158 2203 2224 digne,
2238 2156 2595 2227 Gundeberga
2641 2160 2967 2227 attrahente,
2990 2176 3186 2218 omnes
3229 2166 3608 2236 Langobardo-

2027 2265 2142 2303 rum
2165 2251 2419 2319 primates
2440 2251 2815 2306 Chrotliarium
2835 2254 3125 2309 sublimant
3151 2259 3201 2310 in
3232 2272 3416 2329 regno.
3442 2260 3609 2315 Chro.

2026 2340 2231 2395 tliarius
2261 2356 2381 2394 cum
2408 2355 2632 2411 regnare
2659 2342 2936 2411 ceepisset,
2956 2344 3154 2399 multos
3186 2348 3439 2403 nobilium
3470 2352 3607 2405 Lan-

2026 2430 2382 2497 gobardorum
2410 2470 2425 2495 ,
2456 2444 2590 2498 quos
2618 2431 2717 2485 sibi
2764 2442 3006 2486 senserat
3033 2446 3400 2504 contumaces,
3434 2439 3602 2495 inter-

2029 2520 2177 2574 fecit.
2208 2520 2559 2576 Chrotharius
2592 2519 2945 2577 fortissimam
2984 2524 3320 2594 disciplinam
3366 2539 3420 2583 et
3451 2530 3608 2585 timo-

2027 2628 2139 2667 rem
2171 2613 2222 2666 in
2254 2626 2411 2666 omne
2439 2626 2662 2681 regnum
2694 2612 3162 2684 Langobardorum
3188 2634 3371 2686 pacem
3398 2633 3607 2678 sectans

2028 2704 2171 2758 fecit.
2221 2702 2573 2759 Chrotharius
2621 2705 2823 2759 oblitus
2864 2708 3186 2763 sacramenti
3215 2712 3356 2780 quod
3386 2713 3606 2768 Gunde-

2030 2797 2204 2867 bergaa
2233 2798 2496 2866 dederat,
2542 2810 2769 2869 eamque
2792 2801 2851 2854 in
2901 2817 3062 2856 unum
3099 2806 3405 2861 cubiculum
3432 2808 3603 2863 Ticini

2030 2889 2083 2944 in
2113 2891 2233 2943 aula
2264 2892 2444 2961 palatii
2469 2892 2966 2962 retrudit,eamque
2990 2894 3054 2949 ad
3079 2897 3340 2963 privatum
3365 2898 3601 2956 habitum

2024 2985 2212 3039 vivere
2233 2982 2371 3040 fecit
2396 3002 2411 3051 ;
2442 2986 2682 3055 quinque
2707 3000 2875 3040 annos
2899 2988 3001 3041 sub
3031 3003 3091 3042 ea
3126 2992 3427 3047 retrusione
3449 3002 3602 3050 tene-

340 3090 593 3153 mittens,
627 3095 776 3156 rogat
812 3095 869 3139 ut
896 3084 1161 3139 Tasonem
1183 3123 1198 3150 ,
1246 3083 1436 3137 ducem
1471 3082 1758 3151 provincia:
1785 3081 1920 3137 Tus-
1950 3075 1997 3137 C
2030 3085 2132 3128 tur.
2164 3075 2513 3129 Chrotharius
2544 3089 2637 3143 per
2665 3074 2994 3130 concubinas
3023 3076 3453 3136 debacchabatur
3477 3084 3607 3139 assi-

336 3196 513 3246 cana‘,
543 3194 648 3249 quo
679 3186 886 3246 poterat
928 3175 1143 3245 ingenio
1173 3172 1363 3227 interii
1385 3180 1522 3226 eret.
1556 3170 1722 3241 Hujus
1753 3171 1914 3227 bene-

2017 3167 2146 3221 due.
2178 3166 2536 3237 Gundeberga
2556 3210 2570 3229 .
2602 3182 2669 3222 eo
2698 3168 2837 3236 quod
2868 3179 3010 3224 esset
3045 3168 3382 3242 Christiana,
3416 3176 3467 3231 in
3500 3178 3600 3234 hac

326 3273 441 3330 ﬁcii
466 3269 831 3327 vicissitudine
861 3266 1054 3322 tributa
1087 3306 1103 3331 ,
1136 3280 1252 3335 qum
1292 3262 1629 3329 Langobardi
1661 3263 1728 3318 de
1755 3279 1914 3318 manu
2010 3258 2356 3313 tribulatione
2383 3258 2728 3313 benedicebat
2755 3257 2923 3312 Beum
2950 3261 3371 3327 omnipotentem
3399 3308 3414 3333 ,
3456 3268 3597 3338 jejn.

328 3362 544 3435 publica
592 3358 695 3432 [Id
739 3367 848 3424 est,
903 3352 1163 3426 imperio]
1222 3353 1577 3424 recipiebant,
1635 3354 1732 3409 tria
1788 3370 1913 3408 cen-

324 3455 535 3513 tenaria
559 3453 670 3508 auri
710 3452 863 3507 annis
891 3449 1111 3521 singulis
1129 3448 1315 3517 ,'unde
1351 3464 1512 3502 unum
1542 3449 1907 3504 centenarium

324 3546 444 3603 auri
489 3544 822 3600 Cltaroaldus
872 3558 965 3597 rex
1016 3544 1254 3611 partibus
1297 3539 1505 3609 Imperii
1547 3540 1615 3595 de
1659 3530 1907 3609 prasenti

316 3646 587 3694 eassaret.
637 3634 876 3690 llisacius
926 3633 1182 3693 natricius
1235 3631 1350 3686 hac
1399 3627 1660 3695 audiens,
1710 3639 1906 3686 tracta-

321 3733 416 3787 bat
469 3730 663 3800 quibus
714 3728 939 3798 ingeniis
990 3728 1104 3781 haec
1172 3724 1433 3795 potuisset
1480 3724 1745 3791 implere,
1800 3725 1909 3781 Ta-

319 3822 450 3878 soni
483 3821 761 3891 ingeniose
789 3815 1051 3872 mandans
1073 3856 1089 3882 ,
1130 3815 1252 3869 dum
1297 3816 1348 3870 in
1378 3814 1578 3870 ollrnsa
1616 3812 1905 3872 Charoaldi

317 3923 469 3979 erat,
498 3928 619 3967 eum
647 3924 763 3980 Ipso
803 3908 1067 3963 amicitias
1112 3908 1390 3976 obligaret,
1424 3907 1539 3973 ipse
1567 3921 1694 3961 vero
1723 3917 1906 3962 contra

318 4003 690 4060 Cbaroaldum
735 4013 911 4070 regem
940 3998 991 4053 ei
1034 3997 1401 4052 auxiliaretur.
1448 3995 1561 4051 Tali
1610 4008 1911 4065 praeventus

315 4106 409 4154 est
465 4094 649 4150 fraude
695 4108 712 4145 :
762 4093 1070 4146 Ravennam
1102 4098 1294 4159 pergit.
1337 4088 1578 4143 llisaeius
1618 4089 1667 4143 ei
1698 4088 1908 4144 obviam

322 4185 589 4244 mandans
614 4225 629 4248 ,
656 4198 773 4253 prae
817 4186 1012 4237 timore
1056 4179 1431 4248 imperatoris,
1475 4179 1740 4234 Tasonem
1787 4196 1906 4235 cum

324 4278 439 4334 suis
489 4275 624 4331 inira
675 4288 860 4328 muros
889 4271 1164 4326 Ravennae
1190 4269 1337 4324 urbis
1365 4279 1627 4323 armatum
1658 4285 1765 4325 non
1809 4286 1908 4325 au-

315 4370 489 4425 debat
520 4369 782 4435 recipere.
810 4363 1052 4435 Cumque
1074 4361 1214 4418 Taso
1236 4361 1485 4425 credens,
1515 4376 1658 4414 arma
1689 4376 1905 4416 suorum

2013 3351 2120 3406 niis
2151 3360 2205 3406 et
2241 3350 2573 3407 orationibus
2602 3350 2816 3405 assidue
2847 3355 3182 3420 pervacabat.

2080 3432 2274 3506 LXXI.
2310 3432 2535 3518 Quando
2563 3451 2672 3506 Deo
2698 3452 3036 3520 complacuit.
3070 3453 3293 3509 Aubedo
3322 3453 3347 3492 τ
3392 3455 3593 3525 legata-

2013 3542 2126 3595 rius
2170 3540 2405 3597 directus
2451 3556 2481 3596 a
2511 3541 2825 3598 Clilodoveo
2858 3559 2981 3613 rege
3009 3553 3063 3602 ε.
3105 3558 3264 3600 causa
3310 3545 3590 3615 legationis

2014 3647 2184 3702 usque
2208 3630 2586 3687 Cbrotharium
2617 3640 2795 3705 regem
2845 3633 3320 3705 Langobardorum
3354 3637 3592 3705 Papiam,

2013 3732 2369 3794 cognomento
2411 3723 2599 3778 Ticino
2625 3720 2677 3789 λ,
2710 3724 3192 3779 εἰνῑιειρηιοιίειιίω
3242 3726 3596 3796 pervenisset,

2010 3833 2091 3872 ceu
2110 3833 2242 3871 nens
2270 3817 2510 3887 reginam
2529 3857 2555 3884 ,,
2575 3832 2733 3887 quam
2763 3817 2958 3886 smpius
2985 3817 3036 3870 in
3072 3817 3338 3888 legatione
3366 3820 3588 3874 veniens

2015 3910 2246 3977 viderat,
2271 3919 2327 3963 et
2346 3911 2412 3963 ab
2442 3911 2553 3981 ipsa
2586 3911 2813 3979 benigne
2843 3924 3056 3980 semper
3085 3923 3367 3979 susceptus
3398 3912 3592 3978 fuerat,

2014 4001 2177 4055 fuisse
2232 4013 2492 4056 retrusam
2556 4000 2704 4069 quasi
2761 4001 3054 4070 injunctum
3107 4000 3349 4068 habens,
3400 4002 3594 4056 exinde

2014 4101 2151 4146 Inter
2180 4102 2373 4147 cancro
2406 4090 2729 4146 Chrothario
2769 4092 2876 4159 regi
2920 4092 3215 4161 suggessit,
3265 4091 3404 4160 quod
3448 4092 3594 4147 illam

2015 4193 2287 4251 parentem
2334 4185 2659 4238 Francorum
2699 4197 2857 4250 quam
2898 4182 3136 4251 reginam
3173 4183 3428 4238 habuerat
3453 4224 3469 4247 ,
3500 4199 3600 4252 per

2016 4288 2173 4345 quam
2197 4275 2356 4329 etiam
2389 4289 2606 4342 regnum
2635 4279 3022 4341 assumpserat,
3056 4287 3160 4326 non
3184 4273 3457 4328 debuisset
3488 4276 3592 4328 liu-

2019 4365 2248 4421 miliare.
2286 4364 2492 4422 Exinde
2523 4377 2674 4432 reges
2712 4361 3041 4416 Francorum
3071 4368 3128 4415 et
3173 4362 3359 4414 Franci
3408 4371 3590 4417 essent

317 4463 461 4517 furis
485 4463 670 4515 urlem
698 4459 1006 4527 relinquens
1027 4496 1045 4521 ,
1084 4456 1135 4509 in
1165 4454 1471 4507 Ravennam
1491 4453 1686 4508 luisset
1708 4453 1913 4522 ingres—
1942 4451 1994 4510 D
2020 4457 2209 4528 ingrati
2233 4498 2248 4521 ,
2280 4472 2440 4527 quam
2467 4453 2818 4510 Chrotharius
2848 4452 2915 4507 de
2942 4452 3194 4522 prmsenti
3234 4455 3588 4510 reverentiam

401 4597 423 4621 ·
456 4588 630 4650 Editi,
652 4585 1053 4641 sollicitatione.
1076 4582 1238 4649 ΒοὴἻ
1255 4582 1539 4637 solutione.
1562 4583 1627 4637 Et
1642 4580 1781 4637 infra
1804 4583 1902 4649 αι..

329 4666 833 4781 ητέῗῗίποηιτ
869 4723 1024 4777 Colb.
1056 4738 1188 4777 vero
1220 4730 1275 4777 et
1318 4719 1513 4775 Bolier.
1550 4735 1672 4773 cum
1702 4718 1902 4787 Palat.,

339 4798 695 4859 vocatione;
725 4794 839 4850 alii.
884 4790 1221 4863 Vegaateuse,
1252 4791 1542 4863 Vocatenae

402 4880 425 4907 ο
465 4866 647 4925 Colb.,
674 4857 923 4917 Bullenet
954 4857 1160 4930 aliquot
1181 4862 1344 4930 Editi.
1370 4857 1745 4930 L’rbinm._llus
1771 4859 1904 4914 Sur-

334 4937 481 4998 bios,
500 4935 706 4989 Sorbos
723 4950 817 4988 seu
839 4927 1077 4986 Sorabos
1090 4947 1210 4986 esse
1228 4933 1303 4985 ait
1319 4929 1591 4995 Coi-titius,
1612 4927 1905 5001 Thuringis
1958 4942 1966 4949 ‘

335 5006 619 5070 finitimos,
652 5006 743 5073 qui
770 5002 1069 5073 Austrasiis
1112 5003 1392 5073 parebant.

405 5076 432 5117 δ
470 5067 683 5131 Οὴεέηξ
705 5074 804 5136 al.,
828 5067 1218 5127 Chrodoaldus.
1244 5070 1329 5131 Et,
1353 5068 1512 5133 infra,
1538 5068 1708 5133 Clar.,
1730 5067 1908 5138 Πυθα-

332 5148 469 5201 duo.
490 5144 591 5201 Ed.
612 5145 840 5211 aliquot,
863 5140 1091 5211 lancina,
1108 5141 1199 5210 qui
1223 5152 1270 5193 et
1296 5139 1434 5211 infra
1460 5138 1660 5193 habent
1682 5141 1907 5211 Asouem

328 5232 460 5271 eum
480 5215 635 5270 Colb.
658 5208 829 5267 Porro
857 5227 1034 5266 rerum
1059 5208 1591 5279 Langobardicarum
1624 5208 1813 5262 notitia
1832 5226 1905 5263 ex

338 5286 511 5340 Paulo
536 5283 687 5339 Diac.
716 5279 1380 5353 potissimumrepetenda
1400 5287 1507 5353 est,
1531 5293 1673 5353 quas
1690 5280 1905 5353 passim

335 5356 702 5425 Fredegarius
717 5346 1261 5425 pertt_trbat.0bserva
1278 5346 1676 5425 ilisaciumzqui
1689 5348 1906 5402 italiam

334 5417 688 5495 imperatoris
716 5417 959 5495 homine.
986 5420 1223 5495 regebat,
1244 5417 1527 5488 patricium
1552 5417 1907 5495 ilomgnorum

338 5487 433 5548 ilic'
462 5510 491 5548 a
548 5492 875 5562 Fredegario
912 5487 1191 5562 appellari.
1250 5501 1363 5562 quo
1420 5487 1641 5541 nomine
1676 5487 1908 5562 Carolus

344 5562 568 5634 Magnus
590 5556 857 5634 summam
882 5556 1145 5634 posteaer
1175 5558 1321 5612 Italia
1348 5564 1668 5634 potestatem
1691 5556 1901 5634 lianlmit.

421 5625 457 5674 δν
486 5635 663 5695 Colb.,
707 5625 1037 5685 "olitorium.
1066 5628 1266 5685 Cltesn.
1318 5625 1387 5681 al.
1425 5626 1615 5687 semel.
1652 5633 1705 5679 et
1747 5625 1903 5695 Boi»,

582 5748 851 5809 PATROL.
903 5745 1107 5805 LXXI.

2008 4587 2463 4642 Chrotacharium.
2492 4586 2662 4654 Vulgo
2691 4586 2987 4655 appellatur
3017 4585 3278 4641 Rothan’a.

2094 4657 2107 4695 ί
2156 4660 2204 4712 is
2234 4668 2317 4712 est
2346 4658 2691 4711 Audubaldus
2725 4658 2901 4726 palatii
2929 4672 3143 4724 omnes,
3183 4668 3241 4711 ut
3276 4671 3456 4716 censet
3490 4664 3584 4719 Pe-

2015 4729 2219 4793 raldns,
2249 4728 2339 4798 qui
2361 4740 2686 4798 memoratur
2718 4728 2767 4798 in
2786 4727 2969 4798 cliarta
2999 4728 3217 4782 Clntarii
3241 4729 3326 4797 ΙΙΙ,
3359 4746 3451 4797 pro
3480 4751 3595 4787 tuo-

2018 4796 2279 4854 nasterio‘
2305 4797 2473 4864 sancti
2528 4796 2748 4866 Benigni
2802 4797 3155 4863 Divionensis,
3184 4798 3306 4852 data
3347 4796 3436 4854 an.
3468 4802 3591 4857 (ἶϐίν.

2021 4869 2162 4923 Idem
2210 4858 2486 4921 Audebedo
2529 4884 2618 4921 seu
2658 4858 2966 4921 ludebellna
3002 4858 3199 4921 dicitur
3241 4870 3291 4924 in
3331 4870 3596 4927 Chronico
3647 4858 3667 4927 μ’

2018 4939 2259 5008 ejusdem
2288 4937 2622 4999 monasterii,
2653 4948 2798 4992 tumo
2826 4937 2844 4991 Ι
2869 4938 3057 5007 Spicil.
3090 4938 3397 4993 Acberiani.

2094 5039 2118 5076 ε
2156 5028 2354 5085 Confer
2378 5038 2539 5098 caput
2563 5027 2653 5093 50,
2681 5042 2864 5095 supra,
2885 5028 2972 5083 ubi
3000 5028 3188 5098 eadem
3220 5028 3435 5098 historia
3469 5047 3595 5083 natu

2006 5109 2175 5154 ratur.
2210 5100 2346 5154 Editi
2369 5098 2907 5166 plerique,(.'hlotario
2930 5097 3259 5167 rege.Colb.,
3290 5097 3594 5167 Chlodavio.

2010 5172 2111 5226 Hic
2142 5172 2193 5225 in
2216 5171 2518 5231 CltrOnicis,
2545 5171 2716 5223 sancti
2748 5169 2964 5237 Benigni
2991 5166 3051 5221 et
3079 5166 3355 5237 Bosuensi,
3387 5168 3597 5225 Chlam-

2006 5243 2122 5295 riua
2150 5251 2207 5296 et
2228 5240 2545 5295 Chlodoveua
2575 5241 2871 5308 appellatus
2891 5236 3068 5292 fuisse
3092 5236 3306 5289 dicitur.
3630 5251 3638 5257 ·

2082 5328 2109 5367 ι’
2152 5333 2338 5401 Papia,
2367 5332 2523 5403 vulgo
2555 5330 2896 5403 Parie,__urbs
2920 5327 3401 5403 Langobardorum
3421 5334 3584 5403 regia.

2019 5403 2201 5458 Flavia
2235 5397 2396 5456 etiam
2424 5397 2564 5456 dicta
2586 5442 2601 5464 ,
2642 5414 2695 5456 et
2733 5401 2978 5453 Ticinum
3009 5412 3037 5451 a
3065 5397 3251 5453 Ticino
3281 5401 3442 5457 lluvio
3473 5397 3593 5467 (Te.

2016 5475 2145 5539 ain).
2180 5474 2266 5540 qui
2298 5487 2415 5526 eam
2445 5472 2625 5534 alluit;
2652 5472 2777 5531 sede
2806 5469 3101 5541 episcopali
3149 5470 3279 5541 nulli
3329 5474 3595 5541 archiepi-

2022 5538 2498 5613 scopo’subjocta,
2529 5543 2752 5595 ducatus
2783 5538 2966 5607 titulo,
2992 5548 3045 5594 et
3091 5539 3362 5598 academia
3402 5538 3595 5599 nobili-

2024 5622 2166 5668 tatur

3014 5732 3043 5763 ⁸
3206 5743 3277 5801 Ξι
