3946 6188
447 272 545 329 651

1613 264 2021 319 ΡὶιΕῐιῐίίίΜὶΠ

2136 258 2508 317 ἰΗυὶλΛΞΤΙΟΙ
3565 266 3657 331 85‘),

447 388 770 443 Francorum
802 385 1020 444 habens.
1045 382 1195 452 jubet
1223 378 1399 447 egredi
1426 376 1565 431 foras
1584 419 1596 442 ,
1626 392 1679 430 ct
1710 389 1829 444 pust.
1856 378 2019 444 quiu-
2053 387 2096 435 Α
2132 385 2449 433 camerarum
2481 370 2807 425 Siscnandus
2828 369 3042 440 quidam
3070 384 3136 429 ex
3164 368 3455 436 proceribus
3483 374 3541 427 ad
3571 374 3651 429 Da.

444 496 548 546 que
566 479 782 531 circiter
808 490 996 531 annos.
1027 488 1119 537 per
1149 481 1312 525 totam
1335 470 1603 524 civitatem
1628 477 1683 523 et
1708 467 1840 522 foris
1870 466 2017 529 Gnn:

444 571 677 637 deberga
698 565 863 636 regali
890 564 1078 617 ordine
1107 577 1200 632 per
1228 560 1345 616 loca
1375 568 1683 615 sanctorum
1716 556 1780 612 ad
1810 558 2017 623 oratio—

443 674 568 713 nem
616 656 939 726 aggreditur.
982 654 1059 708 De
1084 653 1221 707 villis
1260 662 1315 707 et
1362 651 1553 718 Opibus
1583 650 1695 704 ﬁsci
1742 649 1884 718 quod
1922 651 2020 716 ha:

446 753 655 815 buerat,
670 748 1015 802 Chrotllarius
1026 746 1074 800 ei
1096 746 1382 800 restaurari
1405 744 1677 811 praecepit,
1696 743 1836 811 quod
1854 756 2023 809 usque

442 843 583 895 diem
614 841 792 894 obitus
815 838 919 900 sui,
950 845 1005 890 et
1033 836 1253 903 gradum
1278 833 1577 902 dignitatis,
1606 842 1660 885 et
1680 832 1872 897 Opibus
1906 830 2021 898 plu-

442 934 593 986 ribus
623 932 810 993 ditata,
837 928 985 997 regio
1013 928 1156 980 cultu
1186 934 1306 993 post
1334 924 1557 977 feliciter
1582 921 2022 975 tenuit.'Aubedo

443 1035 573 1075 vero
630 1037 657 1070 a
715 1019 1071 1084 Gundeberga
1130 1016 1312 1082 regina
1366 1012 1572 1067 fortiter
1620 1020 2014 1065 remuneratur.

444 1111 605 1181 65,5
658 1108 1006 1161 CItrutharius
1060 1120 1180 1158 cum
1224 1104 1460 1157 exercitu
1492 1103 1767 1155 Genavam
1818 1100 2023 1151 mariti-

440 1217 582 1255 mam
611 1241 626 1263 ,
675 1198 1063 1263 Albingauum,
1108 1193 1455 1255 Varicottim.
1504 1192 1769 1255 Sauriam,
1812 1189 2024 1243 Ubiter-

440 1291 583 1359 giurn
603 1329 619 1353 ,
649 1298 702 1341 et
728 1286 930 1341 Lunam
964 1295 988 1320 η
1018 1285 1259 1337 civitates
1288 1282 1483 1336 littoris
1506 1281 1668 1336 maris
1697 1281 1767 1335 de
1798 1278 2023 1347 imperio

440 1382 689 1437 auferens
716 1389 921 1441 vastat.
953 1376 1187 1446 rumpit,
1225 1375 1474 1429 incendio
1502 1386 1884 1437 concremans,
1919 1385 2019 1439 po-

442 1475 621 1543 pulum
653 1472 861 1533 diripit,
896 1469 1087 1536 spoliat
1114 1479 1166 1522 et
1188 1465 1497 1534 captivitate
1516 1462 1870 1526 condemnat;
1904 1476 2021 1513 mtt-

440 1580 635 1633 rosque
666 1576 863 1615 earum
911 1573 1081 1628 usque
1132 1557 1199 1611 ad
1242 1555 1648 1611 fundamentum
1692 1552 1975 1607 destructis
2001 1590 2016 1615 ,

440 1657 584 1707 vicos
617 1654 712 1707 has
739 1651 987 1705 civitates
1016 1648 1293 1701 nominare
1315 1645 1591 1715 prrecepit.

2127 464 2405 533 gobertum
2453 465 2657 533 expetit
2700 475 2755 517 ut
2798 463 2847 517 ei
2891 477 3013 517 cum
3041 462 3280 517 exercitu
3317 464 3652 531 auxiliaretur,

2123 555 2354 624 qualiter
2402 556 2750 610 Sintellanem
2799 553 3119 623 degradaret
3149 568 3177 606 a
3211 568 3366 622 regno
3389 546 3411 607 τ’
3432 556 3478 608 in
3522 559 3653 625 huius

2124 647 2366 702 beneﬁcii
2400 647 2771 715 repeusionem
2837 647 3138 701 missorium
3177 659 3386 702 aureum
3426 651 3655 705 nobilissi-

2125 754 2270 792 mum
2312 754 2377 793 ex
2409 738 2676 794 thesauris
2729 738 3047 793 Gotthorum
3074 779 3089 803 ,
3121 754 3275 808 quem
3306 734 3656 799 'i‘hursemcdus

2126 847 2216 885 rex
2266 833 2336 887 ab
2366 830 2513 885 Etio
2541 829 2567 867 δ
2600 832 2824 901 patricio
2872 842 3195 901 acceperat,
3230 832 3506 899 [lagoberto
3547 835 3657 889 dare

2125 922 2386 988 promisit,
2424 931 2738 990 pensantem
2762 922 2878 976 auri
2921 922 3129 989 pondus
3168 919 3181 957 ί
3218 923 3535 990 quingentos.
3560 927 3658 992 Quo

2125 1013 2311 1065 audito
2332 1055 2346 1077 ,
2383 1013 2713 1082 Dagobertns
2732 1054 2747 1078 ,
2778 1023 2838 1067 ut
2874 1023 2989 1067 erat
3026 1014 3253 1079 cupidus
3277 1056 3290 1079 ,
3320 1016 3587 1071 exercitum
3616 1021 3658 1071 in

2126 1104 2380 1156 auxilium
2412 1104 2694 1158 Siseuandi
2742 1104 2811 1159 de
2863 1114 2973 1159 toto
2998 1119 3167 1173 regno
3210 1106 3513 1175 Burgundiae
3546 1107 3658 1162 ban-
3689 1129 3702 1141 -

2127 1194 2243 1249 nire
2268 1196 2540 1263 prmcepit.
2572 1194 2819 1265 Cumque
2849 1196 2901 1249 in
2931 1197 3127 1263 Spania
3156 1196 3473 1265 divulgatum
3505 1197 3665 1253 Iui~set

2124 1282 2419 1336 exercitum
2451 1283 2777 1337 Francorum
2810 1284 2861 1338 in
2903 1284 3156 1339 auxilium
3191 1285 3480 1340 Sisenando
3503 1302 3665 1357 aggre«

2125 1375 2286 1438 dere,
2324 1391 2500 1431 omn-s
2546 1376 2864 1431 Gotthorum
2913 1379 3182 1433 exercitus
3226 1393 3285 1433 se
3322 1376 3498 1433 ditioni
3540 1382 3667 1435 Sise-

2126 1466 2283 1520 nandi
2312 1465 2539 1537 subegit.
2565 1468 2936 1521 Abundantius
2954 1478 3008 1522 et
3034 1468 3383 1524 Veneranlus
3405 1486 3516 1525 cum
3537 1484 3668 1525 εχιτ.

2130 1558 2237 1611 citi
2266 1556 2581 1612 Tholosano
2613 1567 2817 1612 tantum
2865 1574 3035 1628 usque
3075 1552 3525 1631 Cresarangustani
3559 1563 3670 1615 civi-

2128 1657 2289 1705 tatem
2340 1666 2463 1706 cum
2512 1652 2816 1707 Sisenando
2867 1661 3246 1716 accesserunt.
3296 1655 3465 1723 ibique
3508 1670 3670 1709 omnes

444 1768 451 1774 -
515 1742 725 1797 LXXII.
784 1741 861 1794 E0
908 1752 1047 1792 anno
1098 1736 1151 1791 in
1217 1733 1514 1789 Abaromm
1543 1730 1568 1769 δ
1594 1770 1610 1795 ν
1660 1738 2013 1799 οοεηοιηθηιο
2047 1731 2093 1790 Β
2120 1740 2305 1798 Gotthi
2343 1742 2410 1798 de
2448 1759 2614 1813 regno
2650 1745 2866 1813 Spaniae
2915 1745 3277 1800 Sisenandum
3325 1745 3595 1801 sublimant
3629 1747 3673 1801 iu

438 1837 773 1899 Chunorurn,
809 1846 975 1897 regno
1015 1829 1066 1882 in
1113 1826 1387 1881 Pannonia
1416 1834 1439 1863 σε
1466 1822 1699 1877 surrexit
1729 1824 2020 1877 vehemens

437 1930 686 1991 intentio,
714 1942 779 1979 eo
817 1924 957 1993 quod
987 1924 1055 1978 de
1085 1937 1250 1989 regno
1277 1927 1567 1984 certarent,
1598 1918 1681 1973 cui
1730 1916 2020 1971 deberetur

436 2021 504 2075 ad
536 2018 955 2081 succedendum,
989 2030 1127 2068 unus
1157 2029 1220 2069 ex
1252 2012 1445 2068 Abaris
1470 2022 1526 2066 et
1555 2012 1692 2065 alius
1719 2025 1785 2064 ex
1832 2009 2022 2079 Bulga-

437 2113 547 2173 ris;
582 2109 803 2162 collecta
833 2102 1177 2159 multitudine
1202 2110 1426 2170 uterque
1469 2102 1520 2154 in
1553 2100 1783 2153 invicem
1814 2099 2018 2166 pugner

448 2212 595 2257 runt.
620 2200 859 2254 Tandem
884 2195 1046 2251 Abari
1076 2194 1331 2264 Bulgaros
1357 2201 1631 2260 superant.
1665 2190 1906 2259 Bulgaris
1932 2206 2022 2243 su-

383 2298 393 2308 '
438 2304 659 2365 peratts,
690 2306 878 2344 novem
924 2286 1086 2341 millia
1115 2287 1349 2339 virorum
1379 2298 1500 2337 cum
1532 2281 1795 2336 uxoribus
1842 2289 1899 2335 et
1959 2282 2022 2333 li-

438 2386 583 2441 beris
605 2384 672 2437 de
695 2382 967 2435 Pannonia
999 2378 1237 2444 expulsi,
1268 2375 1333 2428 ad
1361 2373 1719 2444 Dagobertum
1740 2379 2015 2440 expetunt,

439 2487 685 2547 petentes
717 2483 775 2526 nt
804 2487 898 2527 eos
943 2473 995 2523 in
1047 2479 1188 2523 terra
1229 2468 1557 2521 Francorum
1598 2465 1665 2520 ad
1692 2463 2017 2519 manendum

439 2570 723 2637 reciperet.
760 2563 1090 2632 Dagobcrtus
1116 2559 1267 2629 jubet
1294 2573 1389 2612 eos
1431 2556 1497 2610 ad
1539 2554 1880 2609 bietnandum
1922 2554 2021 2607 Ba-

441 2659 637 2727 ioarios
669 2656 929 2721 recipere,
961 2650 1254 2704 dumnzodo
1281 2652 1629 2717 pertractaret
1655 2658 1775 2698 cum
1805 2642 2020 2697 Frani-is

441 2747 567 2817 quid
612 2745 806 2801 exinde
839 2743 1009 2797 ﬁeret.
1037 2741 1276 2807 Cumque
1309 2736 1533 2804 diapcrsi
1578 2750 1671 2801 per
1700 2735 1885 2787 domos
1917 2734 2019 2787 Ba-

441 2838 728 2906 ioariorum
772 2833 837 2888 ad
871 2831 1209 2887 biemandum
1243 2826 1499 2892 fuissent,
1533 2826 1757 2880 consilio
1790 2826 2019 2879 Franci.-

440 2944 554 2983 rum
583 2924 920 2994 [iugobertus
945 2918 1202 2988 Bajoariis
1226 2917 1371 2985 jubet
1404 2926 1461 2969 ut
1482 2916 1734 2985 Butgaros
1760 2916 1881 2970 illos
1899 2930 2017 2968 cum

441 3018 697 3073 uxoribus
729 3025 783 3070 et
816 3014 997 3069 liberis
1027 3014 1399 3078 unusquisque
1428 3009 1481 3060 in
1524 3007 1686 3061 domo
1712 3022 1804 3061 sua
1834 3008 1885 3060 in
1916 3020 2018 3059 una

2124 1846 2368 1901 regnum.
2404 1833 2774 1889 Abundantius
2807 1834 2821 1884 I
2858 1843 2911 1889 et
2944 1833 3293 1890 Venerandus
3321 1850 3437 1889 cum
3463 1837 3674 1890 exercitu

2122 1920 2433 1976 Thulosauo
2463 1922 2771 1977 muneribus
2804 1923 3049 1977 honorati
3096 1934 3443 1979 revertuntur
3476 1926 3538 1979 ad
3568 1940 3676 1992 pro-

2126 2010 2267 2076 prias
2298 2010 2473 2065 sedes.
2518 2011 2853 2081 Dagobertus
2884 2013 3207 2083 legationem
3240 2014 3308 2069 ad
3353 2015 3676 2071 Siseuaudum

2122 2114 2327 2167 regem,
2361 2102 2724 2170 Amalgarium
2767 2102 2955 2157 ducem
2987 2113 3041 2157 et
3084 2103 3458 2159 Venerandum
3486 2103 3678 2172 dirigit,

2090 2208 2095 2211 η
2124 2198 2183 2242 ιιι
2234 2190 2537 2244 tnissorium
2587 2191 2735 2245 illum
2767 2208 2924 2261 quem
2966 2181 3287 2261 promiserat
3313 2192 3479 2249 eidem
3508 2194 3679 2263 dir'ge-

2125 2287 2247 2333 ret:
2271 2295 2497 2350 cumque
2527 2297 2556 2335 a
2596 2282 2899 2336 Sisenando
2930 2299 3055 2352 rege
3087 2285 3366 2339 missorius
3394 2284 3477 2338 ille
3506 2283 3679 2352 legata-

2121 2371 2217 2424 riis
2246 2371 2430 2426 I’uisset
2457 2374 2707 2437 traditus,
2731 2388 2759 2427 a
2789 2371 3001 2427 Gottltis
3033 2391 3127 2442 per
3156 2377 3265 2429 vim
3292 2374 3319 2413 ιι
3358 2375 3567 2440 tollitur,
3597 2389 3680 2429 nec

2122 2478 2247 2517 eum
2294 2464 2491 2519 exinde
2543 2465 2799 2520 exhibere
2849 2468 3225 2536 permiserunt.
3278 2468 3463 2523 Postea
3497 2467 3681 2521 discur-

2123 2552 2360 2606 rentibus
2408 2554 2594 2621 legatis
2641 2555 2866 2611 ducenta
2918 2556 3081 2610 millia
3128 2558 3427 2612 solrdorum
3471 2556 3680 2611 missorii

2128 2643 2293 2711 hujus
2318 2644 2471 2712 pretii
2491 2644 2822 2716 Dagolertus
2846 2663 2872 2700 a
2894 2648 3192 2704 Sisonando
3214 2649 3499 2718 accipiens,
3515 2647 3681 2715 ipsum-

2122 2749 2228 2803 que
2257 2745 2519 2801 pensavit.

2196 2826 2296 2876 AN.
2332 2840 2541 2877 ncxxxt.
2572 2854 2641 2865 —-
2671 2825 2903 2879 LXXIV.
2934 2827 3091 2881 Anno
3127 2827 3190 2879 l0
3222 2828 3373 2897 regni
3402 2825 3681 2893 Dagobcrti,

2124 2930 2242 2968 cum
2268 2916 2317 2969 ei
2350 2918 2648 2969 tmntiatunt
2675 2919 2861 2971 luisset
2886 2919 3181 2972 exerriturn
3210 2918 3537 2972 Winidurum
3558 2917 3683 2970 Tho-

2128 3006 2356 3077 ringiam
2403 3005 2568 3061 fuisse
2611 3006 2771 3077 647
2811 3009 3107 3078 ingressum
3137 3050 3154 3076 ,
3187 3025 3311 3062 cum
3360 3010 3583 3064 exercitu
3626 3005 3684 3058 de

442 3120 599 3163 nocte
630 3104 857 3174 Bajoarii
887 3102 1270 3163 interﬁcerent,
1317 3097 1457 3167 quod
1491 3096 1732 3164 protinus
1758 3110 1789 3149 a
1832 3096 2018 3164 Bajoa-
2049 3096 2097 3159 C
2133 3112 2296 3162 regno
2349 3097 2745 3151 Ausrrasiorom
2801 3098 2867 3152 de
2920 3098 3098 3153 Mettis
3142 3099 3277 3154 urbe
3346 3112 3680 3169 promovens.

443 3200 540 3253 riis
586 3206 669 3252 est
716 3197 1015 3262 impletum.
1048 3192 1159 3246 Nec
1203 3190 1486 3259 quisquam
1516 3203 1582 3243 ex
1626 3188 1730 3243 illis
1762 3190 2022 3243 remansit

443 3288 713 3359 Bulgaris,
746 3285 844 3339 nisi
875 3292 1077 3337 tantum
1105 3280 1328 3334 Altiteus
1360 3275 1386 3314 ἀ
1420 3293 1541 3331 cum
1572 3276 1921 3345 septingentis
1948 3278 2025 3329 γί-

443 3381 540 3446 ris,
574 3390 626 3433 et
659 3378 911 3439 uxoribus
942 3389 1065 3428 cum
1107 3372 1311 3435 liberis,
1349 3370 1437 3438 qui
1471 3369 1525 3422 in
1568 3382 1743 3421 marca
1775 3366 2023 3421 WiniJo-

443 3488 560 3530 rum
594 3482 617 3511 ο
659 3472 896 3525 salvatus
938 3476 1042 3521 est.
1094 3467 1223 3519 l’ost
1253 3466 1365 3518 haec
1406 3476 1526 3515 cum
1560 3460 1804 3514 Walluco
1840 3458 1859 3497 ί
1888 3460 2025 3514 duce

449 3563 788 3620 Winitlorum
820 3557 976 3612 anuis
1007 3554 1251 3626 plurimis
1280 3553 1412 3607 vixit
1437 3566 1555 3605 cum
1585 3551 1718 3610 suis.

515 3653 749 3710 LXXIII.
778 3652 857 3705 Eo
879 3665 1019 3703 anim
1041 3646 1170 3717 quid
1199 3646 1434 3714 partibus
1460 3644 1699 3715 Spaniae,
1721 3642 1806 3697 vel
1834 3658 2022 3698 eorum

444 3747 662 3817 regibus
687 3743 1009 3812 contigerit,
1044 3755 1147 3793 non
1188 3737 1619 3808 praetermittam.
1655 3735 1911 3790 Defuncto
1940 3734 2026 3788 Si-

449 3837 647 3895 sibudo
679 3845 727 3901 ι,
760 3850 884 3903 rege
913 3830 1334 3887 clementissimo
1356 3869 1371 3893 ,
1407 3828 1491 3881 cui
1534 3826 1732 3883 Sinteia
1764 3835 1888 3881 ante
1930 3841 2025 3880 an-

448 3945 576 3986 num
604 3926 814 3981 circiter
842 3931 1174 3979 successerat
1204 3920 1256 3974 in
1281 3935 1525 3990 regnum,
1548 3916 1710 3989 646
1734 3932 1853 3972 cum
1881 3928 2026 3973 esset

449 4020 654 4079 Sintela
685 4017 904 4072 nimium
938 4016 988 4068 in
1019 4017 1127 4069 suis
1159 4012 1393 4081 iniquus,
1426 4020 1479 4066 ct
1507 4026 1627 4065 cum
1659 4011 1909 4065 omnibus
1940 4024 2025 4064 re-

446 4116 535 4187 gni
565 4114 650 4169 sui
693 4108 1006 4182 primatibus
1061 4106 1241 4161 odium
1272 4108 1605 4170 incurreret,
1637 4119 1756 4158 tum
1801 4101 2025 4158 consilio

522 4256 551 4284 ι’
587 4243 642 4298 In
674 4241 831 4297 editis
853 4250 1103 4306 corrup'a
1131 4248 1251 4291 sunt
1278 4238 1498 4291 omnino
1526 4236 1637 4290 hac
1661 4236 1896 4289 nomina.
1926 4234 2023 4289 Le-

447 4319 677 4370 ctimiem
707 4313 968 4374 Clarom.,
999 4308 1197 4362 Chesn.
1229 4318 1284 4361 et
1308 4306 1469 4360 Frelt.
1501 4306 1833 4360 retinnitnus.
1864 4306 2015 4360 Colb.

446 4388 625 4447 liabet,
659 4383 949 4452 Albingam,
988 4376 1578 4452 Notjariom,_§ottis_ant,
1597 4376 2019 4452 gntavt'bt'tergio,

2130 3189 2351 3240 transita
2387 3187 2658 3249 Ardenna,
2710 3188 3030 3258 Magantiam
3080 3206 3277 3259 magno
3321 3204 3441 3244 cum
3471 3187 3684 3243 exercitu

2125 3278 2427 3347 aggreditur
2457 3273 2504 3345 ι,
2538 3277 2827 3348 disponens
2857 3280 3101 3334 Rhenum
3137 3281 3397 3345 transire,
3429 3294 3620 3335 scarum
3646 3283 3680 3311 ι·

2126 3369 2198 3421 de
2222 3369 2407 3422 electis
2438 3368 2566 3423 viris
2591 3368 2812 3423 fortibus
2836 3369 2904 3425 de
2930 3370 3157 3425 Neuster
3180 3381 3237 3426 et
3263 3370 3555 3442 Burgundia
3580 3382 3684 3421 cum

2125 3460 2350 3514 ducibus
2379 3470 2429 3514 et
2450 3460 2778 3530 graﬁonibus
2808 3476 2991 3516 secum
3024 3462 3254 3517 habens.
3289 3465 3527 3516 Saxones
3571 3458 3685 3512 IIIIS-

2124 3567 2216 3606 sos
2241 3552 2308 3606 ad
2357 3552 2714 3622 Dagobertum
2746 3553 2999 3623 dirigunt,
3035 3564 3281 3622 petentes
3307 3562 3368 3608 ut
3408 3553 3486 3607 cis
3512 3550 3685 3604 tributa

2123 3660 2242 3714 quas
2267 3646 2375 3701 ﬁsci
2398 3644 2686 3701 ditionibus
2706 3643 3071 3701 dissolvebaut
3092 3645 3398 3716 indulgeret
3420 3662 3435 3698 :
3460 3642 3553 3712 ipsi
3574 3652 3687 3693 vero

2132 3752 2322 3792 eorum
2356 3738 2532 3793 studio
2553 3748 2604 3793 et
2632 3738 2858 3792 utilitate
2883 3737 3113 3793 Winidis
3142 3738 3399 3792 resistere
3425 3732 3687 3805 spondent.

2125 3840 2179 3883 rt
2218 3828 2543 3885 Francorum
2602 3828 2830 3883 limitem
2884 3829 2953 3883 de
3002 3831 3103 3884 illis
3152 3828 3398 3897 partibus
3444 3822 3689 3881 custodire

2126 3920 2461 3989 promittun'.
2490 3920 2642 3986 Quod
2699 3919 3055 3989 Dagobertus,
3093 3919 3327 3974 c0usilio
3369 3914 3687 3972 Neustrasio-

2124 4024 2241 4063 rum
2271 4010 2515 4077 adeptus,
2549 4010 2794 4079 prmstitit
2822 4010 2965 4064 Saxo
2991 4012 3125 4064 :ibus
3156 4010 3250 4079 qui
3276 4010 3360 4066 his
3386 4018 3414 4047 ιι
3444 4004 3690 4079 petitioni-

2125 4100 2222 4155 bus
2248 4102 2641 4170 suggerendum
2670 4110 2946 4157 venerant.
2972 4095 3411 4167 Sacramentum,
3441 4112 3496 4157 ut
3521 4111 3687 4155 eorum

2202 4248 2226 4273 θ
2267 4236 2459 4294 Hodie.
2491 4243 2547 4288 ut
2574 4245 2759 4290 monet
2788 4234 3075 4298 Freherus,
3105 4231 3593 4289 Windischemarck.

2201 4304 2219 4343 τ
2246 4308 2334 4363 Sic
2356 4307 2522 4372 ειη,
2541 4305 3000 4370 Freh.et(.‘besn.,
3030 4304 3291 4373 Wallaco;
3309 4307 3407 4369 al..
3433 4302 3687 4373 Waldugo.

2199 4386 2223 4422 8
2264 4370 2515 4432 Sisebuto
2541 4390 2680 4429 anno
2708 4374 2803 4430 621
2840 4377 3102 4430 successit
3128 4370 3467 4431 lter-caredus
3495 4373 3556 4431 Il.
3584 4370 3687 4439 ejus

447 4441 624 4530 l_.mra.'
649 4452 785 4530 Editi
813 4441 917 4504 "alii
937 4441 1203 4530 ,_.11_lbinga
1228 4487 1244 4509 ,
1277 4446 1504 4500 Noraria
1524 4486 1539 4509 ,
1587 4441 2017 4530 Cottisaoniainbr
2052 4460 2104 4519 D
2131 4447 2298 4530 ﬁlius.
2322 4456 2377 4501 et
2395 4448 2489 4530 isti
2516 4454 2642 4530 post
2668 4456 2773 4525 tres
2804 4460 3012 4530 menses
3041 4445 3319 4530 Silium-la,
3350 4448 3463 4530 sitve
3489 4444 3571 4530 qui
3614 4441 3690 4493 llic

445 4526 705 4595 Tergioﬂ
741 4522 909 4574 Luna.
941 4514 1111 4595 Urbes
1140 4514 1255 4595 ista‘.
1284 4531 1413 4595 quas
1450 4514 1816 4569 recensuimus
1858 4514 2025 4595 notis-
2052 4514 2353 4595 ﬁstulata,
2389 4516 2625 4595 Similia,
2652 4525 2704 4569 et
2732 4517 2796 4595 iu_
2823 4516 3337 4595 eodd._qtnbusdam
3378 4514 3591 4595 Semita
3604 4524 3691 4589 ap-

446 4587 598 4649 simie
637 4602 792 4653 sunt.
830 4600 1023 4657 prmter
1059 4587 1377 4657 Varicottjm,
1430 4592 1977 4657 nornengcorruptum
2006 4627 2022 4649 ,

448 4666 587 4733 quod
620 4653 857 4715 divinare
905 4657 1219 4733 non‘licuit.
1265 4653 1475 4733 Genava
1520 4655 1783 4733 maritima
1811 4654 2023 4724 (Génes)

450 4724 528 4788 sic
556 4732 770 4796 dicitur,
802 4741 857 4783 ut
897 4729 965 4780 ab
1010 4728 1356 4794 Allobrogum
1390 4724 1606 4779 Geneva
1643 4724 2020 4796 distinguatur.

450 4794 813 4872 Albi-rtgzinum
841 4807 1225 4872 Avettts‘nomeu
1243 4797 1453 4872 _retinet
1474 4796 1729 4872 élbenga,
1759 4794 1887 4872 sede
1911 4795 2021 4862 epi-

449 4864 653 4941 scopali
684 4872 750 4923 ab
790 4868 1093 4941 Alexandro
1132 4868 1195 4919 Ill
1224 4866 1645 4941 tthMIIaStlllla
1685 4874 1777 4941 est
1806 4864 2025 4941 “Sittiana

449 4934 936 4997 snb'Gennensium
966 4939 1189 5001 ditione,
1228 4936 1577 5003 Opitergium.
1613 4934 1770 5003 vulgo
1798 4934 2017 4987 σόει-ιο.

451 5014 613 5068 Lunae
642 5010 805 5064 veteri
839 5007 952 5060 urbi
982 5008 1238 5059 successit
1267 5005 1516 5059 Summa.
1554 5006 1699 5058 Hanc
1728 5006 2022 5071 expeditio-

450 5099 571 5139 nem
604 5088 865 5135 memorat
894 5076 1088 5129 Paulus
1123 5075 1269 5129 Diae.
1306 5077 1394 5128 lib.
1436 5090 1488 5128 tv
1510 5090 1626 5140 cap.
1658 5074 1747 5137 47,
1776 5073 1861 5126 ubi
1889 5074 1963 5126 ait
1991 5091 2019 5127 a

452 5149 672 5208 Ilotltari
699 5158 879 5218 captas
901 5144 1071 5218 fuisse
1102 5146 1459 5218 R_omanor_um
1488 5145 1745 5218 civitates
1757 5158 1946 5197 omnes
1968 5145 2020 5196 in
2106 5158 2109 5161 ·

451 5226 629 5279 littore
658 5211 821 5274 maris
856 5217 918 5270 ab
950 5220 1069 5270 urbe
1114 5215 1310 5269 Tussit:
1352 5214 1571 5267 Lunensi
1599 5215 1667 5266 ad
1697 5211 1745 5264 Ρ
1749 5230 2021 5266 raucorum

452 5295 612 5365 ﬁnes,
629 5304 680 5365 et
707 5289 1038 5365 Opitergium
1069 5287 1233 5365 abeo
1255 5286 1419 5339 fuisse
1444 5283 1702 5364 dirutum.

524 5358 551 5400 δ
591 5352 733 5415 Alias
758 5352 1069 5413 Aratorem;
1091 5356 1305 5423 Aliquot
1337 5370 1457 5407 eum
1492 5353 1819 5421 aspiratione
1848 5352 2029 5406 Haba-

452 5447 650 5485 rorum.
681 5430 772 5483 Sic
796 5438 850 5482 et
877 5426 1183 5481 Hunnorum
1212 5441 1306 5495 pro
1332 5423 1649 5490 Chuaorum,
1676 5433 1732 5476 ut
1752 5438 1897 5493 sape
1919 5440 2027 5478 nio-

454 5512 744 5623 “uyulel.
774 5575 829 5621 et
858 5566 1055 5622 Boher.
1078 5580 1200 5621 cum
1228 5561 1497 5632 plerisque
1521 5562 1707 5627 Editis,
1745 5562 2026 5632 Hispania.

526 5639 553 5677 ⁴
590 5638 681 5693 Sic
716 5637 948 5690 Clarout.
996 5634 1148 5703 Apud
1190 5633 1370 5700 Colb.,
1411 5633 1683 5695 Atticene;
1728 5634 1929 5692 Chesu.
1974 5646 2031 5692 et

456 5708 645 5777 Frcln,
670 5704 904 5774 Atticus;
933 5702 1057 5775 alii,
1091 5706 1332 5768 Alticeus.
1366 5719 1485 5760 cum
1516 5704 1636 5759 cod.
1667 5702 1842 5759 Palat.

2129 4591 2376 4654 pellatur,
2407 4596 2567 4653 atque
2596 4587 2647 4639 in
2672 4599 2738 4639 eo
2765 4586 2964 4639 desinit
2990 4583 3175 4639 Isidori
3207 4586 3533 4639 Chronicon.
3553 4583 3691 4654 Sise-

2128 4653 2336 4710 naudus
2362 4672 2506 4711 anno
2528 4655 2628 4710 651
2659 4655 3034 4709 Suintillanem
3064 4671 3095 4706 e
3120 4656 3257 4710 solio
3286 4653 3603 4712 exturbavit.

2200 4725 2223 4763 ιι
2269 4727 2433 4797 lllyr.,
2464 4742 2583 4797 quae
2625 4734 2741 4780 erat
2770 4729 2928 4779 etiam
2972 4726 3130 4780 lcetio
3155 4726 3338 4790 Colb.,
3373 4725 3465 4797 sed
3492 4720 3688 4797 detrita,

2128 4794 2361 4866 gigans.
2398 4794 2643 4850 At’tilar.
2688 4797 3093 4866 habetAgecio,
3126 4798 3337 4861 cazteri,
3372 4794 3692 4866 Ejlcio,_gtltl

2131 4860 2289 4921 ιιιιῖάυ
2312 4867 2364 4920 iu
2414 4867 2531 4920 istis
2555 4866 2711 4919 codd.
2744 4860 3142 4934 Egidii'nomen
3171 4860 3337 4919 scribi
3382 4860 3538 4934 solet.
3571 4860 3692 4934 Vide

2130 4939 2482 5006 fragmentum
2514 4934 2548 4987 4
2588 4951 2654 4989 ex
2698 4930 2819 4990 aliis
2862 4936 3168 5005 Fredegarii
3198 4936 3356 4990 libris
3386 4933 3523 5005 quod
3569 4930 3691 4985 intra

2130 5010 2479 5075 proferemus.

2207 5076 2221 5113 ί
2271 5076 2429 5141 Iloli.,
2459 5075 2573 5129 auri
2601 5075 2816 5128 solidos.

2205 5150 2218 5196 Ι
2266 5146 2420 5219 Golb.
2451 5158 2503 5200 et
2530 5145 2651 5219 Ed.,
2680 5144 3097 5219 "abundantius.
3122 5145 3270 5199 lIanc
3290 5145 3482 5213 capitis
3503 5142 3569 5195 75
3591 5152 3694 5206 par-

2130 5226 2235 5271 tem
2267 5217 2331 5271 ad
2365 5233 2557 5269 annum
2594 5213 2715 5282 seq.
2752 5230 2959 5270 revocat
2990 5213 3252 5269 Cointius.

2205 5288 2227 5322 ι
2273 5287 2371 5339 Ed.
2398 5295 2455 5340 et
2483 5286 2632 5339 Colb.
2666 5278 2785 5338 cum
2835 5286 2990 5349 Boh.,
3025 5301 3114 5354 per
3138 5289 3291 5340 viam.
3336 5285 3402 5339 Et
3451 5282 3582 5338 infra
3609 5278 3694 5339 aL.

2132 5359 2314 5411 exinde
2342 5358 2655 5410 abstrahere.

2212 5426 2227 5465 1
2275 5428 2433 5491 Boh.,
2460 5426 2793 5496 Magantia...
2823 5426 3099 5497 egreditur.

2204 5508 2242 5533 τη
2283 5499 2445 5551 Scara
2474 5492 2565 5550 est'
2591 5508 2759 5549 turma
2801 5492 3049 5562 militum,
3076 5503 3136 5550 ut
3150 5495 3263 5560 jam
3290 5492 3691 5547 observavimus.

2135 5568 2297 5627 Infra.
2340 5580 2434 5635 pro
2466 5566 2703 5629 Neuter,
2734 5578 2846 5621 vet.
2878 5565 2977 5620 Ed.
3014 5568 3210 5620 trahent
3237 5566 3473 5627 Μυρτὼ.

2204 5647 2235 5676 ⁸
2276 5631 2439 5705 Both,
2468 5637 2639 5707 hujus.
2671 5637 2835 5694 Chcs.
2866 5645 2920 5693 et
2945 5636 3157 5704 exteri,
3185 5635 3347 5707 hujus
3374 5631 3642 5705 patiam
