3928 6184
321 362 424 420 oss

1753 352 2171 413 CllllONiCl'Si.

3482 357 3589 422 65‘

321 501 440 540 mos
470 496 582 539 erat
619 491 668 549 ι,
721 496 884 553 super
930 498 1074 537 arnta
1119 482 1334 552 placata
1367 447 1478 552 [ΑΙ.⁴
1531 478 1745 551 placita]
1797 496 1891 547 pro
1925 487 1969 543 Α
2070 479 2325 533 LXXVII.
2374 477 2628 534 [iadulfus
2660 478 2763 533 duv
2800 479 2937 531 luius
2964 476 3252 543 Cliamart,
3294 492 3450 547 quem
3486 477 3590 531 Da.

323 578 584 630 universis
608 576 909 631 Saxonibus
939 576 1170 629 ﬁrmant.
1194 574 1299 627 Sed
1325 589 1506 641 parum
1538 572 1651 626 hcce
1679 573 1906 639 promis-

321 671 399 722 sio
421 668 644 723 sortitur
672 667 941 732 elIectum,
978 678 1155 720 tamen
1183 674 1439 720 tributum
1470 664 1731 728 Saxones,
1765 664 1903 731 (μιυά

322 758 552 814 reddere
575 768 991 822 consueverant,
1019 757 1375 826 pra-ceptinne
1406 755 1685 823 Dagoberti
1712 754 1907 807 habent

323 853 613 907 indultum.
660 851 992 921 Quiugentas
1040 865 1229 905 vaccas
1281 846 1637 904 inferendales
1678 845 1705 884 δ
1753 846 1906 899 anuis

323 945 547 1003 singulis
573 959 602 997 a
625 944 945 998 Cltlotltario
972 944 1183 997 seniore
1206 942 1395 997 censiti
1423 925 1739 1003 reddebant,
1763 936 1905 1007 quod

323 1049 352 1088 a
385 1034 687 1103 Dagoberto
717 1043 983 1088 cessatum
1015 1042 1120 1088 est.

395 1129 497 1182 As.
531 1143 768 1181 ncxxxu.
792 1155 864 1167 —
885 1124 1099 1180 LXXV.
1126 1129 1281 1180 Anno
1310 1125 1369 1179 11
1403 1134 1426 1163 ε
1457 1123 1606 1193 regni
1640 1121 1908 1192 Dagobcr-

325 1218 359 1269 ti
374 1224 397 1282 ‘,
429 1232 551 1270 cum
580 1216 785 1271 Winidi
829 1216 980 1286 jussu
1012 1215 1262 1271 Santonis
1296 1214 1508 1269 fortiter
1537 1215 1827 1278 saevirent,
1855 1220 1908 1265 et

325 1322 468 1376 saepe
516 1316 833 1362 transcenso
881 1320 1070 1363 eorum
1105 1304 1275 1360 limite
1316 1320 1537 1374 regnum
1582 1302 1908 1360 Francorum

325 1399 666 1467 vastandum,
698 1398 1045 1469 Thoringiam
1092 1408 1147 1452 et
1191 1397 1428 1466 reliquos
1460 1411 1623 1465 pagos
1654 1396 1906 1465 ingrede-

326 1497 540 1552 rentur,
569 1488 900 1558 Dagobertus
930 1488 1105 1543 Mettis
1135 1488 1323 1543 urbem
1358 1488 1597 1548 veniens.
1629 1503 1748 1542 cum
1781 1503 1909 1543 cono

324 1579 450 1631 silio
479 1576 791 1647 pontiﬁcum
843 1593 937 1633 seu
967 1588 1023 1633 et
1068 1592 1350 1648 procerum
1371 1617 1387 1644 ,
1417 1578 1773 1646 omnibusque
1806 1578 1913 1645 pri-

324 1670 559 1725 matibus
588 1670 737 1739 regni
768 1670 849 1725 sui
871 1668 1353 1733 consentientibus,
1387 1668 1710 1737 Sigibertum
1746 1669 1910 1722 ﬁlium

327 1777 486 1817 suum
513 1763 565 1817 in
591 1762 836 1817 Austeris
857 1774 1036 1832 regem
1065 1760 1391 1825 sublimavit,
1423 1760 1711 1828 sedemque
1739 1758 1912 1812 Mettis

2010 570 2263 636 gubertus
2295 569 2603 637 Tlioringize
2632 571 2820 625 ducem
2853 570 3101 630 instituit.
3128 569 3365 625 oloribus
3387 569 3592 624 vicibus

2007 676 2127 715 cum
2181 663 2417 715 exercitu
2464 661 2805 716 Winidnrum
2855 663 3145 723 dimicans,
3177 675 3378 730 eosque
3419 662 3591 715 victos

2010 753 2166 805 vertit
2198 754 2248 805 iu
2302 754 2499 819 fugam.
2537 753 2701 824 Hujus
2732 755 2969 807 victoria:
3012 752 3262 821 superbia
3292 752 3463 806 elatus
3488 792 3503 814 ,
3535 762 3590 806 et

2008 851 2193 896 contra
2225 844 2579 912 Adalgiselum
2609 845 2800 899 ducem
2832 844 3057 898 diversis
3085 844 3457 898 occasionibus
3484 846 3554 900 ini

2012 933 2240 989 micitias
2283 936 2541 1003 tendens,
2595 936 2847 1002 paulatim
2884 947 3067 991 contra
3115 936 3438 1007 Sigibertum
3484 942 3591 1008 jam
3636 934 3639 935 ⁷

2012 1042 2133 1087 tunc
2162 1040 2397 1098 coeperat
2423 1029 2711 1084 rebellare.
2746 1028 2877 1098 Sed,
2906 1038 2961 1082 nt
2991 1029 3187 1082 dictum
3215 1040 3328 1095 est,
3362 1031 3440 1085 sic
3468 1045 3595 1092 age-

2016 1127 2099 1179 bat
2127 1141 2141 1178 :
2167 1125 2266 1190 Qui
2299 1124 2471 1194 diligit
2501 1124 2665 1189 rixas,
2701 1122 2987 1176 meditatur
3014 1122 3329 1177 discordias.

2087 1220 2184 1271 An.
2228 1231 2461 1270 ncxxxv.
2500 1244 2570 1254 -—-
2613 1212 2893 1268 LXXVIII.
2931 1217 3088 1267 Anno
3125 1215 3189 1267 14
3218 1214 3369 1282 regni
3416 1213 3595 1284 Dago-

2014 1311 2149 1365 berti
2170 1353 2183 1373 ,
2217 1326 2334 1364 cum
2368 1309 2657 1363 Wascones
2698 1307 2906 1362 fortiter
2933 1307 3276 1371 rebellarent,
3308 1315 3364 1362 et
3396 1308 3595 1362 multas

2017 1403 2223 1471 prtedas
2265 1403 2315 1456 in
2349 1417 2512 1459 rezno
2540 1400 2705 1471 649
2738 1400 3064 1455 Francorum
3085 1441 3099 1464 ,
3131 1400 3271 1470 quod
3300 1401 3593 1455 Cltaribero

2018 1504 2102 1545 tus
2129 1501 2395 1555 tenuerat,
2426 1491 2686 1556 facerent,
2712 1491 3043 1558 Dagobertus
3071 1491 3136 1543 de
3164 1491 3413 1545 universo
3435 1506 3599 1559 regno

2019 1584 2340 1654 llurgttudite
2370 1584 2665 1638 exercitum
2702 1597 3016 1648 promovere
3041 1580 3226 1651 jubet,
3254 1592 3494 1636 statuens
3522 1584 3602 1636 eis

2016 1686 2176 1745 caput
2217 1676 2487 1731 exercitus
2514 1715 2528 1739 ,
2563 1674 2781 1729 nomine
2828 1674 3198 1728 Cliadoindum
3226 1716 3242 1741 ,
3291 1674 3603 1729 referenda.

2018 1781 2153 1825 rium
2191 1805 2208 1831 ,
2258 1766 2346 1834 qui
2398 1764 2729 1833 temporibus
2776 1763 3094 1819 Theuderici
3141 1764 3408 1833 quondam
3459 1766 3603 1836 regis

324 1855 598 1910 civitatem
636 1851 835 1909 habere
886 1850 1149 1920 permisit.
1194 1848 1582 1905 Cltunibertutu
1618 1849 1643 1887 ά
1673 1849 1911 1905 Colonia:
1955 1855 1995 1913 Β
2027 1857 2210 1910 multis
2241 1854 2442 1925 praeliis
2470 1855 2803 1923 probabatur
2830 1864 3080 1908 strenuus
3107 1870 3120 1916 ;
3145 1854 3233 1923 qui
3263 1870 3383 1909 cum
3413 1854 3603 1909 decem

328 1946 482 1999 urbis
508 1942 838 2013 pontiﬁcem,
866 1948 921 1997 et
966 1940 1327 2011 Adalgiselum
1359 1941 1548 1996 ducem
1582 1939 1832 2008 palatium
1864 1949 1917 1993 et

331 2050 559 2107 regnum
594 2032 1049 2103 ‘gubernandum
1096 2032 1346 2086 instituit.
1391 2032 1723 2086 Thesaurum
1774 2032 1915 2100 quod

329 2123 608 2179 sufﬁceret
635 2123 743 2177 ﬁlio
768 2122 1010 2187 tradens,
1033 2121 1329 2190 condigne,
1358 2130 1417 2174 ut
1445 2118 1642 2187 decuit,
1670 2134 1791 2174 eum
1822 2120 1918 2173 hu~

325 2216 410 2283 ius
438 2214 679 2269 culmine
708 2212 1039 2279 sublimavit,
1069 2222 1124 2266 et
1172 2211 1526 2279 quodcunque
1552 2210 1725 2264 eidem
1758 2210 1916 2279 largi-

332 2319 416 2360 tus
447 2306 649 2372 fuerat,
703 2303 1017 2374 singillatim
1061 2301 1511 2371 prmeeptiouibus
1560 2300 1916 2354 roborandum

325 2397 587 2454 decrevit.
625 2396 888 2466 Deinceps
932 2396 1193 2450 Austrasii
1237 2409 1424 2450 eorum
1472 2393 1651 2448 studio
1696 2394 1917 2448 limitem

324 2503 377 2544 et
409 2505 633 2560 regnum
663 2487 828 2560 648
860 2488 1185 2543 Francorum
1213 2496 1397 2542 contra
1447 2482 1691 2541 Wiuidos
1722 2486 1921 2541 utiliter

327 2582 648 2637 defensasse
678 2591 989 2635 noscuntur.

396 2675 503 2728 An.
551 2686 808 2728 ocxxstu.
844 2702 914 2712 -—
963 2671 1195 2726 LXXVI.
1231 2669 1471 2740 Cumque
1500 2687 1641 2726 anno
1669 2667 1736 2725 12
1780 2674 1921 2743 regis

324 2765 611 2835 Dagoberti
642 2766 812 2820 eidem
844 2765 1005 2829 ﬁlius,
1030 2765 1246 2819 nomine
1274 2761 1636 2838 Clilodoveus,
1668 2765 1736 2819 de
1764 2766 1915 2820 Nan-

324 2854 560 2911 tecltilde
608 2856 790 2924 regina
834 2864 994 2908 natus
1039 2854 1262 2918 fuiset,
1312 2854 1536 2908 consilio
1573 2853 1919 2909 Nettstrasio-

324 2961 443 2999 rum
482 2945 527 3012 ι,
560 2959 855 3013 eorumque
885 2944 1274 3008 admonitione,
1306 2960 1406 3014 per
1448 2945 1707 3013 pactionis
1736 2946 1922 3000 vincu-

326 3039 437 3093 lum
468 3053 591 3093 cutn
625 3039 890 3108 Sigiberto
923 3037 1029 3091 lilio
1080 3052 1180 3091 suo
1212 3036 1458 3091 ﬁrmasse
1506 3036 1821 3091 dinoscitur.
1859 3040 1922 3092 Et

328 3132 731 3187 Austrasiorum
776 3146 966 3185 omnes
999 3132 1252 3200 primates
1296 3130 1603 3199 pontifices,
1634 3128 1920 3199 creterique

2019 1948 2246 2004 ducibus
2262 1963 2382 2003 cum
2406 1946 2751 2011 exercitibus,
2780 1946 2831 1999 id
2858 1954 2961 2014 est,
2993 1945 3328 2001 Aritubertns
3352 1943 3399 2012 ιι,
3426 1950 3605 2001 Amal~

2020 2039 2200 2108 garius
2227 2080 2241 2104 ,
2274 2038 2639 2093 Leudebertus
2662 2081 2676 2105 ,
2725 2030 3141 2092 Wandalmarus
3165 2078 3180 2103 ,
3215 2036 3555 2094 Waldericus
3579 2074 3596 2105 ,

2025 2130 2310 2193 Ermenus,
2348 2128 2635 2193 Baroutus,
2666 2126 3024 2182 Chairaardus
3052 2138 3116 2182 ex
3142 2142 3341 2196 genere
3366 2123 3603 2185 Francoa

2021 2234 2172 2285 rum,
2209 2220 2633 2274 Cliramnelenus
2660 2232 2726 2272 ex
2767 2232 2965 2287 genere
3002 2217 3277 2285 Romano,
3308 2219 3604 2277 Wilibadus

2021 2310 2276 2379 patricius
2308 2324 2373 2363 ex
2416 2324 2614 2379 genere
2645 2309 3082 2379 Burgundionum
3107 2352 3121 2375 ,
3156 2312 3359 2382 Aigyna
3412 2327 3478 2366 ex
3515 2327 3604 2382 εει

2022 2418 2148 2457 nere
2177 2403 2471 2467 Saxonum,
2502 2402 2742 2469 exceptis
2773 2400 3055 2457 comitibus
3084 2402 3351 2472 plurimis,
3384 2404 3473 2473 qui
3505 2405 3605 2459 dua

2020 2511 2135 2550 cem
2184 2510 2346 2566 super
2391 2509 2451 2549 se
2501 2510 2605 2547 non
2655 2492 2921 2548 habebant
2967 2491 3009 2558 ί,
3064 2494 3117 2548 itt
3148 2492 3434 2549 Wasconia
3480 2511 3600 2550 cum

2021 2588 2258 2641 exercitu
2301 2584 2670 2661 perrexissent
2698 2624 2712 2647 ,
2745 2594 2801 2639 et
2842 2592 2949 2638 tota
2997 2580 3297 2641 Wascdnite
3338 2585 3507 2654 patria
3535 2588 3604 2640 ab

2021 2679 2259 2733 exercitu
2306 2676 2627 2747 Burgundite
2671 2676 2859 2732 fuisset
2903 2677 3108 2747 repleta
3134 2717 3149 2743 ,
3197 2676 3497 2735 WasCones
3540 2680 3607 2735 de

2023 2773 2161 2825 inter
2192 2771 2454 2825 montium
2487 2769 2712 2838 rupibus
2744 2770 2943 2841 egressi
2971 2771 3037 2825 ad
3065 2771 3263 2827 bellum
3298 2780 3606 2843 properant.

2022 2862 2263 2927 Cumque
2291 2860 2518 2929 prteliari
2550 2857 2861 2928 ctepissent,
2883 2870 2949 2917 ,ut
2971 2876 3156 2915 eorum
3186 2878 3301 2915 mos
3330 2870 3434 2926 est,
3459 2871 3607 2933 terga

2025 2955 2312 3013 vertentes,
2341 2948 2466 3003 dum
2491 2955 2779 3003 cernerent
2798 2963 2857 3002 se
2880 2963 3001 3004 esse
3022 2951 3374 3019 superandos,
3406 2951 3459 3005 in
3490 2950 3609 3006 fau-

2026 3054 2121 3094 ces
2153 3038 2391 3105 vallium,
2426 3049 2480 3093 et
2509 3048 2718 3094 montes
2748 3038 3037 3109 Pyrenaeos
3079 3041 3337 3094 latebram
3382 3040 3608 3108 dantes,

2023 3148 2082 3185 se
2125 3132 2256 3185 locis
2308 3131 2588 3185 tutissimis
2633 3140 2730 3198 per
2774 3145 2935 3199 rupes
2984 3131 3295 3186 eorutudem
3350 3134 3609 3187 montium

328 3223 513 3279 :eudes
559 3223 842 3293 Sigiberti,
892 3236 1081 3276 manus
1126 3236 1307 3275 eorum
1356 3229 1615 3288 ponentes
1669 3220 1912 3288 insuper,
1945 3216 1990 3278 C
2030 3224 2358 3279 collocantes
2391 3223 2687 3276 latitarunt.
2717 3219 3001 3277 Exercitus
3034 3226 3153 3291 post
3181 3231 3385 3291 tergum
3422 3230 3609 3280 eorum

331 3313 693 3367 sacramentis
725 3314 1077 3367 ﬁrmaverunt
1102 3321 1161 3365 ut
1190 3309 1494 3379 Neptricum
1520 3322 1577 3364 et
1619 3310 1920 3380 Burgundia

332 3404 564 3459 solidato
594 3402 782 3458 ordine
809 3403 873 3456 ad
906 3417 1129 3471 regnum
1159 3400 1454 3456 Chlodovei
1486 3412 1605 3469 post
1637 3401 1919 3471 Dagoberti

332 3495 627 3551 discessum
661 3495 967 3564 aspicerent
995 3512 1006 3545 :
1034 3495 1231 3557 Auster
1263 3507 1389 3547 vero
1408 3536 1424 3561 ,
1458 3492 1705 3548 idemque
1733 3493 1921 3548 ordine

336 3588 602 3653 solidata,
647 3603 712 3643 eo
740 3587 881 3656 quod
926 3599 980 3640 et
1008 3586 1077 3641 de
1118 3586 1315 3655 populo
1364 3593 1419 3639 et
1455 3584 1525 3639 de
1552 3586 1724 3652 spatio
1766 3598 1921 3638 terrae

345 3693 486 3733 esset
514 3692 825 3747 coarquans,
857 3677 922 3731 ad
953 3691 1173 3746 regnum
1204 3675 1455 3745 Sigiberti
1489 3675 1736 3744 idemque
1768 3679 1819 3729 in
1846 3676 1922 3729 iu«

339 3772 589 3841 tegritate
618 3769 839 3825 deberet
866 3768 1150 3837 aspicere;
1184 3777 1240 3823 et
1283 3767 1539 3838 quidquid
1583 3770 1649 3822 ad
1698 3783 1920 3838 regnum

340 3862 740 3918 Austrasiorum
777 3861 887 3931 jam
921 3862 1047 3916 olim
1096 3861 1422 3929 pertinuerat
1446 3901 1462 3926 ,
1496 3863 1597 3915 hoc
1627 3860 1925 3932 Sigiltertus

340 3971 427 4010 rex
461 3970 575 4008 sum
605 3954 791 4008 ditioni
817 3952 1109 4023 gerendum
1148 3952 1432 4018 reciperet.
1464 3960 1519 4005 et
1548 3964 1805 4019 perpetuo
1829 3953 1925 4004 do-

342 4044 649 4099 miuaudum
673 4043 916 4108 haberet,
946 4052 1168 4110 excepto
1191 4041 1382 4095 ducatu
1414 4039 1675 4095 Denteliui
1701 4049 1751 4105 ε,
1782 4041 1922 4109 quod

342 4134 417 4205 |id
444 4146 519 4191 est
544 4176 561 4204 ,
590 4133 704 4206 qui]
733 4132 804 4187 ab
828 4133 1120 4188 Austrasiis
1168 4132 1409 4202 iniquitet
1444 4131 1680 4185 abtultus
1711 4130 1882 4185 fuerat
1906 4171 1922 4198 ,

342 4230 535 4284 iterum
577 4228 645 4283 ad
691 4226 1030 4282 Neustrasios
1071 4225 1510 4294 subjungeretur,
1540 4234 1596 4279 et
1632 4223 1925 4279 Chlodovei

344 4321 586 4391 regimini
631 4320 1007 4389 subjiceretur.
1064 4318 1169 4375 Sed
1213 4319 1309 4372 has
1341 4317 1614 4387 pactiones
1665 4318 1926 4371 Austrasii

345 4420 551 4465 trrrore
578 4408 865 4481 Dagoberti
891 4409 1065 4464 coacti
1102 4408 1303 4464 vellent
1333 4407 1540 4463 nollent
1563 4409 1802 4479 ﬁrmasse
1830 4409 1926 4463 visi

343 4514 487 4556 sunt.
520 4499 673 4568 Quod
705 4510 888 4569 postea
942 4499 1275 4568 temporibus
1315 4498 1567 4569 εἰδὼς-ηπ
1597 4507 1653 4553 et
1693 4498 1927 4555 (.‘ltlodo-

346 4594 425 4646 vei
456 4607 640 4661 regum
671 4601 1047 4645 conservatum
1079 4589 1245 4644 fuisse
1276 4599 1508 4643 coitstat.

418 4719 443 4745 ⁸
486 4708 637 4762 Hunc
664 4721 865 4759 morem
898 4706 1147 4757 omnibus
1170 4704 1379 4772 populis
1405 4702 1928 4761 Septentrionalibus

348 4779 665 4833 familiarem
683 4781 844 4829 luisse
864 4777 1113 4829 observat
1127 4774 1358 4843 Cangius
1384 4772 1435 4825 itt
1453 4772 1743 4837 Glossario,
1764 4789 1926 4842 quem

347 4850 583 4905 consule.

417 4920 445 4957 δ
488 4918 579 4973 Sic
610 4917 909 4975 Aitnoitius,
939 4914 1026 4967 lib.
1058 4929 1110 4967 tv
1136 4928 1253 4980 cap.
1281 4913 1386 4978 Et},
1423 4912 1595 4965 dictas
1637 4912 1800 4966 fuisse
1826 4911 1922 4965 ad-

350 4991 529 5049 vertit.
561 4988 702 5056 quod
727 4987 882 5051 anuis
912 4979 1136 5046 singulis
1167 4979 1512 5037 inferrentur.

421 5071 443 5098 ο
484 5053 729 5112 Coiutius
775 5056 1051 5121 legendum
1097 5056 1179 5106 hic
1219 5069 1338 5108 esse
1386 5063 1568 5121 censet
1604 5069 1692 5105 an.
1728 5053 1827 5118 ΑΞ,
1871 5060 1924 5105 et

358 5144 477 5196 cap.
516 5143 631 5197 seq.
673 5143 758 5178 an.
800 5120 899 5190 l3,
929 5124 1023 5197 sed
1072 5124 1201 5197 nihil
1236 5126 1434 5192 absque
1460 5120 1658 5177 codicis
1698 5123 1923 5188 alicujus

359 5194 675 5255 auctoritate
706 5199 987 5249 immutare
1010 5194 1175 5247 licuit.

425 5268 451 5308 δ
495 5268 649 5323 Colb.
681 5278 734 5322 et
755 5265 842 5319 alii
864 5305 881 5331 ,
910 5264 958 5318 Η
970 5266 1272 5324 umbertum.
1302 5264 1441 5331 quod
1469 5263 1688 5331 perinde
1713 5271 1813 5315 est.

422 5350 448 5378 ⁸
486 5340 577 5393 Sic
605 5338 880 5403 legendum
912 5350 1035 5388 esse
1073 5345 1256 5388 mouet
1289 5334 1523 5387 Va|c~ius
1551 5350 1615 5386 ex
1650 5333 1766 5386 cod.
1802 5332 1922 5385 Cla-

352 5423 513 5471 rem"
543 5411 629 5462 cui
659 5406 921 5463 Chronica
952 5406 1221 5459 Besuense
1246 5417 1300 5458 et
1327 5405 1495 5457 salicti
1527 5404 1744 5472 Benigni
1767 5444 1782 5468 ,
1816 5405 1925 5456 An-

353 5483 498 5533 nales
532 5480 817 5533 Metteuses
843 5491 964 5529 cum
1013 5476 1072 5529 Β.
1104 5475 1307 5543 Ρορνὶιιί
1339 5474 1455 5526 Vita
1501 5485 1555 5527 et
1583 5474 1763 5527 ett-teri
1795 5484 1925 5528 ceno

351 5554 612 5609 sentiunt.
641 5565 763 5602 cum
795 5548 985 5601 Boher.
1015 5556 1069 5600 et
1099 5544 1257 5599 Frelt.
1289 5546 1375 5614 qui
1408 5545 1566 5598 habet
1593 5545 1795 5605 ducem.
1828 5560 1920 5610 pa—

353 5622 558 5683 latium,
590 5628 727 5680 etc;
772 5620 910 5671 sicut
955 5626 1011 5670 et
1052 5616 1155 5680 lll.,
1202 5616 1327 5669 licet
1374 5616 1568 5667 habeat
1608 5616 1805 5683 palatii.
1842 5616 1923 5667 'At

352 5692 557 5743 (κυρίη.
597 5699 651 5742 et
687 5688 779 5742 alii
828 5688 925 5741 Ed.
954 5699 1076 5741 cum
1123 5686 1275 5739 Colb.
1301 5701 1315 5738 :
1344 5685 1693 5748 Adalg'selunt
1741 5690 1921 5736 ducent

356 5760 535 5827 palatii
556 5762 624 5811 ad
651 5756 1301 5829 regnumignberuandum,
1336 5765 1440 5809 etc.
1475 5743 1625 5829 Unde
1653 5757 1820 5829 aliqui
1841 5758 1919 5829 in:

359 5824 529 5885 tulere
575 5824 763 5884 novam
807 5845 836 5883 a
870 5824 1165 5897 Dagoberto
1206 5827 1517 5896 dignitatem
1562 5826 1711 5882 ducis
1742 5824 1919 5897 palatii

2022 3330 2145 3369 cum
2174 3314 2405 3369 ducibus
2434 3314 2746 3383 insequens,
2778 3313 3008 3382 plurimo
3030 3330 3255 3369 numero
3278 3317 3607 3384 captivorum

2024 3405 2315 3460 Wascones
2362 3413 2671 3473 superatos,
2710 3418 2804 3458 seu
2851 3412 2904 3458 et
2944 3415 3016 3458 ex
3068 3404 3150 3458 his
3193 3419 3382 3475 magna
3427 3408 3610 3463 multis

2024 3497 2205 3551 tudine
2236 3495 2577 3557 interlectos,
2618 3508 2807 3549 omnes
2856 3493 3047 3549 domus
3087 3510 3272 3550 eorum
3318 3497 3609 3567 incensas,

2024 3589 2245 3657 peculiis
2292 3588 2432 3660 [Al.,
2474 3584 2744 3657 pecuniis]
2794 3595 2850 3641 et
2899 3590 3061 3641 rebus
3098 3587 3420 3655 exspoliant.
3463 3587 3611 3643 Tau-

2023 3683 2145 3735 dem
2193 3680 2486 3735 Wascones
2532 3677 2773 3745 Oppressi
2819 3691 2913 3731 seu
2963 3677 3246 3746 perdomiti
3298 3680 3507 3735 veniam
3555 3690 3612 3737 et

2025 3786 2213 3841 pacem
2242 3784 2271 3822 a
2320 3767 2698 3837 superscriptis
2737 3766 2961 3821 ducibus
2992 3778 3254 3838 petentes,
3291 3770 3610 3839 promittunt

2026 3878 2085 3915 se
2115 3860 2298 3931 gloria:
2327 3866 2382 3913 et
2419 3858 2731 3925 conspectui
2764 3856 3047 3927 Dagolierti
3080 3861 3222 3929 regis
3260 3871 3614 3929 praesentum-

2027 3966 2137 4018 rus,
2169 3962 2222 4005 et
2249 3964 2363 4004 sum
2391 3948 2577 4002 ditioni
2618 3948 2871 4013 traditos,
2902 3960 3090 4004 cuncta
3119 3950 3188 4004 ab
3214 3952 3402 4005 eodem
3434 3952 3613 4021 injun-

2027 4054 2112 4097 cta
2156 4042 2493 4107 itnpleturos.
2540 4039 2791 4093 Feliciter
2836 4038 2924 4094 hic
2959 4041 3229 4096 exercitus
3257 4042 3462 4112 absque
3506 4040 3609 4098 ulla

2032 4130 2249 4185 itl‘SiOlle
2281 4128 2353 4199 ad
2378 4128 2606 4198 patriam
2640 4127 2842 4182 fuerint
2874 4129 3139 4196 repedati,
3169 4131 3214 4182 si
3262 4132 3612 4187 Arembertus

2029 4220 2137 4275 dux
2160 4219 2393 4274 maxime
2416 4232 2538 4272 cum
2564 4216 2868 4272 senioribus
2891 4224 2945 4270 et
2966 4216 3314 4271 nobilioribus
3344 4222 3613 4275 exercitus

2030 4312 2113 4368 sui
2147 4326 2241 4379 per
2270 4308 2647 4381 negligentiam
2677 4322 2707 4360 a
2734 4304 3093 4362 Wasconibus
3116 4308 3166 4361 in
3204 4310 3337 4363 valle
3361 4308 3557 4364 Snbola
3584 4312 3605 4367 l.

2034 4420 2140 4458 non
2171 4402 2364 4457 fuisset
2389 4400 2723 4455 interfectus.
2761 4398 3046 4453 Exercitus
3073 4414 3199 4454 vero
3240 4399 3567 4456 Francorum
3592 4440 3611 4469 ,

2033 4496 2120 4567 qui
2151 4496 2220 4551 de
2250 4493 2550 4562 Burgundia
2582 4493 2633 4547 in
2659 4491 2944 4546 Wasconia
2974 4492 3139 4563 650
3166 4503 3487 4563 accesserat,
3522 4511 3615 4561 pa-

1956 4584 2009 4643 D
2036 4598 2175 4641 truta
2210 4586 2345 4659 [Al.,
2379 4583 2549 4655 parta]
2598 4584 2818 4637 victoria
2850 4583 2988 4637 redit
3032 4585 3098 4636 ad
3144 4585 3379 4653 proprias
3426 4586 3607 4641 sedes.

2039 4710 2163 4753 tunc
2188 4698 2352 4770 fuisse
2381 4698 2517 4770 apud
2567 4694 2798 4770 Francos
2831 4694 3154 4749 institutam.
3203 4696 3366 4762 Boh.,
3390 4696 3606 4770 ,Μαιρᾶ-

2035 4784 2180 4830 sum;
2207 4766 2292 4820 alii
2311 4807 2326 4831 ,
2360 4766 2714 4835 Adugysilum.

2109 4836 2128 4876 ί
2172 4838 2391 4904 Aliquot
2420 4838 2538 4900 Ed.,
2567 4837 2965 4897 Anstrasiorum,
2991 4837 3130 4903 quod
3154 4836 3285 4891 forte
3308 4852 3494 4891 eorum
3523 4855 3613 4892 att-

2032 4917 2211 4962 ctores
2234 4908 2285 4961 itt
2302 4908 2461 4961 codd.
2493 4908 2773 4961 inciderint
2796 4908 2886 4977 qui
2914 4907 3109 4961 habent
3140 4908 3411 4973 Neausfer,
3445 4909 3612 4963 Nearc-

2029 4980 2225 5031 slt'asii.

2102 5060 2127 5095 Β
2170 5046 2279 5101 llolt
2313 5089 2326 5107 .
2356 5046 2538 5099 ducalo
2570 5047 2864 5108 Denlileno,
2895 5048 2987 5107 :tl.,
3026 5048 3311 5101 Dauzilent'.
3590 5072 3597 5095 τ

2100 5118 2126 5155 δ
2159 5120 2302 5173 Clar.
2332 5120 2453 5170 eod.
2491 5118 2771 5173 lectionem
2805 5122 2969 5172 secuti
3004 5114 3216 5170 fuimus.
3249 5116 3349 5170 Alii
3386 5133 3399 5167 :
3432 5117 3614 5169 Alme.

2026 5193 2223 5260 gavius.
2254 5187 2607 5260 Ilaribertueu
2646 5188 2990 5260 Ermenrirus.
3026 5186 3299 5260 Batonius,
3336 5187 3610 5260 drinldus,

2026 5255 2120 5313 Leu
2154 5259 2494 5312 Hariardus..
2530 5258 2870 5321 llamelenus,
2900 5273 2995 5312 seu
3029 5258 3304 5309 lianlcnue.
3352 5255 3612 5313 Willt'bul-

2027 5335 2143 5392 dtts,
2176 5330 2410 5399 Agltyno,
2438 5343 2532 5382 seu
2566 5330 2750 5396 Agiuo.

2107 5411 2118 5438 ι
2161 5395 2292 5452 lliuc
2324 5409 2504 5463 postea
2540 5400 2765 5453 totidem
2786 5412 2848 5450 ex
2874 5395 3134 5463 ejusmodi
3162 5395 3447 5453 comitibus
3472 5398 3616 5455 inter

2031 5472 2190 5526 Pares
2233 5469 2470 5523 Francia:
2499 5469 2671 5521 allecti
2704 5476 2848 5527 sunt.
2878 5474 3007 5531 quot
3034 5467 3219 5521 duces.
3590 5502 3594 5507 .

2104 5542 2117 5591 i
2164 5540 2323 5593 Vallis
2347 5535 2538 5591 Subula
2565 5552 2730 5605 pagus
2755 5545 2837 5588 est
2864 5536 2930 5587 ad
2956 5536 3193 5605 Pyrenazi
3226 5536 3436 5593 radices
3456 5538 3612 5605 situs,

2027 5612 2276 5667 dimCesis
2303 5612 2434 5662 ollm
2466 5606 2731 5674 Aqueusis
2759 5605 3025 5674 (d‘Acqs),
3059 5622 3198 5659 nunc
3246 5624 3373 5663 vero
3432 5610 3615 5663 Elero-

2030 5681 2213 5735 nensis
2259 5676 2573 5749 (d’Oléron).
2602 5676 2786 5749 Caput
2824 5677 3255 5749 habetOppidutu
3297 5680 3612 5733 Mallconent

2026 5746 2747 5820 (.lluuléoit),Sawtteklluvio
2776 5746 3073 5820 irrigatum:
3108 5748 3273 5802 Ilodic
3295 5752 3620 5804 contractum

2026 5816 2219 5880 dicitur
2243 5816 2390 5888 sou,
2423 5832 2518 5873 seu
2549 5816 2731 5882 Scu‘a,
2760 5819 2916 5888 vulgo
2946 5820 2995 5872 lit
3034 5817 3211 5873 Sunia.
