3946 6188
394 444 498 493 657

1811 440 2229 496 CIIRONtCUM.

3542 451 3647 506 658

393 552 530 622 liga
551 553 834 617 vcrninter
860 561 1085 610 caeteros
1116 555 1369 625 primates
1398 546 1970 627 Neptrict‘prudentius
1996 559 2045 615 Α
2075 571 2209 610 unus
2236 572 2299 609 ex
2333 556 2666 625 prtmatibus,
2700 573 2911 614 nomine
2956 560 3177 613 Cltintas
3201 558 3356 623 udus,
3396 560 3644 616 coilectis

391 661 580 716 agens,
598 658 646 699 et
668 645 992 712 plenitudine
1006 648 1268 713 patientia:
1283 646 1388 718 [ΑΙ.
1407 646 1702 715 sapientia-1
1717 647 1969 710 imbutus,

390 736 600 827 cunctis
622 746 737 789 erat
782 737 1196 803 prtecellentior.
1248 738 1475 806 Eratque
1512 751 1711 806 genere
1756 736 1970 801 nobilis,

393 829 588 895 opibus
619 828 892 883 abundans
915 870 929 892 ,
957 828 1218 897 justitiam
1245 839 1475 895 sectans,
1506 828 1744 884 eruditus
1774 829 1826 882 in
1859 843 1976 882 ver-

398 919 504 984 bis,
549 926 766 988 paratus
822 919 872 971 in
920 918 1626 984 responsisuantummodo
1655 933 1684 971 a
1734 918 1975 988 plurimis

392 1008 880 1079 blasphemabatur,
898 1024 961 1062 eo
976 1010 1266 1078 quoducsset
1285 1010 1520 1064 avaritia:
1530 1010 1760 1065 deditus.
1786 1011 1974 1065 Facul-

392 1111 531 1156 tates
554 1102 926 1170 plurimorum,
950 1116 1072 1169 quae
1098 1100 1251 1170 jussu
1280 1101 1557 1170 Dagoht-rti
1580 1104 1631 1157 in
1662 1118 1825 1171 regno
1851 1104 1975 1158 Bur-

386 1194 602 1260 gundite
630 1203 681 1248 et
710 1192 958 1259 Neptrico
986 1194 1169 1248 illicite
1196 1192 1406 1247 fuerant
1450 1204 1714 1262 usurpata:
1733 1237 1747 1260 ,
1778 1205 1831 1249 et
1860 1195 1969 1249 ﬁsci

385 1285 687 1340 ditionihus
729 1294 914 1340 contra
942 1284 1159 1339 modum
1188 1283 1406 1354 justitia:
1454 1285 1702 1350 redactae,
1750 1286 1972 1340 consilio

392 1380 611 1452 A-‘ganis
639 1381 749 1453 [Αι.
782 1377 1083 1450 Eginanae]
1110 1379 1358 1433 omnibus
1388 1387 1776 1432 restaurantur.

467 1471 700 1525 LXXXI.
738 1471 813 1524 Eo
852 1485 990 1525 anno
1039 1470 1424 1525 Constantinus
1476 1470 1764 1538 imperator
1802 1469 1970 1523 mori-

394 1573 485 1617 tur
512 1572 561 1616 ι.
592 1562 859 1617 Constans
901 1562 1038 1616 ﬁlius
1066 1561 1182 1629 ejus
1211 1562 1309 1616 sub
1337 1570 1514 1616 tenera
1544 1569 1702 1616 aetate
1748 1560 1971 1616 consilio

392 1663 613 1709 senatus
661 1655 712 1706 iu
754 1654 978 1721 imperio
1006 1653 1348 1708 sublitnatur.
1394 1652 1537 1706 Idem
1577 1653 1693 1720 ejus
1732 1661 1971 1719 tempore

390 1744 705 1815 gravissime
729 1759 758 1798 a
788 1742 1100 1799 Sarracenis
1126 1752 1361 1797 vastatur
1393 1744 1691 1812 imperium.
1723 1742 1971 1796 Hieroso-

391 1837 531 1905 lvtna
561 1853 588 1888 a
612 1835 921 1889 Sarracenis
944 1843 1121 1901 capta,
1144 1843 1454 1902 cieterzeque
1476 1834 1717 1887 civitates
1743 1846 1963 1897 eversa',

2080 646 2320 714 plurimis
2346 649 2685 703 senatoribus
2714 649 3058 717 Gottltorum,
3086 660 3389 719 caeteroque
3425 652 3641 719 populo,

2078 735 2130 788 in
2162 750 2381 804 regnum
2414 737 2628 806 Spanite
2656 738 2999 805 sublimatur,
3031 740 3120 810 qui
3150 739 3437 809 Tulganem
3459 739 3643 809 degra-

2075 823 2256 877 datum
2285 824 2351 879 ad
2381 840 2516 880 onus
2540 835 2562 863 ε
2593 826 2875 881 clericatus
2912 828 3174 882 tonsorari
3205 829 3330 882 fecit
3361 845 3374 880 :
3418 842 3646 897 cumque

2075 930 2234 969 omne
2264 931 2484 985 regnum
2518 918 2729 987 Spania:
2758 934 2869 974 sua».
2896 920 3091 974 ditioni
3122 920 3406 987 ﬁrmasset,
3432 923 3645 989 cognito

2075 1012 2261 1064 morbo
2292 1012 2398 1083 [ΑΙ.
2426 1011 2600 1084 more]
2628 1012 2969 1076 Gottborum,
2998 1028 3152 1082 quem
3195 1013 3261 1067 de
3295 1012 3509 1080 regibus
3553 1012 3647 1066 de-

2074 1100 2359 1168 gradandis
2388 1101 2676 1167 habebant,
2706 1102 2845 1157 unde
2870 1102 3067 1169 smpius
3111 1117 3231 1155 cum
3264 1102 3392 1169 ipsis
3422 1101 3476 1154 in
3512 1116 3644 1155 con-

2074 1192 2194 1244 silio
2225 1190 2415 1258 fuerat,
2447 1207 2796 1262 quoscunque
2820 1207 2885 1247 ex
2914 1192 2995 1246 eis
3018 1191 3179 1259 hujus
3209 1190 3318 1243 vitii
3343 1201 3642 1258 promptum

2072 1297 2258 1340 contra
2288 1301 2465 1357 reges,
2496 1288 2585 1357 qui
2616 1302 2645 1340 a
2673 1301 2839 1358 regno
2882 1288 3088 1357 expulsi
3119 1286 3347 1349 fuerant,
3379 1300 3648 1354 cognove-

2075 1389 2156 1434 rat
2206 1378 2370 1434 fuisse
2394 1381 2599 1444 noxios,
2647 1388 2785 1434 totus
2811 1379 3116 1449 singillatim
3145 1379 3296 1448 jubet
3326 1377 3549 1431 interﬁci
3598 1376 3642 1444 ‘,

2073 1470 2310 1536 alesque
2358 1469 2550 1523 exsilio
2596 1469 2968 1535 condemnari,
3018 1483 3312 1536 eorumque
3359 1483 3553 1521 uxores
3596 1477 3649 1522 et

2073 1560 2209 1612 tilias
2254 1559 2364 1613 suis
2430 1559 2673 1614 ﬁdelibus
2717 1576 2836 1612 rum
2885 1558 3221 1612 facu’tatibus
3263 1557 3427 1628 654
3465 1558 3645 1613 tradit.

2072 1655 2263 1709 Fertur
2303 1656 2371 1711 de
2420 1655 2729 1724 primatibus
2772 1658 3091 1710 Cottlmrunt
3145 1656 3247 1709 hoc
3293 1655 3423 1706 vitio
3479 1651 3651 1719 repri-

2071 1744 2264 1798 mendo
2292 1745 2552 1800 ducentos
2584 1744 2748 1800 fuisse
2793 1746 3001 1800 interfui
3023 1754 3106 1801 tos
3144 1763 3157 1800 :
3189 1745 3255 1798 de
3293 1742 3649 1797 mediocribus

2069 1838 2389 1903 quingentos
2421 1835 2723 1891 interﬁcere
2746 1836 2921 1903 jussit.
2952 1837 3306 1903 Quondusque
3342 1834 3481 1887 hunc
3504 1848 3647 1886 mor-

395 1927 657 1995 ﬂigyptus
680 1925 921 1993 superior
944 1934 991 1979 et
1018 1924 1235 1978 inferior
1254 1940 1282 1977 a
1307 1924 1615 1980 Sarracenis
1640 1923 1961 1988 pervatlitur.
1998 1921 2043 1979 B
2073 1927 2192 1978 bum
2222 1926 2538 1981 Gottltorum
2573 1926 2955 1980 Chintasindus
2996 1926 3336 1993 cognovisset
3383 1924 3650 1992 perdomi-

393 2015 713 2068 Mexandria
740 2015 948 2083 capitur
973 2022 1025 2068 et
1052 2013 1341 2082 praedatur.
1368 2010 1542 2067 Africa
1575 2021 1680 2065 tota
1705 2020 1965 2077 vastatur,

390 2117 440 2160 et
471 2124 497 2161 a
527 2106 842 2161 Sarracenis
873 2105 1197 2176 possidetur.
1227 2103 1531 2165 Paululum,
1560 2103 1738 2173 ibique
1764 2102 1968 2173 Grego-

390 2199 502 2250 rius
533 2196 787 2264 patricius
816 2211 845 2249 a
874 2196 1181 2250 Sarracenis
1209 2201 1294 2249 est
1341 2192 1669 2247 interfectus.
1700 2192 1967 2246 Constan-

390 2287 641 2356 tinopolis
677 2295 880 2339 tantum
910 2301 1033 2339 cum
1062 2284 1356 2338 Thraciana
1384 2283 1545 2353 653
1593 2283 1868 2352 provincia
1913 2291 1968 2337 et

392 2378 577 2449 paucis
603 2377 821 2441 insulis,
853 2377 1013 2431 etiam
1045 2385 1098 2431 et
1122 2376 1361 2429 Romana
1392 2373 1418 2411 δ
1446 2375 1716 2444 provincia
1762 2375 1973 2445 imperii

391 2469 581 2523 ditioni
604 2477 955 2523 remanserat.
988 2466 1116 2520 Nam
1151 2466 1382 2519 maxime
1416 2473 1583 2518 totum
1615 2464 1896 2533 imperium
1938 2477 1969 2517 a

390 2563 702 2617 Sarraccnis
722 2560 953 2628 graviter
973 2557 1067 2611 fuit
1089 2558 1325 2611 attritum
1349 2572 1366 2609 :
1385 2558 1613 2610 etiamet
1629 2556 1678 2608 in
1704 2562 1972 2623 postremo

391 2656 683 2721 imperator
710 2651 974 2705 Constans
1003 2649 1320 2703 constrictus
1350 2657 1507 2716 atque
1533 2645 1859 2715 compulsus,
1892 2645 1971 2699 ef-

388 2746 568 2799 fectus
590 2753 673 2800 est
700 2742 1117 2798 Sarracenorum
1150 2738 1478 2801 tributarius,
1514 2745 1570 2789 ut
1599 2737 1679 2790 vel
1712 2735 1973 2789 Constan-

393 2838 643 2905 tinopolis
673 2851 794 2890 cum
818 2832 1003 2902 paucis
1045 2831 1332 2903 provinciis
1357 2840 1411 2885 et
1436 2829 1624 2883 insulis
1646 2844 1755 2882 sua:
1782 2827 1971 2882 ditioni

392 2945 454 2984 re
484 2937 780 2983 ervaretnr.
809 2924 1007 2979 Tribus
1052 2923 1208 2976 annis
1236 2921 1469 2982 circiter,
1503 2929 1557 2972 et
1590 2919 1755 2971 fertur
1798 2917 1972 2971 adhuc

346 3032 353 3037 ‘
393 3022 643 3098 amplius,
670 3033 762 3086 per
788 3028 1215 3083 unumquemque
1243 3011 1383 3065 diem
1412 3021 1435 3048 ο
1463 3009 1606 3063 malle
1632 3008 1832 3063 solidos
1853 3008 1969 3061 auri

392 3096 1047 3168 :erariis‘Sarracenorum
1096 3103 1362 3158 Constans
1406 3098 1682 3168 implebat.
1732 3096 1970 3152 Tandem

396 3200 683 3269 resumptis
713 3196 913 3257 viribus
957 3194 1222 3248 Constans
1268 3190 1547 3259 imperium
1590 3186 1973 3257 aliquantisper

2070 2026 2204 2080 tum,
2231 2032 2335 2071 non
2365 2016 2593 2070 cessavit
2624 2030 2758 2085 quos
2788 2016 2839 2069 in
2867 2016 3173 2084 suspit-inne
3204 2014 3436 2068 habebat
3473 2012 3650 2081 gladio

2070 2108 2356 2162 trucidare.
2380 2107 2563 2162 Gottlti
2592 2122 2722 2161 vero
2745 2122 2772 2160 a
2803 2108 3157 2161 Cliintasiudo
3184 2106 3492 2176 perdomiti,
3516 2104 3648 2158 nihil

2068 2197 2325 2252 adversus
2367 2198 2615 2252 eumdem
2650 2197 2766 2251 ausi
2807 2208 2952 2262 sunt,
2984 2207 3041 2250 ut
3070 2197 3137 2251 de
3164 2197 3377 2266 regibus
3425 2209 3650 2250 consue—

2068 2297 2259 2343 verant
2289 2288 2424 2343 inire
2452 2288 2756 2342 consilium.
2788 2285 3171 2341 Cbintasindus
3198 2302 3317 2341 cum
3349 2294 3498 2341 esset
3540 2286 3651 2353 ple-

2070 2396 2169 2434 nus
2209 2382 2440 2444 dierum,
2474 2380 2637 2434 filium
2688 2395 2844 2433 suum
2896 2383 3111 2433 nomine
3165 2380 3548 2447 Ricliysindum
3598 2378 3650 2430 in

2069 2474 2213 2527 omni
2259 2487 2429 2541 regno
2457 2472 2672 2540 Spaniaa
2722 2488 2900 2542 regem
2951 2474 3227 2527 stabilivit.
3276 2471 3656 2525 Cbintasindus

2072 2565 2438 2633 pretiitentiam
2471 2580 2656 2634 agens,
2689 2565 3080 2636 cleetnosynam
3129 2564 3346 2619 multam
3377 2565 3444 2618 de
3493 2563 3655 2619 rebus

2072 2654 2299 2722 prppriis
2338 2654 2558 2720 faciens,
2593 2656 2787 2721 plenus
2828 2664 3103 2710 senectute
3136 2654 3303 2710 fertur
3349 2670 3655 2723 nonagena-

2071 2746 2183 2801 rius
2212 2755 2453 2801 mortuus
2481 2762 2619 2801 esse.
3666 2796 3669 2803 .

2144 2840 2243 2891 Art.
2274 2853 2505 2893 ocxr..——
2524 2837 2805 2892 LXXXIII.
2840 2839 2992 2892 Anno
3022 2840 3055 2893 '5
3084 2838 3230 2905 regni
3257 2837 3547 2893 Chlodovei
3575 2852 3655 2892 rc~

2072 2929 2171 2997 gis,
2206 2928 2339 2997 [Ega
2380 2928 2437 2989 in
2464 2928 2737 2996 Clippiaco
2768 2927 2888 2981 villa
2918 2936 3111 2982 vexatu
3169 2942 3198 2979 a
3242 2928 3388 2982 febre
3413 2927 3656 2981 moritur.

2072 3018 2211 3074 Ante
2250 3033 2447 3088 paucos
2489 3018 2604 3072 dies
2635 3018 3037 3083 Ermenfredns,
3079 3019 3165 3086 qui
3222 3018 3381 3071 ﬁliam
3437 3016 3657 3085 [Eganis

2075 3127 2293 3167 uxorem
2341 3118 2642 3179 acceperat,
2697 3110 2968 3163 Enulinm
3008 3118 3032 3157 ε
3074 3111 3323 3163 comitem
3374 3110 3426 3164 in
3477 3110 3657 3164 Albio-

2074 3205 2206 3258 dero
2235 3205 2352 3258 vico
2380 3204 2433 3257 in
2464 3203 2623 3257 mallo
2660 3199 2688 3239 ¹ι
2718 3202 3002 3258 interfecit.
3036 3203 3119 3258 0b
3148 3204 3283 3256 hanc
3306 3218 3416 3256 rem
3446 3203 3657 3277 gravis-

392 3300 718 3361 rv'rttperaus
743 3329 759 3354 ,
821 3287 1014 3341 tributa
1072 3281 1384 3339 Sarracenis
1442 3281 1707 3351 implenda
1758 3280 1968 3333 refutat.
2000 3296 2046 3357 ρ
2075 3293 2207 3348 si...“
2237 3302 2444 3361 strages
2468 3292 2535 3347 de
2558 3292 2669 3345 suis
2694 3294 2871 3355 rebus,
2898 3291 3137 3360 iussione
3160 3301 3213 3345 ει
3245 3292 3503 3360 permissu
3529 3291 3642 3345 Nm

390 3381 856 3453 Quemadmodum
905 3364 1005 3432 hoc
1035 3378 1227 3430 factum
1275 3372 1463 3427 fuisset
1509 3381 1782 3435 eventum,
1833 3385 1975 3422 anno

394 3480 450 3532 in
486 3492 591 3546 qun
616 3474 887 3542 expletum
913 3478 1016 3532 est,
1066 3469 1117 3522 in
1160 3467 1349 3521 ordine
1396 3466 1578 3519 debito
1622 3464 1876 3526 referam,
1920 3471 1983 3517 et

392 3568 631 3623 scribere
664 3580 765 3618 non
795 3562 988 3628 silebo,
1019 3562 1189 3615 donec
1217 3560 1284 3613 de
1315 3558 1397 3612 bis
1427 3567 1480 3610 et
1523 3556 1645 3610 aliis
1685 3564 1886 3624 Optata,
1928 3555 1974 3609 si

396 3660 701 3729 permiserit
733 3657 892 3723 Deus,
938 3656 1228 3723 perﬁciam,
1265 3651 1388 3707 huic
1422 3651 1602 3706 libello
1629 3658 1819 3703 cuncta
1845 3649 1973 3703 milii

394 3771 463 3809 ex
492 3751 712 3808 veritate
738 3750 950 3821 cognita
971 3740 1226 3803 inseram.

471 3845 730 3901 LXXXII.
764 3845 839 3899 Eo
866 3858 1005 3897 anno
1032 3839 1235 3895 Sintela
1258 3838 1286 3875 ἀ
1324 3852 1414 3891 rex
1443 3836 1677 3904 Spaniar,
1707 3833 1796 3904 qui
1829 3834 1979 3888 Sise—

397 3936 577 3991 nando
602 3935 654 3990 in
682 3951 845 4003 regno
874 3940 1229 3996 successerat,
1261 3928 1545 3983 defunctus
1577 3935 1679 3982 est.
1715 3926 1882 3996 llujus
1919 3928 1973 3978 li-

399 4031 523 4093 lius,
554 4026 769 4082 nomine
800 4025 985 4093 Tulga,
1031 4023 1131 4078 sub
1179 4032 1361 4076 tenera
1406 4029 1560 4072 :etate
1591 4017 1803 4086 Spaniis
1844 4017 1979 4086 peti-

398 4124 546 4175 tione
575 4119 737 4189 patris
768 4118 1082 4171 snblimatur
1103 4115 1155 4169 in
1178 4111 1699 4183 regno.Cottltorutn
1728 4123 1858 4179 gens
1880 4110 1980 4164 im-

399 4210 609 4279 patiens
626 4218 728 4273 est,
748 4207 959 4277 quando
974 4218 1136 4271 super
1153 4217 1214 4257 se
1237 4203 1371 4256 forte
1384 4200 1570 4270 jugum
1584 4216 1687 4254 non
1713 4200 1981 4254 habuerit.

401 4301 572 4369 llujus
590 4299 844 4369 Tulganis
878 4296 1237 4351 adolescentia
1266 4294 1439 4347 omnis
1471 4291 1665 4360 Spania
1698 4306 1847 4346 more.
1886 4306 1977 4345 so-

401 4396 499 4450 lito
524 4395 759 4458 vitiatur,
788 4391 999 4447 diversa
1028 4386 1369 4443 connuittens
1394 4384 1701 4438 insolentia.
1732 4382 1974 4437 Tandem

401 4544 582 4590 narrat
610 4533 779 4589 tribus
806 4533 888 4585 his
928 4532 1084 4585 annis
1121 4527 1481 4597 consignanda
1534 4528 1635 4581 sint
1670 4544 1684 4590 ;
1733 4526 1828 4581 sed
1869 4529 1983 4582 vult

398 4604 738 4661 solummodo
780 4603 969 4672 Aigatn
1000 4619 1093 4655 seu
1124 4600 1385 4668 {Eganem
1420 4599 1672 4672 palatium
1717 4601 1985 4672 primoet

400 4678 636 4733 secundo
667 4690 806 4728 anno
832 4668 986 4742 g'ube!
1003 4687 1180 4733 nasse,
1232 4670 1483 4742 aeterlio
1532 4668 1839 4742 innuinente
1884 4670 1980 4742 de-

400 4749 639 4802 functum
662 4786 677 4808 ,
708 4756 767 4798 ut
793 4737 922 4797 dicit
951 4742 1107 4809 infra,
1137 4756 1257 4809 cap.
1280 4740 1370 4793 85.
1419 4738 1699 4793 Consentit
1747 4737 1975 4792 Chroni-
2009 4738 2057 4796 ι)

396 4833 521 4873 cum
550 4816 719 4870 sancti
751 4815 990 4879 Benigni.

476 4898 502 4927 ι
523 4877 904 4943 Constantinus
926 4884 1164 4939 Heraclio
1188 4882 1320 4951 patri
1342 4879 1597 4935 successit
1615 4895 1703 4932 an.
1727 4877 1854 4951 6H,
1876 4892 1983 4946 quo

402 4960 561 5027 paulo
587 4966 707 5027 p0st
741 4971 770 5009 a
800 4955 1020 5027 Martina
1053 4948 1300 5027 noverca,
1330 4963 1385 5005 ut
1413 4952 1614 5027 fertur,
1646 4948 1980 5027 vertetti___po-

404 5016 551 5084 iione
572 5016 780 5088 necato,
802 5025 1177 5089 lleracleonas,
1196 5040 1259 5076 ex
1286 5024 1397 5091 ipsa
1419 5022 1553 5077 alter
1576 5019 1798 5091 lleraclii
1817 5016 1979 5082 ﬁlius,

401 5102 683 5155 successit.
713 5096 816 5151 Sed
848 5095 947 5162 ipsi
993 5103 1112 5164 post
1141 5110 1237 5149 sex
1287 5090 1516 5164 menses
1541 5090 1736 5164 edicto
1762 5099 1980 5164 senatus

403 5172 624 5227 naribus
651 5158 903 5237 praecisis,
929 5176 976 5219 et
993 5158 1173 5237 iltlglla
1199 5164 1351 5218 matri
1375 5158 1977 5237 abscissa,‘snlrstitutus

400 5252 487 5293 est
514 5228 808 5302 Constans,
838 5228 1170 5289 Constantini
1202 5236 1361 5299 ﬁlius,
1388 5232 1849 5287 Monmhelitarunt
1879 5228 1975 5282 de-

406 5312 612 5363 fcnsor.

477 5379 502 5417 ι’
533 5380 699 5435 Hodie
740 5375 998 5433 Romania
1044 5376 1255 5435 dicitur,
1287 5388 1407 5441 qua!
1433 5370 1714 5425 Thraciam
1767 5368 1982 5434 proprie

401 5451 600 5504 dictam
629 5462 683 5506 et
709 5448 841 5502 alias
871 5446 1072 5498 vicinas
1113 5440 1357 5515 regiones
1384 5443 1812 5515 ttontpreIn-ndit.
1845 5440 1980 5515 linit.

401 5533 455 5571 et
491 5534 593 5575 vet.
615 5523 737 5585 Ed.,
761 5516 1051 5570 Thracicum
1072 5511 1325 5584 prouincia
1347 5513 1565 5579 imperii,
1589 5511 1800 5565 caneris
1820 5511 1983 5563 omis-

400 5606 499 5645 SIS.

475 5671 499 5699 ε
520 5659 695 5724 Cob.,
724 5658 821 5710 alia
854 5671 1033 5714 manu.
1066 5671 1277 5708 annum.

479 5730 505 5766 ά
534 5719 938 5792 Αιὶἱ,’8εηιεια,
986 5740 1080 5779 seu
1129 5725 1358 5781 Sintilla.
1392 5723 1565 5793 Vulgo
1613 5721 1807 5775 dicitur
1854 5719 1979 5774 Cin-

407 5803 561 5862 tltila,
594 5808 683 5851 aut
729 5796 994 5853 Sninlltila
1046 5796 1108 5859 II,
1138 5796 1221 5850 cui
1270 5792 1527 5848 δυυρεδςιὶ
1574 5794 1763 5853 'I‘ulta,
1795 5792 1883 5858 qui
1927 5793 1978 5844 in

409 5873 540 5929 edit.
573 5870 836 5941 plerisque
866 5864 1052 5940 Tulga.
1086 5868 1136 5921 in
1168 5866 1301 5922 Uult.
1338 5864 1531 5933 Thalga
1570 5863 1870 5933 appellatur
1891 5868 1997 5928 ,at-

2083 3384 2350 3449 techildas,
2394 3398 2423 3437 a
2468 3382 2783 3452 parentibus
2812 3383 3009 3438 Ennlﬁ
3042 3393 3097 3438 et
3142 3384 3337 3454 popqu
3368 3383 3658 3451 plurimum

2082 3475 2225 3529 ﬁtur.
2274 3472 2658 3527 Ermenfredus
2706 3473 2757 3525 in
2810 3474 3005 3527 Auster
3034 3472 3234 3526 Remus
3271 3472 3335 3524 ad
3385 3472 3659 3527 basilicam
3712 3522 3717 3537 ,

2084 3566 2251 3619 sancti
2280 3566 2520 3619 Retnedii
2559 3564 2687 3620 fecit
2712 3564 3039 3634 coniugium,
3069 3565 3244 3634 ibique
3273 3564 3461 3619 diebus
3490 3565 3657 3633 pluri-

2083 3662 2186 3713 mis
2216 3660 2351 3714 banc
2378 3658 2771 3714 infestationem
2801 3659 3094 3714 devitando
3117 3667 3172 3713 et
3200 3658 3345 3729 regio
3376 3659 3572 3713 timore
3590 3672 3663 3712 re-

2081 3750 2237 3805 sedit.

2152 3838 2435 3893 LXXXIV.
2493 3840 2614 3893 Post
2663 3838 2956 3893 discessum
3010 3838 3231 3906 Egone
3280 3839 3665 3894 Erchinoaldus

2082 3930 2251 3999 major
2267 3931 2478 3994 domus,
2509 3931 2597 3999 qui
2620 3944 2685 3984 co
2711 3931 3046 4000 sanguineus
3070 3930 3240 3985 fuerat
3263 3934 3327 3983 de
3353 3932 3612 4001 genitrice
3643 3930 3655 3967 ί

2082 4021 2389 4089 Dagoberti,
2421 4020 2592 4088 major
2636 4021 2827 4073 domus
2870 4021 3051 4089 palatii
3084 4021 3374 4075 Cltlndovci
3415 4022 3666 4075 efﬁcitur.

2085 4113 2318 4180 Eratque
2361 4113 2521 4165 homo
2550 4112 2778 4178 patiens,
2822 4110 3059 4164 bonitate
3103 4111 3309 4175 plenus,
3360 4126 3481 4164 cum
3524 4122 3667 4165 esset

2084 4208 2293 4274 patiens
2320 4216 2373 4261 et
2401 4214 2611 4271 cautus,
2668 4205 2972 4260 humilitate
3016 4216 3068 4259 et
3119 4206 3343 4273 benigna
3394 4206 3667 4259 voluntate

2085 4299 2228 4351 circa
2277 4297 2606 4359 sacerdotes,
2654 4296 3009 4364 omnibusque
3039 4296 3299 4363 patienter
3340 4304 3393 4348 et
3444 4295 3668 4366 benigne

2086 4387 2438 4457 respondens,
2471 4386 2721 4453 nullaque
2751 4395 2961 4441 tumens
3004 4386 3277 4455 superbia,
3322 4401 3495 4455 neque
3517 4386 3669 4453 cupi-

2086 4544 2185 4596 qtte
2206 4540 2327 4580 eum
2354 4541 2443 4578 an.
2467 4522 2585 4596 642
2605 4523 2910 4596 exturbavit
2932 4520 3405 4596 Cliindaswintlns,
3443 4522 3529 4588 qui
3574 4536 3664 4596 an.

2084 4591 2189 4653 649
2240 4594 2673 4653 Receswinthum
2725 4592 2891 4646 filium
2938 4608 3093 4647 suum
3138 4591 3485 4644 monarcltam
3540 4592 3669 4644 reli~

2044 4706 2049 4709 -
2083 4671 2218 4738 quit.

2159 4747 2182 4775 ο
2214 4736 2335 4797 Alii,
2365 4734 2548 4797 hortus,
2578 4748 2673 4800 pro
2695 4732 2956 4795 honorent,
2981 4741 3038 4786 ut
3061 4738 3169 4786 vet.
3207 4730 3366 4783 Etliti.

2164 4805 2352 4860 tIdem
2402 4803 2605 4857 fecerat
2646 4802 3007 4867 Leuvigildus.
3052 4800 3437 4873 VideCregor.
3472 4801 3565 4854 lib.
3613 4819 3677 4857 ιιι»

2090 4877 2226 4931 llist.
2258 4891 2376 4941 cap.
2403 4873 2493 4940 '50,
2523 4882 2579 4927 et
2608 4884 2760 4926 notas
2790 4875 3078 4927 Alteserrae
3107 4871 3158 4924 in
3192 4870 3335 4924 idem
3368 4870 3547 4941 eaput.

2159 4956 2183 4993 ts
2215 4946 2381 5007 Clam,
2428 4948 2617 5006 semel,
2667 4940 3035 5011 Chainulfum;
3066 4942 3228 5011 alias,
3272 4940 3539 5008 Ainulfum
3570 4956 3666 5011 ap-

2090 5018 2269 5081 pellat.
2301 5015 2478 5080 Colb.,
2532 5013 2822 5082 Aniulfum,
2869 5010 2966 5068 seu
3039 5010 3344 5083 Aginatium
3396 5011 3448 5062 in
3495 5010 3673 5063 indice

2087 5088 2219 5141 Bob.
2234 5127 2247 5148 ,
2278 5085 2527 5154 Agnulfo.

2158 5155 2184 5192 ιλ
2217 5148 2405 5210 Mullus
2448 5148 2724 5208 dicebatur
2751 5162 3047 5206 conventus
3079 5152 3241 5205 totius
3271 5148 3522 5215 regionis,
3572 5162 3671 5203 seu

2090 5227 2337 5295 placitum
2371 5224 2562 5295 majus,
2600 5223 2807 5295 inquit
2843 5240 2928 5278 res
2961 5223 3179 5295 majoris
3224 5219 3476 5295 momenti
3511 5233 3540 5271 a
3577 5236 3666 5273 co-

2092 5288 2218 5351 inite
2246 5288 2587 5349 ﬁniebantur.
2620 5288 2752 5347 Vide
2776 5293 3102 5347 Glossarium
3132 5288 3344 5356 Cangii.

2169 5365 2183 5404 ί
2211 5368 2335 5430 Alii,
2366 5378 2592 5436 genere;
2612 5364 2852 5436 plerique
2873 5361 3140 5436 genetrice,
3172 5374 3264 5411 seu
3296 5374 3476 5436 genere
3501 5357 3668 5430 Dargoo

2089 5439 2248 5490 lrcrto.
2278 5430 2663 5489 Ercltinoaltlus
2688 5430 3001 5487 Balli-iidem
3028 5438 3207 5496 postea
3236 5430 3470 5495 reginam
3498 5446 3670 5499 ecap-

2094 5509 2298 5560 tivitate
2347 5505 2592 5569 redemit,
2632 5514 2877 5557 sanctum
2928 5499 3186 5554 Furseum
3233 5501 3467 5565 excepit,
3512 5502 3671 5567 eique

2090 5577 2419 5631 Latiniacum
2450 5589 2546 5644 pro
2571 5569 3283 5644 construendomonasterio
3314 5569 3554 5634 donavit,
3577 5585 3670 5622 ec-

2091 5649 2417 5710 clesiamque
2451 5639 2565 5699 'sub
2610 5644 2775 5707 ipsius
2808 5639 3023 5693 nomine
3052 5640 3188 5706 apud
3242 5640 3504 5710 l’ernnam
3546 5654 3673 5710 con—

2089 5719 2305 5770 strttxit.
2335 5708 2478 5769 Obiit
2512 5713 2668 5777 paulo
2697 5725 2819 5765 ante
2861 5718 3102 5764 sanctum
3134 5711 3360 5778 Eligiunt
3408 5724 3473 5762 ex
3498 5708 3669 5775 ipsius

2090 5786 2455 5910 sanctii‘gligii
2485 5783 2617 5839 Viue
2647 5782 2740 5837 lib.
2786 5798 2847 5847 tl,
2875 5799 2995 5853 cap.
3023 5780 3117 5845 2‘5,
3162 5782 3211 5834 id
3260 5790 3341 5833 est
3387 5779 3532 5831 circa
3572 5791 3675 5831 an-

2090 5875 2217 5910 ututi
2279 5872 2311 5910 υ
2356 5895 2370 5910 .

2089 5875 2217 5915 ututi
2243 5857 2370 5911 659.
