3946 6188
396 421 585 481 ὄνῖθρ

1559 420 1977 476 ἘῐῖΕῐΠῗϐΜῖΙΙ
2022 421 2466 476 SCII'JI..\STICI

3523 426 3613 484 6M

401 542 562 596 ditetc
591 537 833 593 srevmhat
865 552 881 592 :
916 545 1114 591 tantum
1162 537 1213 591 in
1243 553 1340 593 suo
1379 546 1616 607 tempore
1661 556 1842 607 pacem
1885 556 1970 592 so-
2007 540 2048 594 Α
2081 537 2444 590 Grimoaldum
2512 536 2755 605 superbia
2799 538 3029 598 tumens,
3085 544 3139 590 et
3187 535 3353 591 zelum
3395 536 3609 608 ducens,

401 644 552 683 etans
580 630 694 692 Iuit,
726 639 783 681 ut
829 630 937 683 Deo
966 637 1111 683 esset
1140 631 1401 697 placibile.
1439 631 1565 684 Erat
1612 635 1845 701 sapiens,
1880 632 1971 685 sed

402 720 457 774 in
483 721 666 787 primis
695 723 919 775 maxima
951 736 1070 775 cum
1099 721 1456 790 simplicitate,
1490 723 1645 776 rebus
1693 738 1971 776 mensura-

403 816 496 867 tim
531 814 750 877 ditatus,
799 814 866 866 ab
909 813 1154 867 omnibus
1189 822 1306 867 erat
1357 813 1601 867 dilectus.
1654 814 1816 881 Igitur
1858 825 1974 880 post

403 905 696 959 discessum
749 905 1027 973 Dagoberti
1068 905 1229 977 655
1269 904 1426 973 regis,
1460 919 1565 973 quo
1605 904 1794 957 ordine
1825 905 1973 973 ejus—

404 993 523 1047 dem
557 994 792 1049 thesauri
825 996 961 1049 inter
978 996 1111 1049 filios
1139 998 1294 1050 divisi
1326 996 1540 1059 iuerint,
1566 1013 1670 1049 nun
1696 998 1972 1049 omittam:

402 1082 496 1136 sed
522 1082 812 1137 dilucidam
837 1085 1022 1139 ordine
1045 1086 1166 1140 huic
1194 1087 1449 1141 volumini
1478 1087 1635 1141 inseri
1656 1088 1973 1155 procuraho.

477 1173 561 1227 LX
576 1174 736 1227 XXV.
770 1177 901 1229 Cum
934 1177 1185 1245 Pippinus
1215 1180 1385 1245 major
1412 1180 1623 1241 domus.
1661 1187 1781 1247 post
1809 1179 1978 1241 Dago-

403 1260 538 1318 berti
571 1264 794 1328 obitum,
828 1276 879 1320 et
910 1268 1089 1322 caeteri
1121 1266 1283 1321 duces
1315 1269 1735 1330 Austrasinrum,
1781 1269 1870 1337 qui
1895 1285 1979 1323 us-

404 1367 508 1413 que
539 1354 588 1406 in
624 1355 846 1409 transitu
879 1356 1159 1424 Dagoberti
1188 1372 1299 1411 sum
1324 1358 1529 1411 fuerant
1549 1358 1737 1412 ditioni
1760 1359 1973 1423 retenti,

404 1443 725 1513 Sigibertum
756 1446 990 1499 unanimi
1029 1447 1427 1514 conspiratione
1457 1449 1829 1517 expetiissent,
1854 1449 1979 1517 Pip-

403 1530 561 1595 pinus
587 1548 706 1587 cum
738 1534 1083 1596 Chuuiberto,
1112 1538 1249 1591 sicut
1277 1547 1329 1592 et
1359 1540 1503 1604 prius
1533 1539 1784 1593 amicitia:
1830 1540 1976 1595 cultu

402 1623 456 1676 in
489 1623 715 1680 invicem
743 1626 983 1681 collocati
1016 1625 1244 1704 fuerant,
1288 1637 1340 1682 et
1374 1644 1542 1698 nuper
1572 1629 1791 1684 sicuth
1833 1632 1978 1698 prius

404 1714 633 1769 amicitia
685 1718 1028 1772 vehementer
1072 1732 1131 1772 se
1178 1720 1402 1774 tirmiter
1449 1732 1706 1789 perpetuo
1757 1736 1978 1776 conser-

403 1804 570 1857 vanda
601 1805 857 1875 obligant,
894 1822 1185 1875 omnesque
1215 1809 1400 1864 leudes
1443 1811 1845 1866 Austrasiorum
1888 1828 1976 1867 se-

2078 643 2305 691 eumque
2336 628 2612 693 despicere
2648 634 2953 680 conaretur.
2988 625 3324 681 Grimoaldus
3343 640 3455 683 cum
3484 628 3617 685 Chu-

2077 720 2286 772 niberto
2310 719 2559 785 pontifice
2599 732 2660 771 se
2690 719 2739 770 in
2783 717 3067 770 amicitiam
3113 718 3489 789 constringens,
3515 735 3615 777 cm-

2079 817 2229 878 perat
2251 810 2484 876 cogitare
2513 823 2619 876 quo
2647 808 2838 861 ordine
2866 810 2989 862 Otto
3014 807 3083 863 de
3125 809 3320 875 palatio
3341 796 3617 878 ejiceretur,

2084 908 2141 953 et
2169 899 2393 968 gradum
2427 899 2590 968 patris
2621 898 2958 952 Grimoaldus
2987 909 3298 953 assumeret.

2149 993 2248 1044 AN.
2282 1006 2514 1044 ucxr..—
2544 986 2855 1044 LXXXVII.
2884 987 3123 1057 Cumque
3147 1004 3286 1042 anno
3314 988 3345 1041 8
3367 987 3391 1026 ἀ
3417 990 3626 1060 Sigiber-

2079 1094 2162 1138 tus
2194 1095 2460 1153 regnaret,
2490 1094 2543 1135 et
2572 1082 2831 1135 Radull’us
2856 1080 2964 1135 dux
2987 1080 3289 1151 Thoringise
3313 1082 3627 1137 vehementer

2079 1175 2352 1245 Sigiberto
2385 1174 2640 1228 rebellare
2665 1173 3048 1240 disposuisset,
3072 1172 3224 1241 jussu
3253 1172 3489 1241 Sigibi-rti
3523 1192 3625 1229 utn-

2082 1284 2176 1321 nes
2206 1266 2389 1322 Ieudes
2416 1266 2810 1321 Austrasiorum
2830 1265 2883 1319 in
2909 1267 3146 1333 exercitu
3164 1265 3501 1335 gradiendum
3525 1268 3630 1320 ban-

2082 1358 2175 1411 niti
2196 1365 2321 1412 sunt
2346 1365 2390 1408 σι.
2408 1357 2704 1427 Sigibertus
2720 1355 2965 1409 Rhenum
2982 1369 3100 1409 cum
3114 1358 3351 1411 exercitu
3368 1358 3628 1421 transiens,

2080 1458 2264 1518 gentes
2314 1449 2549 1518 undique
2586 1448 2663 1502 tle
2710 1446 2971 1502 universis
3004 1446 3155 1515 regni
3194 1447 3275 1501 sui
3331 1449 3469 1516 pagis
3507 1447 3629 1502 ultra

2084 1540 2323 1593 Rhenum
2348 1554 2467 1593 cum
2495 1539 2610 1606 ipso
2638 1536 2881 1592 adunata:
2905 1545 3047 1590 sunt.
3065 1535 3243 1590 Primo
3265 1535 3315 1590 in
3345 1536 3455 1591 loco
3481 1538 3631 1591 [ilium

2080 1628 2427 1693 Chrodoaldi,
2457 1628 2671 1682 nomine
2698 1626 2890 1682 Farum
2921 1624 2940 1664 ί
2954 1664 2970 1690 ,
3012 1624 3103 1694 qui
3132 1639 3252 1679 cum
3287 1623 3501 1678 Radulfo
3531 1624 3635 1677 uni-

2084 1731 2191 1773 tum
2222 1720 2450 1774 hsbebat
2476 1718 2781 1781 consilium,
2804 1716 3081 1772 exercitus
3104 1714 3354 1783 Sigiherti
3386 1714 3635 1768 trucidatis

2084 1811 2243 1877 rupit,
2277 1809 2554 1876 ipsumque
2583 1805 2853 1861 interfecit
2898 1822 2911 1857 :
2942 1819 3154 1859 omnem
3201 1804 3449 1872 populum
3496 1801 3639 1871 hujus

402 1909 522 1949 cum
553 1904 774 1964 uterque
803 1897 1111 1966 prudenter,
1144 1908 1196 1953 et
1234 1914 1352 1954 cum
1381 1900 1663 1956 dulcedine
1706 1903 1979 1956 attraheu-
2013 1911 2059 1970 Β
2090 1900 2208 1953 Fari
2229 1900 2318 1967 qui
2343 1897 2573 1967 gladium
2605 1897 2800 1957 evasit,
2820 1895 3116 1965 captivitati
3140 1892 3639 1962 deputant.0mnes-

403 1995 505 2051 tes,
540 1986 889 2059 eos,benigne
916 1989 1298 2059 gnbernantes,
1323 2005 1507 2045 eorum
1538 1993 1827 2047 amicitiam
1850 2008 1979 2047 con-

402 2074 691 2142 stringunt,
723 2091 1040 2146 semperque
1080 2088 1317 2143 servant.
1355 2078 1515 2146 Igitur
1557 2080 1981 2135 discurrentibus

404 2164 615 2237 legatis,
648 2172 849 2234 partem
884 2167 1146 2234 Sigiberto
1175 2167 1407 2222 debitam
1433 2168 1499 2222 de
1521 2170 1779 2225 thesauris
1813 2172 1980 2239 Daga-

407 2254 546 2308 berti
577 2254 941 2310 Nantechildae
982 2258 1178 2325 reginae
1218 2266 1275 2310 et
1313 2255 1619 2312 Clilodoveo
1649 2260 1816 2327 regia
1842 2260 1979 2329 Sigi-

406 2344 556 2405 lierto
584 2346 889 2415 requiritur,
920 2347 984 2400 ad
1024 2346 1162 2416 quod
1195 2347 1520 2402 reddendum
1566 2349 1791 2416 placitus
1830 2350 1982 2404 iusti-

405 2437 591 2492 tuitur.
620 2437 974 2499 Chunihertus
1004 2438 1235 2505 pontifex
1266 2440 1412 2491 urbis
1441 2438 1693 2502 Colonire,
1726 2449 1781 2494 et
1805 2440 1980 2511 Pippi-

409 2538 507 2585 nus
536 2526 705 2595 major
724 2527 914 2581 domus
943 2543 1059 2582 cum
1091 2529 1357 2597 aliquibus
1384 2530 1695 2599 primatibus
1735 2536 1927 2588 Auster
1950 2551 1978 2588 a

406 2616 673 2684 Sigiberto
702 2616 888 2672 directi
918 2618 1095 2672 villam
1143 2619 1527 2687 Compenlium
1549 2631 1573 2657 τι
1603 2636 1767 2688 usque
1795 2640 1981 2692 perve-

409 2707 579 2771 nittnt,
626 2707 802 2776 ibique
847 2708 1127 2762 thesaurus
1172 2710 1474 2779 Dagoberti,
1519 2713 1736 2780 jubente
1786 2717 1982 2771 Naute-

407 2796 582 2863 cliilde
613 2806 668 2851 et
695 2798 1027 2864 Chlodoveo,
1059 2800 1310 2857 instantia
1361 2802 1582 2873 Eganis
1626 2806 1844 2875 majoris
1885 2808 1980 2862 do-

406 2902 522 2940 mus
554 2898 927 2956 prresentatur,
974 2900 1029 2944 et
1060 2907 1208 2959 aequa
1241 2892 1391 2948 lance
1437 2894 1733 2951 dividitur:
1769 2900 1977 2955 tertiam

405 2986 579 3037 tamen
612 2988 838 3046 partem,
862 2982 930 3037 de
956 2983 1094 3052 quod
1121 2983 1448 3053 Dagobertus
1469 2989 1812 3057 acquisierat,
1841 2992 1980 3046 Nan-

402 3069 649 3128 techildis
705 3072 883 3140 regina
930 3076 1182 3143 percepit.
1215 3075 1579 3132 Chunibertus
1625 3088 1678 3133 et
1730 3081 1980 3151 Pippinus

405 3159 545 3227 hunc
572 3163 902 3229 thesaurum,
929 3180 1047 3234 qua:
1086 3181 1207 3233 pars
1237 3166 1338 3223 fuit
1365 3168 1641 3238 Sigiberti,
1673 3172 1875 3228 Mettim
1903 3178 1981 3228 la-

2080 2006 2183 2059 que
2214 1989 2419 2057 primati
2450 1998 2503 2042 et
2530 1990 2798 2043 exercitus
2826 1986 3045 2040 dextras
3082 1985 3311 2039 invicem
3342 1986 3550 2048 dantes,
3592 1996 3641 2038 ut

2082 2082 2257 2135 nullus
2289 2076 2512 2132 ltadulfo
2541 2078 2703 2131 vitam
2732 2076 3073 2138 concederet,
3105 2076 3197 2129 sed
3228 2075 3343 2129 haec
3372 2075 3638 2140 promissio

2081 2186 2184 2223 non
2213 2171 2430 2224 sortitur
2457 2167 2725 2222 elfectutu.
2774 2166 3072 2234 Sigibcrtus
3099 2165 3299 2219 deinde
3332 2164 3642 2217 Buchoniam

2079 2276 2201 2314 eum
2231 2262 2465 2314 exercitu
2500 2262 2787 2321 transiens,
2820 2256 3168 2324 Thuringiam
3203 2271 3512 2324 properans.
3549 2253 3643 2307 Ra-

2080 2355 2253 2408 dulfus
2287 2353 2397 2407 haec
2423 2367 2649 2407 cernens
2673 2362 2905 2404 castrum
2940 2350 3096 2419 lignis
3130 2358 3398 2402 minutum
3426 2351 3475 2401 in
3520 2362 3641 2416 quo-

2080 2444 2200 2497 datn
2223 2454 2401 2497 monte
2429 2458 2589 2510 super
2612 2440 2909 2496 Unestrude
2940 2440 3100 2493 (Livio
3123 2441 3173 2491 iu
3207 2439 3356 2494 Tliur
3379 2438 3497 2508 ngia
3517 2452 3638 2492 coxi-

2082 2546 2315 2596 Struens,
2358 2532 2648 2586 exercitum
2676 2530 2949 2598 'undique,
2999 2538 3261 2597 quantum
3307 2529 3422 2597 plus
3469 2536 3648 2596 potuit,

2080 2624 2354 2692 enlligeus,
2399 2636 2519 2676 cum
2566 2636 2729 2675 uxore
2757 2629 2811 2675 et
2838 2610 3020 2673 liberis
3066 2618 3120 2672 in
3153 2620 3257 2673 hoc
3285 2631 3482 2685 castro,
3514 2618 3572 2670 ad
3595 2631 3648 2671 se

2078 2713 2461 2768 defensandum
2491 2710 2747 2764 stabilivit
2774 2727 2787 2763 :
2811 2711 2970 2782 657
3007 2710 3185 2778 ibique
3213 2709 3515 2778 Sigibertus
3534 2722 3649 2762 cum

2081 2807 2317 2861 exercitu
2345 2804 2490 2874 regni
2517 2804 2597 2857 sui
2633 2803 2873 2867 veniens,
2900 2813 3135 2859 castrum
3170 2802 3409 2870 undique
3438 2801 3651 2856 circum-

2082 2900 2173 2952 dat
2198 2898 2504 2962 exercitus;
2541 2892 2795 2949 Radulfus
2826 2909 2947 2950 veri.
2976 2895 3303 2948 intrinsecus
3332 2892 3399 2947 ad
3431 2893 3651 2961 praelium

2081 2991 2291 3047 fortiter
2323 2998 2648 3060 praeparatus
2697 2987 2935 3041 sedebat.
2968 2986 3072 3040 Sed
3129 2989 3234 3039 hoc
3267 2986 3507 3052 pitelium
3549 2988 3655 3037 sine

2082 3083 2305 3139 consilio
2337 3082 2526 3136 initum
2559 3087 2665 3134 est.
2710 3079 2821 3133 lIoc
2848 3076 3212 3132 adolescentia
3246 3076 3500 3142 Sigiberti
3527 3075 3655 3143 regis

2083 3176 2329 3244 patravit,
2381 3189 2499 3230 cum
2530 3174 2615 3227 a'ii
2665 3172 2852 3227 eodem
2901 3169 2990 3224 die
3022 3168 3231 3224 vellent
3265 3167 3556 3235 procedere
3596 3164 3656 3217 ad

405 3253 551 3315 ciunt
599 3255 915 3323 perducere;
949 3259 1211 3328 Sigiberto
1243 3271 1595 3328 prmsentatur
1621 3272 1676 3318 et
1716 3265 1970 3321 describi-
2000 3273 2045 3334 ο
2079 3269 2307 3338 bellum,
2337 3276 2389 3320 et
2414 3266 2499 3319 alii
2532 3268 2583 3318 in
2613 3265 2864 3326 crastino,
2896 3276 2994 3316 nec
3024 3260 3234 3314 unitum
3269 3260 3526 3314 habentes
3547 3270 3657 3310 con~

404 3353 511 3399 tur.
559 3344 689 3400 Post
728 3346 861 3401 Vero
899 3346 925 3386 ι)
970 3349 1094 3402 anni
1138 3349 1391 3404 circulum
1436 3351 1690 3421 Pippinus
1729 3357 1979 3424 moritur,

388 3449 503 3496 nec
529 3450 746 3503 parvum
777 3437 1014 3493 dolorem
1043 3440 1280 3506 ejusdem
1314 3444 1569 3496 transitus
1594 3447 1800 3500 cunctis
1820 3463 1982 3515 gene-

406 3527 537 3601 ravit
564 3524 616 3579 in
644 3527 858 3591 Auster,
890 3544 956 3583 ex
985 3544 1051 3585 eo
1080 3530 1217 3598 quod
1250 3531 1412 3600 656
1439 3536 1505 3584 ab
1537 3532 1667 3602 ipsis
1696 3552 1793 3605 pro
1817 3537 1981 3605 justi-

407 3619 491 3679 tiae
533 3619 675 3677 cultu
703 3630 759 3675 et
805 3620 1042 3676 bonitate
1071 3623 1308 3687 ejusdem
1354 3625 1583 3681 dilectus
1613 3627 1819 3685 fuisset.
1863 3631 1979 3685 Gri-

408 3706 651 3762 moaldus
679 3709 814 3764 filius
837 3710 968 3779 ejus,
998 3725 1117 3765 cum
1146 3721 1285 3766 esset
1313 3722 1586 3782 strenuus,
1619 3719 1681 3770 ad
1706 3720 1871 3774 instar
1890 3737 1979 3790 pa-

410 3802 506 3861 tris
531 3800 766 3871 diligitur
788 3819 818 3856 a
851 3803 1113 3870 plurimis.

482 3892 762 3948 LXXXVI.
792 3894 917 3947 Uttu
943 3894 1157 3964 quidam
1202 3894 1337 3949 (ilius
1370 3896 1563 3953 Uronis
1606 3910 1627 3933 σε
1669 3897 1978 3967 domestici,

409 3986 496 4056 qui
532 3986 742 4058 bajulus
768 3985 1017 4057 Sigiberti
1049 3989 1115 4043 ab
1144 3990 1507 4045 adolescentia
1561 3990 1752 4054 fuerat,
1794 4003 1981 4048 contra

484 4100 719 4173 “Nullus
764 4102 986 4157 fortasse
1030 4103 1174 4157 locus
1212 4111 1395 4173 exstat
1446 4086 1504 4157 iri
1546 4104 1787 4165 Francia,
1821 4121 1980 4173 quem

412 4172 587 4242 Reges
600 4172 1301 4243 frequentiusescolnerint.
1324 4172 1495 4243 Vulgo
1518 4174 1714 4228 dicitur
1740 4172 1978 4242 Compte-

412 4240 524 4310 gne,
570 4242 703 4295 situs
745 4243 902 4310 paulo
930 4240 1061 4295 infra
1091 4240 1726 4299 ciinlluentes'Axoiizeiii
1762 4240 1979 4299 Isaram.

411 4300 545 4366 Vide
592 4311 681 4383 lib.
731 4300 783 4365 iv
830 4314 895 4365 de
921 4312 998 4367 Re
1045 4311 1407 4383 Diplomatica.
1460 4313 1727 4383 Iludieque
1772 4316 1985 4368 celebre

411 4392 492 4436 est
514 4382 784 4449 oppidum,
818 4383 903 4435 tibi
936 4384 1157 4451 insignis
1184 4381 1390 4434 abhatia
1424 4381 1625 4436 ordinis
1659 4385 1980 4438 Benedictiui

411 4460 465 4575 fit
481 4466 677 4575 lcongr.
707 4452 873 4508 sancti
898 4454 1083 4516 Mauri,
1105 4468 1221 4521 qum
1245 4453 1449 4505 natales
1471 4467 1596 4507 suos
1612 4453 1802 4507 Carolo
1822 4456 1984 4508 Calvo

447 4537 477 4575 e
515 4531 587 4575 et.

447 4531 587 4576 ebet.

490 4592 515 4628 δ
537 4591 686 4645 Colh.
723 4601 775 4645 et
798 4592 959 4647 Freh.
987 4608 999 4644 :
1035 4591 1158 4646 Post
1194 4593 1357 4659 fertur
1380 4593 1503 4645 anm‘
1524 4592 1790 4647 circulum.
1822 4594 1977 4659 Bolu,
2010 4591 2063 4650 D

413 4662 651 4714 circulus.
680 4660 920 4729 Circulus
966 4663 1055 4716 ille
1084 4666 1203 4716 anni
1246 4673 1366 4730 post
1395 4664 1628 4717 thesauri
1663 4664 1978 4718 divisionem
1998 4682 2009 4693 ’

415 4730 841 4797 interpretandus
884 4742 985 4795 est,
1019 4748 1119 4784 non
1155 4748 1281 4784 vero
1320 4743 1438 4798 post
1469 4732 1688 4801 Eganis
1730 4744 1975 4799 mortem,

418 4809 643 4868 uterque
672 4801 813 4851 enim
846 4818 984 4855 anno
1025 4804 1128 4856 640
1156 4803 1285 4855 obiit
1337 4803 1589 4869 Pippinus
1614 4804 1853 4868 sepultus
1900 4810 1981 4857 est.

416 4869 611 4923 Laudis
637 4869 700 4922 ad
732 4869 915 4923 Getam
948 4886 1152 4925 amnem
1203 4874 1252 4924 in
1288 4872 1563 4925 Hasbunire
1604 4884 1658 4927 et
1685 4874 1979 4927 Brubantiie

412 4940 666 5004 eonﬁnio,
715 4955 853 5003 nunc
878 4940 1064 5010 exiguo
1093 4942 1308 5010 oppido,
1344 4943 1479 4995 haud
1523 4946 1702 5004 procul
1740 4960 1768 4995 a
1799 4960 2006 4999 tnoua-.

416 5010 648 5064 msterio
691 5012 861 5062 sancti
896 5009 1177 5080 Trudonis.
1212 5012 1339 5065 Vide
1372 5015 1459 5066 lib.
1494 5027 1543 5064 tv
1571 5013 1651 5077 ,de
1684 5015 1758 5065 lle
1811 5014 1977 5080 Iliplu—

416 5086 629 5155 uiatica.
663 5080 743 5155 [λὺ
771 5093 836 5133 eo
866 5081 981 5155 loc_o
1013 5078 1266 5155 Pippinus
1309 5082 1643 5155 Laudinensis
1683 5078 1977 5152 cognomen

414 5153 639 5219 accepit.
671 5150 877 5217 Corpus
906 5149 1041 5218 ejus,
1083 5149 1270 5217 postea
1304 5153 1607 5213 Nivigellam
1638 5149 1978 5217 translatum,

414 5221 556 5281 juxta
583 5230 821 5274 sanctam
846 5219 1163 5275 Gertrttdcm
1197 5236 1346 5275 Suam
1376 5223 1538 5287 ipsius
1563 5224 1718 5276 filiuni
1752 5224 1979 5290 deposi—

421 5298 671 5359 tumgcst;
722 5292 860 5359 quod
893 5294 1270 5345 monasterium
1303 5293 1393 5344 Ita
1423 5292 1539 5357 ejus
1563 5308 1695 5343 uxor
1727 5309 1846 5345 cuni
1869 5309 1980 5347 san-

414 5368 496 5429 cta
522 5356 782 5414 Gerlrude
802 5369 1193 5415 construxerat.
1212 5364 1391 5416 Sancti
1411 5356 1610 5429 Pippiui
1638 5362 1796 5417 vi'atn
1820 5363 1976 5415 Ches-

416 5428 534 5501 i_iius
555 5431 761 5501 tomol,
784 5442 837 5483 et
865 5430 1147 5501 Bollandus
1170 5432 1257 5487 die
1281 5435 1340 5485 zl
1368 5428 1665 5495 Februarii,
1690 5449 1793 5499 quo
1816 5433 1979 5501 ipsius

415 5496 605 5550 festum
632 5500 841 5563 colitur,
864 5500 1133 5554 exhibent.

489 5578 512 5604 ο
548 5567 731 5631 Ches.,
778 5566 1024 5629 Beronis;
1070 5573 1167 5634 al.,
1229 5571 1433 5633 Vrania,
1497 5572 1718 5630 Virom’s.
1772 5571 1975 5633 Erom's,

416 5635 812 5710 ΑᾉνοηίιχΒοΙιτ,
867 5635 1073 5710 γνοηες.
1124 5642 1337 5708 liajulns
1384 5644 1522 5710 regis
1553 5642 1845 5701 dicebatur,
1889 5644 1975 5709 qui

415 5708 534 5776 ejus
579 5704 911 5776 educationis
940 5720 1118 5758 curam
1170 5704 1428 5773 habebat;
1448 5704 1602 5763 vetule
1650 5714 1837 5776 vulgus
1885 5704 1978 5763 eos

419 5775 689 5830 munitores
726 5775 1059 5847 appellabat,
1089 5788 1145 5828 ut
1175 5788 1317 5842 patet
1354 5796 1416 5833 ex
1452 5782 1579 5847 laiipi
1616 5775 1976 5833 Ferrariensis

416 5848 621 5904 abbatis
652 5845 811 5918 epist.
838 5842 927 5910 G4,
957 5844 1020 5895 ad
1051 5846 1292 5900 llat'olum
1320 5863 1495 5925 regem
1523 5842 1545 5904 ε’
1568 5850 1688 5905 Non
1719 5852 1978 5911 admitten-

2086 3361 2282 3415 silium.
2313 3358 2650 3415 Grimoaldus
2697 3366 2751 3410 et
2795 3354 3161 3425 Adalegiselus
3194 3352 3507 3409 duces.h:ec
3551 3365 3660 3404 cer-

2086 3464 2297 3519 nentes,
2341 3451 2591 3521 Sigiberti
2637 3448 2926 3518 periculum
2973 3446 3239 3508 zelantes,
3270 3461 3394 3499 eum
3440 3442 3661 3509 undique

2082 3547 2199 3599 sine
2228 3541 2627 3598 intermissione
2674 3539 3005 3593 custodiunt.
3061 3536 3354 3590 Bobnalux
3407 3538 3663 3587 Arvernus

2081 3649 2203 3689 cum
2229 3643 2380 3701 parte
2408 3630 2672 3685 exercitus
2698 3625 3033 3697 Adalegiseli,
3066 3635 3120 3681 et
3158 3624 3502 3685 Enovalaus
3534 3631 3556 3667 ις
3580 3635 3662 3673 co-

2085 3739 2198 3779 mes
2258 3722 2628 3792 Sogiontensis
2679 3734 2797 3772 cum
2829 3717 3147 3787 pagensibus
3198 3718 3337 3781 suis,
3382 3725 3438 3770 et
3483 3725 3663 3769 cauere

2083 3812 2346 3868 exercitus
2376 3826 2566 3865 manus
2611 3810 2856 3878 plurima,
2890 3816 3077 3861 contra
3122 3806 3423 3865 Radulfum
3463 3803 3529 3857 ad
3557 3817 3664 3869 imr-

2086 3913 2193 3957 tam
2218 3902 2377 3957 castri
2418 3901 2657 3971 protinus
2686 3898 3021 3965 pugnandum
3054 3905 3442 3965 perrexerunt.
3476 3894 3665 3953 Radul-

2088 3994 2173 4047 fus
2200 4008 2319 4047 cum
2368 3994 2633 4061 aliquibus
2668 3990 2890 4046 ducibus
2936 3989 3210 4048 exercitus
3242 3987 3503 4058 Sigiberti
3546 3986 3667 4044 (idit-

2090 4114 2170 4157 tur
2197 4123 2228 4158 a
2258 4106 2394 4159 vobis
2425 4104 2715 4167 munitores,
2737 4118 2863 4169 quos
2886 4101 3081 4173 bajutos
3106 4102 3295 4170 vulgus
3325 4097 3559 4173 appellat
3576 4139 3588 4158 ,
3616 4113 3668 4149 ne

2089 4178 2305 4243 gloriam
2333 4188 2546 4229 vestram
2572 4175 2704 4225 inter
2732 4189 2786 4225 se
2827 4174 2924 4237 ipsi
2942 4170 3268 4243 partiuntur.
3323 4170 3461 4243 Hinc
3494 4181 3667 4233 magna

2091 4240 2407 4299 auctoritate
2424 4245 2707 4309 pollebant,
2724 4242 2862 4310 quod
2890 4252 2944 4295 ut
2968 4240 3258 4307 plurimum
3285 4240 3667 4310 urnniaieoruui

2092 4329 2220 4370 nutu
2254 4307 2459 4370 tierent.
2494 4314 2569 4367 De
2599 4314 2678 4366 his
2708 4307 2823 4366 fuse
2853 4321 2906 4366 et
2934 4310 3142 4366 erudite
3188 4310 3419 4363 disserit
3447 4307 3667 4375 Cangius

2091 4387 2141 4439 in
2172 4388 2461 4440 Glossarin.

2162 4454 2187 4493 ά
2217 4458 2365 4510 Colh.
2397 4473 2409 4507 :
2436 4454 2660 4523 Cumque
2684 4469 2818 4505 anno
2839 4450 2892 4523 9.
2916 4449 3005 4505 Sic
3031 4450 3155 4523 legit
3188 4450 3497 4520 Sigibertus
3518 4446 3668 4501 Gem-

2091 4527 2353 4581 hlacensis
2382 4526 2433 4579 iu
2461 4521 2725 4577 Chrhnico
2776 4522 2961 4593 Freh.,
2990 4536 3079 4593 ain.
3112 4521 3163 4573 7.
3446 4587 3458 4593 _
3632 4583 3643 4593 θ

2161 4608 2183 4634 ο
2212 4598 2327 4650 Jam
2357 4595 2423 4649 de
2455 4595 2549 4645 hac
2580 4609 2708 4647 vnce
2739 4591 2934 4660 aliquid
2981 4592 3398 4644 observavimus
3446 4587 3497 4641 in
3540 4587 3669 4660 notis

2090 4668 2152 4719 ad
2185 4666 2517 4736 Gregorium.
2556 4664 2791 4736 Binnum
2830 4656 2921 4736 est
2947 4661 3179 4714 edictum
3209 4676 3309 4736 seu
3342 4656 3671 4712 denuntiatio

2089 4733 2315 4803 alicujus
2341 4737 2438 4788 rei.
2472 4734 2804 4801 Quandoque
2844 4735 3010 4803 etiam
3047 4733 3369 4803 sumebatur
3401 4744 3498 4796 pro
3526 4738 3669 4803 pretia

2088 4808 2151 4860 iis
2180 4795 2268 4875 qui
2300 4822 2404 4859 non
2453 4795 2950 4875 obtemperaverant
2998 4800 3237 4875 inflicta;
3268 4795 3411 4852 sicut
3454 4809 3509 4851 et
3534 4795 3670 4875 heri:

2088 4863 2315 4929 liminum
2337 4863 2731 4946 (l’arriére-bun)
2754 4872 3000 4946 mulclam
3014 4870 3264 4946 signabat
3282 4884 3473 4946 eorum
3493 4868 3586 4946 qui
3610 4863 3669 4915 ad

2085 4937 2374 4999 cxt‘rcitum
2406 4948 2481 4998 ire
2511 4937 2871 5013 negleverant.
2904 4939 3020 5013 Non
3051 4937 3208 5007 plane
3231 4937 3669 5013 exolevitharum

2086 5031 2274 5069 vocum
2307 5031 2452 5069 usus.
2489 5005 2698 5066 Eteitim
2737 5012 2893 5064 hodie
2922 5005 3146 5063 dicimus
3179 5023 3474 5079 cmivnquer
3494 5006 3553 5079 Alc
3578 5005 3669 5057 butt

2086 5102 2129 5137 ιί
2162 5086 2531 5143 l‘arriére-ban,
2569 5094 2622 5135 et
2650 5084 2753 5133 étre
2775 5082 2867 5133 mis
2889 5097 2954 5132 nu
2985 5086 3079 5132 Dan
3099 5083 3161 5131 de
3184 5077 3443 5147 l’empire.
3477 5077 3671 5147 Quinet

2087 5159 2383 5222 nuptiarum
2436 5154 2877 5222 proclamatioues
2926 5152 2976 5203 in
3028 5150 3279 5204 ecclesiis
3313 5145 3451 5203 rticri
3495 5145 3671 5200 solitas

2086 5226 2276 5278 bunum
2306 5224 2548 5277 dicimus.

2165 5294 2351 5349 fladiti
2400 5293 2664 5362 plerique,
2722 5289 2915 5362 Forum
2963 5291 3121 5356 ﬁlium
3163 5286 3435 5362 Δ(Πινο-ειιιίί
3480 5285 3672 5362 nomine

2085 5381 2221 5417 cum.
2252 5368 2375 5419 Mss.
2400 5356 2524 5418 cum
2552 5356 2736 5423 Freli.,
2767 5359 2994 5427 Forum;
3024 5370 3077 5411 et
3101 5359 3260 5422 intra,
3295 5356 3665 5427 Faraz;Clar.,

2094 5434 2281 5487 Faram
2312 5434 2420 5499 [ilio
2448 5431 2801 5494 Chrodoaldo,
2834 5425 2937 5484 etc.
2967 5430 3116 5484 Colh.
3143 5438 3203 5481 et
3250 5428 3397 5480 Ειιίιὶ
3427 5425 3660 5493 complu-

2091 5520 2196 5567 res,
2224 5504 2496 5559 at'ercitum
2526 5502 2763 5573 Sigiberti
2815 5500 3095 5562 trucidatis,
3128 5500 3280 5565 quod
3328 5508 3417 5553 est
3464 5502 3673 5549 mendo-

2100 5593 2225 5630 itllﬂ.
2730 5614 2731 5617 π

2087 5594 2371 5723 finitast...
2403 5642 2709 5723 Sagarino.
2730 5614 2888 5693 Colh.
2912 5636 3125 5723 et‘editi
3155 5636 3438 5723 plerique,
3471 5635 3663 5723 εερνς.

2087 5714 2201 5787 lous
2233 5704 2534 5787 Sigiotcnsis
2562 5714 2631 5782 (te
2661 5709 2951 5787 ﬂSuntgaio).
2981 5704 3180 5787 Chesn.
3211 5717 3271 5760 et
3304 5704 3488 5787 Ereti?
3525 5704 3666 5756 Nau-

2087 5786 2263 5838 rnluus
2283 5777 2413 5849 fal.
2458 5777 3183 5845 lnndvaluus,'zEnovnlatus,
3215 5787 3271 5831 ct
3303 5777 3386 5833 sic
3416 5778 3567 5840 intra.
