3946 6188
3056 412 3069 420 ν-

291 414 3533 457 W

557 582 1803 730 FREDEGARII
1910 576 3166 729 SCHOLASTIC

486 845 1726 1052 ('Ihrnnicnm
1871 851 3298 1050 continuatum.

1331 1205 2497 1258 ψ

1370 1361 1777 1469 PARS
1831 1361 2398 1520 PRIMA,

1314 1601 1776 1678 AUCTORE
1907 1603 2439 1682 ΑΝΟΝΥΜΟ.

337 1945 502 2014 663
524 1943 654 1999 XCI.
683 1943 844 2013 Igitur
875 1953 900 1980 ἰ
931 1944 1267 1999 Chlodoveus
1296 1943 1434 1998 (ilius
1469 1944 1752 2014 Dagoherti
1782 1958 1845 1997 ex
1877 1946 1926 2004 Α
1955 1947 2152 1999 Auster
2200 1959 2229 1998 a
2275 1945 2500 2002 Francis
2570 1949 2624 2003 in
2693 1965 2914 2020 regnum
2959 1951 3198 2007 elevatus
3240 1961 3353 2021 est,
3397 1953 3537 2025 apud

269 2052 469 2105 genere
530 2036 948 2107 alienigenarum
995 2038 1232 2106 reginam
1283 2035 1587 2106 accipiens,
1636 2038 1850 2091 nomine

269 2127 670 2183 Buldecliildem
700 2127 752 2193 δ,
783 2129 1097 2196 prudentem
1127 2137 1285 2198 atque
1311 2129 1607 2198 elegantem
1627 2172 1642 2195 ,
1670 2129 1854 2197 genuit

269 2233 330 2272 ex
396 2232 458 2272 ea
524 2218 660 2272 ﬁlios
723 2227 870 2282 tres,
928 2217 1322 2282 Clilotharinm,
1385 2218 1741 2272 Childericum
1799 2225 1854 2272 et

269 2307 705 2362 Throdoricum:
756 2308 1089 2377 habebatque
1138 2309 1392 2377 majorem
1440 2309 1629 2363 domus
1673 2309 1849 2377 palatii

270 2402 440 2456 virum
487 2406 762 2453 strenuum
803 2407 963 2469 atque
1008 2400 1327 2469 sapientem,
1361 2401 1576 2454 nomine
1616 2399 1852 2454 Erchan-

270 2494 505 2548 waldnm
537 2501 584 2544 ο.
613 2491 947 2546 Cbludoveus
975 2492 1153 2561 itaque
1181 2493 1232 2545 in
1265 2506 1429 2562 regno
1455 2506 1638 2560 pacem
1671 2493 1852 2548 habuit

271 2585 470 2650 absque
519 2584 678 2636 bello.
731 2583 784 2635 In
832 2585 1094 2637 extremis
1143 2598 1270 2638 vero
1312 2585 1433 2636 vitae
1476 2583 1630 2637 annis
1669 2599 1852 2639 amens

271 2675 492 2730 ell'ectus
541 2673 647 2728 vita
694 2675 905 2741 caruit,
957 2675 1305 2744 regnavitque
1352 2689 1522 2729 annos
1569 2674 1754 2729 decem
1798 2687 1852 2732 et

271 2775 392 2820 octo
420 2762 448 2801 ἀ

340 2858 490 2909 Anno
531 2871 707 2910 acu".
731 2885 800 2896 —
829 2854 983 2909 XCII.
1027 2855 1216 2909 Franci
1247 2871 1458 2924 quoque
1485 2855 1850 2915 Chlntharium

273 2947 436 3000 litium
475 2947 592 3017 ejus
629 2948 882 3017 majorem
913 2948 964 3003 in
1005 2963 1166 3018 regno
1197 2959 1454 3012 statuunt,
1482 2965 1601 3004 cum
1636 2953 1850 3020 praefata

274 3039 454 3101 regina
485 3048 672 3093 matre.
697 3039 893 3094 Eodem
921 3038 1083 3110 664
1112 3055 1322 3109 quoque
1353 3028 1592 3109 tempore
1610 3051 1852 3098 mortuus

275 3139 351 3182 a~t
377 3129 790 3182 Erchanwaldus
816 3131 985 3197 major
1009 3131 1197 3184 domus
1230 3130 1426 3198 palatii.
1455 3132 1640 3186 Franci
1671 3143 1848 3189 autem

275 3220 321 3274 In
357 3220 561 3274 inceito
589 3222 924 3285 vacillantes,
953 3231 1172 3290 acet-pte
1201 3224 1442 3288 Consilio,
1475 3224 1766 3281 Ebruinum
1797 3227 1846 3280 in

276 3310 432 3376 hujus
461 3312 680 3366 honoris
710 3328 892 3366 curam
922 3329 983 3366 ac
1009 3313 1320 3382 dignitatem
1356 3323 1615 3372 Statuunt.

345 3407 444 3457 As.
488 3418 724 3458 ηιμ-ο
748 3404 925 3459 XCIII.
969 3406 1124 3460 Hisce
1150 3407 1334 3462 diebus
1363 3408 1706 3465 Chlotliarius
1737 3427 1850 3480 rex,

279 3507 302 3546 I
331 3495 504 3546 vatida
548 3495 692 3550 febre
735 3506 1032 3566 correptus,
1064 3495 1196 3551 obiit
1245 3499 1296 3552 in
1330 3497 1630 3569 juveniute,
1665 3516 1853 3571 regna-

278 3587 454 3652 vitque
482 3601 648 3640 annos
675 3598 900 3657 quatuor
927 3597 973 3644 ο.

345 3679 446 3732 Aa.
489 3695 805 3736 Μίδαι-δ
843 3681 1206 3737 Theodoricus
1249 3698 1378 3736 vero
1426 3681 1591 3737 fiater
1636 3685 1754 3752 ejus
1799 3684 1851 3739 in

279 3787 500 3840 regnum
542 3775 824 3839 successit;
868 3773 1198 3828 Childericus
1226 3775 1368 3828 enim
1400 3774 1565 3830 frater
1594 3775 1709 3845 ejus
1746 3773 1764 3814 ί
1798 3775 1851 3831 in

346 3945 372 3973 ι
405 3935 572 4001 IIujus
617 3935 921 4002 appendicis
960 3943 1143 3988 auctor
1182 3934 1225 3987 is
1257 3935 1368 4002 ipse
1397 3944 1500 3996 est,
1533 3943 1592 3987 ut
1621 3933 1852 4001 videtur,

282 4007 364 4078 qui
398 4010 542 4059 varia
571 4005 839 4078 Chronica
862 4006 913 4078 in
947 4021 1329 4078 unnin_corpus
1359 4004 1595 4074 collegit.
1618 4005 1853 4078 dlliatu‘ui

282 4075 540 4133 xhnorum
590 4075 798 4128 circiter
827 4075 894 4128 59
925 4079 1010 4139 qui
1043 4076 1365 4129 efﬂuxerunt
1414 4090 1442 4127 a
1477 4078 1578 4129 line
1608 4075 1856 4128 Chronici
1911 4128 1916 4132 ,

283 4145 583 4214 Fredegarii
631 4146 694 4198 ad
743 4160 830 4198 an.
863 4146 986 4210 680,
1016 4163 1120 4213 quo
1163 4146 1342 4211 incipit
1369 4160 1597 4210 sequens
1627 4144 1858 4198 Chroni-

282 4236 421 4281 cuni,
455 4217 610 4275 infra.
643 4230 758 4282 Cap.
789 4217 878 4280 97,
908 4216 1173 4282 supplevit
1205 4215 1535 4281 potiSsinium
1558 4230 1623 4268 ex
1652 4230 1862 4282 anony-

282 4300 368 4343 ino
392 4331 407 4352 ,
440 4287 530 4356 qui
563 4285 716 4340 Gesta
744 4302 916 4356 regum
953 4283 1268 4338 Francorum
1297 4285 1510 4351 scripsit
1551 4285 1652 4356 sub
1677 4284 1857 4337 Theo-

283 4354 470 4414 derico
513 4357 752 4416 Calensi.
797 4354 849 4410 et
883 4358 1137 4409 Monaeho
1185 4356 1527 4422 Dionysiano,
1575 4354 1857 4408 Gestorum

285 4429 566 4499 Dagoberti
621 4425 838 4494 ejusque
886 4427 976 4478 lilii
1026 4426 1320 4499 (Ihlodorei
1371 4425 1654 4499 scriptore.
1709 4423 1860 4499 _Un_de

285 4495 404 4554 cum
436 4499 524 4552 isti
553 4507 800 4552 auctores
828 4499 1130 4564 complures
1157 4495 1372 4548 fabellas
1401 4497 1509 4548 suis
1539 4496 1753 4561 scriptis
1784 4495 1860 4546 in-

1955 2032 2313 2088 Wull’oaldum
2345 2036 2558 2091 ducem.

2025 2123 2207 2181 XCIV.
2252 2125 2328 2180 Eo
2363 2139 2599 2195 tempore
2631 2127 2816 2185 Franci
2849 2131 3107 2196 adversus
3136 2132 3427 2188 Ebruinum
3456 2133 3538 2188 in-

1952 2216 2116 2270 sidias
2160 2229 2494 2287 przeparant;
2553 2230 2737 2275 contra
2789 2223 3179 2280 Theodoricum
3232 2227 3535 2298 insurgunt,

1952 2322 2182 2376 eumque
2206 2308 2368 2384 665
2393 2325 2419 2362 a
2453 2325 2617 2380 regno
2643 2312 2899 2380 dejiciunt
2933 2331 2945 2366 :
2979 2314 3154 2373 crines
3193 2317 3387 2384 capitis
3417 2317 3536 2388 ejus

1951 2398 2328 2452 abscindentes
2379 2401 2751 2468 totonderunt,
2807 2403 3211 2474 Ebruinumque
3257 2417 3310 2461 et
3359 2408 3533 2476 ipsum

1955 2487 2200 2552 tondunt,
2232 2497 2288 2542 et
2331 2490 2381 2542 in
2415 2490 2770 2559 Burgundiam
2804 2493 3096 2548 Luxovium
3148 2498 3533 2553 monasterium

1951 2577 2171 2632 invitum
2199 2579 2455 2648 dirigunt.
2489 2581 2715 2650 Propter
2747 2582 3105 2638 Childericnm
3139 2586 3190 2639 in
3218 2587 3414 2642 Auster
3455 2589 3536 2642 Ie-

1949 2674 2218 2738 gationem
2249 2676 2495 2740 mittunt;
2544 2693 2646 2731 una
2677 2693 2796 2732 cum
2844 2679 3111 2735 Wollaldo
3139 2680 3275 2736 duce
3313 2683 3534 2739 venien-

1955 2775 2083 2830 tem,
2117 2784 2345 2837 eunique
2372 2787 2536 2837 super
2564 2781 2816 2825 cunctum
2859 2789 3080 2840 regnum
3112 2776 3427 2845 suscipiunt.

2025 2855 2179 2910 XCV.
2228 2858 2354 2912 Erat
2384 2860 2528 2914 enim
2558 2861 2672 2930 ipse
2701 2859 3039 2917 Childericus
3073 2879 3166 2916 rex
3214 2866 3345 2919 levis
3373 2875 3536 2929 atque

1950 2945 2141 3000 citatus
2175 2949 2351 3013 nimis,
2374 2960 2585 3019 gentctn
2619 2951 2948 3004 Francorum
2982 2952 3033 3006 in
3065 2953 3384 3007 seditionem
3415 2957 3537 3010 init-

1951 3048 2094 3107 tens,
2118 3050 2172 3094 et
2200 3041 2251 3094 in
2280 3041 2589 3095 scandalum
2635 3055 2697 3094 ac
2723 3041 2988 3108 derisum;
3019 3042 3192 3097 donec
3217 3044 3395 3099 odium
3430 3063 3534 3099 ltntl

1950 3128 2215 3182 modicum
2248 3131 2387 3183 inter
2433 3130 2579 3198 ipsos
2617 3131 2784 3185 crevit
2831 3147 3000 3201 usque
3043 3133 3108 3186 ad
3141 3137 3451 3189 scandalum
3481 3147 3536 3190 et

1950 3224 2181 3278 ruinam.
2225 3224 2340 3291 Quo
2366 3225 2767 3292 ingravescente
2795 3239 2958 3278 unum
2988 3225 3248 3281 Francum
3278 3228 3537 3295 nobilem,

1881 3317 1925 3375 Β
1954 3317 2168 3371 nomine
2198 3317 2531 3381 Bodilonem,
2560 3316 2626 3369 ad
2655 3315 2890 3384 stipitem
2932 3327 3142 3372 tensum
3172 3321 3382 3374 credere
3409 3335 3539 3374 con~

1954 3418 2035 3464 tra
2088 3411 2258 3478 legem
2308 3411 2580 3478 praecepit.
2629 3407 2883 3465 Videntes
2933 3415 3048 3465 haec
3097 3411 3308 3477 Franci,
3362 3413 3411 3466 in
3461 3413 3536 3469 ira

1956 3517 2142 3569 magna
2165 3503 2439 3566 commoti,
2465 3502 2800 3574 Ingolbertus
2826 3503 3071 3560 videlicet
3101 3516 3152 3558 et
3176 3504 3540 3570 Amalbertus,

1955 3593 2038 3645 vel
2087 3593 2275 3662 reliqui
2335 3593 2563 3662 majores
2619 3601 2747 3648 natu
2792 3591 3161 3659 Francorum,
3214 3594 3533 3651 seditionem

1953 3693 2134 3739 Contra
2170 3685 2340 3755 ipsum
2361 3685 2724 3741 Childericum
2753 3688 3176 3742 concitaverunt.

2027 3781 2124 3832 Aa.
2157 3793 2408 3833 DCLXXIII.
2431 3808 2502 3819 -
2523 3778 2848 3833 Memoratus
2873 3777 3059 3834 Bodilo
3081 3793 3241 3848 super
3266 3793 3385 3834 eum
3414 3794 3540 3834 cum

1960 3935 2086 4009 rint.
2113 3937 2374 3992 C:nterum
2407 3937 2644 3990 Cointius
2676 3937 2899 3991 multum
2933 3936 3205 3991 invehitur
3247 3937 3301 3992 in
3330 3955 3421 3995 eos
3452 3941 3545 4009 qui-

1960 4008 2352 4076 subscqnentes
2381 4023 2534 4077 reges
2564 4009 2780 4078 ignavos
2806 4009 3228 4075 appellaverunt.

2035 4087 2056 4113 °
2081 4078 2383 4144 Legendum
2406 4078 2806 4142 quatttwdccim.
2842 4080 2944 4131 Sed
2974 4087 3093 4146 post
3119 4093 3286 4131 annos
3315 4091 3540 4144 quatuor

1962 4150 2110 4215 regni
2159 4147 2799 4212 Chlotarli,Childericus
2849 4149 3012 4210 ipsius
3056 4148 3219 4200 frater
3251 4152 3540 4202 AllSll'aSllll

1962 4231 2054 4269 rex
2088 4217 2254 4270 Iactus
2283 4227 2383 4281 est,
2419 4232 2556 4270 anno
2582 4217 2784 4269 scilicet
2813 4218 2934 4270 (360.
2967 4219 3122 4270 Anno
3145 4232 3271 4267 vero
3298 4219 3421 4281 669,
3449 4219 3540 4271 (le-

1965 4284 2146 4341 Iuncto
2187 4287 2488 4346 Chlotario.
2519 4286 2885 4340 Theodoricus
2931 4286 3014 4350 ΙΙΙ,
3050 4286 3323 4352 utriusque
3353 4288 3542 4352 frater,

1966 4356 2018 4410 in
2069 4373 2285 4426 regnum
2331 4357 2588 4410 Neustrize
2634 4366 2687 4410 et
2713 4354 3027 4421 Burgundize
3074 4356 3334 4426 elevatus,
3384 4361 3542 4424 paulo

1971 4436 2089 4493 post
2117 4425 2148 4482 ὁ
2176 4427 2367 4481 throno
2395 4427 2664 4494 dejicitur,
2698 4426 3038 4492 Ebroinoque
3064 4425 3202 4490 apud
3250 4427 3543 4481 Lnxovium

1970 4499 2232 4566 relegato,
2277 4497 2610 4552 Childericus
2660 4495 3024 4549 monarchiam
3074 4496 3342 4560 obtinuit,
3398 4497 3542 4564 quod

287 4571 656 4630 terseruerint,
688 4583 791 4619 non
821 4555 1007 4633 magna
1047 4577 1127 4618 es;
1158 4566 1294 4634 apud
1328 4568 1468 4620 viros
1497 4555 1736 4619 eruditos
1763 4566 1859 4618 hu-
1886 4555 1932 4617 C
1963 4555 2147 4622 aitetor
2173 4555 2353 4621 noster
2386 4569 2486 4621 hoc
2513 4582 2630 4632 cap.
2663 4577 2716 4618 et
2742 4580 2856 4633 seq.
2888 4568 3124 4629 exponit.
3156 4555 3544 4619 (heteruiii'ali.

305 4657 368 4693 us
392 4638 776 4692 continuatoris
805 4637 1114 4689 auctoritas.

354 4709 382 4748 δ
415 4708 693 4764 Balthildis
737 4722 800 4761 ex
841 4721 1035 4772 genere
1063 4707 1357 4761 Saxonum.
1385 4705 1472 4772 qui
1512 4705 1716 4759 scilicet
1740 4721 1858 4759 cum

289 4781 482 4846 Anglis
555 4788 608 4831 et
634 4777 771 4831 .Iutis
818 4775 870 4828 in
916 4775 1235 4830 Britanniam
1282 4774 1536 4846 Majorem
1583 4776 1781 4846 saculo
1830 4789 1860 4826 v

289 4844 632 4910 transierant,
660 4857 866 4910 exorta,
898 4863 962 4900 ex
996 4847 1200 4914 captiva
1251 4861 1300 4897 in
1334 4844 1535 4914 regium
1568 4845 1859 4899 thalamum

288 4921 452 4971 ascita
483 4930 588 4973 est.
615 4916 852 4984 Conjuge
888 4916 1138 4969 defuncto
1169 4930 1388 4984 regnum
1434 4914 1859 4979 administravit;

288 4999 342 5042 et
381 4988 592 5042 tandem
642 4989 693 5042 in
732 4983 1109 5042 inenasterium
1153 4983 1295 5038 Calai
1324 4984 1464 5052 quod
1509 4985 1862 5039 :edilieaverat

289 5057 533 5121 Seecssit,
567 5058 744 5124 ibique
793 5057 1037 5110 inonialis
1083 5056 1248 5116 facta,
1280 5056 1408 5107 obiit
1439 5071 1577 5108 anno
1608 5055 1730 5120 650,
1775 5055 1860 5106 die

289 5129 359 5181 δί)
389 5129 649 5189 Januarii,
682 5144 785 5196 quo
814 5128 1002 5181 festum
1034 5125 1150 5194 ejus
1197 5125 1692 5196 recolititrLVVitam
1747 5125 1864 5192 ejus

291 5199 456 5253 habes
485 5200 681 5251 smculo
703 5194 742 5251 it
769 5196 1130 5260 Benedictino,
1161 5210 1278 5262 pag.
1305 5194 1428 5249 775.
1463 5195 1660 5248 Visitnr
1687 5196 1865 5250 etiam-

292 5285 432 5322 nunc
463 5268 532 5323 ibi
558 5267 674 5335 ejus
703 5268 1002 5331 sepulcrum
1032 5265 1084 5318 in
1111 5281 1191 5318 CH
1209 5274 1292 5328 pta
1324 5266 1692 5335 subterranea.

365 5347 388 5375 ⁸
412 5339 502 5393 Sic
521 5333 670 5391 Colb.
695 5348 746 5390 et
771 5338 877 5391 Pal.
909 5336 1063 5399 Boh.,
1092 5335 1420 5399 Baldigilden
1449 5333 1863 5388 IIerchndaldo.

292 5408 507 5474 Caeteri,
538 5407 907 5461 Erchoaldnm.
963 5405 1011 5460 Is
1041 5417 1118 5460 est
1151 5403 1534 5458 Erchinoaldus
1561 5420 1724 5472 supra
1756 5407 1870 5458 Iau-

293 5479 465 5530 datus.

364 5547 389 5584 ἀ
426 5548 640 5611 ltoher.,
674 5563 834 5600 annos
869 5559 1000 5600 xvu.
1033 5545 1284 5612 Sepultus
1308 5551 1391 5597 est
1421 5543 1469 5596 in
1502 5542 1715 5597 basilica
1744 5558 1868 5597 san-

295 5620 363 5688 cti
398 5618 655 5688 Dionysii.
691 5618 768 5671 Eo
814 5624 1067 5688 regnante
1117 5617 1340 5688 multum
1391 5615 1626 5688 crevisse
1674 5613 1868 5688 dicitur

297 5683 550 5750 Mnjnruni
576 5687 764 5740 domus
791 5683 1042 5754 potentia,
1074 5699 1190 5752 qua!
1216 5699 1279 5754 eo
1309 5684 1522 5737 demum
1551 5683 1784 5746 devenit,
1811 5693 1868 5738 ut

298 5757 393 5823 illi,
428 5758 589 5826 pulsis
618 5753 856 5828 regibus,
889 5770 1136 5812 coronam
1187 5753 1285 5809 sibi
1333 5755 1544 5809 tandem
1597 5754 1865 5823 imposue-

1964 4641 2052 4705 qui
2086 4639 2412 4691 recentiores
2441 4635 2768 4706 Chlotarium
2804 4637 2854 4688 in
2887 4635 3105 4706 basilica
3139 4640 3310 4689 structi
3343 4637 3543 4706 Diony-

1963 4703 2029 4760 sii
2054 4707 2318 4775 sepultum
2347 4706 2508 4761 fuisse
2537 4705 2801 4775 scribunt;
2826 4705 2930 4775 sed
2949 4703 3287 4759 verisimilius
3313 4716 3395 4760 est
3421 4703 3547 4765 cuin

1967 4778 2017 4830 in
2069 4771 2393 4831 monasterio
2431 4774 2641 4828 Caletisi
2691 4771 2854 4828 fuisse
2903 4774 3226 4843 depositum,
3263 4776 3351 4829 ubi
3382 4777 3543 4830 etiam

1966 4862 2107 4901 nunc
2146 4848 2262 4914 ejus
2307 4847 2606 4912 sepulcrum
2649 4859 2767 4897 cum
2810 4845 2974 4910 ipsius
3021 4847 3194 4914 elligie
3246 4846 3450 4909 lapidea
3479 4847 3548 4898 ah

1963 4919 2117 4970 annis
2142 4916 2356 4970 circiter
2377 4917 2480 4969 70‘.)
2512 4916 2711 4979 sculpta
2741 4915 3057 4969 ostenditur.
3091 4915 3354 4970 Caeterum
3385 4915 3546 4968 Chlo-

1965 4987 2082 5040 tarii
2129 5003 2327 5041 annum
2375 4987 2588 5040 tertium
2639 4985 2690 5038 iu
2721 5000 2918 5038 atmum
2949 4985 3053 5040 659
3084 4987 3336 5040 incidisse
3378 4987 3546 5038 fusius

1968 5059 2157 5123 probat
2195 5065 2377 5111 noster
2410 5055 2673 5110 Mabillon.
2706 5065 2850 5108 temo
2890 5055 2951 5108 Ill
3003 5059 3245 5111 Analect.
3278 5070 3342 5108 ex
3379 5055 3544 5107 veteri

1970 5127 2319 5200 inscriptione
2344 5125 2542 5180 codicis
2591 5141 2700 5200 ms.
2719 5125 3072 5200 Fossatensis,
3104 5143 3222 5200 qua:
3251 5126 3326 5200 sic
3355 5123 3507 5200 habet
3531 5139 3559 5200 ξ.

1968 5198 2113 5249 Auno
2136 5189 2407 5251 centesimo
2437 5206 2544 5262 post
2567 5196 2905 5264 explicionem
2935 5189 3134 5246 numeri
3159 5194 3321 5247 sancti
3356 5189 3560 5264 Victorii

1967 5268 2190 5336 episcopi
2217 5268 2402 5319 ciclum
2430 5261 3206 5336 rrcapitulantem,_anuogtertio
3235 5263 3406 5316 domui
3429 5261 3547 5316 Clo-

1970 5334 2120 5389 i/iarii
2139 5334 2279 5405 regis
2305 5337 2510 5399 indolis,
2538 5353 2599 5389 ex
2614 5340 2761 5405 juuo
2792 5334 2960 5405 ipsius
2971 5334 3248 5405 principes,
3289 5337 3364 5386 vel
3399 5350 3540 5400 gene-

1969 5412 2109 5458 lricm
2136 5401 2240 5460 aut}:
2269 5406 2523 5475 praecelsas
2567 5401 3065 5475 donnircholtliildw
3098 5403 3303 5475 regique,
3333 5413 3439 5475 etc.

2051 5475 2068 5513 ί
2099 5471 2305 5531 Omissa
2336 5493 2436 5530 una
2482 5477 2617 5529 linea
2663 5473 2790 5527 editi
2821 5473 2897 5524 sic
2929 5471 3126 5525 habent
3156 5489 3169 5525 :
3206 5472 3549 5527 Theodoricus

1973 5562 2087 5598 vero
2117 5551 2275 5614 frater
2301 5547 2352 5600 in
2379 5546 2608 5607 Austria,
2635 5541 2772 5614 quod
2796 5556 2832 5614 _a
2865 5554 2992 5593 vero
3020 5543 3257 5614 aberrat;
3286 5558 3410 5614 nam
3440 5543 3547 5610 jam

1975 5611 2458 5670 tunc'CliiIdericus
2497 5613 2748 5684 regnabat
2794 5611 2845 5664 in
2876 5614 3107 5684 Austria.
3143 5612 3390 5667 Menduin
3424 5615 3546 5684 hoc,

1972 5691 2112 5753 quod
2143 5687 2268 5739 viris
2293 5686 2516 5741 cru-litis
2556 5681 2824 5752 negotium
2867 5683 3226 5748 lacessiverat,
3267 5697 3368 5750 ope
3416 5681 3544 5746 mss,

1973 5773 2298 5810 sanarunus.
