3946 6188
316 359 423 413 669

1199 349 1590 407 CIIRONICUM
1630 343 2138 405 CONTINUATUM.
2183 344 2361 401 PARS
2392 347 2727 406 SECUN-DA.

3468 339 3577 409 6‘10

317 475 469 529 mine
518 469 862 532 dimicantes,
900 460 1136 535 plurima
1166 480 1290 534 pars
1335 466 1515 535 populi
1562 481 1627 520 ex
1654 465 1892 533 utrisque
1917 471 1970 525 Α
1997 464 2177 521 cordis
2205 464 2519 534 permansit.
2568 464 2803 519 Fuerunt
2830 462 2990 534 igitur
3028 463 3170 520 inter
3199 464 3477 535 Pippinum
3517 476 3574 524 et

312 556 561 636 partibus
587 562 806 616 corruit.
835 560 1035 614 Devicti
1081 573 1203 615 cum
1250 558 1413 613 sociis
1440 558 1695 613 Martinus
1735 565 1896 627 atque

313 656 577 725 Pippinus
628 653 680 707 in
732 652 906 722 fugam
953 650 1087 720 lapsi
1129 656 1289 715 sunt;
1343 657 1755 719 persecutusque
1800 662 1897 703 eos

314 746 608 809 libruinus,
639 744 922 805 maximam
956 749 1161 809 partem
1190 742 1257 796 de
1286 740 1374 795 illa
1403 740 1621 810 regione
1650 740 1888 794 vastavit.

312 834 577 889 Martinus
619 832 846 900 ideoque
888 830 1143 899 Lugdune
1190 830 1410 885 Clavato
1439 839 1465 867 ι
1498 829 1793 901 ingressus,
1838 844 1896 885 se

310 926 461 979 infra
509 937 694 977 muros
739 921 903 990 ipsius
956 922 1106 975 urbis
1159 920 1410 975 munivit.
1468 919 1896 989 Persecutusque

310 1032 443 1072 eum
482 1016 779 1080 Ebruinus,
822 1014 1044 1069 veniens
1071 1013 1100 1053 ι’
1136 1014 1404 1070 Ercbreco
1441 1015 1602 1079 villa,
1643 1015 1709 1069 ad
1757 1014 1896 1085 Lug-

311 1112 516 1165 dunum
560 1109 836 1165 Clavatum
891 1108 1108 1162 nuntios
1157 1107 1374 1178 dirigit,
1428 1107 1782 1177 Egilbertum
1831 1123 1896 1163 ac

310 1202 482 1272 668
504 1200 731 1255 Reulum
762 1209 812 1263 ο,
844 1197 1124 1253 Remensis
1152 1199 1298 1253 urbis
1328 1201 1660 1268 episcopum,
1700 1208 1759 1254 ut
1792 1200 1894 1255 fide

314 1291 579 1359 promissa
630 1290 683 1344 in
730 1290 994 1345 incertum
1041 1302 1205 1357 super
1245 1304 1439 1344 vacuas
1485 1304 1677 1359 capsas
1716 1304 1895 1346 sacra-

220 1384 233 1392 “
313 1388 499 1435 menta
538 1380 669 1435 falsa
699 1379 967 1437 dederint.
1010 1378 1123 1445 Qua
1154 1380 1206 1434 in
1242 1393 1303 1435 re
1336 1378 1424 1433 ille
1462 1379 1690 1435 credens
1718 1394 1833 1446 eos,
1861 1395 1891 1434 a

311 1471 573 1539 Lugdune
597 1470 819 1525 Clavato
851 1484 1131 1539 egressus,
1169 1483 1289 1523 cum
1328 1469 1606 1524 sodalibus
1635 1484 1699 1524 ac
1727 1471 1892 1527 sociis

308 1561 382 1614 aal
416 1559 741 1613 Erebrecum
783 1560 1033 1624 veniens,
1068 1558 1193 1614 illuc
1223 1573 1346 1613 cum
1380 1559 1493 1613 suis
1518 1559 1767 1616 omnibus
1811 1560 1893 1615 in-

312 1658 571 1704 ιεινιθοιιιε
600 1659 703 1705 est.
1645 1693 1648 1696 .

389 1739 618 1796 XCVIII.
662 1741 930 1797 Ebruinus
974 1756 1188 1811 quoque
1232 1744 1401 1814 magis
1434 1753 1593 1815 atque
1619 1745 1887 1815 profusius

1998 557 2275 627 prafatum
2301 557 2653 613 Gislemarum
2679 556 2959 613 discordiae
2976 558 3190 626 inulte,
3219 558 3356 614 bella
3396 559 3572 615 civilia

1996 648 2247 717 plurima.
2278 648 2411 703 Nam
2458 647 2525 704 ad
2566 657 2801 704 castrum
2824 648 3064 718 Νεωεο
3090 658 3119 695 ι
3147 658 3335 703 contra
3363 647 3571 703 hostem

1996 738 2088 813 [Id
2118 749 2216 806 est,
2248 737 2566 809 exercitum]
2593 739 2802 810 Pippiui
2822 739 2977 795 ducis
2996 739 3329 796 Gistemarus
3346 754 3571 795 eusser

1995 845 2147 902 gens,
2175 830 2539 888 fraudulenter
2566 832 2701 887 falso
2734 832 3041 902 juramcnto
3066 831 3213 896 dato,
3234 830 3570 901 quampluris

1996 937 2113 976 mos
2140 937 2327 978 eorum
2350 923 2559 979 nobiles
2585 924 2729 979 viros
2754 923 2969 980 occidit.
3009 920 3140 978 Inde
3168 938 3295 979 vero
3322 937 3571 978 reversus

1995 1016 2064 1071 ob
2083 1017 2568 1086 supplantationem
2591 1019 2779 1086 patris,
2832 1018 2920 1072 vel
2975 1016 3132 1072 aliam
3162 1017 3431 1072 malitiam
3463 1030 3569 1071 nou

1995 1104 2285 1171 modicam,
2316 1121 2475 1176 quam
2508 1106 2765 1163 fallaciter
2796 1116 3209 1177 perpetraverat,
3248 1123 3277 1162 a
3312 1108 3425 1162 Deo
3452 1122 3571 1175 per-

1993 1211 2181 1251 cussus
2208 1197 2493 1267 praedictus
2518 1199 2869 1264 Gislemarus,
2894 1211 2950 1254 ut
2973 1201 3166 1271 dignus
3187 1210 3323 1266 erat,
3350 1199 3571 1268 iniquis-

1992 1286 2185 1341 simum
2217 1287 2348 1341 fudit
2370 1288 2638 1355 spiritum.
3520 1298 3523 1301 '

2064 1380 2163 1431 Att.
2220 1392 2505 1432 possunt.
2558 1406 2630 1420 --
2687 1378 2887 1448 Illoque
2934 1389 3191 1445 mortuo,
3256 1387 3407 1447 pater
3455 1378 3574 1447 ejus

1956 1467 2227 1523 rWarado
2276 1469 2530 1525 honorem
2589 1469 2869 1539 pristinum
2926 1469 3144 1539 majoris
3180 1468 3430 1523 domatus
3485 1482 3573 1521 re-

1990 1559 2150 1612 cepit.

2095 1576 2105 1611 Ι
2134 1599 2150 1612 .

2191 1664 2474 1706 neuntv.
2521 1679 2594 1693 —
2639 1650 2823 1710 XCIX.
2873 1650 2952 1705 Eo
2983 1659 3221 1723 tempore
3247 1650 3439 1707 beatus
3464 1653 3574 1706 Au-

1988 1738 2196 1793 doenus
2222 1739 2508 1810 episcopus
2536 1742 2721 1807 plenus
2773 1742 3058 1798 virtutibus
3087 1740 3333 1811 migravit
3377 1742 3441 1796 ad
3475 1742 3573 1796 Do-

304 1832 603 1887 crudeliter
638 1831 876 1887 Francos
922 1833 1287 1901 opprimebat,
1325 1834 1497 1890 donec
1546 1836 1757 1891 tandem
1796 1838 1891 1891 ali.
1926 1825 1967 1882 Β
1995 1832 2197 1884 tniuum
2228 1829 2277 1885 δ.
2307 1832 2361 1886 In
2395 1834 2485 1887 illo
2514 1833 2694 1888 itidem
2725 1842 2967 1903 tempore
2994 1832 3231 1888 Warado
3262 1833 3277 1871 ί
3314 1833 3566 1903 praefatus

306 1921 525 1991 quando
553 1921 888 1976 Ermenfrido
927 1922 1136 1987 Franco
1181 1924 1354 1979 minas
1401 1921 1428 1961 ἀ
1466 1936 1645 1995 parat,
1702 1943 1895 1995 resque

303 2014 551 2084 proprias
581 2016 773 2071 tollere
799 2015 1055 2084 disponit.
1100 2014 1335 2072 Consilio
1363 2033 1483 2073 cum
1515 2020 1627 2073 suis
1659 2029 1888 2086 patrato,

308 2115 474 2159 nocte
516 2106 741 2161 collecta
792 2122 952 2161 manu
996 2110 1283 2174 sociorum,
1338 2124 1433 2178 per
1476 2118 1685 2165 noctem
1732 2126 1894 2181 super

305 2209 434 2247 eum
466 2209 826 2265 consurgens,
855 2196 1149 2252 Ebruinum
1181 2196 1463 2254 interfecit.

386 2286 483 2338 Aa.
524 2300 789 2341 neum.
813 2315 885 2329 —-
912 2287 1029 2352 Quo
1058 2296 1358 2357 perempto,
1389 2288 1457 2343 ad
1488 2289 1767 2358 Pippinum
1797 2289 1894 2344 du-

303 2389 428 2429 cem
472 2377 525 2430 in
567 2380 759 2431 Auster
803 2392 922 2431 cum
967 2377 1273 2434 muneribus
1313 2379 1424 2433 suis
1460 2379 1720 2448 pervenit.
1775 2377 1894 2446 Quo

307 2466 491 2530 facto,
528 2467 751 2533 Franci,
793 2476 1011 2536 accepto
1049 2468 1302 2534 consilio,
1342 2468 1719 2535 Waradonem,
1766 2470 1889 2525 illu-

309 2569 484 2615 strem
516 2562 708 2624 virum,
748 2561 864 2614 loco
889 2560 1006 2629 ejus
1034 2560 1086 2615 in
1116 2560 1375 2615 honorem
1430 2558 1891 2626 majortsdotnatus

310 2661 339 2687 ε
365 2651 782 2705 constituerunt.
846 2650 1049 2706 Idcirco
1078 2650 1330 2720 praefatus
1358 2652 1589 2706 Warado
1616 2652 1831 2708 obsides
1859 2668 1889 2707 a

308 2742 545 2812 Pippiuo
569 2743 706 2797 duce
734 2741 1024 2812 accipiens,
1056 2757 1239 2813 pacem
1269 2744 1321 2799 in
1348 2743 1574 2799 invicem
1600 2745 1764 2815 669
1798 2760 1889 2814 pa-

307 2844 611 2890 ιηνοωηι.

394 2928 495 2980 As.
522 2940 789 2981 neuxxtt.
820 2954 893 2969 -—
930 2926 1055 2981 Erat
1083 2926 1134 2981 id
1165 2927 1414 2997 temporis
1440 2937 1736 2984 memorato
1761 2929 1891 2985 Ws~

303 3016 496 3071 radoni
527 3017 686 3084 filius,
718 3017 870 3073 valde
890 3017 1081 3072 efﬁcax
1114 3026 1272 3087 atque
1302 3019 1614 3085 industrius,
1643 3021 1888 3077 eruditus

301 3104 363 3161 in
408 3106 653 3171 consilio,
685 3108 772 3177 qui
813 3106 929 3162 vice
961 3109 1124 3176 patris
1173 3123 1355 3162 curam
1408 3110 1588 3178 palatii
1641 3112 1880 3181 gerebat,

302 3196 523 3251 nomine
552 3195 909 3264 Gislemarus,
962 3200 1049 3267 qui
1093 3200 1163 3253 ob
1204 3199 1420 3253 nimiam
1449 3201 1792 3256 calliditatem
1819 3219 1882 3257 ac

299 3285 647 3353 sagacitatem
697 3296 900 3356 patrem
928 3287 997 3341 ab
1024 3287 1227 3343 honore
1254 3291 1471 3362 praprio
1492 3292 1879 3361 supplantavit.

300 3376 472 3441 Quem
502 3385 717 3432 sanctus
754 3378 1045 3432 Audoenus
1082 3377 1100 3416 ί
1148 3377 1425 3449 episcopus
1466 3383 1659 3451 saepius
1685 3382 1752 3437 ob
1784 3385 1883 3440 hoc

302 3467 636 3535 increpabat,
670 3482 731 3523 ac
758 3469 986 3524 subinde
1017 3480 1071 3522 ut
1100 3470 1164 3524 ad
1200 3486 1381 3539 pacem
1412 3473 1494 3527 vel
1526 3475 1689 3543 patris
1710 3476 1883 3529 indul-

297 3556 533 3623 gentiam
563 3567 846 3612 remearet.
898 3558 1000 3625 Qui
1048 3558 1235 3614 audire
1279 3564 1474 3626 renuit,
1512 3570 1567 3618 et
1605 3563 1658 3617 in
1684 3564 1880 3619 duritia

297 3699 561 3745 memorat
578 3689 862 3745 Hericusin
881 3690 1107 3746 llistoria
1128 3693 1293 3760 episc.
1309 3695 1850 3752 Antissiodorensium

296 3762 593 3885 quintium
634 3762 899 3830 designari
942 3742 1178 3818 fortasse'
1215 3766 1555 3821 verisimilius
1584 3742 1878 3825 "titiuiiiiiii

298 3848 351 3883 VI
393 3848 422 3883 e
463 3846 589 3885 llII'.

298 3846 589 3886 Vldcnlllll'.

369 3912 400 3976 -_
426 3900 518 3976 Sic
548 3901 707 3976 Bo_h.,
733 3901 975 3976 quodest
995 3903 1273 3976 antiquum
1298 3904 1455 3974 hujus
1479 3906 1625 3962 urbis
1646 3922 1871 3976 nomen;

297 3971 466 4041 hodie
485 3969 799 4025 Laudunuin
821 3976 844 4036 1
857 3971 1020 4041 Leon)
1050 3972 1262 4028 dicitur.

366 4040 394 4078 δ
429 4039 525 4093 llic
553 4041 699 4096 locus
727 4043 877 4096 varie
922 4044 971 4094 in
1002 4039 1177 4096 ’variis
1218 4044 1376 4097 codd.
1412 4048 1683 4106 scribitur.
1714 4053 1862 4107 Colb.

290 4112 402 4188 hic,
434 4109 669 4188 Extrego,
694 4122 756 4188 et
783 4111 915 4179 infra
940 4111 1193 4188 @rchreco
1212 4114 1413 4188 ,:_Boh.,
1434 4115 1710 4188 Erchrego,
1735 4123 1872 4175 Iler-

292 4184 503 4263 f‘hrego.
532 4180 664 4263 Ed.,.
687 4180 914 4263 Ertrego.
943 4181 1193 4263 Erereco-L
1207 4183 1452 4263 Ercheco.
1476 4180 1724 4263 ln_Ge§tis
1740 4193 1869 4263 Reg.

294 4249 791 4323 Franc.,_Errch¢tro,
816 4251 1122 4323 Ergart'aco,
1148 4250 1454 4323 Erclterego.
1503 4259 1651 4315 Hunc
1697 4249 1869 4317 locum

293 4337 415 4375 esse
433 4319 638 4397 A_cheri,
663 4322 835 4397 vicum
858 4319 1295 4397 Ilibodimontern
1328 4319 1464 4380 inter
1491 4341 1543 4382 et
1582 4330 1787 4397 Faram,
1820 4334 1869 4385 in

292 4406 432 4460 pago
458 4390 1007 4460 Laudunensirsitttm,
1043 4403 1229 4446 censet
1253 4394 1515 4451 Valesius.
1547 4400 1656 4455 Sed
1688 4390 1875 4455 verisi-

1998 1923 2168 1993 major
2196 1925 2389 1979 domus
2440 1925 2592 1980 obiit.
2646 1927 2879 1996 Eratque
2915 1928 2965 1981 ei
3005 1934 3247 1981 matrona
3278 1925 3474 1980 nobilis
3516 1933 3572 1980 et

1994 2024 2233 2081 strenua,
2282 2015 2498 2070 nomine
2528 2016 2792 2071 Ansfledis
2830 2015 2876 2082 θ,
2924 2016 3079 2085 cujus
3125 2031 3307 2086 gener,
3356 2016 3575 2072 nomine

2000 2106 2347 2169 Bercbarius,
2396 2107 2651 2161 honorem
2685 2108 2901 2176 majoris
2941 2108 3133 2163 domus
3164 2108 3345 2178 palatii
3384 2122 3571 2163 susce-

1994 2197 2106 2264 pit;
2152 2204 2376 2265 eratque
2419 2204 2621 2251 statura
2672 2211 2907 2266 parvus,
2959 2197 3236 2253 intellectu
3290 2198 3572 2264 modicus,

1995 2289 2125 2341 levis
2152 2295 2311 2358 atque
2341 2289 2560 2354 citatus,
2585 2288 2912 2343 Francorum
2943 2288 3232 2343 amicitiam
3259 2297 3419 2356 atque
3436 2303 3571 2343 con-

1993 2378 2111 2432 silia
2141 2392 2285 2448 saepe
2306 2387 2678 2433 contemnens.
2715 2378 2837 2432 Haec
2866 2377 3204 2448 indignantes
3235 2379 3421 2433 Franci
3463 2381 3572 2432 Au-

1993 2469 2302 2533 deramnus,
2352 2469 2552 2524 Roulus
2599 2478 2654 2524 et
2682 2468 2771 2523 alii
2804 2468 2977 2532 multi,
3028 2468 3394 2538 relinquentes
3442 2468 3571 2521 Ber-

1991 2558 2231 2613 cbarinm
2251 2560 2416 2631 670
2434 2561 2498 2615 ad
2516 2559 2793 2630 Pippinum
2811 2575 2905 2629 per
2923 2558 3139 2615 obsides
3157 2560 3571 2628 conjunguntur,

1990 2651 2253 2706 amicitias
2296 2652 2568 2721 copulant,
2617 2665 2778 2721 super
2819 2651 3159 2707 Bercharium
3192 2651 3278 2706 vel
3315 2650 3571 2720 reliquam

1991 2750 2197 2809 partem
2228 2740 2555 2796 Francorum
2582 2743 2874 2796 concitant.

2060 2832 2539 2895 As.bcuxxvtt.—
2556 2832 2617 2889 C.
2691 2835 2947 2904 Pippinus
2996 2844 3266 2890 commoto
3329 2836 3568 2891 exercitu

1994 2922 2262 2980 hostiliter
2289 2925 2356 2979 ab
2382 2924 2577 2980 Auster
2594 2939 2941 2995 consurgens,
2973 2934 3158 2981 contra
3182 2926 3567 2980 'I‘beodoricum

1992 3030 2170 3087 regem
2202 3024 2259 3070 et
2297 3016 2637 3070 Bercbarium
2670 3026 2920 3085 properat
2945 3018 3011 3071 ad
3043 3017 3261 3072 bellum.
3288 3017 3569 3084 Conjuocti

1990 3109 2041 3162 in
2073 3107 2270 3177 oppido
2325 3107 2705 3161 Vermandensi
2749 3103 2777 3145 ¹ι
2798 3148 2814 3171 ,
2872 3108 2923 3161 in
2956 3107 3072 3163 loco
3099 3108 3185 3178 qui
3210 3107 3404 3162 dicitur
3432 3107 3569 3162 Tex-

1910 3179 1955 3241 C
1988 3201 2163 3266 tricio,
2196 3200 2392 3255 bellum
2425 3207 2609 3253 mutuo
2634 3208 2934 3268 gesserunt.
2986 3199 3315 3255 Praevalente
3344 3200 3568 3270 Pippino

1989 3308 2109 3345 cum
2156 3290 2487 3354 Austrasiis,
2541 3290 2904 3345 Theodoricus
2952 3281 3045 3345 rex
3104 3306 3227 3345 cum
3283 3292 3568 3345 Bercbario

1990 3385 2163 3452 fugam
2196 3381 2333 3447 iniit,
2368 3380 2618 3450 Pippinus
2648 3384 2811 3435 v'ctor
2839 3379 3044 3436 exstitit
3080 3422 3095 3446 ,
3151 3391 3568 3450 persecutusque

1985 3490 2100 3540 eos,
2132 3488 2248 3528 eam
2276 3475 2549 3541 regionem
2569 3471 2670 3525 sibi
2698 3472 3017 3544 subjugavit.
3041 3472 3293 3542 Sequenti
3323 3481 3565 3540 tempore

1988 3568 2130 3621 idem
2171 3565 2493 3620 Bercltarius
2518 3565 2586 3619 ab
2612 3564 2977 3619 adulatoribus
3008 3564 3158 3619 falsis
3187 3563 3377 3619 amicis
3401 3563 3566 3617 inter-

2051 3700 2077 3740 ά
2108 3701 2283 3776 Minas
2303 3715 2504 3776 parare
2524 3701 2610 3776 Inc
2639 3709 2692 3755 et
2731 3713 2926 3768 passim
2957 3710 3043 3776 est
3071 3712 3273 3776 negotia
3298 3703 3566 3776 facessere.

1980 3787 2073 3827 seu
2129 3773 2349 3827 insidias
2379 3771 2590 3837 moliri,
2624 3786 2743 3840 quae
2772 3786 2869 3825 vox
2902 3771 3164 3843 hodieque
3193 3771 3387 3843 gallice
3416 3775 3565 3837 reddi

1981 3852 2173 3895 potest.
2204 3843 2291 3895 des
2316 3847 2537 3895 mendos.

1980 3852 2173 3912 potest,
2204 3852 2291 3896 des
2316 3852 2537 3896 mendos.

2049 3922 2071 3949 θ
2103 3913 2192 3968 Sic
2221 3913 2373 3967 Colb.
2404 3912 2563 3977 Editi,
2596 3912 2808 3982 majoris
2836 3912 3035 3976 domus,
3063 3923 3116 3967 et
3145 3913 3223 3968 sic
3254 3913 3410 3969 infra.
3439 3914 3566 3971 Wa-

1980 3985 2109 4040 rado
2147 3984 2200 4038 in
2238 3983 2453 4050 scriptis
2486 3981 2678 4045 passim
2718 3981 2930 4034 Warato
2958 3985 3276 4051 appellatur.

2054 4051 2074 4092 ί
2105 4053 2265 4109 Freh.
2296 4052 2492 4122 Illyric.
2520 4061 2574 4122 et
2602 4052 2803 4122 caeteri,
2838 4052 3103 4122 Aricinus,-
3131 4054 3227 4119 aL,
3279 4055 3562 4111 Audoimts.

1974 4123 2304 4205 (Bisi-emerget
2332 4119 2459 4176 vero
2486 4120 2618 4175 alias
2637 4119 2828 4175 dicitur
2847 4120 3164 4189 Gislemaris,
3187 4123 3559 4181 Ghislemarus.

1979 4192 2448 4327 Desmssidnlg‘oaherq
2498 4262 2588 4316 alii
2633 4272 2859 4316 castrum
2896 4261 3195 4317 Manucum.
3254 4262 3350 4317 llic
3379 4274 3561 4319 autem

1977 4332 2283 4399 designatur
2308 4332 2620 4396 Natuucum,
2647 4334 2781 4394 sive.
2815 4343 2873 4387 ιη
2899 4334 3081 4388 'lmdie
3122 4332 3427 4398 scribimus,
3457 4333 3561 4386 Na-

1980 4418 2241 4465 murcum,
2278 4403 2434 4472 vulgo
2460 4401 2678 4466 Namur,
2704 4404 2831 4457 urbs
2864 4402 3129 4458 Flandriae
3166 4403 3249 4457 vel
3300 4418 3397 4456 suo
3451 4418 3553 4455 no-

291 4459 476 4514 tuilius
502 4473 604 4545 est
630 4476 749 4545 esse
771 4459 1546 4545 Escheritht‘unois.l.attduuo
1577 4472 1870 4545 prosjmio-
1907 4487 1952 4545 θ
1983 4475 2123 4545 mine
2153 4459 2399 4545 celebris:
2448 4488 2567 4541 quae
2597 4459 2889 4544 episcopali
2934 4474 3063 4529 sede
3091 4474 3288 4529 seculo
3313 4476 3556 4543 proxime

292 4547 428 4594 rem,
463 4541 520 4583 ut
549 4531 741 4585 dicitur
770 4531 859 4584 lib.
897 4547 948 4584 IV
976 4533 1041 4585 de
1064 4534 1140 4585 lie
1167 4534 1445 4600 diplomat.
1480 4531 1625 4593 nutu.
1657 4541 1744 4594 57.
1782 4544 1874 4594 Est

292 4602 454 4653 etiam
497 4602 550 4653 in
595 4600 916 4654 lib-morum
942 4601 1158 4656 dioecesi
1208 4604 1343 4655 haud
1398 4610 1579 4671 procul
1627 4625 1655 4662 a
1684 4610 1873 4664 Castro

293 4670 529 4723 I’ortiani
553 4670 698 4724 locus
730 4672 796 4723 ad
826 4673 1089 4736 Axonam,
1120 4671 1256 4743 Ecry
1291 4670 1485 4743 dictus,
1517 4679 1604 4748 qui
1649 4679 1876 4735 fortasse

293 4741 380 4792 hic
414 4740 748 4792 desiana'tur.

309 4743 380 4792 tlc
414 4740 748 4809 designatur.

365 4820 389 4845 ε
420 4810 512 4882 Sic
544 4808 674 4882 Bob.
706 4808 828 4875 Ed.,
881 4809 1164 4882 Regulum;
1212 4813 1386 4877 Colb.,
1436 4815 1772 4882 Aiqilbertum
1819 4837 1878 4874 ac

292 4879 597 4957 ﬂegulfunt.
644 4880 815 4957 Prior,
858 4879 967 4957 qui
998 4880 1050 4957 in
1082 4882 1227 4957 buli.
1261 4884 1455 4937 dicitttr
1478 4879 1784 4957 A'gliberms,
1832 4892 1877 4945 si

298 4950 511 5028 Valesio
542 4950 840 5028 credamus,
876 4952 973 5028 lt_t_it
999 4952 1299 5028 Agilbertus
1329 4950 1635 5028 primumin
1664 4950 1870 5028 Anglia,

292 5030 403 5096 tum
440 5018 766 5096 Parisiorum
814 5018 865 5073 in
901 5021 1121 5096 Francia
1164 5018 1465 5096 episcopus,
1498 5026 1649 5096 cujus
1678 5018 1874 5094 corpus

290 5090 339 5141 in
377 5091 706 5163 monasterio
732 5089 961 5143 Jotrensi
990 5088 1252 5163 (Jouarre)
1281 5088 1580 5162 sepultum,
1596 5112 1689 5150 an.
1717 5088 1874 5163 1651,

292 5156 695 5231 pontiﬁcalibus
732 5156 1059 5231 ornamentis
1100 5156 1377 5230 indutum,
1410 5156 1678 5231 repertum
1709 5178 1792 5225 est
1821 5156 1871 5224 in

290 5229 521 5306 sedcula
568 5232 735 5306 sancti
783 5229 932 5306 _Pauli
977 5232 1247 5306 Eremitae,
1280 5242 1353 5306 ‘ut
1409 5229 1633 5289 testatur
1677 5239 1875 5306 passim

292 5298 543 5352 Andreas
583 5299 898 5362 Saussaius,
963 5305 1050 5367 qui
1101 5303 1225 5355 huic
1280 5301 1570 5358 inventioni
1618 5298 1873 5362 inierfuit.

299 5367 495 5420 Iieulus
522 5380 649 5438 vero
677 5381 790 5433 seu,
820 5377 877 5422 ut
913 5383 942 5422 a
972 5370 1283 5423 Frodoardo
1310 5374 1628 5438 appellatur,
1659 5377 1796 5431 sicut
1823 5389 1878 5434 et

295 5440 346 5489 in
376 5437 645 5506 diptychis
673 5439 925 5506 antiquis,
954 5449 1009 5493 et
1038 5441 1089 5493 in
1116 5442 1314 5493 Iitaniis
1340 5442 1654 5500 Ithemensis
1688 5447 1875 5503 Eccle-

293 5522 411 5569 εοίὲ,
459 5505 683 5577 Rectus,
718 5505 1020 5563 Urbacense
1069 5512 1445 5565 monasterium
1493 5515 1753 5577 condidit,
1783 5518 1871 5573 ubi

293 5577 545 5653 sepultus
569 5576 1063 5653 hodiequecolitur,
1106 5595 1161 5653 tu
1201 5580 1377 5635 Nonas
1423 5585 1692 5653 Septemb.
1726 5576 1874 5642 Uter~

294 5662 400 5713 que
428 5648 480 5700 in
507 5646 679 5700 Fastis
708 5646 873 5703 sacris
903 5648 1075 5703 locum
1105 5650 1284 5704 habet.
1318 5652 1420 5708 Eos
1441 5646 1568 5708 vero
1590 5670 1620 5709 a
1645 5659 1876 5711 facinore

296 5719 437 5839 (ἔδω
469 5717 693 5841 ἰιὲεὲδιίε
734 5717 1039 5788 impingitur
1070 5720 1338 5776 vindicare
1380 5725 1875 5793 conaturCointius

395 5804 483 5841 an.
625 5824 637 5839 .

306 5792 363 5839 ad
395 5804 483 5845 an.
518 5792 637 5841 688.

1982 4544 2165 4611 elapso
2193 4542 2388 4595 donata
2418 4551 2519 4596 est.

2054 4610 2085 4649 hi
2110 4611 2250 4667 Obiit
2280 4626 2329 4665 Ix
2361 4611 2479 4666 Kal.
2507 4612 2780 4678 Septemb.
2814 4627 2900 4666 an.
2935 4613 3059 4668 684.
3108 4612 3361 4679 Sepultus
3392 4622 3473 4667 est
3502 4614 3557 4668 in

1982 4683 2308 4735 monasterio
2360 4683 2529 4735 sancti
2591 4683 2728 4735 I‘etri
2772 4682 2824 4737 in
2875 4684 3127 4740 suburbio
3154 4684 3556 4751 Rotomagensi,

1990 4751 2255 4823 hodieque
2296 4752 2493 4823 celebri
2524 4752 2589 4823 Ain
2620 4753 2750 4823 urbe
2780 4756 2880 4809 sub
2910 4752 3073 4823 ipsius
3114 4754 3281 4808 sant-ti
3313 4753 3557 4810 Audoeni

1980 4820 2347 4892 (Saint-Quen)
2397 4820 2627 4892 nomine,
2660 4822 2779 4877 0rd.
2811 4820 2977 4879 sancti
3010 4824 3278 4878 Benedicti
3305 4838 3336 4877 e
3360 4838 3547 4892 congr.

1980 4890 2148 4944 Sancti
2189 4891 2397 4962 Mauri,
2426 4890 2672 4958 Ejusdem
2703 4898 2871 4949 sancti
2903 4895 3140 4962 reliquias
3167 4894 3425 4961 superiori
3453 4890 3555 4949 sm-

1978 4961 2103 5013 culo
2131 4975 2159 5013 a
2191 4958 2486 5014 furentibus
2510 4962 2819 5017 Calvinistis
2852 4958 3143 5020 combustm
3177 4958 3409 5018 fuerunt.

2065 5030 2080 5067 ί
2119 5031 2243 5097 Alii,
2277 5029 2512 5085 Warato.
2560 5033 2614 5086 In
2645 5034 2826 5086 charta
2849 5034 3166 5090 Theoderici
3193 5035 3350 5100 regis,
3383 5032 3476 5087 lib.
3501 5048 3553 5090 νι
3578 5036 3583 5039 ’

1977 5099 2044 5175 de
2099 5100 2175 5175 [te
2212 5101 2521 5175 diplomat.,
2574 5118 2722 5156 num.
2777 5106 2863 5173 I3,
2912 5107 3162 5175 legitur:
3200 5099 3551 5175 ‘Woratune,

1982 5170 2227 5243 @broino,
2275 5179 2323 5223 et
2360 5170 2678 5243 Ghislemare
2723 5170 2986 5243 quando"?
3008 5173 3232 5243 majoris
3260 5172 3460 5233 domos,
3498 5170 3552 5235 ei

1977 5238 2257 5293 Bero/tario
2285 5241 2534 5309 majorem
2562 5238 2762 5307 domus,
2818 5246 2908 5311 qui
2967 5242 3050 5296 ltic
3098 5238 3293 5311 passim
3351 5254 3551 5295 meme.

1985 5322 2191 5364 rantur.
2240 5312 2331 5363 lla:
2387 5314 2707 5373 varietates,
2756 5324 2979 5379 excepto
3028 5310 3334 5372 llerch-triﬂ,
3385 5313 3548 5368 etiam

1979 5380 2030 5500 i2
2066 5382 2261 5459 nostris
2286 5379 2565 5437 Chronicis
2594 5382 2804 5451 scriptis
2830 5393 3139 5436 occurrunt.
3174 5380 3227 5434 In
3260 5380 3384 5446 Ed.,
3418 5380 3550 5436 Ber-

1979 5459 1993 5500 ι
2036 5465 2198 5500 ατηισ.

1976 5459 2198 5503 titanas.

2051 5518 2064 5589 ᾗ
2104 5520 2255 5582 Aliis,
2280 5520 2528 5587 Anﬂedis,
2561 5520 2815 5589 Anfredt's.

2048 5587 2070 5625 ι
2104 5590 2237 5661 Βοὴ.
2272 5589 2565 5656 ;,Ε;τετσίηι
2604 5587 2849 5645 hostile...
2904 5605 3185 5661 properans
3231 5592 3366 5646 ad...
3422 5590 3550 5645 Ver-

1976 5660 2247 5727 mapdisse.
2301 5661 2387 5712 Lis
2411 5671 2492 5713 est
2524 5661 2659 5713 inter
2683 5672 2928 5727 auctores
2966 5676 3033 5715 an
3065 5661 3546 5716 Virmnaudnorum

1977 5720 2100 5800 urbe
2150 5728 2409 5794 praecipua
2466 5729 2592 5781 olim
2641 5720 3012 5797 episcoporum
3070 5735 3158 5800 qui
3229 5731 3542 5785 Noviu'tnum

1982 5798 2215 5868 (Noyon)
2268 5801 2706 5863 transmigraruut
2734 5802 2907 5869 Sedes,
2950 5798 3107 5857 fuerit
3140 5802 3392 5855 hodierna
3433 5799 3543 5856 Att-
