3946 6188
456 359 563 417 675

1068 354 1487 412 FRFDECHHI
1529 353 1966 410 SCIIOLASTICI
2005 351 2323 407 CHRONIC.
2367 351 2782 408 CONTINUAT.
2828 352 3001 408 PARS
3042 353 3103 406 Il.

3642 356 3734 408 ωδ

461 474 726 529 thesauris
756 471 931 524 multis
958 483 1080 522 cum
1114 485 1355 524 matrona
1389 473 1638 539 qualum,
1675 469 1891 520 nomine
1920 464 2045 519 Bili-
2074 471 2121 523 Λ
2149 481 2280 534 inito
2301 482 2525 535 ροηςίιίο
2556 497 2836 548 procerum
2866 498 3107 550 suorum.
3135 485 3313 541 denuo
3346 488 3590 556 Ligerem
3633 487 3729 541 ﬁ“-

463 565 616 618 trude
646 571 706 626 ⁸,
734 571 785 615 et
817 567 976 628 nepte
1008 573 1101 613 sua
1130 559 1462 625 Sonichilde,
1486 558 1802 629 regreditur.

536 661 634 715 Art.
683 674 1010 713 nccuxn.-—
1037 656 1138 711 Per
1183 656 1322 710 idem
1354 665 1562 724 tempus
1594 654 1814 709 Eudone
1859 653 1993 708 duce
2017 667 2045 705 a

457 751 578 822 jure
606 751 824 806 fwderis
854 748 1158 814 recedente,
1200 761 1307 814 quo
1339 753 1617 813 comperto
1646 761 1740 813 per
1772 745 2050 799 internun-

460 845 584 908 tios,
630 839 818 896 Carlus
875 842 1144 909 princeps,
1190 846 1461 893 commoto
1489 837 1748 903 exercitu,
1806 835 2048 904 Ligerem

453 933 682 986 ﬂuvium
713 932 998 994 transiens,
1044 930 1162 999 ipso
1193 928 1329 983 duce
1369 927 1587 982 Eudone
1633 927 1838 994 fugato,
1871 926 2047 990 prada

460 1025 624 1076 nmlta
655 1023 884 1088 sublata,
919 1021 998 1076 bis
1025 1035 1090 1074 co
1115 1034 1256 1073 anno
1284 1018 1461 1072 abhis
1496 1017 1737 1070 hostibus
1777 1015 2083 1084 populatah

460 1116 652 1169 iterum
682 1124 950 1168 remeatur
992 1113 1058 1166 ad
1090 1114 1322 1180 propria.
1356 1109 1508 1163 Eudo
1533 1123 1763 1176 namque
1801 1107 1904 1160 dux
1933 1121 2053 1160 cer-

465 1223 598 1259 nens
625 1220 684 1260 se
727 1213 1036 1272 superatum
1077 1213 1236 1272 atque
1268 1202 1520 1264 derisum,
1551 1209 1762 1271 gentem
1792 1198 2048 1268 perlidam

460 1298 880 1349 Sarracenorum
921 1294 987 1347 ad
1013 1294 1266 1346 auxilium
1293 1303 1476 1346 contra
1508 1292 1721 1345 Carlum
1754 1291 2048 1358 principem

461 1398 515 1439 et
538 1396 750 1455 gentem
778 1385 1101 1439 Francorum
1125 1383 1409 1448 excitavit;
1439 1382 1748 1450 egressique
1773 1394 1893 1433 cum
1925 1392 2052 1446 rege

460 1493 581 1537 suo,
604 1475 889 1530 Abdirama
920 1475 1156 1538 nomine,
1187 1472 1492 1541 Garonnam
1522 1477 1819 1532 transeunt,
1853 1469 2051 1522 Borde-

460 1568 733 1638 galensem
767 1569 950 1621 urbem
998 1573 1376 1633 pervenerunt,
1429 1562 1674 1617 ecclesiis
1723 1561 1884 1629 675
1930 1559 2052 1627 igne

462 1661 838 1724 concrematis,
864 1658 1074 1728 populis
1094 1654 1447 1722 consumptis,
1471 1668 1639 1722 usque
1669 1651 1903 1705 Pictavis
1927 1666 2050 1720 pro-

462 1757 632 1824 gressi
663 1764 807 1819 sunt,
838 1754 929 1809 ubi
959 1753 1176 1808 basilica
1218 1752 1386 1807 sancti
1434 1750 1620 1804 Hilarii
1665 1750 1785 1819 igne
1824 1762 2046 1803 concre-

2155 573 2296 626 vium
2322 575 2557 639 transiit,
2587 590 2757 642 usque
2790 574 3093 630 Garonnam
3133 578 3216 631 vel
3245 579 3430 631 urbem
3469 578 3739 646 Durdegs-

2156 665 2382 728 lensem,
2421 666 2504 718 vel
2552 676 2783 720 castrum
2837 667 3070 722 Blaviam
3120 679 3146 708 ο
3176 672 3394 724 veniens
3438 660 3735 738 occupavit,

2157 759 2409 826 illamque
2449 759 2723 827 regionem
2770 760 2913 828 cepit
2940 774 3002 814 ac
3031 761 3474 830 subjugavitcum
3523 763 3741 816 urbibus

2155 865 2218 902 ac
2246 850 2565 905 suburbanis
2589 862 2908 905 castrorum.
2940 852 3124 907 Victor
3149 869 3269 908 cum
3301 869 3431 922 pace
3459 856 3740 920 remeavit,

2154 942 2453 1010 opitulante
2493 941 2704 996 Christo
2734 943 2879 1011 Rege
2911 959 3121 1012 regum,
3152 954 3204 998 ct
3233 944 3458 996 Domino
3497 944 3745 998 domino-

2156 1047 2298 1085 1⁸11111.

2333 1120 2600 1176 Curriculo
2651 1138 2903 1174 annorum
2944 1124 3184 1176 hactenus
3221 1124 3558 1190 reperiuntur.

2227 1213 2307 1266 Ab
2344 1215 2533 1276 Adam,
2567 1213 2649 1266 vel
2687 1213 2839 1267 initio
2879 1215 3058 1267 saeculi
3092 1229 3256 1281 usque
3295 1214 3458 1284 676
3489 1214 3744 1267 diluvium

2153 1304 2276 1357 anni
2335 1318 2641 1367 unoculi;
2689 1318 2718 1356 a
2774 1303 2974 1357 diluvio
3027 1318 3193 1371 uSque
3258 1306 3566 1368 Abraham,
3619 1304 3746 1357 anni

2156 1409 2432 1448 bccccxut
2456 1410 2470 1458 ;
2505 1395 2572 1445 ab
2604 1393 2869 1447 Abraham
2895 1410 3060 1462 usque
3084 1393 3148 1448 ad
3173 1379 3409 1465 Moysen,
3443 1394 3566 1447 anni
3592 1411 3663 1448 ω·
3683 1410 3699 1460 ;
3720 1409 3747 1447 a

2155 1485 2335 1554 Moyse
2361 1483 2426 1536 ad
2457 1483 2798 1538 Salomonem
2832 1500 3018 1553 neque,
3065 1486 3189 1539 anni
3236 1500 3570 1540 cccccxxxrx
3611 1482 3641 1522 ά
3671 1503 3686 1552 ;
3720 1502 3746 1539 a

2154 1573 2442 1629 Salomone
2475 1588 2642 1640 usque
2669 1573 3136 1628 reuadilicationem
3177 1576 3378 1644 templi,
3413 1576 3749 1644 temporibus

2156 1664 2295 1718 Darii
2343 1665 2481 1733 regis
2535 1663 2842 1730 Persarum,
2894 1665 3022 1719 anni
3068 1680 3208 1732 uxu;
3254 1680 3284 1718 a
3354 1666 3750 1722 restauratione

2156 1759 2335 1826 templi
2364 1772 2532 1827 usque
2572 1757 2859 1812 adventum
2903 1756 3114 1812 Domini
3161 1757 3330 1814 nostri
3356 1754 3483 1813 Jesu
3511 1756 3743 1824 Christi,

462 1858 623 1911 mata,
675 1847 816 1916 quod
857 1845 963 1901 dici
1013 1844 1168 1899 dolor
1216 1852 1319 1908 est,
1368 1843 1435 1896 ad
1494 1842 1712 1896 domum
1757 1838 2052 1896 beatissimi
2086 1831 2280 1903 Banni
2310 1862 2531 1904 mum,

465 1939 673 1993 Martini
703 1937 1047 1993 evertendam
1076 1936 1368 1991 destinant.

535 2032 634 2084 As.
667 2042 933 2083 necum.
985 2055 1056 2067 —
1080 2027 1280 2080 Contra
1305 2038 1443 2095 quos
1461 2023 1650 2078 Carlus
1676 2023 1923 2092 princeps
1957 2036 2052 2074 au-

461 2123 646 2175 dacter
673 2121 841 2176 aciem
872 2119 1112 2184 instruit,
1161 2133 1321 2187 super
1370 2132 1568 2186 eosque
1615 2113 2051 2184 belligeratorir-

461 2215 588 2277 ruit,
614 2213 830 2267 Christo
856 2211 1165 2277 auxiliante,
1195 2209 1420 2263 tentoria
1455 2222 1646 2263 eorum
1673 2206 1956 2270 subvertit,
1981 2203 2046 2258 ad

465 2305 706 2374 praelium
754 2310 986 2371 stragem
1015 2297 1398 2354 conterendam
1446 2296 1700 2361 accurrit,
1740 2293 2049 2350 interfecto-

461 2409 565 2464 que
601 2409 723 2462 rege
750 2407 958 2458 eorum,
993 2391 1282 2445 Abdirama
1311 2390 1548 2452 nomine,
1583 2387 1868 2455 pr05travit
1890 2399 2052 2439 exer-

463 2486 652 2547 citum,
681 2490 985 2550 proterens,
1013 2479 1288 2533 dimicavit
1321 2490 1478 2546 atque
1503 2475 1728 2541 devicit;
1760 2473 1943 2543 sicque
1971 2472 2049 2526 vi-

463 2584 579 2628 ctor
608 2574 674 2626 de
703 2557 944 2625 hostibus
976 2569 1322 2636 triumphavit
1355 2567 1402 2620 δ.

536 2668 637 2720 As.
669 2679 956 2720 nccxxxni.
979 2693 1048 2704 -
1077 2662 1214 2716 CIX.
1257 2661 1585 2716 Procedente
1632 2661 1865 2728 alioquin
1906 2673 2047 2712 anno

462 2766 741 2829 sequente,
770 2757 1013 2826 egregius
1051 2753 1275 2809 bellator
1295 2751 1481 2806 Carius
1510 2753 1755 2820 princeps
1774 2750 2046 2822 regionem

466 2850 786 2919 Burgundiie
829 2846 1091 2916 sagaciter
1142 2847 1460 2915 penetravit,
1517 2845 1652 2900 lines
1699 2844 1848 2913 regni
1905 2843 2046 2897 illius

465 2942 736 2997 Lcudibus
761 2941 872 2995 suis
919 2937 1331 3009 probatissimis,
1365 2939 1495 2991 viris
1527 2936 1821 3002 industriis,
1866 2935 1933 2990 ad
1964 2951 2048 2990 re—

461 3034 759 3089 sistendum
799 3033 1044 3103 gentibus
1076 3031 1366 3086 rebellibus
1392 3039 1446 3085 et
1476 3029 1783 3085 infidelibus
1822 3030 2042 3097 statuit,

463 3140 593 3193 pace
623 3131 846 3189 patrata,
878 3123 1191 3193 Lugdunum
1229 3121 1416 3177 Gallia:
1454 3120 1563 3175 suis
1609 3119 1852 3176 lidelibus
1882 3122 2044 3176 tradi-

463 3218 562 3272 dit.
598 3217 831 3272 Firmata
875 3215 1077 3271 hedera
1121 3215 1409 3269 induciaria
1457 3212 1585 3284 [Αι.,
1611 3210 1935 3284 iudiciaria],
1968 3229 2052 3268 re-

464 3324 652 3363 versus
672 3317 756 3363 est
781 3308 950 3362 victor
971 3305 1290 3360 litlucialiter
1316 3319 1500 3374 agens.

542 3404 647 3455 An.
680 3413 940 3456 cccxxxv.
969 3427 1038 3436 —
1069 3395 1125 3449 In
1168 3395 1270 3449 illis
1312 3395 1506 3464 quippe
1535 3393 1722 3447 diebus
1769 3393 1917 3448 Eudo
1946 3394 2053 3447 dux

469 3500 711 3546 mortuus
733 3497 837 3544 est.
871 3488 995 3541 Hazc
1019 3485 1245 3540 audiens
1277 3483 1527 3553 praefatus
1565 3484 1811 3554 princeps
1841 3485 2050 3551 Carlus,

542 3644 566 3669 ⁸
583 3644 737 3707 Boh.,
766 3639 1142 3694 Billetrude....
1167 3637 1489 3693 Sunichilde.
1513 3637 1618 3692 Alii
1649 3639 1936 3704 scriptores
1967 3639 2052 3693 Pi-

465 3714 717 3771 litrudem
749 3711 1044 3779 appellant,
1066 3726 1185 3780 quae
1207 3708 1535 3780 Grimoaldo,
1561 3723 1654 3762 seu
1675 3712 1852 3780 potius
1875 3711 2052 3763 Theo-

468 3782 1038 3849 baldo,Bajoariorum
1095 3780 1242 3843 duci,
1276 3789 1434 3846 nupta
1481 3779 1674 3831 fuerat.
1727 3779 2052 3834 Sonichildis

465 3853 817 3925 postmodum
846 3850 1040 3904 Carolo
1063 3850 1329 3925 _Martel_l_o
1383 3850 1581 3925 nupsit,
1616 3862 1696 3925 ex“
1730 3864 1836 3925 quo
1884 3849 2048 3902 lilium

467 3917 650 3979 habuit
696 3920 995 3976 Grifonem.
1062 3920 1189 3972 Eam
1253 3917 1508 3987 Pippinus
1557 3928 1612 3971 et
1659 3917 2048 3973 Carlomannus

472 4004 595 4065 post
630 3990 1042 4065 Caroli_ob_itutn
1067 3990 1206 4065 apud
1234 3989 1413 4065 calam
1439 3989 1737 4065 reclusere;
1770 4004 1837 4043 ne
1861 3991 2049 4065 turbas

467 4058 747 4119 occasione
799 4061 1062 4126 Grilonis,
1089 4063 1177 4128 qui
1207 4076 1236 4113 a
1274 4058 1533 4128 Majoratu
1562 4059 1810 4113 exclusus
1857 4059 2048 4129 fuerat,

466 4136 745 4191 excitaret.

537 4205 562 4243 δ
617 4203 765 4257 Eudo
790 4202 899 4271 jam
941 4215 969 4254 a
1023 4201 1441 4256 Sarracenorum
1488 4198 1688 4253 fmdere
1733 4211 2048 4271 recesserat,

464 4276 592 4332 etin
625 4274 726 4326 hoc
753 4267 936 4341 praelio
966 4272 1213 4326 Carolmn
1245 4271 1705 4341 egregieiadjuvit.
1745 4267 1880 4324 Vide
1905 4274 2045 4324 Ana-

468 4349 691 4401 stasium
724 4340 774 4397 in
813 4343 930 4395 Vita
962 4343 1204 4413 Gregorii
1235 4343 1309 4406 ll,
1361 4352 1414 4394 et
1462 4340 1610 4394 Paul.
1658 4340 1804 4394 Diac.
1859 4341 1951 4394 lib.
1983 4358 2045 4407 ,γι

462 4417 600 4472 lltst.
633 4414 795 4482 Lang.
829 4427 949 4481 cap.
974 4414 1065 4466 Mi.

2225 1939 2383 1993 Certe
2410 1940 2478 1994 ab
2501 1938 2652 1993 initio
2679 1938 2861 1993 mundi
2889 1953 3058 2007 usque
3091 1938 3157 1994 ad
3191 1939 3488 2009 passionem
3519 1940 3736 1996 Domini

2155 2027 2459 2083 nostriJesu
2473 2028 2690 2090 Christi,
2713 2030 2838 2082 anni
2853 2044 3281 2084 uuuuuuxxxviu
3299 2040 3344 2083 ο.
3363 2030 3467 2084 Eta
3486 2031 3741 2096 passione

2155 2123 2367 2176 Domini
2394 2137 2560 2190 usque
2584 2123 2635 2175 in
2661 2123 2816 2177 istum
2843 2137 3039 2176 annum
3083 2133 3418 2189 praesentem,
3452 2123 3543 2191 qui
3575 2134 3659 2176 est
3693 2123 3743 2177 in

2150 2215 2299 2283 cyclo
2330 2212 2570 2276 Victorii,
2599 2215 2721 2266 anni
2748 2229 2980 2267 ccxxv".
3029 2214 3143 2268 Kal.
3177 2215 3394 2269 Januar.
3439 2214 3525 2267 die
3561 2212 3746 2268 Domi-

2153 2306 2268 2359 nica
2299 2304 2423 2358 anni
2454 2320 2694 2359 nccxxxv
2723 2304 2769 2358 ί.
2819 2307 2882 2359 Et
2910 2317 2966 2359 ut
3013 2307 3152 2361 istud
3198 2306 3553 2361 millenarium
3593 2319 3745 2360 com-

2153 2395 2382 2464 pleatur,
2415 2405 2618 2449 restant
2647 2396 2769 2449 anni
2800 2411 2969 2450 ccsxv
3001 2405 3047 2450 Β.

2235 2491 2336 2542 An.
2370 2503 2654 2542 nccxxun.
2687 2517 2755 2528 —
2777 2490 3013 2558 Itemque
3044 2490 3185 2560 quod
3228 2492 3475 2560 superius
3515 2501 3743 2562 prater-

2150 2579 2412 2633 misimus.
2430 2578 2482 2631 lo
2505 2589 2715 2646 gentem
2744 2579 3064 2635 dirissimam
3091 2581 3407 2635 maritimam
3434 2582 3737 2637 Frisionum

2151 2669 2308 2724 nimis
2361 2669 2654 2725 crudeliter
2711 2671 3059 2726 rebellantem
3114 2670 3164 2739 δ,
3197 2673 3447 2743 praefatus
3491 2674 3740 2742 princeps

2139 2760 2400 2814 audacter
2421 2761 2592 2815 navali
2615 2765 2893 2817 evectione
2924 2774 3192 2832 properat,
3212 2765 3456 2819 certatim
3483 2765 3548 2820 ad
3575 2781 3725 2819 mare

2148 2843 2442 2920 ingressus,
2492 2854 2706 2906 navium
2755 2853 2907 2921 copia
2958 2853 3211 2919 sdunata,
3253 2854 3632 2911 Wistracbiam
3680 2868 3736 2910 et

2150 2931 2522 2996 Austrachiam
2570 2942 2616 3008 ί,
2651 2944 2851 2999 insulas
2888 2945 3188 3000 Frisionum
3220 2949 3541 3016 penetravit,
3574 2962 3733 3015 super

2151 3031 2414 3086 Durdinei
2447 3033 2666 3089 [luvium
2699 3044 2870 3089 castra
2904 3051 3135 3104 ponens;
3166 3037 3431 3106 Poponem
3453 3040 3729 3108 gentilem,

2153 3124 2343 3178 ducem
2375 3125 2582 3180 illorum
2609 3165 2624 3190 ,
2650 3125 3037 3182 fraudulentum
3061 3129 3420 3184 consiliarium
3449 3129 3730 3195 interiecit,

2156 3216 2449 3268 exercitum
2485 3213 2777 3270 Frisionum
2813 3223 3129 3285 prostravit;
3165 3221 3281 3275 fana
3304 3236 3488 3278 eorum
3519 3222 3731 3276 idolola-

2157 3305 2272 3358 tiia:
2319 3308 2588 3371 contrivit,
2621 3318 2778 3378 atque
2808 3311 3100 3365 combussit
3155 3312 3285 3380 igni.
3337 3310 3470 3366 Cum
3531 3313 3728 3379 magnis

2155 3398 2340 3467 spoliis
2369 3409 2422 3454 et
2445 3400 2636 3469 praedis
2658 3402 2827 3457 victor
2853 3417 3104 3458 reversus
3128 3413 3210 3458 est
3236 3405 3286 3457 in
3318 3419 3539 3474 regnum
3571 3403 3726 3458 Frau-

2156 3504 2362 3545 corum.

2160 3651 2423 3715 tempore,
2457 3659 2518 3697 ac
2545 3660 2780 3712 praesens
2805 3645 3150 3710 Chronicum,
3179 3648 3438 3715 scriptum
3481 3648 3652 3702 fuerit.

2235 3713 2252 3751 ί
2301 3714 2430 3766 Cum
2460 3715 2551 3769 ille
2591 3726 2778 3768 auctor
2817 3732 3012 3770 annum
3037 3733 3064 3769 a
3108 3713 3384 3784 Pa~chate,
3423 3734 3521 3770 nos
3549 3731 3721 3772 vero:

2155 3783 2404 3838 Kalendis
2445 3787 2677 3839 Januarii
2723 3786 3048 3852 inchoemus,
3081 3786 3164 3840 hic
3194 3783 3496 3842 annus'5;6
3535 3791 3723 3842 intelli-

2154 3855 2359 3928 gendus
2386 3866 2489 3928 est.
2522 3857 2593 3908 Ex
2617 3856 2716 3910 hoc
2741 3866 2919 3910 autem
2965 3858 3082 3910 loco
3123 3858 3464 3927 intelligimus
3503 3875 3607 3928 quo
3638 3877 3720 3924 pa-

2154 3935 2241 4047 cato
2273 3923 2487 3979 Victorii
2523 3928 2704 3995 cyclus
2752 3942 2873 3980 cuin
2906 3941 3011 3981 tera
3044 3929 3242 3997 vulgari
3289 3923 3360 3983 sit
3408 3923 3719 3998 componere

2201 4008 2282 4047 us.

2233 4073 2257 4111 ις
2289 4064 2508 4130 Boher.,
2558 4066 2835 4119 miliarium
2881 4067 3192 4134 impleatur,
3224 4085 3345 4122 anus
3395 4083 3512 4123 ων.
3555 4067 3718 4131 Colb.,

2156 4148 2342 4199 Lxutt,
2371 4135 2557 4207 idest,
2613 4151 2760 4207 _XCIII.
2801 4135 3026 4202 Chesn.,
3076 4154 3268 4207 marg.,
3300 4143 3372 4192 al.
3427 4154 3574 4193 cxnt.
3604 4140 3721 4205 Qua:

2154 4207 2329 4277 omnia
2358 4206 2460 4260 etsi
2485 4207 2584 4259 sibi
2613 4205 2836 4277 invicem
2868 4222 2971 4261 non
3012 4205 3339 4274 cohaereant,
3383 4223 3717 4277 repraesenta-

2155 4276 2326 4327 vimus
2357 4286 2533 4330 tamen
2562 4287 2618 4330 ut
2648 4279 2700 4331 in
2727 4276 2886 4331 codd.
2922 4279 3199 4336 habentur.

2225 4343 2249 4381 δ
2294 4344 2569 4416 Ιὶεὺοιιθτε
2604 4348 2851 4402 dicuntur
2879 4363 2984 4402 non
3011 4351 3198 4402 solum.
3213 4349 3410 4403 subditi
3455 4350 3542 4416 qui
3579 4350 3716 4414 prin-

2149 4415 2284 4483 cipis
2314 4422 2391 4468 sui
2416 4415 2601 4485 jngum
2640 4417 2914 4472 excutiunt
2941 4457 2956 4480 ,
2989 4421 3082 4473 sed
3113 4430 3167 4474 et
3193 4420 3226 4472 ii
3255 4421 3342 4487 qui
3376 4415 3491 4488 post
3521 4421 3716 4472 cladem

537 4465 1039 4558 ascalpens,
1072 4481 1330 4558 eranum,
1351 4490 1575 4549 υιτοαυε
1596 4480 1757 4558 mod.
1783 4482 2040 4558 εριιρριυιη
2074 4465 2121 4524 ι)
2150 4465 3226 4558 5.25pm:"renatae."13.15.31,"
3251 4465 3342 4543 δῖ’
3366 4465 3721 4557 amissa;

462 4559 600 4624 apud
625 4563 834 4608 veteres
862 4555 1172 4624 invenitur:
1197 4554 1442 4605 Castrum
1500 4563 1603 4615 e51,
1639 4551 1812 4624 vulgo
1857 4549 2038 4621 Βίους,

463 4621 629 4678 monti
674 4626 977 4692 impositum
1025 4624 1089 4676 ad
1136 4621 1482 4686 Garumnam,
1531 4621 1689 4692 paulo
1733 4621 1868 4676 infra
1913 4637 2040 4676 cou-

463 4699 686 4747 llnentes
715 4696 830 4762 ejus
857 4703 910 4747 et
942 4694 1178 4748 Duranii.

531 4767 562 4799 τι
599 4761 754 4829 ιιυιω
802 4776 1171 4818 ccccuxvmt.
1219 4762 1402 4828 Freh.,
1435 4762 1634 4816 omisso
1665 4761 1764 4816 hoc
1793 4763 2038 4829 articulo,

463 4834 647 4896 habet,
669 4850 700 4884 a
735 4833 911 4900 Moyse
930 4834 997 4883 ad
1020 4834 1485 4899 rewdiﬁcationem,
1508 4844 1611 4887 etc.

534 4914 559 4940 θ
599 4904 728 4955 Boh.
781 4913 833 4954 et
863 4903 1038 4965 Colh.,
1073 4918 1522 4957 uuuuuccxxwu.
1546 4906 1704 4957 Certe
1736 4902 1874 4956 hunc
1921 4904 2034 4958 fere

463 4987 765 5034 numerum,
820 4973 1020 5042 scilicet
1050 4989 1155 5026 uno
1214 4974 1489 5042 majorem,
1545 4974 1704 5026 habet
1733 4983 1885 5027 vetus
1913 4975 2033 5027 cod.

465 5041 1247 5114 Weingartensis_niotiasterii,
1286 5041 1346 5114 in
1373 5058 1477 5111 quo
1522 5043 1763 5114 formula:
1794 5043 2040 5114 Andegi-

464 5129 656 5170 venses
689 5125 833 5165 tumo
876 5111 934 5163 IV
980 5113 1218 5166 Analect.
1256 5113 1523 5165 Mabillon.
1557 5112 1713 5166 editze
1752 5111 2034 5179 habentur,

461 5189 525 5238 ad
555 5199 777 5254 quarum
804 5182 1004 5235 calcem
1033 5183 1144 5254 haec
1177 5181 1393 5254 addidit,
1419 5186 1646 5254 scriptor
1671 5183 1760 5254 :A
1789 5185 2039 5251 principio

463 5250 640 5309 mundi
668 5270 823 5324 usque
846 5255 914 5306 ad
953 5253 1237 5321 passionem
1276 5250 1462 5305 Christi
1493 5267 1547 5304 v.
1600 5253 1741 5305 milia
1757 5268 2037 5324 iccxsvnu.

461 5329 583 5378 anni
654 5323 881 5392 fuerunt.
946 5323 1141 5377 Abindc
1183 5325 1400 5392 peractis
1468 5338 1677 5390 regnum
1729 5323 2035 5386 Chlodovco.

462 5391 779 5458 Calathario,
812 5391 1152 5464 Theodorigo,
1178 5391 1223 5446 et
1256 5391 1561 5455 Cliililerico,
1587 5409 1617 5443 a
1665 5395 1841 5464 mundi
1889 5395 2037 5448 initio

463 5467 583 5514 anni
608 5475 724 5516 sunt
754 5479 803 5515 ν.
840 5464 981 5516 milia
1013 5463 1287 5519 soccus:
1321 5466 1370 5516 in
1411 5480 1549 5516 anno
1582 5478 1660 5516 Ill.
1717 5463 2039 5518 Theudorico

464 5535 620 5604 regis.
655 5533 762 5588 Hoc
793 5544 968 5589 autem
1019 5536 1282 5606 integrum
1331 5533 1647 5591 exhibemus
1683 5536 1824 5602 quod
1852 5537 2040 5593 eodem

2149 4558 2411 4627 exemplis
2439 4561 2601 4611 etiam
2645 4573 2706 4610 ex
2752 4560 2816 4611 Τ.
2868 4559 3015 4612 Livio
3056 4561 3243 4627 probat
3265 4560 3506 4613 Cointius
3536 4562 3598 4613 ad
3631 4576 3715 4612 an.

2147 4623 2272 4689 595,
2299 4642 2444 4680 num.
2479 4629 2562 4680 iJ.
2601 4628 2731 4681 lltnc
2761 4628 2811 4683 in
2844 4639 3027 4682 nostro
3050 4623 3266 4684 auctore
3298 4629 3568 4694 Frisones,
3600 4629 3719 4684 Sar-

2148 4697 2352 4760 raceni,
2377 4707 2507 4760 etc.,
2545 4698 2834 4756 rebellasse
2873 4700 3142 4763 dicuntur,
3173 4715 3476 4766 quanquam
3502 4700 3720 4754 Franco-

2147 4781 2262 4838 rum
2285 4767 2470 4838 ditioni
2503 4769 2725 4834 subjecti
2758 4785 3026 4838 nunquam
3057 4769 3275 4823 iuerint.

2227 4835 2239 4871 ί
2287 4837 2374 4890 Sic
2401 4853 2465 4890 ex
2495 4838 2616 4892 cod.
2648 4838 2842 4896 Boher.
2868 4835 3218 4896 restituimus.
3246 4838 3604 4903 Westrachia,
3637 4839 3718 4891 ὶιοο

2147 4905 2234 4958 die
2265 4905 2600 4980 Westergoa,
2634 4925 2662 4960 a
2707 4911 2926 4965 Stavera
2958 4910 3271 4980 (Stavereu),
3295 4913 3422 4963 olim
3450 4911 3720 4964 Frisonum

2145 4978 2449 5050 metropoli,
2484 4977 2692 5050 initium
2722 4980 2908 5036 durit:
2954 4977 3077 5034 octo
3109 4977 3454 5050 piaal‘ecturas
3495 4980 3720 5046 comple-

2141 5045 2679 5119 ctitttr.Jtiter_littjiis
2708 5051 2940 5119 regionis
2969 5045 3126 5106 urbes
3151 5051 3376 5105 celebris
3418 5060 3502 5104 est.
3533 5045 3718 5103 Franeo

2144 5113 2269 5168 kcra
2297 5113 2632 5185 (Franekcr),
2675 5113 3073 5175 ubivacademia
3104 5123 3354 5174 celebris.
3406 5119 3714 5175 Austrachi:

2144 5201 2415 5258 vero,seu
2438 5191 2717 5257 Ustergoa,
2749 5199 3092 5258 prznleeturas
3117 5193 3273 5243 habet
3303 5191 3614 5254 duodecim,
3648 5187 3713 5239 vi-

2141 5270 2234 5307 cos
2267 5257 2386 5320 1'27,
2423 5258 2490 5309 ibi
2523 5271 2605 5312 est
2634 5257 2967 5324 Leovvardia,
3004 5263 3159 5329 vulgo
3205 5260 3541 5326 Leuwarden,
3569 5268 3742 5313 exter

2147 5340 2337 5400 raruni
2352 5329 2559 5400 urbium
2591 5344 2766 5400 caput.
2803 5335 2875 5386 De
2899 5331 2982 5385 his
3010 5331 3128 5386 vide
3151 5331 3438 5396 Einmium,
3467 5333 3560 5385 lib.
3587 5346 3600 5383 ι
3627 5333 3716 5383 ile-

2149 5412 2264 5448 rum
2299 5395 2640 5454 Frisicarum.

2226 5465 2240 5517 i
2293 5467 2448 5540 Boh.,
2480 5466 2724 5538 Bai-dine,
2748 5483 2800 5528 et
2828 5471 2988 5540 infra,
3017 5471 3156 5527 sicut
3175 5480 3230 5528 et
3264 5471 3376 5539 alii,
3401 5470 3692 5526 Baliarica».

2124 5601 2126 5603 _
2151 5538 2514 5592 consularium.
