4046 6376
469 436 539 501 Η

1487 428 1545 482 S.
1585 423 1863 482 CYRILLI
1903 418 2375 478 ALEXANDRINI
2411 418 2732 475 ARCHIEP.

3655 408 3725 474 l2

470 555 653 611 minus
702 552 892 624 probe,
949 561 1047 604 nec
1095 545 1230 601 citra
1281 544 1468 598 vilium
1521 542 1866 606 intellexerit,
1905 540 2036 610 quid

2153 537 2526 610 επιλήπτως,εί
2557 535 2650 590 ἐπὶ
2681 533 2806 590 νοῦν
2829 536 2952 607 ἥκοι
2972 535 3063 589 τὸν
3082 533 3292 604 ἐτέρου,
3317 532 3372 586 τί
3392 533 3454 587 τὸ
3480 531 3722 602 λυποῦν;

472 646 605 703 mali
651 655 754 708 est,
803 644 852 698 si
899 637 952 696 id
985 653 1092 694 non
1126 637 1278 701 mihi,
1310 636 1403 690 sed
1427 635 1580 689 alteri
1606 635 1659 687 in
1685 642 1917 687 mentem
1948 647 2039 686 ve-

473 737 659 792 nerit?
706 732 955 801 Quinimo
979 743 1193 794 sensus,
1228 742 1291 781 ac
1311 725 1708 781 declarationes
1737 723 2041 792 complures

473 828 844 898 dilucidasque
897 822 1158 878 adhibere
1213 819 1306 890 qui
1361 818 1576 874 tandem
1621 831 1727 872 non
1780 814 2041 885 praestat?

471 920 624 987 Quod
672 932 795 974 cum
839 915 912 970 ita
957 913 1050 977 sit,
1103 909 1315 965 tametsi
1368 916 1496 962 ante
1541 920 1642 962 nos
1668 921 1772 961 non
1803 906 1958 974 pauci
1987 905 2039 958 in

472 1025 661 1067 sacros
738 1006 1032 1079 prophetas
1101 1001 1522 1058 commentarios
1569 999 1875 1060 ediderunt,
1941 997 2042 1052 hac

475 1103 692 1173 quidem
729 1102 798 1156 de
826 1113 988 1155 causa
1016 1111 1120 1151 non
1151 1093 1465 1152 tacebimus,
1495 1091 1804 1160 potiusque,
1837 1088 2044 1143 inertia!

476 1193 692 1263 repulsa
742 1190 992 1253 mollitie,
1039 1200 1201 1256 quam
1248 1184 1401 1237 nobis
1434 1196 1647 1252 quoque
1683 1181 1909 1251 gratiam
1941 1180 2044 1232 im-

473 1282 778 1353 pertiverit,
828 1278 919 1349 qui
951 1274 1217 1347 profunda
1274 1282 1329 1326 et
1361 1272 1569 1327 occulta
1601 1269 1888 1335 illuminat,
1920 1282 2041 1322 eam

474 1375 685 1429 caeteris
725 1373 887 1426 etiam
940 1370 1263 1440 prodentes;
1315 1378 1581 1420 memores
1629 1361 1770 1416 illius
1798 1359 2040 1415 Christi:

480 1482 498 1514 ι
521 1462 706 1518 Gratis
738 1459 1044 1529 accepistis,
1082 1457 1253 1526 gratis
1283 1456 1409 1508 date
1435 1453 1478 1506 ¹.
1508 1470 1528 1504 ι
1564 1449 1851 1506 Ordientes
1883 1447 2046 1517 igitur

474 1555 692 1606 beatum
759 1549 1074 1618 prophetam
1127 1543 1322 1600 Oscam
1400 1539 1684 1609 perspicue
1743 1547 2040 1603 exponere,

473 1643 630 1714 prius
672 1640 982 1695 docebimus
1025 1637 1166 1706 quod
1218 1638 1283 1687 ad
1315 1631 1538 1686 aliorum
1567 1641 1779 1698 quoque
1814 1625 2042 1696 prophe-

477 1748 652 1792 tarum
689 1734 857 1790 libros
891 1731 1143 1802 pertinet.
1181 1727 1293 1782 Mos
1323 1722 1593 1795 siquidem
1634 1718 1940 1776 communis
1961 1725 2045 1770 est

475 1827 738 1892 omnium,
772 1822 926 1878 facile
949 1821 1110 1878 verba
1131 1834 1229 1873 sua
1259 1817 1326 1872 ad
1358 1818 1410 1872 id
1435 1814 1577 1885 quod
1604 1810 1826 1882 Spiritui
1855 1817 2045 1863 sancto

469 1919 682 1990 placuit
713 1913 1124 1972 accommodare
1185 1925 1251 1965 ac
1311 1905 1700 1963 transformare
1740 1919 1755 1956 :
1805 1909 1864 1957 ut
1909 1913 2044 1955 non—
2075 1898 2117 1958 Β

476 2022 748 2078 nunquam
776 2021 841 2062 ex
877 2002 1140 2068 historia,
1189 2000 1302 2054 sive
1347 2014 1414 2054 ex
1461 1998 1622 2052 rebus
1662 2008 1880 2050 sensum
1923 2006 2042 2046 mo-

475 2099 756 2162 ventibus,
810 2106 865 2150 et
939 2104 1195 2162 tanquam
1277 2089 1330 2144 in
1394 2096 1684 2157 conspectu
1744 2083 1930 2154 positis
1985 2089 2043 2137 et

479 2189 788 2251 transactis,
807 2186 1088 2241 commode
1114 2183 1180 2237 ad
1200 2182 1390 2236 intima
1416 2179 1772 2250 spiritualium
1803 2178 2044 2231 redeant:

480 2292 873 2345 nonnunquam
904 2288 1033 2328 vero
1057 2287 1155 2342 per
1181 2272 1432 2340 ambages
1483 2267 1916 2332 obscurissimas,
1961 2279 2048 2318 res

479 2375 533 2426 in
563 2384 778 2426 sensum
812 2368 1072 2421 cadentes
1103 2365 1398 2432 attingant.
1423 2358 1886 2430 Frequentissime
1920 2357 2045 2410 item

478 2476 742 2534 personas
788 2460 1073 2524 inducunt,
1119 2464 1174 2510 et
1215 2454 1603 2515 lamentantur,
1635 2460 1692 2506 et
1719 2450 2046 2513 exclamant,

477 2564 532 2608 et
556 2551 951 2622 praateritorum
979 2547 1362 2608 meminerunt,
1386 2554 1441 2598 et
1468 2543 1642 2596 futura
1669 2541 2047 2610 prtenuntiant.

479 2644 826 2712 Quapropter
866 2638 1078 2709 singula
1123 2637 1270 2692 clare
1320 2646 1373 2689 et
1402 2634 1642 2688 studiose
1669 2632 2047 2696 discernenda,

482 2735 984 2802 sententiarumque
1034 2730 1191 2792 ordo,
1234 2739 1703 2798 personarumque
1747 2722 2049 2777 differentia

481 2826 789 2882 necessario
831 2820 1176 2877 observanda
1225 2829 1309 2873 est
1340 2835 1354 2872 :
1387 2819 1469 2871 sic
1509 2817 1653 2870 enim
1703 2815 1883 2885 plane,
1915 2813 2050 2868 citra

479 2917 852 2974 confusionem
921 2923 976 2969 et
1020 2926 1234 2968 omnem
1300 2911 1522 2966 omnino
1568 2906 1932 2963 difﬁcultatem
1987 2909 2054 2961 de

480 3012 550 3066 iis
601 3023 844 3079 agemus.
897 3006 1106 3075 Opinor
1151 3014 1333 3058 autem
1380 3001 1624 3072 quaedam
1670 3001 1821 3071 prius
1865 2999 2052 3070 (πριο-

484 3104 685 3167 nanda,
703 3114 821 3169 qua:
838 3096 1134 3153 Israelitico
1157 3094 1421 3165 sanguine
1451 3093 1695 3148 oriundis
1720 3094 2050 3158 acciderunt,

483 3209 552 3249 ne
579 3194 844 3247 lectorum
883 3189 1097 3243 animus
1133 3186 1502 3258 perturbetur,
1546 3185 1672 3239 dum
1711 3198 1854 3238 nunc
1903 3183 2054 3236 audit
2079 3231 2123 3285 ι,

2103 3269 2124 3290 Δ

481 3285 760 3356 Ephraim,
790 3291 844 3336 et
875 3279 1060 3344 Israel,
1107 3288 1270 3349 atque
1317 3278 1482 3332 etiam
1533 3276 1874 3339 Samariam;
1911 3290 2052 3328 nunc

481 3376 702 3440 Judatn,
733 3382 789 3428 et
818 3371 1121 3439 Benjamin,
1165 3369 1362 3439 quibus
1402 3365 1680 3422 vocabulis
1724 3365 1867 3421 sacri
1922 3381 2052 3434 pro-

483 3470 661 3538 phetae
726 3463 1058 3521 creberrime
1115 3469 1358 3514 utuntur.
1411 3457 1480 3513 Ut
1541 3458 1707 3526 igitur
1763 3457 2052 3511 manifeste

486 3559 696 3628 singula
730 3557 936 3621 norint,
977 3552 1279 3610 attendant.
1328 3545 1618 3605 Paternum
1663 3564 1886 3620 regnum
1922 3549 2051 3602 olim

492 3649 887 3720 Hierosolymis
913 3646 1302 3702 administrans
1326 3641 1603 3709 Salomon,
1639 3641 1784 3695 fama
1815 3639 2053 3694 celebra-

483 3754 596 3799 tum
643 3742 771 3797 illud
835 3747 890 3794 et
942 3736 1264 3792 admirabile
1329 3733 1585 3803 templum
1634 3733 1744 3787 Deo
1816 3733 2055 3787 exaediﬁ-

481 3837 645 3891 cavit.
680 3834 784 3900 Qui
818 3830 1066 3902 quamvis
1106 3827 1420 3882 divitiarum
1460 3824 1746 3894 splendore
1801 3833 1856 3879 et
1887 3840 2054 3895 pecu-

485 3930 588 3982 niae
651 3925 808 3994 copia
877 3919 1408 3984 excellentissimus,
1484 3917 1540 3972 in
1591 3922 1869 3971 senectute
1928 3915 2054 3969 dum

484 4034 592 4073 non
644 4016 761 4070 vult
811 4012 1087 4068 offendere
1134 4008 1407 4073 mulieres,
1460 4007 1625 4062 Deum
1673 4005 1934 4071 offendit,
1990 4021 2056 4061 eo

481 4110 645 4166 modo
700 4107 752 4178 3
790 4120 898 4176 quo
952 4118 1110 4158 sacra
1158 4102 1314 4156 nobis
1349 4099 1629 4170 Scriptura
1666 4114 2059 4154 commemora-

485 4204 584 4270 bit,
615 4202 771 4272 cujus
801 4200 916 4253 haec
943 4206 1071 4252 sunt
1100 4195 1263 4250 verba
1292 4211 1306 4249 :
1345 4212 1364 4246 ι
1390 4193 1456 4248 Ει
1491 4208 1584 4247 rex
1615 4192 1889 4247 adamavit
1933 4207 2054 4246 mu-

483 4297 646 4351 lieres
679 4293 1013 4361 alienigenas
1044 4286 1262 4353 multas,
1296 4286 1458 4339 filiam
1484 4299 1699 4354 quoque
1733 4279 2054 4348 Pharaonis,

484 4398 541 4444 et
569 4385 914 4449 Moabititlas,
950 4392 1004 4437 et
1031 4379 1452 4440 Ammonitidas,
1485 4388 1539 4433 et
1565 4367 1837 4441 Sidonias,
1871 4387 1923 4430 et
1952 4375 2060 4430 He-

487 4482 681 4542 thaeas,
731 4487 786 4530 et
833 4472 1181 4529 Antorrbaeas
1210 4473 1275 4524 de
1305 4469 1574 4539 gentibus,
1609 4471 1676 4522 de
1701 4453 1895 4538 quibus
1925 4468 2059 4524 dixit

2143 634 2357 688 Μᾶλλον
2388 632 2468 699 δὲ,
2502 631 2620 694 πῶς
2643 632 2745 684 ούκ
2781 629 3000 702 ἄμεινον
3030 627 3321 701 ἀμφιλαφῆ
3354 626 3452 681 καὶ
3475 627 3723 697 εὐκρινε-

2144 726 2340 797 στέραν
2409 723 2509 796 τὴν
2552 721 2662 776 τῶν
2716 722 3002 792 νοημάτων
3063 719 3313 788 γίνεσθαι
3374 717 3722 788 παράθεσιν;

2146 815 2376 882 Οὐκοῦν,
2416 815 2521 870 κᾶν
2569 815 2619 868 οί
2654 813 2842 867 πολλοὶ
2896 812 3206 882 γεγράφασι
3250 809 3357 882 πρὸ
3397 809 3594 880 ήμῶν,
3655 807 3724 861 τά

2146 906 2206 958 ἐν
2263 907 2377 967 τοῖς
2445 901 2620 972 ἁγίοις
2689 901 2999 973 προφήταις
3069 896 3551 969 διερμηνεύοντες,
3604 896 3724 964 ούχὶ

2142 997 2346 1066 ταύτης
2411 995 2596 1047 ἕνεκεν
2671 993 2769 1063 τῆς
2839 991 3018 1054 αἰτίας
3082 991 3452 1060 σιωπήσομεν.
3519 987 3722 1040 Διωσό-

2147 1088 2288 1160 μεθα
2312 1083 2369 1140 δὲ
2404 1085 2602 1158 μᾶλλον
2633 1078 2708 1148 ὡς
2749 1073 2966 1154 ἀδρανῆ
2988 1081 3079 1134 τὸν
3105 1081 3262 1134 ὄκνον
3285 1120 3300 1142 ,
3328 1081 3423 1133 καὶ
3451 1080 3626 1150 ἥνπερ
3658 1078 3722 1130 ἂν

2143 1181 2238 1234 καὶ
2265 1182 2397 1252 ήμῖν
2426 1179 2606 1242 αὐτοῖς
2655 1176 2861 1247 ἐπιδοίη
2909 1175 3069 1246 χάριν
3115 1177 3144 1227 ό
3186 1173 3526 1245 ἀπολάμπων
3551 1166 3731 1243 βαθέά

2144 1272 2239 1324 καὶ
2293 1269 2612 1341 άπόκρυφα,
2638 1269 2844 1337 ταύτην
2877 1267 2973 1321 καὶ
3021 1267 3230 1337 ἑτέροις
3279 1266 3520 1336 φανερὰν
3553 1281 3725 1318 κατα-

2147 1365 2434 1436 στήσομεν,
2473 1363 2807 1434 μεμνημένοι
2834 1361 3082 1429 λέγοντος
3109 1358 3206 1412 τοῦ
3251 1358 3489 1431 Χριστοῦ
3511 1373 3526 1389 ο
3563 1377 3582 1408 ι
3612 1360 3724 1410 Δω-

2149 1457 2276 1528 ρεὰν
2309 1455 2550 1520 ἐλάϐετε,
2591 1454 2801 1526 δωρεάν
2830 1454 2969 1507 δότε.
3005 1472 3023 1505 ι
3072 1453 3396 1524 Ἀρχόμενος
3419 1451 3599 1506 τοίνυν
3622 1451 3722 1520 τῆς

2144 1549 2223 1610 εἰς
2248 1547 2338 1600 τὸν
2370 1546 2638 1618 μακάριον
2669 1546 2952 1616 προφήτην
2987 1544 3144 1615 Ὠσηὲ
3175 1542 3378 1613 σαφοῦς
3405 1541 3719 1616 ἑρμηνείας,

2145 1639 2320 1692 ἐκεῖνο
2345 1634 2758 1707 προεκθήσομαι
2785 1635 2879 1688 καὶ
2910 1633 3040 1705 περὶ
3066 1632 3175 1685 τῶν
3213 1631 3388 1688 ἄλλων
3429 1629 3722 1704 προφητῶν

2149 1735 2494 1806 συγγραφῆς.
2556 1735 2719 1798 Ἕθος
2769 1732 2880 1804 γὰρ
2938 1732 3186 1795 ἅπασιν,
3240 1731 3331 1794 οὒς
3379 1729 3446 1784 ἂν
3499 1730 3721 1782 ἕκαστοι

2147 1830 2381 1881 ποιοῖντο
2401 1828 2612 1896 λόγους,
2648 1825 3042 1898 μεταπλάττειν
3072 1822 3308 1886 εὐκόλως
3336 1822 3428 1875 ἐπὶ
3448 1821 3510 1874 τὸ
3534 1819 3722 1875 δοκοῦν

2145 1916 2222 1986 τῷ
2257 1917 2396 1988 ἁγίῳ
2428 1917 2727 1987 Πνεύματι,
2761 1916 2837 1979 ὡς
2884 1913 3017 1966 ποτὲ
3063 1913 3160 1983 μὲν
3209 1913 3274 1965 ἐκ
3315 1911 3414 1981 τῆς
3446 1908 3720 1980 ἱστορίας,

2145 2009 2262 2079 ἦτοι
2289 2009 2398 2063 τῶν
2425 2008 2720 2078 αἰσθητῶν,
2747 2007 2841 2060 καὶ
2865 2005 3027 2059 οίονεί
3060 2021 3177 2067 πως
3206 2005 3263 2056 ἐν
3286 2003 3407 2072 ὕψει
3431 2001 3720 2072 κειμένων,

2145 2101 2240 2153 καὶ
2293 2101 2594 2169 γεγονότων
2641 2098 2982 2170 πραγμάτων
3015 2097 3311 2165 ἀναφοιτᾷν
3363 2094 3600 2157 εὐκόλως
3644 2095 3723 2156 εἰς

2147 2191 2394 2244 ὲσώτατα
2434 2191 2778 2261 πνευματικά
2801 2205 2816 2222 ’
2854 2188 2984 2242 ποτὲ
3017 2187 3073 2240 δὲ
3103 2182 3168 2241 αὖ
3208 2186 3581 2240 καθικνεῖσθαι
3621 2187 3718 2240 πά-

2146 2281 2250 2344 λιν,
2280 2282 2374 2334 καὶ
2409 2280 2542 2334 πολὺ
2561 2281 2625 2352 δὴ
2649 2280 2768 2334 λίαν
2789 2278 3147 2350 ἀσυμφανῶς,
3175 2281 3267 2330 ἐπὶ
3293 2278 3359 2331 τὰ
3393 2280 3450 2330 ἐν
3473 2277 3724 2347 αἰσθήσει

2147 2371 2466 2444 πράγματα.
2517 2371 2749 2438 Πλείστη
2803 2371 2859 2423 δὲ
2894 2372 2992 2440 ὅση
3039 2370 3167 2442 παρ’
3204 2369 3386 2431 αὐτοῖς
3431 2368 3582 2438 καὶὴ
3613 2367 3725 2418 τῶν

2149 2462 2456 2534 προσώπων
2496 2460 2817 2531 ἐπεισφορά,
2855 2457 3206 2530 σχετλιασμοί
3240 2474 3334 2523 τε,
3371 2456 3464 2509 καὶ
3502 2457 3722 2524 ἀναφω-

2148 2555 2352 2623 νήσεις,
2375 2546 2470 2607 καὶ
2498 2553 2604 2606 τῶν
2625 2553 2725 2624 ήδη
2748 2550 3154 2623 παρῳχηκότων
3192 2550 3225 2619 ἡ
3253 2550 3460 2619 μνήμη,
3492 2549 3585 2601 καὶ
3617 2548 3727 2601 τῶν

2152 2645 2422 2716 ἐσομένων
2469 2643 2860 2716 προάγγελσις.
2904 2645 2996 2696 Δεῖ
3038 2641 3104 2713 δὴ
3156 2636 3250 2694 οὖν
3299 2640 3507 2694 ἕκαστα
3538 2637 3726 2706 σαφῶς

2151 2734 2618 2806 φιλοκρινοῦντας,
2649 2734 2740 2787 καὶ
2756 2733 2856 2803 τήν
2883 2731 2991 2785 τῶν
3014 2731 3300 2801 νοημάτων
3323 2727 3495 2792 τάξιν,
3521 2727 3615 2781 καὶ
3630 2727 3729 2797 τὴν

2149 2827 2258 2880 τῶν
2282 2825 2590 2898 προσώπων
2628 2823 2893 2895 διαφορὰν
2931 2821 3246 2890 ἀναγκαίως
3281 2822 3591 2892 ἐπιτηρεῖν·
3629 2836 3728 2871 σα·-

2152 2916 2258 2987 φὴς
2287 2917 2397 2988 γὰρ
2414 2916 2586 2979 οὕτως
2621 2917 2774 2987 ἡμῖν,
2804 2916 2898 2969 καὶ
2924 2915 3252 2984 ἀσύγχυτος,
3295 2913 3391 2967 καὶ
3413 2913 3731 2984 δυσχερείας

2151 3010 2371 3081 ἁπάσης
2417 3006 2838 3079 ἀπηλλαγμένος
2894 3005 3047 3060 ἔσται
3099 3023 3201 3059 που
3235 3005 3454 3068 πάντως
3493 3007 3522 3058 ὁ
3549 3004 3728 3072 λόγος.

2152 3100 2364 3171 Χρῆναι
2397 3099 2454 3153 δὲ
2487 3098 2891 3170 ὑπολαμϐάνω,
2931 3096 3428 3169 προαφηγήσασθαί
3460 3113 3579 3150 τινα
3621 3096 3732 3148 τῶν

2157 3189 2578 3261 συμϐεϐηκότων
2614 3191 2727 3251 τοῖς
2765 3187 2824 3255 ἐξ
2860 3188 3090 3258 αἵματος
3125 3185 3374 3260 Ἰσραὴλ,
3405 3188 3493 3241 ἵνα
3524 3187 3598 3259 μὴ
3635 3205 3734 3239 τα·-

2159 3282 2402 3352 ράττοιτο
2428 3281 2536 3335 τῶν
2567 3278 2962 3350 ἐντευξομένων
2987 3282 3016 3333 ὀ
3048 3277 3196 3344 νοῦς,
3231 3279 3362 3334 ποτὲ
3395 3279 3494 3350 μὲν
3519 3280 3734 3333 ἀκούων

2165 3372 2424 3443 Ἐφραῒμ,
2458 3373 2574 3424 καὶ·
2597 3371 2814 3443 Ἰσραὴλ
2835 3412 2850 3436 ,
2911 3372 3008 3425 καὶ
3051 3372 3236 3442 μέντοι
3274 3373 3370 3425 καὶ
3397 3371 3730 3442 Σαμάρειανο

2167 3465 2364 3517 Ἰούδαν
2398 3481 2455 3516 τε
2487 3461 2574 3529 αὖ,
2611 3464 2707 3517 καὶ
2752 3463 3029 3534 Βενιαμίν.
3078 3463 3313 3534 Πλείστη
3346 3462 3455 3534 γὰρ
3486 3464 3586 3532 ὅση
3624 3462 3734 3514 τῶν

2153 3553 2408 3606 τοιούτων
2453 3552 2732 3622 ὀνομάτων
2773 3551 2922 3622 παρά
2966 3553 3077 3616 τοῖς
3127 3553 3305 3620 ἁγίοις
3349 3552 3655 3622 προφήταις
3697 3554 3730 3619 ή

2158 3646 2367 3717 μνήμη.
2394 3647 2510 3698 Ἵνα
2539 3645 2716 3699 τοίνυν
2739 3645 2930 3698 είδείεν
2960 3645 3168 3699 ἕκαστα
3198 3643 3404 3713 σαφῶς,
3431 3644 3734 3698 ἀκουόντων

2154 3739 2236 3791 ὅτι
2259 3737 2356 3808 τήν
2383 3737 2476 3790 τοῦ
2507 3738 2710 3809 πατρὸς
2736 3737 3011 3808 βασιλείαν
3042 3739 3320 3809 περιέπων
3344 3737 3485 3791 κατὰ
3504 3741 3733 3806 καιροὺς

2155 3830 2212 3884 ἐν
2242 3832 2352 3893 τοῖς
2397 3829 2794 3901 Ἰεροσολύμοις
2817 3831 2846 3883 ό
2874 3828 3146 3900 Σολομὼν,
3173 3830 3496 3900 ἀνεδείματο
3523 3829 3622 3900 μὲν
3655 3830 3733 3896 τῷ

2155 3917 2276 3989 Θεῷ
2323 3919 2414 3973 τὸν
2459 3920 2742 3992 διαϐόητον
2801 3922 3007 3974 ἐκεῖνον
3053 3921 3148 3975 καὶ
3187 3921 3514 3989 ἀξιάγαστον
3562 3921 3697 3974 νεών
3713 3958 3732 3976 ς.

2169 4012 2329 4066 Ἀλλά
2351 4013 2526 4066 καίτοι
2557 4014 2676 4066 λίαν
2701 4005 2941 4082 γεγονὼς
2969 4013 3276 4083 διαπρεπής
3300 4013 3388 4067 διά
3412 4030 3471 4066 τε
3503 4011 3735 4067 πλούτου

2157 4105 2515 4176 λαμπρότητα
2533 4147 2547 4171 ,
2578 4105 2674 4159 καὶ
2702 4106 3021 4175 περιουσίαν
3069 4106 3367 4177 χρημάτων
3391 4147 3407 4173 ,
3453 4107 3533 4168 είς
3561 4107 3737 4177 γῆρας

2158 4195 2458 4266 ἐληλακὼς,
2475 4196 2566 4261 διά
2581 4214 2662 4250 τοι
2683 4196 2782 4268 τὴν
2795 4197 2874 4259 είς
2894 4199 3157 4265 γυναῖκας
3179 4197 3309 4250 αίδὼ
3329 4197 3738 4268 προσκέκρουκε

2157 4292 2236 4363 τῷ
2263 4291 2402 4362 Θεῷ.
2428 4291 2538 4345 Καὶ
2563 4293 2714 4353 ποῖος
2746 4289 2895 4360 αὑτῷ
2931 4289 3120 4357 γέγονε
3149 4288 3527 4359 πλημμελείας
3556 4291 3584 4343 ὀ
3609 4292 3738 4361 τρόο

2160 4402 2280 4448 πος.
2314 4385 2376 4438 τὸ
2412 4383 2554 4454 ἱερὸν
2606 4385 2735 4454 ήμίν
2769 4384 3116 4453 ἀφηγήσεται
3164 4382 3404 4452 Γράμμα
3428 4399 3441 4412 ⁸
3487 4383 3601 4453 ἔχει
3629 4385 3737 4454 γὰρ

2159 4475 2350 4538 οῦτωςθ
2387 4494 2406 4527 ‹
2442 4476 2553 4528 Καὶ
2579 4478 2606 4528 ὁ
2647 4474 2898 4546 βασιλεὺς
2929 4474 3086 4527 ἔλαϐε
3132 4476 3394 4543 γυναῖκας
3429 4473 3736 4546 ἀλλοτρίας,

485 4567 755 4623 Dominus
809 4566 935 4620 ﬁliis
994 4561 1350 4620 Israel:Non
1405 4555 1782 4628 ingredientini
1831 4561 1897 4613 ad
1943 4575 2053 4626 eas,

2164 4567 2258 4620 καὶ
2284 4567 2382 4637 τὴν
2414 4566 2686 4637 θυγατέρα
2727 4565 2923 4638 Φαραὼ
2945 4607 2958 4630 ,
2989 4566 3343 4629 Μωαϐίτιδας
3362 4607 3376 4628 ,
3423 4568 3739 4638 Ἀμμανίτι-

484 4669 662 4725 neque
702 4657 767 4710 de
810 4654 918 4709 illis
967 4653 1339 4722 ingredientur
1390 4651 1459 4704 ad
1506 4658 1734 4714 vestras,
1789 4665 1855 4704 ne
1901 4650 2061 4705 incli-

486 4758 621 4804 nent
654 4747 819 4801 corda
851 4756 1031 4798 vestra
1058 4752 1181 4814 post
1210 4741 1351 4796 idola
1393 4755 1511 4796 sua.
1549 4738 1646 4796 llis
1677 4755 1862 4795 amore
1891 4756 2058 4811 c0pu-

484 4837 630 4894 lattts
676 4843 762 4890 est.
818 4829 1095 4888 Salomon.
1148 4831 1214 4886 Et
1260 4838 1416 4885 erant
1451 4829 1502 4884 ei
1545 4845 1743 4886 uxores
1792 4830 2062 4900 principes

488 4928 872 4998 septingenta,
905 4932 961 4978 et
996 4922 1312 4978 concubinae
1346 4929 1618 4977 trecentae.
1660 4921 1728 4976 Et
1769 4921 1943 4975 factus
1978 4931 2062 4976 est

489 5021 547 5076 in
582 5029 826 5088 tempore
861 5014 1156 5071 senectutis
1185 5013 1461 5078 Salomon,
1491 5023 1547 5068 et
1568 5013 1907 5067 declinarunt
1942 5028 2064 5067 mu-

488 5113 650 5163 lieres
679 5105 995 5173 alienigenae
1026 5116 1118 5157 cor
1145 5103 1265 5173 ejus
1294 5113 1418 5172 post
1444 5103 1574 5158 deos
1606 5101 1837 5168 alienos,
1868 5111 1924 5157 et
1953 5119 2058 5158 non

487 5209 606 5254 erat
628 5214 722 5254 cor
747 5197 863 5266 ejus
892 5194 1190 5267 perfectum
1221 5210 1344 5250 cum
1378 5197 1605 5251 Domino
1636 5196 1748 5252 Deo
1769 5212 1890 5262 suo,
1919 5198 2060 5253 sicut

489 5306 586 5346 cor
616 5289 784 5344 David
819 5290 991 5360 patris
1020 5288 1160 5358 ejus.
1208 5287 1277 5342 Et
1307 5288 1599 5342 ambulavit
1637 5287 1893 5343 Salomon
1937 5299 2061 5355 post

489 5383 744 5436 Astarten
783 5380 1238 5436 abominationem
1287 5379 1658 5445 Sidoniorum,
1691 5386 1746 5434 et
1777 5364 1899 5449 post
1931 5379 2062 5434 Baal

491 5475 694 5531 idolum
739 5473 972 5529 filiorum
1015 5474 1267 5528 Ammon.
1308 5472 1374 5526 Et
1405 5471 1537 5528 fecit
1564 5472 1819 5528 Salomon
1861 5474 2060 5529 malum

490 5579 676 5621 coram
719 5559 982 5628 Domino,
1025 5573 1081 5618 et
1121 5577 1230 5617 non
1264 5561 1560 5617 ambulavit
1601 5571 1723 5632 post
1753 5562 2060 5631 Dominum,

489 5665 554 5712 ut
600 5655 768 5709 David
811 5667 967 5723 pater
991 5654 1128 5726 ejus.
1158 5654 1311 5711 Tunc
1333 5655 1628 5710 aedificavit
1660 5654 1920 5712 Salomon
1959 5670 2059 5712 ex-

561 5831 584 5863 ²
614 5829 806 5885 Matth.
832 5846 887 5897 ιι,
915 5831 969 5886 8.

2163 4657 2258 4721 δας
2283 4701 2296 4722 ,
2323 4657 2498 4730 Σύρας
2520 4699 2535 4722 ,
2563 4658 2657 4711 καὶ
2698 4656 3001 4727 Ἰδουμαίας
3022 4698 3036 4719 ,
3065 4659 3332 4721 Χετταίας
3354 4701 3368 4721 ,
3403 4660 3495 4712 καὶ
3540 4661 3738 4732 Ἄμορ-

2167 4745 2348 4820 ῥαίας,
2383 4749 2448 4801 ἐκ
2475 4749 2584 4799 τῶν
2631 4747 2800 4800 ἐθνῶν
2849 4741 2924 4800 ὧν
2974 4749 3174 4802 ἀπεῖπε
3217 4735 3421 4819 Κύριος
3465 4753 3577 4813 τοῖς
3603 4753 3738 4814 υἱοῖς

2178 4835 2412 4908 Ἰσραήλ·
2443 4833 2560 4890 Οὐκ
2581 4835 2953 4890 είσελεύσεσθε
2984 4829 3066 4900 ε’ίς
3090 4837 3308 4902 αὐτοὺς,
3343 4840 3436 4892 καὶ
3458 4841 3610 4894 αὐτοὶ
3637 4842 3739 4894 οὐκ

2166 4928 2562 4982 εἰσελεύσονται
2587 4929 2668 4992 είς
2692 4928 2858 4999 ὑμᾶς,
2892 4928 2979 4982 ἵνα
3016 4929 3091 4998 μὴ
3131 4928 3421 4982 ἐκκλίνωσι
3467 4932 3568 4995 τάς
3599 4949 3738 5003 καρ-

2164 5016 2285 5082 δίας
2328 5018 2482 5090 ὑμῶν
2525 5019 2701 5074 ὀπίσω
2747 5019 2858 5074 τῶν
2915 5019 3150 5074 εἰδώλων
3197 5020 3400 5074 αὐτῶν·
3438 5024 3519 5087 είς
3569 5023 3740 5088 αὑτὰς

2163 5109 2428 5182 ἐκολλήθη
2459 5109 2741 5183 Σολομὼν,
2775 5110 2871 5165 τοῦ
2912 5111 3371 5184 ἀγαπῆσαι.,Καὶ
3401 5108 3540 5186 ἦσαν
3588 5116 3738 5186 αύτῷ

2163 5205 2417 5272 γυναῖκες
2446 5203 2705 5273 ἄρχουσαι
2731 5203 3071 5264 ἑπτακόσιαι,
3104 5203 3198 5257 καὶ
3221 5204 3490 5258 παλλακαὶ
3520 5207 3741 5276 τριακό-

2165 5311 2298 5349 σιαι.
2328 5294 2437 5347 Καὶ
2460 5293 2691 5366 ἐγενήθη
2723 5295 2781 5348 ὲν
2803 5288 2880 5365 τῷ
2904 5293 3081 5365 καιρῷ
3118 5296 3306 5366 γήρως
3344 5295 3612 5364 Σολομὼν,
3644 5298 3740 5349 καί⁵

2156 5383 2437 5450 ἐξέκλιναν
2465 5386 2520 5437 ai
2553 5386 2807 5453 γυναῖκες
2827 5385 2882 5437 αἱ
2905 5385 3181 5457 ἀλλότριαι
3206 5385 3305 5457 τὴν
3327 5386 3555 5458 καρδίαν
3573 5388 3740 5440 αὑτοῦ

2157 5475 2334 5529 ὀπίσω
2363 5472 2501 5529 θεῶν
2521 5476 2744 5546 ἐτέρων.
2775 5477 2884 5530 Kal.
2916 5477 3016 5530 οὐκ
3041 5472 3109 5548 ἦν
3150 5480 3184 5548 ή
3224 5477 3422 5549 καρδία
3450 5477 3615 5531 αὑτοῦ
3647 5495 3738 5531 τε-

2158 5566 2278 5619 λεία
2315 5565 2453 5636 μετά
2489 5566 2697 5638 Κυρίου
2737 5567 2833 5621 τοῦ
2861 5566 2996 5620 Θεοῦ
3025 5567 3190 5622 αὑτοῦ
3213 5609 3228 5633 ,
3260 5567 3442 5632 καθὼς
3478 5570 3512 5640 ή
3541 5570 3740 5640 καρδία

2159 5655 2321 5711 Δαϐὶδ
2365 5654 2460 5709 τοῦ
2514 5658 2720 5729 πατρὸς
2781 5656 2967 5712 αὐτοῦ.
3012 5658 3125 5712 Καὶ
3172 5657 3441 5730 ἐπορεύθη
3487 5656 3743 5730 Σολομὼρ
