4046 6376
275 463 341 524 I3
1186 462 1740 526 COMMENTARIUS
1774 465 1845 527 IN
1882 464 2108 525 OSEAM
2148 462 2591 523 PROPIIE’I‘AM.
3458 461 3527 517 Μ

270 576 444 632 ὀπίσω
491 572 592 646 τῆς
652 574 951 649 ’Ἀστάρτης
1005 577 1372 649 βδελύγματος
1422 580 1723 647 Σιδωνίων,
1753 582 1848 634 καὶ

1955 580 2154 635 celsum
2202 580 2437 634 (Ihamos
2473 577 2617 631 idolo
2657 574 2834 638 Moab,
2862 586 2915 629 et
2945 575 3072 629 Baal
3108 576 3251 630 idolo
3284 575 3525 632 filiorum

271 669 443 723 ὀπίσω
474 669 568 723 τοῦ
596 669 774 734 Βάαλ,
802 670 1021 724 εἰδώλου
1055 672 1188 725 υἱῶν
1234 672 1435 744 Ἀμών.
1469 673 1580 727 Καὶ
1624 674 1849 746 ἐποίησε

273 758 525 831 Σολομὼν
554 760 615 813 τὸ
635 761 868 831 πονηρὸν
889 761 1118 816 ἐνώπιον
1144 764 1469 835 Κυρίου,καὶ
1491 764 1591 817 οὐκ
1617 764 1852 836 ἐπορεύ-

274 850 338 922 θη
380 852 558 903 ὀπίσω
607 852 811 921 Κυρίου
834 892 849 915 ,
883 851 958 917 ὡς
1004 852 1167 905 Δαϐἰδ
1200 854 1228 905 6
1272 854 1455 925 πατὴρ
1491 854 1680 909 αὐτοῦ.
1719 856 1853 909 Τότε

271 942 588 1014 ᾠκοδόμησε
612 940 863 1012 Σολομὼν
889 943 1089 1013 ὑψηλὸν
1109 943 1186 1014 τῷ
1209 944 1419 1014 Χαμὼς
1436 946 1638 1017 εἰδώλῳ
1655 946 1851 1012 Μωάϐ,

273 1033 371 1086 καὶ
402 1031 478 1102 τῷ
509 1032 654 1087 Βάαλ
692 1033 895 1105 εἰδώλῳ
938 1035 1067 1088 υἱῶν
1107 1034 1309 1107 Ἀμὼν,
1340 1038 1436 1091 καὶ
1470 1041 1538 1110 τῇ
1584 1039 1855 1112 Ἀστάρτῃ

278 1122 605 1193 βδελύγματι
660 1125 952 1182 Σιδωνίων.
1010 1127 1121 1181 Καὶ
1162 1126 1335 1193 οὕτως
1378 1130 1604 1202 ἐποίησε
1651 1133 1855 1196 πάσαις

276 1215 392 1277 ταῖς
447 1215 693 1283 γυναιξὶν
743 1217 907 1270 αὐτοῦ
961 1220 1085 1282 ταῖς
1126 1218 1467 1291 ἀλλοτρίαις,
1520 1222 1577 1276 αἰ
1617 1222 1854 1293 ἐθυμίων

277 1308 371 1359 καὶ
403 1306 556 1360 ἔθυον
586 1311 699 1372 τοῖς
749 1308 988 1374 εἰδώλοις
1034 1311 1233 1366 αὐτῶν.
1262 1312 1372 1366 Καὶ
1421 1313 1663 1384 ὠργίσθη
1698 1314 1855 1384 θυμῷ

278 1398 477 1468 Κύριος
498 1400 590 1452 ἐπὶ
605 1398 913 1470 Σολομῶνα.
932 1402 1014 1455 ὄτι
1040 1402 1281 1467 ἐξέκλινε
1306 1404 1518 1475 καρδίαδ
1554 1404 1720 1459 αὐτοῦ
1748 1406 1856 1459 ἀπὸ

279 1489 503 1559 Κυρίου.
536 1490 776 1562 Ἰσραὴλ,
810 1491 903 1545 τοῦ
943 1493 1199 1562 ὀφθέντος
1231 1495 1381 1567 αὐτῷ
1410 1496 1490 1562 δὶς
1516 1536 1532 1561 ,
1564 1497 1659 1550 καὶ
1686 1497 1857 1550 ἐντει-

277 1577 514 1649 λαμένου
558 1581 707 1652 αὐτῷ
760 1582 901 1653 ὑπὲρ
939 1584 1033 1637 τοῦ
1078 1584 1239 1655 λόγου
1268 1588 1481 1654 τούτου,
1531 1589 1856 1661 τοπαράπαν

284 1671 359 1743 μὴ
401 1673 735 1753 πορευθῆναι
785 1674 960 1728 ὀπίσω
1002 1675 1140 1730 θεῶν
1173 1678 1417 1753 ἐτέρωνο
1461 1680 1555 1732 καὶ
1592 1680 1854 1750 φυλάξαι,

282 1763 376 1814 καὶ
425 1763 647 1832 ποιῆσαι
675 1761 710 1815 ὃ.
736 1763 1038 1817 ἐνετείλατο
1091 1765 1240 1835 αὐτῷ
1282 1768 1310 1819 6
1339 1765 1543 1837 Κύριος
1590 1767 1618 1819 6
1666 1766 1850 1829 Θεός.»

292 1850 537 1919 Ἀπάσης
570 1852 666 1921 μὲν
694 1847 786 1905 οὖν
827 1851 1089 1906 ἐπέκεινα
1128 1853 1443 1916 δυσσεϐείας
1469 1853 1538 1907 τά
1568 1854 1663 1907 τοῦ
1697 1854 1857 1906 Σολο-

283 1942 492 2013 μῶντος
520 1943 579 1995 ἐν
620 1943 781 2013 γήρει
808 1942 1153 2014 τολμήματα.
1180 1944 1244 1997 Τί
1280 1944 1388 2016 γὰρ
1419 1946 1485 1999 ἂν
1512 1946 1721 2015 γένοιτο
1751 1945 1856 1999 τῶν
1888 1932 1929 1985 Β

281 2032 453 2097 οὕτως
490 2034 735 2087 ἐκτόπων
775 2034 1264 2105 πλημμελημάτων
1292 2036 1353 2088 τὸ
1391 2036 1856 2107 δυσαχθέστερον;

282 2120 351 2173 Ἦ
376 2120 494 2184 πῶς
522 2121 583 2173 οὐ
616 2121 755 2192 πέρα
787 2122 946 2191 λόγου
997 2123 1218 2187 παντὸς,
1271 2124 1533 2195 ἀλογῆσαι
1568 2126 1666 2196 μὲν
1696 2128 1860 2196 τιμῆς

279 2214 374 2268 καὶ
402 2214 627 2284 ἀγάπης
668 2216 766 2285 τῆς
796 2216 878 2279 εἰς
929 2217 1025 2270 τὸν
1065 2219 1162 2270 ἐνα
1192 2218 1283 2271 καὶ
1329 2218 1486 2286 φύσει
1527 2220 1620 2271 καὶ
1646 2219 1861 2290 ἀληθῶς

279 2306 407 2359 ὅντα
440 2306 595 2371 Θεὸν,
646 2307 705 2360 τὸ
752 2306 810 2359 δὲ
853 2308 1001 2380 αὐτῷ
1055 2310 1151 2363 καὶ
1210 2310 1356 2380 μόνῳ
1391 2311 1593 2381 προσὸν
1645 2309 1861 2381 ἀξίωμα

280 2401 373 2451 καὶ
405 2399 513 2452 τῶν
556 2399 846 2471 δαιμονίων
904 2403 1202 2473 ἀπονέμειν
1247 2403 1506 2472 ἀγέλαις,
1561 2405 1759 2475 μᾶλλον
1804 2404 1860 2457 δὲ

279 2492 445 2556 λίθοις
470 2493 729 2547 ἀνάπτειν
759 2494 854 2547 καὶ
881 2492 1088 2559 ξύλοις;
1124 2494 1339 2566 Ἐπειδὴ
1370 2496 1425 2548 δέ
1441 2495 1554 2565 ἦλω
1585 2513 1859 2566 πεφρονη-

280 2584 391 2646 κώς
436 2602 495 2637 τε
533 2585 627 2637 καί
668 2585 871 2656 δράσας
902 2585 939 2639 ἀ
991 2585 1125 2656 μηδὲ
1165 2586 1326 2656 θέμις
1356 2588 1529 2641 εἰπεῖν
1556 2627 1572 2653 ,
1626 2590 1720 2641 καὶ
1749 2591 1859 2652 τοῖς

280 2676 451 2740 οὕτως
478 2679 723 2749 αἰσχροῖς
760 2678 866 2749 πλη
876 2679 1226 2749 μμελήμασιν
1254 2678 1435 2749 ἔνοχος
1461 2679 1698 2748 γεγονὼς
1727 2698 1859 2733 κατ-

283 2770 552 2839 εφωρᾶτο,
615 2768 799 2845 λοιπὸν
840 2769 943 2840 ἔφη
974 2770 1111 2837 πρὸς
1140 2770 1302 2824 αὑτὸν
1325 2774 1354 2824 6
1385 2770 1493 2824 τῶν
1517 2772 1652 2825 ὅλων
1680 2772 1813 2834 Θεός
1843 2788 1855 2799 '

288 2879 308 2909 ι
348 2854 492 2911 Ἂνθ’
517 2853 593 2912 ὧν
630 2860 849 2927 ἐγένετο
880 2859 1054 2913 ταῦτα
1090 2860 1229 2931 μετὰ
1264 2860 1380 2925 σοῦ,
1417 2863 1511 2915 καὶ
1537 2862 1637 2915 οὐκ
1664 2863 1851 2931 ἐφύλαο

284 2950 378 3015 ξας
426 2953 524 3014 τάς
561 2950 776 3015 ἐντολάς
813 2969 913 3022 μου
981 2952 1077 3005 καί
1109 2952 1175 3005 τά
1224 2952 1622 3023 προστάγματά
1649 2970 1784 3024 μου.
1824 2954 1859 3007 ἃ

283 3042 631 3112 ἐνετειλάμην
663 3059 765 3105 σοι,
795 3044 1141 3114 διαρῤήσσων
1165 3043 1440 3115 διαρρήξω
1460 3045 1557 3116 τὴν
1588 3044 1859 3115 βασιλείαν

282 3134 347 3184 ἐκ
377 3134 556 3202 χειρός
589 3149 704 3197 σου,
731 3134 826 3185 καὶ
851 3132 1008 3186 δώσω
1038 3132 1207 3204 αὐτὴν
1240 3132 1318 3203 τῷ
1346 3134 1521 3204 δούλῳ
1565 3151 1680 3190 σου.
1712 3136 1859 3204 Πλὴν

281 3224 339 3276 ἐν
367 3226 487 3287 ταῖς
528 3226 763 3296 ἡμέραις
796 3242 888 3278 σου
923 3226 983 3279 οὐ
1012 3226 1225 3296 ποιήσω
1264 3226 1430 3290 αὐτὰ,
1454 3226 1542 3280 διὰ
1573 3227 1738 3280 Δαϐὶδ
1768 3228 1859 3279 τὸν

1952 674 2206 736 Ammon,
2254 681 2309 725 et
2354 672 2582 724 Astartae
2611 667 3000 722 abominationi
3035 667 3404 725 Sidoniorum.
3428 670 3528 723 At-

1952 779 2058 833 que
2090 764 2142 817 itt
2177 764 2318 817 hunc
2353 762 2569 816 modum
2614 759 2743 815 fecit
2792 760 3057 815 universis
3097 761 3360 816 uxoribus
3409 760 3526 816 suis

1952 855 2308 925 alienigenis,
2371 868 2490 922 quae
2546 851 2832 905 adolebant
2897 852 3095 917 thura,
3161 862 3217 908 et
3273 852 3525 907 immola-

1948 952 2082 1006 bant
2103 950 2205 1004 diis
2225 949 2355 1004 suis.
2384 949 2448 1003 Et
2471 948 2641 1002 iratus
2666 956 2745 1001 est
2771 945 3030 1001 Dominus
3057 946 3353 1012 Salomoni,
3381 945 3522 1015 quod

1954 1043 2281 1098 declinasset
2309 1055 2402 1095 cor
2439 1054 2593 1093 suum
2626 1055 2653 1093 a
2679 1038 2907 1093 Domino
2938 1039 3045 1093 Deo
3073 1036 3263 1100 Israel,
3299 1037 3392 1106 qui
3428 1052 3525 1105 ap-

1954 1140 2209 1202 paruerat
2252 1134 2301 1188 ei
2356 1131 2616 1195 secundo,
2677 1140 2733 1185 et
2776 1136 3109 1200 praeceperat
3159 1128 3207 1183 ei
3255 1128 3320 1182 de
3362 1129 3525 1183 verbo

1954 1222 2079 1285 hoc,
2130 1230 2189 1277 ut
2227 1220 2446 1290 penitus
2494 1235 2602 1274 non
2649 1228 2969 1288 sequeretur
3023 1218 3153 1272 deos
3204 1216 3430 1280 alienos,
3468 1227 3526 1271 et

1956 1314 2279 1378 custodiret,
2325 1327 2392 1367 ac
2435 1312 2634 1366 faceret
2678 1325 2799 1380 quae
2853 1310 3131 1365 mandavit
3177 1310 3226 1365 ei
3264 1308 3524 1366 Dominus
3616 1358 3623 1365 .

1957 1403 2101 1460 Deus
2120 1404 2160 1458 ³.
2200 1421 2220 1457 ι
2272 1402 2501 1459 Omnem
2530 1417 2659 1470 ergo
2682 1402 3010 1471 impietatem
3042 1400 3330 1456 commissa
3361 1415 3389 1452 a
3424 1399 3526 1454 Sa-

1958 1497 2170 1549 lomone
2199 1496 2310 1565 jam
2350 1508 2479 1549 sene
2508 1492 2750 1547 facinora
2792 1500 3141 1562 superarunt.
3192 1490 3330 1557 Quid
3378 1491 3522 1544 enim

1960 1599 2067 1642 tant
2116 1586 2340 1642 nefariis
2392 1586 2691 1642 sceleribus
2742 1583 3025 1640 odiosius?
3087 1592 3181 1638 aut
3229 1582 3352 1653 quis
3392 1584 3526 1635 satis

1957 1680 2190 1749 explicet
2213 1694 2375 1750 quam
2410 1679 2484 1733 sit
2508 1678 2757 1748 impium,
2791 1676 2996 1730 honore
3020 1685 3075 1728 et
3102 1674 3372 1730 charitate
3396 1687 3525 1743 erga

1959 1786 2122 1825 unum
2169 1778 2225 1825 et
2257 1778 2449 1824 natura
2502 1784 2566 1824 ac
2595 1784 2724 1824 vere
2767 1768 2932 1823 Deum
2975 1776 3304 1837 contempta,
3355 1765 3527 1834 ipsius

1960 1861 2127 1917 solius
2173 1861 2549 1916 excellentiam
2612 1859 3039 1930 dignitatemque
3066 1857 3369 1912 daemonum
3405 1871 3526 1927 gre-

1961 1955 2138 2025 gibus,
2175 1954 2285 2008 imo
2342 1966 2473 2007 vero
2521 1952 2790 2022 lapidibus
2837 1962 2999 2020 atque
3039 1948 3199 2019 lignis
3246 1945 3527 2002 tribuere?

1960 2046 2221 2109 Quoniam
2269 2059 2399 2101 vero
2434 2055 2490 2100 et
2532 2044 2790 2115 cogitare,
2826 2052 2881 2098 et
2929 2042 3110 2098 facere
3156 2043 3304 2096 dictu
3356 2041 3523 2095 etiam

1963 2138 2124 2204 fteda,
2173 2145 2228 2192 et
2266 2137 2401 2192 adeo
2432 2136 2680 2206 turpibus
2709 2134 3005 2190 obstrictus
3035 2133 3249 2189 delictis
3272 2148 3527 2204 comper-

1963 2239 2048 2284 tus
2104 2238 2209 2296 est,
2261 2229 2514 2297 deinceps
2562 2228 2629 2281 ab
2683 2228 3056 2282 universorum
3116 2224 3224 2280 Deo
3278 2225 3523 2280 audivit:

1968 2338 1985 2370 ε
2017 2318 2152 2386 Quia
2208 2319 2322 2373 hazc
2374 2318 2513 2371 facta
2566 2325 2695 2371 sunt
2749 2326 2946 2381 tecum,
3007 2325 3063 2370 et
3104 2330 3209 2369 non
3242 2315 3525 2370 custodisti

1961 2420 2227 2480 praecepta
2274 2423 2389 2462 mea
2434 2416 2490 2462 et
2539 2406 2787 2460 mandata
2820 2421 2960 2470 mea,
2987 2420 3105 2475 quae
3127 2406 3372 2460 mandavi
3406 2405 3525 2469 tibi,

1962 2501 2198 2555 avellens
2232 2498 2455 2551 evellam
2502 2511 2725 2565 regnum
2782 2497 2851 2550 de
2898 2512 3056 2549 manu
3110 2506 3220 2549 tua.
3277 2505 3330 2550 et
3391 2497 3526 2550 dabo

1962 2591 2094 2645 illud
2148 2604 2305 2644 servo
2347 2597 2459 2642 tuo.
2505 2588 2884 2643 Verumtamen
2927 2586 2980 2640 in
3023 2586 3210 2640 diebus
3261 2586 3365 2639 tuis
3420 2603 3524 2639 non

1962 2680 2151 2736 faciam
2178 2681 2301 2744 hoc,
2326 2688 2545 2749 propter
2574 2678 2739 2732 David
2788 2684 2995 2747 patrem
3030 2684 3199 2730 tuum.
3253 2678 3325 2731 De
3366 2692 3527 2730 manu

1962 2771 2056 2826 lilii
2095 2771 2170 2825 tui
2207 2770 2448 2825 auferam
2484 2769 2633 2823 illud.
2674 2768 3049 2822 Verumtamen
3089 2778 3256 2821 totum
3302 2782 3524 2837 regnum

1961 2878 2066 2917 non
2111 2861 2167 2928 Α
2210 2860 2480 2927 auferam;
2532 2869 2804 2928 sceptrum
2857 2873 3018 2912 unum
3070 2858 3209 2912 dabo
3259 2857 3373 2912 filio
3411 2868 3522 2918 tuo,

1959 2964 2179 3024 propter
2237 2951 2403 3006 David
2460 2966 2674 3006 servum
2731 2964 2952 3013 meum,
3015 2959 3069 3003 et
3107 2959 3328 3019 propter
3358 2948 3520 3003 Jeru-

1959 3042 2149 3106 salem,
2210 3039 2396 3095 urbem
2439 3053 2599 3108 quam
2653 3038 2788 3107 elegi
2823 3037 2865 3089 ⁸.
2913 3056 2932 3089 ι
2985 3037 3277 3107 Postquam
3336 3039 3522 3102 enim,

1960 3144 2018 3189 ut
2066 3133 2212 3198 dixi,
2276 3144 2461 3187 amore
2516 3131 2798 3185 mulierum
2865 3130 3077 3197 victus,
3136 3134 3385 3201 quamvis
3437 3149 3526 3187 sa-

1959 3224 2328 3295 pientissimus
2384 3222 2678 3286 Salomon,
2747 3222 2837 3278 Dei
2906 3236 3162 3294 regnum,
3217 3240 3321 3294 qua
3380 3241 3515 3281 ausu

283 3317 496 3386 πατέρα
532 3333 646 3371 σου.
697 3316 791 3370 Ἐκ
835 3320 1020 3387 χειρὸς
1070 3317 1188 3370 ι)ἰοῦ
1238 3334 1332 3372 σου
1378 3318 1618 3389 λήψομαι
1661 3320 1851 3389 αὑτήν.

1959 3325 2014 3371 et
2061 3323 2287 3379 conatu,
2329 3322 2537 3368 tantum
2585 3328 2690 3367 non
2735 3314 2974 3380 discidit,
3024 3315 3145 3385 ipsi,
3178 3326 3232 3371 et
3262 3316 3359 3371 soli
3392 3332 3525 3371 con-

282 3405 451 3477 Πλὴν,
482 3405 610 3476 ὃλην
635 3405 733 3476 τὴν
763 3404 1036 3475 βασιλείαν
1066 3406 1127 3459 οὐ
1160 3408 1234 3477 μὴ
1262 3406 1413 3460 λάϐω
1436 3426 1451 3440 ο
1487 3410 1762 3479 σκῆπτρον
1795 3408 1853 3460 ἒν

281 3493 437 3547 δώσω
471 3493 551 3564 τῷ
581 3494 682 3565 υἱῷ
720 3509 814 3547 σου
839 3534 854 3560 ,
910 3494 1000 3547 διὰ
1049 3495 1211 3549 Δαϐἰδ
1255 3495 1346 3548 τὸν
1372 3495 1557 3549 δοῦλόν
1587 3514 1712 3566 μου,
1763 3497 1853 3549 καὶ

280 3586 370 3638 διὰ
408 3586 758 3658 Ἰερουσαλὴμ
783 3589 881 3660 τὴν
905 3589 1081 3652 πόλιν,
1105 3588 1172 3659 ἢν
1207 3588 1557 3659 ἐξελεξάμην.
1590 3607 1608 3640 r
1639 3588 1851 3660 Ἐπειδὴ

282 3680 412 3747 γάρ,
462 3679 539 3740 ὡς
576 3678 734 3748 ἔφην,
759 3679 859 3749 τῆς
890 3681 969 3743 εἰς
1000 3683 1263 3748 γυναῖκας
1289 3680 1580 3750 ἐπιθυμίας
1605 3680 1849 3750 ἡττώμε-

282 3785 394 3832 νος,
420 3771 596 3823 καίτοι
622 3771 782 3841 σοφὸς
809 3772 884 3825 ὣν
913 3773 1071 3842 ἄγαν,
1101 3774 1129 3826 6
1164 3772 1412 3842 Σολομὼν
1442 3774 1718 3843 μονονουχὶ
1758 3773 1852 3825 καὶ

283 3860 405 3913 ὅσον
432 3860 555 3930 ἥκει
580 3862 754 3915 εἰπεῖν
781 3864 861 3925 εἰς
891 3862 1308 3934 ἐγχειρημάτων
1343 3862 1592 3932 δύναμιν,
1625 3861 1723 3932 τὴν
1757 3861 1850 3913 τοῦ

282 3951 418 4004 Θεοῦ
449 3951 725 4021 βασιλείαν
752 3954 1061 4028 διέρρηξεν,
1097 3954 1335 4018 εἰδώλοις
1362 3955 1616 4008 ἀνάπτων
1639 3954 1734 4025 τὴν
1756 3954 1853 4007 αὑ-

278 4043 357 4114 τῷ
408 4045 505 4097 καὶ
550 4044 696 4115 μόνῳ
737 4047 1196 4117 πρεπωδεστάτην
1244 4047 1410 4117 τιμήν
1443 4063 1500 4100 τε
1539 4045 1632 4100 καὶ
1671 4042 1847 4111 δόξαν,

278 4135 555 4207 ταύτῃτοι,
586 4138 681 4189 καὶ
709 4138 850 4207 μάλα
874 4140 1119 4203 εἰκότως,
1145 4138 1535 4211 διαῤῥηγνύναι
1562 4138 1694 4202 Θεὸς
1747 4140 1849 4191 ἐπ-

282 4223 497 4291 ηπείλει
526 4223 626 4295 τὴν
660 4224 935 4295 βασιλείαν
975 4226 1159 4291 αὐτοῦ,
1190 4230 1301 4290 τοῖς
1346 4226 1482 4291 ἴσοις
1513 4226 1847 4291 ἀπιλυπῶν,

281 4314 421 4367 κατά
464 4315 527 4367 τὸ
567 4317 627 4368 ἐν
681 4315 761 4386 τῷ
805 4318 1060 4388 προφήτῃ
1110 4319 1503 4391 γεγραμμένον
1565 4318 1847 4388 Ἰεζεχιήλ·

286 4423 305 4455 ‹
341 4403 537 4468 Καθὼς
567 4406 847 4476 ἐποίησας,
880 4406 1051 4471 οὕτως
1077 4410 1228 4462 ἐσται
1256 4426 1367 4463 σοι·
1397 4410 1459 4462 τὸ
1498 4410 1851 4479 ἀνταπόδομά

280 4504 398 4549 σου,
429 4490 915 4561 ἀνταποδοθήσεται
948 4490 1039 4553 εἰς
1060 4492 1304 4563 κεφαλήν
1334 4509 1447 4545 σου.
1480 4510 1497 4543 r
1545 4491 1759 4561 Ἐπειδὴ
1793 4492 1849 4545 δὲ

278 4579 492 4634 ἀπεϐίω
521 4580 772 4650 Σολομὼν
790 4621 805 4646 ,
836 4582 1096 4651 κέκληται
1127 4583 1262 4654 πρὸς
1304 4583 1575 4653 βασιλείαν
1606 4587 1635 4638 6
1664 4586 1723 4652 ἐξ
1752 4588 1849 4638 αὑ-

1957 3405 2418 3461 veuientissimum
2483 3404 2780 3479 honorem,
2847 3414 3009 3474 atque
3077 3406 3301 3477 gloriam
3368 3407 3527 3462 idolis

1955 3510 2306 3560 conservans,
2364 3494 2591 3560 idcirco,
2631 3502 2686 3549 et
2717 3496 2936 3564 quidem
2970 3496 3293 3561 rectissime,
3327 3495 3524 3550 discis-

1954 3586 2155 3640 sumiri
2207 3600 2433 3656 regnum
2474 3585 2594 3655 ejus
2630 3585 2774 3640 Deus
2811 3587 3209 3649 comminatur,
3261 3601 3358 3655 par
3408 3587 3523 3656 pari

1955 3676 2231 3743 referens,
2284 3685 2345 3730 ut
2401 3677 2662 3745 scriptum
2711 3685 2799 3731 est
2848 3676 2902 3729 in
2955 3674 3282 3730 Ezechiele:
3320 3694 3341 3727 ι
3373 3676 3528 3732 Sicut

1953 3768 2149 3835 fecisti,
2200 3768 2281 3824 sic
2325 3768 2431 3822 erit
2479 3767 2615 3821 tibi:
2648 3767 2933 3822 retributio
2978 3777 3065 3821 tua
3115 3767 3441 3822 retribuetur
3469 3770 3525 3823 in

1953 3868 2113 3927 caput
2142 3869 2289 3913 tuum
2326 3859 2368 3913 ⁸.
2412 3877 2431 3911 ι
2495 3858 2760 3913 Defuncto
2821 3857 3151 3924 Salomone,
3207 3859 3349 3914 ﬁlius
3404 3859 3526 3930 ejus

1953 3951 2193 4005 Robo-am
2231 3951 2297 4005 ad
2339 3965 2565 4021 regnum
2599 3959 2820 4005 vocatus
2842 3961 2944 4004 est.
2978 3950 3130 4005 Tunc
3162 3962 3285 4006 tunc
3318 3952 3524 4007 divisus

1951 4054 2039 4111 est,
2055 4043 2241 4109 Israel,
2260 4052 2316 4099 et
2343 4043 2411 4098 ab
2433 4043 2822 4115 Hierosolymis
2842 4045 3027 4100 decem
3065 4043 3237 4100 tribus
3260 4045 3523 4102 discesse-

1952 4146 2097 4199 runt,
2128 4150 2232 4189 una
2260 4149 2382 4191 cum
2407 4135 2628 4190 dimidia
2663 4136 2828 4201 tribu,
2868 4135 3259 4204 Ephraimitica
3292 4138 3518 4193 scilicet.

1952 4225 2028 4280 Ex
2062 4225 2259 4294 Joseph
2288 4225 2553 4295 siquidem
2610 4226 2857 4295 prognati
2905 4225 3163 4294 Ephraim
3207 4237 3263 4282 et
3308 4226 3522 4284 Manas-

1950 4332 2071 4380 ses,
2118 4317 2440 4372 auctoritate
2479 4326 2535 4371 et
2586 4316 2859 4372 voluntate
2903 4316 3093 4382 Jacob,
3123 4321 3280 4388 primi
3327 4323 3518 4390 patris,

1952 4425 2049 4478 pro
2102 4425 2207 4464 una
2254 4411 2395 4464 tribu
2454 4409 2855 4479 reputabantur.
2896 4410 3038 4465 Dixit
3073 4412 3215 4466 enim
3246 4412 3515 4483 Juseplto:

1957 4519 1975 4552 ι
2008 4501 2167 4555 Nunc
2212 4500 2379 4571 igitur
2419 4501 2474 4554 hi
2515 4502 2621 4554 duo
2649 4500 2745 4555 filii
2780 4500 2873 4564 tui,
2910 4502 3000 4571 qui
3031 4502 3139 4556 nati
3174 4511 3299 4556 sunt
3332 4504 3425 4557 tibi
3462 4504 3519 4558 in

1952 4587 2209 4659 :Egypto,
2255 4601 2542 4659 antequam
2592 4590 2833 4645 venirem
2877 4594 2944 4645 ad
2999 4600 3050 4646 te
3094 4593 3148 4657 in
3200 4592 3517 4664 Egyptum,

277 4670 394 4735 τοῦ,
430 4672 730 4737 τουτέστιν,
767 4673 796 4723 6
834 4671 1087 4743 Ῥοϐοάμ.
1118 4674 1250 4727 Τότε
1278 4674 1362 4746 δὴ,
1386 4676 1507 4729 τότε
1522 4675 1847 4748 κατασχίζε-

1956 4682 2059 4737 mei
2112 4691 2277 4747 sunt,
2328 4682 2586 4752 Ephraim
2625 4690 2682 4738 et
2717 4681 2994 4738 Manasses
3044 4684 3184 4738 sicut
3224 4684 3410 4741 Ruben
3463 4696 3520 4741 et

278 4778 369 4815 ται
400 4762 583 4817 λοιπὸν
615 4764 645 4814 6
696 4764 930 4835 Ἰσραὴλ,
970 4767 1063 4818 καὶ
1121 4767 1456 4835 άποφοιτῶσι
1489 4769 1587 4839 μὲν
1629 4770 1853 4841 Ἰεροσο-

278 4850 463 4921 λύμων
488 4854 543 4904 αἱ
569 4852 702 4906 δέκα
733 4854 931 4922 φυλαὶ,
960 4854 1057 4908 καί
1086 4855 1149 4908 τὸ
1174 4856 1344 4925 ἥμισυ
1379 4857 1550 4927 φυλῆς
1591 4857 1846 4928 Ἐφραῖμ.

276 4943 705 5012 Κατελογίζοντο
759 4946 868 5018 γὰρ
923 4947 1003 5011 εἰς
1034 4948 1164 5018 μίαν
1228 4947 1399 5019 φυλὴν
1426 4950 1477 5002 οἱ
1533 4950 1594 5014 ἐξ
1652 4952 1849 5022 Ἰωσὴφ

274 5037 563 5103 γεγονότες
588 5038 696 5091 υἱοὶ
744 5037 984 5110 Ἐφραϊμ
1032 5057 1093 5093 τε
1123 5040 1216 5093 καί
1238 5040 1554 5110 Μανασσῆς,
1578 5041 1735 5095 τοῦτο
1755 5042 1848 5094 τοῦ

276 5129 620 5201 προπάτορος
670 5129 861 5184 Ἰακὼϐ
910 5134 1133 5201 κρατεῖν
1185 5130 1559 5204 ἐθελήσαντος.
1615 5132 1845 5203 Εἴρηται

274 5219 387 5290 γάρ
403 5236 486 5273 τοι
520 5221 656 5291 πρὸς
677 5223 769 5276 τὸν
811 5223 1032 5293 Ἰωσήφ·
1068 5242 1087 5275 ι
1121 5221 1234 5277 Νῦν
1258 5218 1351 5277 οὖν
1382 5225 1431 5277 οἰ
1456 5224 1551 5279 δύο
1580 5225 1683 5278 υἰοί
1715 5240 1808 5278 σου
1829 5266 1844 5290 ,

273 5316 321 5366 οί
346 5314 629 5384 γενόμενοί
651 5332 732 5368 σοι
754 5315 813 5369 ἐν
838 5316 1119 5387 Αἰγύπτῳ,
1156 5317 1262 5387 πρὸ
1286 5316 1378 5370 τοῦ
1408 5314 1583 5370 ἐλθεῖν
1614 5334 1682 5387 με
1710 5317 1845 5387 πρὸς

275 5406 335 5458 σὲ
362 5408 442 5469 εἰς
466 5406 759 5472 Αἴγυπτον,
792 5406 914 5476 ἐμοί
939 5408 1043 5459 εἰσι
1060 5448 1075 5472 ,
1120 5406 1359 5478 Ἐφραίμ
1383 5447 1397 5471 ,
1432 5407 1528 5460 καὶ
1555 5408 1842 5477 Μανασσῆν

271 5494 346 5557 ὡς
392 5496 485 5549 καὶ
523 5496 783 5567 Ῥουϐὴμ,
816 5498 909 5550 καὶ
939 5497 1181 5568 Συμεὼν,
1210 5496 1424 5551 ἔσονταί
1458 5514 1598 5567 μοι.»
1633 5498 1843 5552 Οὐκοῦν

271 5586 327 5638 αἰ
357 5585 456 5653 μὲν
479 5585 611 5638 δέκα
638 5586 802 5655 φυλαὶ
826 5587 922 5640 καὶ
953 5586 1014 5641 τὸ
1040 5589 1209 5658 ἥμισυ
1234 5587 1335 5656 τῆς
1365 5588 1523 5657 μιᾶς,
1563 5587 1841 5641 τουτέστιν

284 5677 545 5748 Ἐφραΐμ,
580 5677 862 5749 ἀπῴχοντο
898 5678 997 5749 μὲν
1029 5681 1109 5743 είς
1140 5678 1237 5751 τὴν
1288 5678 1620 5750 Σαμάρειαν,
1649 5677 1752 5744 ἔξω
1782 5679 1838 5732 δὲ

1954 4773 2189 4844 Symeon
2236 4773 2629 4841 reputabuntur
2670 4772 2800 4826 mihi
2828 4772 2914 4825 ⁸.»
2959 4772 3145 4841 Itaque
3193 4773 3375 4829 decem
3422 4777 3520 4828 tri-

1952 4864 2073 4925 bus,
2114 4870 2169 4917 et
2200 4862 2357 4917 unius
2397 4861 2698 4926 dimidium,
2743 4863 2845 4916 hoc
2874 4871 2979 4927 est,
3018 4862 3294 4932 Ephraim,
3329 4865 3380 4917 itt
3413 4864 3519 4919 Sa-

1952 4952 2177 5007 mariam
2228 4962 2634 5016 concesserunt,
2691 4951 2937 5007 alienatae
2979 4968 3009 5006 a
3054 4969 3219 5023 regno
3254 4955 3515 5009 Roboam.

1950 5042 2263 5097 Manserunt
2304 5053 2483 5098 autem
2525 5043 2912 5115 Hierosolymis
2965 5044 3054 5115 qui
3112 5046 3166 5099 in
3201 5046 3342 5100 tribu
3379 5045 3515 5102 Juda

1949 5142 2001 5187 et
2049 5132 2330 5203 Benjamin
2370 5135 2811 5188 numerabantur.
2847 5134 2947 5188 Ast
2997 5152 3121 5201 rege
3167 5146 3223 5190 et
3252 5136 3387 5190 duce
3416 5137 3514 5191 de-

1949 5225 2122 5278 stituti
2162 5223 2253 5294 qui
2286 5234 2442 5278 erant
2487 5224 2542 5277 in
2590 5223 2860 5289 Samaria,
2903 5240 3023 5280 cum
3062 5224 3396 5280 Rohoamum
3448 5232 3516 5282 de

1951 5315 2353 5371 incursionibus
2384 5324 2692 5383 suspectum
2720 5315 3002 5381 haberent,
3031 5326 3085 5370 et
3108 5331 3230 5370 cum
3256 5318 3517 5373 uxoribus

1946 5404 2243 5475 liberisque
2282 5405 2511 5460 exitium
2545 5416 2947 5475 exspectarent,
2983 5407 3269 5463 Jeroboam
3299 5423 3513 5464 servum

1948 5496 2276 5563 Salomonis,
2327 5498 2421 5568 qui
2471 5498 2524 5554 in
2572 5496 2865 5571 Egyptum
2912 5500 2977 5555 ad
3021 5499 3269 5556 Susacim
3330 5517 3513 5572 regem

1945 5589 2277 5657 perlugerat,
2328 5589 2678 5656 accersitum,
2719 5590 2902 5646 statim
2950 5591 3247 5662 principem
3293 5607 3518 5649 creave-

1947 5686 2175 5745 runt,et
2202 5680 2354 5748 regni
2399 5690 2613 5753 sceptro
2660 5682 2934 5741 hominem
2982 5684 3270 5743 scelestum
3309 5687 3512 5743 condo-

346 5824 907 5923 'lllReg.xt,l-l0.
984 5856 1370 5913 ‘ibid.ll-t5.
1449 5857 1942 5925 'Ezeclt.xtt,ll.
2019 5858 2203 5917 “Gen.
2239 5874 2424 5928 XLVIII,
2456 5861 2507 5915 δ.
