4046 6376
522 386 592 442 13
1537 387 1596 442 S.
1636 384 1910 442 CYBILLI
1949 382 2418 440 ALEXANDRINI
2458 383 2779 440 ARClllEP.
3699 380 3766 438 16

522 498 846 557 corarunt'.
889 497 1019 553 Erat
1068 505 1248 552 autem
1301 495 1588 553 Jeroboam
1645 499 1712 553 de
1771 505 1975 566 monte,
2037 507 2088 554 et

2195 499 2294 571 τῆς
2319 499 2558 570 Ῥοϐοάμ
2587 499 2845 568 γεγόνασι
2883 497 3183 568 βασιλείας,
3223 499 3676 570 ἀπομεμενήκασι
3709 498 3767 553 δὲ

521 592 664 647 tribu
719 589 997 660 Epliraim.
1047 588 1163 645 Rex
1218 591 1546 646 constitutus
1573 590 1638 646 de
1669 597 1866 646 cetero
1903 604 2089 645 secum

519 672 893 754 pertractavit,
931 697 1164 752 quonam
1195 683 1354 738 modo
1385 697 1611 754 regnum
1639 697 1796 737 suum
1824 683 2093 739 stabiliret

518 782 681 844 atque
697 776 1065 841 conﬁrmaret,
1085 784 1138 829 et
1153 789 1341 830 eorum
1365 775 1457 844 qui
1475 788 1534 830 se
1554 773 1829 845 elegerant
1845 775 2090 830 voluntas

521 870 589 920 ad
620 865 765 920 aliud
809 866 1094 920 consilium
1127 865 1515 934 capessendum
1558 880 1626 920 ne
1659 874 2115 941 converteretur._

517 953 722 1009 Deinde
743 967 864 1007 cum
889 954 1120 1018 timeret,
1149 968 1219 1008 ne
1242 952 1380 1008 forte
1402 953 1722 1024 religionum
1749 967 1780 1008 a
1803 953 1920 1021 lege
1955 969 2091 1022 prae-

516 1046 718 1115 scripta
727 1061 867 1110 rum,
891 1055 948 1100 et
961 1044 1221 1100 festorum
1240 1061 1360 1116 qua:
1373 1043 1762 1114 Hierosolymis
1777 1059 2092 1115 perageren-

518 1147 608 1193 tur
630 1139 942 1194 recordatus
968 1139 1132 1194 lsrael
1153 1181 1168 1205 ,
1189 1139 1258 1194 ad
1282 1146 1461 1194 vetera
1483 1138 1732 1193 instituta
1759 1148 2086 1204 recurreret,

491 1263 495 1267 -
517 1228 568 1300 5
581 1239 635 1284 et
650 1228 1043 1301 Roboamijngo
1058 1230 1343 1300 deintegro
1354 1227 1731 1296 subjiceretur,
1747 1229 1880 1283 duos
1893 1229 2089 1285 vitulos

513 1339 707 1379 aureos
725 1323 1022 1378 fabricatus
1065 1324 1315 1386 est,etad
1331 1320 1572 1376 divinum
1611 1320 1814 1375 cultum
1844 1321 1897 1374 in
1913 1322 2090 1376 excel-

515 1431 634 1470 sum
652 1415 941 1470 ascendere
971 1413 1224 1468 lsraelem
1239 1413 1570 1478 faciens,eos
1599 1411 1849 1480 precibus
1868 1412 2089 1467 etvicti-

515 1506 620 1559 mis
645 1504 887 1560 venerari
919 1503 1230 1574 suppliciter
1252 1502 1437 1572 jussit.
1460 1522 1478 1554 ι
1517 1501 1585 1555 Ει
1614 1501 1817 1571 posuit,
1841 1520 1860 1554 ι
1895 1503 2086 1571 inquit,

521 1616 540 1648 ι
565 1611 730 1650 unum
747 1596 962 1666 quidem
995 1596 1048 1649 in
1079 1595 1320 1665 Galgala,
1351 1594 1513 1649 alium
1559 1593 1612 1648 in
1645 1593 1778 1656 Dan,
1815 1611 1835 1643 ι
1863 1594 2086 1650 urbibus

517 1693 572 1745 in
616 1690 1002 1746 Samaritarum
1056 1690 1333 1760 provincia
1412 1700 1538 1744 ante
1585 1689 1719 1742 alias
1762 1689 2084 1745 illustribus.

515 1781 700 1852 itaque
721 1784 907 1837 decem
942 1785 1131 1847 tribus,
1161 1792 1218 1837 et
1245 1781 1465 1837 dimidia
1488 1780 1661 1835 tribus
1699 1779 1954 1849 Ephraitn
1987 1781 2085 1836 du-

2198 593 2256 644 ὲν
2287 593 2398 655 τοῖς
2445 591 2842 663 Ἰεροσολύμοις
2868 594 2916 644 οἱ
2941 593 3006 644 ὲκ
3034 590 3205 662 φυλῆς
3246 590 3435 652 Ἰούδα,
3467 592 3560 643 καὶ
3589 591 3768 644 Βενια-

2200 685 2313 755 μίν.
2359 683 2576 755 Ἐπειδὴ
2621 683 2678 738 δὲ
2725 682 3065 738 ἀϐασίλευτοι
3104 700 3164 738 τε
3228 683 3322 736 καὶ
3367 685 3769 756 ἀστρατήγητοι

2201 777 2455 849 μένοντες
2511 778 2560 830 οί
2590 777 2648 830 ὲν
2696 776 2981 848 Σαμαρείᾳ
3022 775 3121 839 τὰς
3163 777 3227 828 ἐκ
3258 776 3352 828 τοῦ
3391 773 3628 844 Ῥοϐοὰμ
3669 775 3769 842 ἐφ-

2197 869 2346 933 όδους
2367 869 2706 931 ἐπώπτευον,
2731 869 2827 921 καὶ
2855 868 3079 931 ἑαυτοὺς
3099 867 3163 938 δὴ
3197 867 3340 938 μάλα
3362 869 3473 929 τοῖς
3495 865 3769 934 φιλτάτοις

2197 958 2599 1014 συνδιόλλυσθαι
2637 958 3014 1030 προσεδόκων,
3051 957 3498 1027 μεταπέμπονται
3528 956 3618 1008 τὸν
3667 955 3767 1008 Ἰε-

2200 1053 2424 1125 ροϐοάμ.
2463 1054 2693 1122 Οἰκέτης
2720 1052 2776 1105 δὲ
2801 1047 2956 1122 οὗτος
3009 1045 3080 1121 ἦν
3110 1048 3472 1120 Σολομῶντος,
3529 1045 3770 1117 ἀποδρὰς

2195 1147 2276 1208 είς
2321 1146 2595 1214 Δί’γυπτον
2623 1145 2760 1216 πρὸς
2805 1142 3117 1214 Σουσακεὶμ
3155 1142 3397 1213 βασιλέα.
3428 1140 3538 1194 Kal.
3571 1139 3635 1210 δὴ
3677 1136 3770 1193 καὶ

2195 1237 2416 1290 ἐλθόντα
2448 1236 2956 1307 κεχειροτονήκασιν
3002 1235 3165 1297 εὐθὺς
3204 1235 3284 1296 είς
3308 1231 3630 1302 ἡγούμενον,
3673 1230 3772 1283 καὶ¹

2198 1331 2463 1400 σκήπτρῳ
2501 1329 2598 1396 τῆς
2651 1326 2925 1397 βασιλείας
2973 1327 3304 1397 τετιμήκασι
3350 1324 3439 1378 τὸν
3469 1322 3766 1392 ἀλιτήριον.

2193 1421 2304 1473 Καὶ
2356 1416 2424 1490 ἦν
2477 1418 2763 1491 Ἱεροϐοὰμ
2827 1416 2886 1482 ἐξ
2931 1417 3089 1490 ὅρους
3161 1416 3256 1469 καὶ
3296 1415 3466 1486 φυλῆς
3509 1412 3768 1484 Ἐφραῖμ.

2208 1511 2424 1582 Ἐπειδὴ
2472 1511 2528 1564 δὲ
2593 1511 3002 1582 κεχειροτόνητο
3056 1507 3343 1580 βασιλεὺς,
3399 1506 3773 1578 ὲξεμηχανᾶτο

2193 1604 2399 1666 λοιπὸν,
2435 1605 2558 1658 τίνα
2579 1604 2778 1674 τρόπον
2805 1602 2952 1672 αύτῷ
2973 1600 3042 1654 τά
3070 1601 3168 1670 τῆς
3193 1599 3466 1671 βασιλείας
3491 1599 3768 1668 στήσεται,

2194 1696 2287 1750 καὶ
2323 1697 2380 1748 ὲν
2417 1695 2618 1767 βεϐαίῳ
2659 1697 2830 1766 μενεῖ,
2857 1694 2951 1748 καὶ
2979 1693 3088 1747 τῶν
3114 1689 3606 1763 χειροτονησάντων
3633 1681 3773 1758 γνὼ-

2197 1805 2302 1858 μης
2335 1789 2395 1840 οὐ
2426 1787 2825 1857 μεθισταμένης
2857 1788 2934 1848 είς
2964 1785 3154 1855 ἑτέραν
3183 1785 3308 1836 τινὰ
3348 1782 3543 1853 βουλήν
3579 1799 3636 1834 τε
3678 1779 3772 1834 καὶ

513 1876 726 1946 pliciter
765 1877 1096 1930 defecerunt.
1154 1872 1270 1928 Non
1341 1873 1512 1929 solum
1550 1875 1697 1928 enim
1745 1873 1813 1928 ab
1842 1873 2088 1929 Hieroso-

2194 1879 2403 1949 σκέψιν.
2453 1875 2585 1932 Εἶτα
2635 1877 2817 1941 δεδιὼς
2852 1877 2924 1948 μὴ
2958 1876 3066 1948 ἄρα
3107 1893 3224 1938 πως
3251 1875 3350 1947 τῆς
3380 1876 3437 1926 ὲν
3485 1873 3635 1944 νόμῳ
3678 1873 3772 1926 λα-

517 1967 696 2038 lymis,
733 1967 823 2021 sed
842 1966 1006 2020 etiam
1038 1965 1105 2020 ab
1122 1964 1238 2036 ipsa
1251 1963 1454 2035 pietate
1475 1979 1600 2036 erga
1617 1965 1789 2022 Deum
1820 1974 2092 2022 transver-

516 2056 617 2111 sim
639 2057 908 2121 abierunt,
953 2057 1152 2111 vitulos
1196 2069 1391 2111 aureos
1431 2055 1737 2123 adorantes,
1785 2055 2092 2111 sacrifican-

515 2161 723 2218 tesque,
759 2159 814 2202 ct
864 2149 1122 2217 operibus
1181 2162 1441 2202 manuum
1513 2163 1732 2202 suarum
1772 2148 2090 2210 servientes,

515 2244 655 2297 sicut
696 2246 954 2309 scriptum
983 2249 1067 2297 est
1089 2242 1132 2296 ".
1167 2241 1268 2309 Qui
1299 2250 1476 2296 autem
1508 2240 1858 2314 Jerosolymis
1880 2255 2092 2296 reman-

517 2345 722 2396 serant,
769 2333 956 2398 ludas,
1016 2336 1258 2404 inquam,
1287 2343 1341 2388 et
1375 2331 1687 2404 Benjamin,
1730 2335 1948 2388 oracula
1978 2333 2092 2385 Mo-

515 2426 591 2480 sis
629 2427 861 2495 quadam
907 2424 1258 2479 veneratione
1318 2423 1803 2493 prosequebantur,
1853 2423 2088 2477 illorum-

514 2533 618 2586 que
688 2517 956 2572 rationem
1024 2515 1315 2571 ducebant.
1384 2513 1772 2570 Sacriﬁcabant
1842 2513 1986 2569 enim
2037 2514 2089 2567 in

515 2609 750 2679 templo:
800 2617 1172 2662 verumtamen
1221 2605 1473 2661 charitati
1525 2605 1581 2659 in
1623 2604 1792 2660 Deum
1843 2621 1952 2659 non
1997 2619 2092 2672 per

511 2704 693 2754 munia
721 2700 1088 2762 adlicerebant,
1107 2697 1251 2767 quod
1279 2709 1334 2751 et
1361 2697 1508 2767 ipsos
1539 2698 1827 2767 apostasis,
1863 2712 1960 2751 seu
1992 2697 2089 2751 de-~

511 2792 673 2848 fet-tio
720 2791 996 2846 diviserat.
1032 2788 1421 2845 Sacriﬁcabant
1459 2804 1690 2859 namque
1726 2788 1884 2844 idolis
1927 2805 2091 2859 super

511 2899 726 2939 omnem
766 2884 960 2938 collem
999 2881 1302 2947 sublimem,
1345 2890 1401 2936 et
1436 2881 1541 2936 sub
1591 2881 1741 2936 omni
1771 2881 1914 2950 ligno
1937 2880 2087 2937 fron-

511 2978 665 3037 doso.
709 2974 861 3042 juxta
924 2988 1111 3028 vocem
1160 2973 1434 3042 propheta:
1463 2973 1505 3027 '.
1547 2973 1680 3026 Cum
1727 2971 1889 3041 igitur
1934 2972 2087 3026 audis

511 3077 727 3121 sanctos
756 3065 1049 3136 prophetas
1077 3065 1418 3119 nominantes
1453 3063 1636 3128 lsrael,
1668 3063 1781 3117 sive
1812 3063 2085 3132 Ephraim,

511 3158 806 3213 Samaritae
861 3157 1139 3224 intellige;
1198 3171 1325 3210 cum
1399 3155 1588 3211 Judam
1655 3165 1709 3208 et
1772 3154 2082 3222 Benjamiu,

2199 1971 2406 2042 τρείας,
2462 1971 2554 2024 καὶ
2588 1970 2694 2024 τῶν
2726 1972 2782 2024 ὲν
2815 1974 2927 2034 τοῖς
2969 1969 3363 2041 Ἰεροσολύμοις
3419 1967 3772 2040 ἐπιτελουμέ-

2201 2081 2306 2116 νων
2365 2061 2569 2133 ἑορτῶν
2631 2063 2711 2124 εἰς
2780 2061 3086 2132 ἀνάμνησιν
3146 2060 3384 2131 ἐνεχθεὶς
3436 2061 3465 2113 ὁ
3522 2059 3768 2130 Ἰσραὴλ,

2201 2154 2590 2226 παλινδρομεῖν
2639 2153 2817 2207 ἕλοιτο
2873 2155 2953 2216 είς
2989 2152 3051 2206 τὸ
3107 2153 3167 2204 ὲν
3217 2153 3412 2223 ἀρχαῖς
3438 2190 3454 2216 ,
3524 2151 3620 2204 καὶ
3661 2153 3774 2214 τοῖς

2211 2244 2448 2315 Ῥοϐοάμ
2515 2244 2836 2316 ὑπενεχθείη
2882 2244 3105 2312 ζυγοῖς,
3149 2241 3243 2296 δύο
3285 2241 3545 2312 δαμάλεις
3603 2241 3772 2313 ἐργά-

2200 2337 2354 2401 ζεται
2423 2339 2664 2407 χρυσᾶς,
2714 2336 2806 2390 καὶ
2862 2336 2998 2408 πρὸς
3069 2335 3130 2388 τὸ
3197 2333 3360 2398 σέϐας
3432 2332 3774 2396 ἀναϐιϐάζων

2199 2428 2290 2482 τὸν
2332 2428 2566 2500 Ἰσραὴλ,
2599 2427 2820 2481 ἐκέλευε
2844 2428 3170 2500 προσκυνεῖν
3197 2426 3387 2489 αὐταῖς
3421 2424 3514 2477 καὶ
3549 2423 3773 2476 ὁλοκαυ-

2196 2518 2342 2575 τοῦν.
2383 2539 2402 2573 ‹
2437 2520 2548 2574 Καὶ
2577 2520 2828 2582 ἀπέθετο,
2863 2538 2882 2571 ι
2909 2519 3062 2591 φησι,
3095 2535 3114 2570 ι
3143 2518 3241 2588 τὴν
3273 2516 3372 2588 μὲν
3393 2518 3471 2579 είς
3499 2513 3771 2582 Γάλγαλα,

2197 2609 2295 2680 τὴν
2325 2609 2380 2662 δὲ
2405 2611 2485 2673 εἰς
2515 2609 2642 2663 Δάν.
2680 2627 2699 2660 ι
2737 2609 2929 2674 Πόλεις
2973 2609 3082 2682 γὰρ
3115 2602 3274 2663 αὗται
3312 2606 3772 2679 περιφανέστεραι

2197 2700 2305 2754 τῶν
2333 2699 2526 2767 ἄλλων,
2563 2701 2620 2754 αἳ
2663 2698 2802 2774 ¹ἦσαν
2844 2703 2902 2755 ὲν
2952 2700 3106 2772 χώρᾳ
3144 2699 3518 2772 Σαμαρειτῶν.
3563 2697 3773 2752 Οὐκοῦν

2195 2789 2346 2859 διττὴ
2371 2790 2561 2859 γέγονε
2585 2791 2695 2844 τῶν
2722 2791 2853 2845 δέκα
2897 2790 3080 2862 φυλῶν
3122 2793 3156 2862 ή
3198 2791 3518 2854 ἀπόστασις,
3545 2791 3639 2843 καὶ
3675 2789 3768 2842 τοῦ

2197 2882 2428 2952 ἡμίσους
2458 2883 2628 2953 φυλῆς
2669 2882 2928 2954 Ἐφραῒμ.
2976 2881 3269 2952 Ἐξῴχοντο
3295 2881 3423 2952 γὰρ,
3455 2881 3576 2951 οὐχὶ
3613 2879 3773 2951 μόνον

2197 2978 2303 3028 τῶν
2342 2973 2748 3047 Ἰεροσολύμων,
2777 2972 2913 3027 ἀλλὰ
2945 2973 3036 3026 καὶ
3075 2973 3244 3044 αὐτῆς
3277 2973 3376 3042 τῆς
3408 2973 3488 3036 εἰς
3517 2971 3648 3025 Θεὸν
3679 2971 3770 3024 εύ-

2197 3065 2434 3130 σεϐείας,
2480 3065 2745 3136 δαμάλεσι
2778 3064 3208 3138 προσκυνοῦντες
3255 3069 3505 3137 χρυσαῖς,
3549 3065 3772 3130 θύοντές

2193 3175 2275 3224 τε,
2305 3158 2397 3211 καὶ
2437 3155 2790 3229 λατρεύοντες
2828 3159 2941 3220 τοῖς
2994 3157 3175 3229 ἔργοις
3197 3157 3305 3210 τῶν
3330 3156 3527 3230 χειρῶν
3569 3157 3769 3228 αὐτῶν,

509 3266 604 3305 eos
669 3251 761 3320 qui
826 3247 1179 3318 Jerosolyrnis
1237 3259 1638 3302 remanserunt.
1684 3247 1854 3302 Erant
1904 3257 2084 3302 autem

2194 3247 2338 3303 καθά
2365 3250 2696 3318 γέγραπται.
2740 3249 2803 3300 Οί
2845 3247 2901 3300 δέ
2951 3264 3015 3315 γε
3047 3249 3531 3319 ἀπομεμενηκότες
3571 3250 3629 3303 ἐν
3660 3250 3772 3311 τοῖς

507 3342 784 3411 propheta:
818 3341 959 3410 apud
1001 3356 1116 3404 eos,
1157 3341 1452 3396 indiscrete
1503 3347 1614 3394 tum
1657 3340 1727 3395 de
1773 3339 1840 3395 iis
1886 3341 1981 3410 qui
2030 3341 2083 3394 in

507 3435 768 3498 Samaria,
809 3443 918 3488 tum
963 3433 1029 3488 de
1060 3434 1124 3488 iis
1171 3433 1263 3502 qui
1289 3432 1641 3504 Jerosolymis
1685 3433 2082 3488 vaticinantes:

507 3540 734 3596 quorum
756 3527 842 3580 alii
865 3526 1241 3596 Jerosolymis,
1301 3527 1392 3580 alii
1443 3526 1498 3580 in
1568 3525 1962 3580 Samaritarum
2003 3542 2087 3580 re-

507 3621 664 3691 gione
692 3620 1016 3684 habitantes,
1051 3619 1145 3674 Dei
1169 3633 1448 3674 sermones
1476 3619 1821 3673 audientibus
1844 3631 2088 3688 apporta-

506 3713 658 3767 bant.
694 3713 986 3767 Sciendum
1007 3720 1210 3776 autem,
1243 3719 1365 3781 post
1389 3711 1603 3766 avulsas
1629 3712 1812 3766 decem
1841 3712 2012 3766 tribus
2033 3723 2087 3764 et

510 3804 791 3858 dimidiam
838 3804 1034 3857 tribum
1074 3801 1332 3872 Ephraim
1354 3803 1421 3856 ab
1437 3800 1790 3872 Jerosolymis
1830 3811 2087 3870 utrosque

508 3896 740 3964 pr0priis
797 3895 1010 3965 regibus
1075 3907 1200 3948 esse
1255 3908 1402 3959 usos,
1472 3893 1636 3962 idque
1697 3894 1763 3948 ad
1837 3893 2084 3948 ultimam

508 4003 677 4057 usque
729 3988 1096 4058 captivitatem
1138 3986 1390 4050 obtinuit,
1419 4001 1450 4040 a
1483 4001 1588 4054 qua
1616 3996 1672 4040 et
1690 3983 2081 4055 Jerosolyniam

507 4079 648 4150 Cyro
675 4088 952 4147 regnante,
988 4090 1043 4132 et
1066 4078 1297 4132 reditum
1348 4077 1454 4132 illis
1504 4077 1849 4147 permittente
1881 4079 2085 4132 reversi

509 4181 657 4234 sunt,
730 4170 868 4224 duce
903 4185 966 4224 ac
1004 4169 1246 4240 principe
1278 4167 1611 4224 Zorobabele
1647 4166 1953 4224 Salatltielis
1979 4169 2086 4223 lilio

508 4262 730 4317 detribu
761 4261 918 4325 Juda,
949 4270 1005 4314 et
1052 4275 1266 4314 summo
1309 4259 1601 4315 sacerdote
1639 4257 1765 4313 Jesu
1799 4260 1905 4312 lilio
1932 4260 2088 4314 Jose-

508 4353 703 4408 dcc”.
747 4353 883 4406 Tum
943 4367 1158 4421 quoque
1219 4353 1477 4422 templum
1557 4351 1973 4415 reaediilcarunt,
2031 4361 2085 4406 et

509 4447 654 4499 omni
673 4446 878 4500 sublata
905 4445 1197 4506 discordia,
1229 4447 1331 4498 sub
1359 4451 1468 4498 uno
1491 4442 2086 4513 imperioJerosolymis

507 4537 782 4592 vixerunt.
799 4537 1020 4603 Quoties
1049 4546 1228 4591 autem
1264 4535 1498 4591 diversis
1534 4536 1866 4606 temporibus
1890 4537 1941 4589 in
1971 4550 2086 4589 ser-

2199 3338 2610 3412 Ἱεροσολύμοις,
2654 3338 2855 3402 Ἰούδας
2883 3355 2965 3404 τε,
2993 3328 3160 3409 φημὶ,
3194 3340 3288 3393 καὶ
3330 3339 3607 3410 Βενιαμὶν,
3635 3337 3770 3394 αἱδὼ

2189 3431 2288 3503 μέν
2328 3448 2448 3485 τινα
2491 3432 2589 3511 και
2631 3429 2787 3499 λόγον
2813 3429 2925 3484 τῶν
2953 3429 3040 3484 διὰ
3079 3431 3322 3495 Μωσέως
3365 3430 3644 3485 ἐποιοῦντο
3675 3431 3767 3484 θε-

2189 3525 2533 3594 σπισμάτων.
2566 3522 2762 3578 Ἔθυον
2802 3521 2911 3594 γάρ
2942 3523 3002 3575 ὲν
3043 3521 3121 3594 τῷ
3158 3523 3305 3594 ναῷ’
3351 3523 3613 3595 πλήνοούχ
3645 3523 3765 3576 όλοο

2184 3619 2402 3688 τρόπως
2440 3617 2541 3688 τῆς
2590 3619 2671 3682 είς
2703 3615 2837 3670 Θεὸν
2880 3617 3102 3689 ἀγάπης
3149 3617 3435 3688 ὲξείχοντο,
3470 3621 3768 3694 κατεμερί-

2187 3709 2339 3776 ζοντο
2393 3711 2451 3765 δὲ
2501 3712 2596 3766 καὶ
2642 3713 2801 3766 αὐτοὶ
2846 3713 2984 3783 πρὸς
3032 3711 3354 3766 ἀπόστασιν.
3407 3713 3604 3766 Ἐθυον
3655 3713 3767 3784 γὰρ

2186 3803 2426 3866 εἰδώλοις
2475 3803 2568 3857 ἐπὶ
2617 3804 2798 3858 πάντα
2852 3803 3040 3874 βουνὸν
3089 3803 3310 3875 ὑψηλὸν,
3363 3805 3459 3858 καὶ
3510 3805 3769 3858 ὑποκάτω

2187 3894 2387 3956 παντὸς
2415 3893 2570 3958 ξύλου
2597 3893 2889 3957 ἀλσώδους,
2929 3893 3071 3948 κατά
3095 3894 3193 3964 τὴν
3217 3893 3310 3947 τοῦ
3341 3901 3621 3966 προφήτου
3648 3913 3762 3965 φω-

2185 3984 2303 4053 νήν.
2353 3983 2522 4038 Ὅταν
2583 3983 2760 4038 τοίνυν
2821 3984 3030 4056 ἀκούῃς
3079 3984 3188 4038 τῶν
3238 3985 3409 4053 άγίων
3469 3989 3765 4057 προφητῶν

2187 4073 2557 4144 ὀνομαζόντων
2586 4075 2678 4128 τὸν
2719 4075 2956 4147 Ἰσραὴλ,
2983 4077 3101 4145 ἤτοι
3129 4074 3217 4128 τὸν
3255 4075 3513 4147 Ἐφραῒμ,
3546 4078 3665 4130 τότε
3698 4079 3762 4148 δή

2189 4180 2279 4232 μοι
2311 4165 2420 4218 νόει
2451 4166 2577 4228 τοὺς
2619 4167 2676 4219 ὲν
2715 4168 2782 4236 τῇ
2825 4165 3130 4236 Σαμαρείᾳο
3182 4167 3307 4219 ὃταν
3345 4166 3402 4219 δὲ
3437 4165 3528 4219 τὸν
3564 4166 3765 4220 Ἰούδαν

2186 4255 2282 4310 καὶ
2311 4256 2591 4327 Βενιαμὶν,
2635 4257 2764 4320 τοὺς
2797 4257 3200 4328 ἀπομείναντας
3245 4259 3304 4310 ἐν
3351 4257 3760 4328 Ἰεροσολύμοις.

2187 4345 2368 4402 Ἷὶσαν
2397 4349 2453 4402 δὲ
2489 4350 2766 4420 προφῆται
2795 4350 2927 4420 παρ’
2967 4347 3171 4412 αὐτοῖς,
3203 4349 3530 4420 άδιακρίτως
3553 4349 3680 4417 περί
3702 4365 3762 4401 τε

2186 4442 2294 4494 τῶν
2318 4442 2378 4493 ἐν
2418 4443 2485 4511 τῇ
2525 4441 2810 4511 Σαμαρείᾳ
2855 4441 2948 4494 καὶ
2986 4441 3096 4494 τῶν
3128 4443 3186 4494 ὲν
3222 4443 3334 4503 τοῖς
3372 4440 3762 4511 Ἰεροσολύμοις

2190 4533 2644 4604 προφητεύοντες.
2674 4531 2784 4585 Καὶ
2808 4532 2858 4585 οἱ
2897 4532 2995 4603 μὲν
3025 4534 3083 4586 ἐν
3111 4535 3222 4598 τοῖς
3269 4532 3679 4603 Ἱεροσολύμοις,
3711 4535 3763 4587 οἱ

508 4630 736 4684 vitutem
798 4632 998 4684 redacd
1027 4630 1133 4684 sint
1149 4644 1392 4684 seorsum
1410 4627 1596 4683 decem
1623 4629 1817 4691 tribus,
1846 4638 1903 4682 et
1924 4626 2087 4682 dimi-

2194 4625 2246 4678 δὲ
2291 4625 2391 4696 τὴν
2450 4624 2806 4697 Σαμαρειτῶν
2851 4625 3128 4689 οἰκοῦντες
3166 4625 3383 4697 χώραν,
3437 4625 3563 4689 τοὺς
3615 4627 3765 4695 παρὰ

512 4721 598 4773 dia
648 4721 819 4775 tribus
879 4719 1152 4789 Ephraim,
1204 4731 1258 4774 et
1290 4719 1379 4789 qui
1409 4717 1715 4773 incolebant
1761 4717 2080 4783 Jerusalem,

2194 4715 2326 4769 Θεοῦ
2351 4719 2464 4779 τοῖς
2492 4715 2862 4787 ἀκροωμένοις
2885 4715 3187 4786 διεκόμιζον
3219 4715 3427 4784 λόγους.
3467 4715 3661 4770 ’ἰστέον
3682 4716 3760 4781 δὲ,

509 4810 670 4876 Juda,
701 4821 756 4864 et
783 4810 1085 4878 Beniamin,
1109 4829 1172 4866 ex
1189 4812 1272 4866 his
1297 4827 1417 4881 qum
1437 4820 1740 4882 sequuntur
1758 4811 1964 4880 liquido
1990 4827 2084 4879 pa-

2194 4811 2271 4862 ὃτι
2301 4807 2437 4880 μετὰ
2459 4808 2518 4861 τὸ
2544 4808 2924 4881 ἀπορραγῆναι
2952 4808 3060 4862 τῶν
3102 4807 3486 4880 Ἰεροσολύμων
3509 4808 3606 4871 τὰς
3631 4807 3763 4861 δέκα

512 4903 664 4957 tebit.
697 4903 929 4958 Necesse
955 4919 1119 4974 porro
1135 4903 1237 4958 fuit
1265 4905 1428 4958 etiam
1454 4912 1696 4975 tempora
1712 4903 1905 4961 litteris
1927 4919 2082 4957 man-

2194 4900 2384 4971 φυλάς,
2417 4899 2512 4954 καὶ
2539 4899 2600 4952 τὸ
2627 4900 2797 4969 ἥμισυ
2827 4898 2997 4972 φυλῆς
3054 4898 3313 4971 Ἑφραῒμ,
3347 4899 3495 4962 ίδίοις
3524 4898 3764 4969 ἐχρῶντο

511 4995 647 5058 dari,
672 4993 873 5064 quibus
889 4994 1262 5063 unusquisque
1288 4995 1669 5065 sanctorume
1695 4994 2082 5064 prophetarum

2194 4991 2472 5064 βασιλεῦσι
2496 4991 2590 5046 καὶ
2618 4992 2668 5043 οἱ
2698 4993 2757 5044 έν
2784 4993 2850 5062 τῇ
2878 4991 3184 5064 Σαμαρείᾳ,
3211 4991 3306 5044 καὶ⁵
3333 4991 3399 5048 oi.
3425 4992 3481 5045 ὲν
3505 4994 3618 5054 τοῖς
3662 4991 3762 5044 Ἰε-

510 5088 722 5141 locutus
749 5093 851 5150 est,
879 5095 940 5141 ut
964 5096 1154 5140 exacte
1187 5100 1551 5149 nosceremus,
1578 5085 1724 5155 quali
1757 5100 1936 5140 rerum
1966 5095 2077 5139 Sta-

2194 5083 2527 5157 ροσολύμοις.
2574 5082 2687 5135 Καὶ
2723 5079 2880 5134 τοῦτο
2909 5081 3247 5152 κεκράτηκεν
3279 5081 3407 5151 ἄχρι
3436 5079 3632 5151 καιροῦ
3661 5078 3763 5149 τῆς

512 5187 590 5241 tu,
615 5186 669 5233 et
690 5193 927 5248 quonam
977 5177 1139 5232 modo
1179 5177 1242 5232 iis
1291 5177 1629 5240 habentibus.
1683 5176 1777 5232 Dei
1821 5178 1978 5232 verba
2009 5176 2080 5231 ad

2194 5175 2499 5236 τελευταίας
2555 5173 2966 5243 αἰχμαλωσίας,
3011 5175 3099 5226 ὅτε
3150 5173 3245 5226 καὶ
3285 5171 3656 5243 ὑπενόστησαν
3700 5172 3762 5224 ἐν

510 5283 606 5325 eos
636 5270 777 5325 facta
803 5270 929 5325 sint.

2195 5265 2588 5338 Ἱεροσολύμοις
2609 5310 2625 5334 ,
2672 5265 2858 5337 Κύρου
2903 5266 3338 5338 κεκρατηκότος,
3389 5265 3484 5318 καὶ
3539 5265 3762 5330 ἀνέντος

512 5361 696 5424 αὐτοῖς
721 5361 821 5430 τὴν
849 5359 1182 5431 άποδρομὴν,
1209 5357 1616 5428 καθηγουμένου
1655 5357 1751 5428 μὲν
1780 5356 2080 5429 Ζοροϐάϐελ
2117 5355 2210 5410 τοῦ
2279 5355 2570 5427 Σαλαθιήλ,
2638 5356 2698 5420 δς
2732 5352 2802 5428 ἦν
2843 5359 2908 5411 ὲκ
2954 5356 3128 5428 φυλῆς
3174 5355 3362 5423 Ἰούδα,
3395 5355 3764 5428 ίερατεύοντος

510 5452 570 5506 δὲ
615 5450 788 5522 Ἰησοῦ
819 5450 914 5505 τοῦ
960 5451 1222 5504 Ἰωσεδέκ.
1273 5451 1405 5503 Τότε
1456 5450 1548 5502 καὶ
1591 5450 1680 5502 τὸν
1719 5449 1845 5502 ναὸν
1904 5447 2274 5520 άνεδείμαντο,
2343 5449 2440 5504 καὶ
2499 5447 2608 5503 ὑπὸ
2643 5449 2772 5519 μίαν
2834 5450 3122 5518 γεγόνασιν
3153 5448 3349 5520 ἀρχὴν,
3384 5447 3480 5502 καὶ
3510 5451 3767 5519 κατῳκή-

514 5561 674 5600 κασιν
722 5546 782 5598 ὲν
839 5545 1250 5616 Ἰεροσολύμοις,
1283 5543 1546 5613 διχονοίας
1585 5542 1803 5613 ἀπάσης
1868 5541 2235 5613 ἐξῃρημένης.
2267 5542 2430 5596 Ὅσαι
2491 5541 2550 5596 δὲ
2619 5541 2760 5596 κατὰ
2805 5542 3030 5615 καιροὺς
3074 5541 3442 5612 αίχμαλωσίαι
3474 5541 3764 5610 γεγόνασιν

509 5633 619 5692 ἀνά
669 5636 833 5707 μέρος
878 5636 985 5690 τῶν
1031 5636 1161 5690 δέκα
1209 5632 1411 5704 φυλῶν,
1441 5635 1537 5689 καὶ
1579 5635 1759 5704 μέντοι
1815 5633 1910 5687 καὶ
1957 5633 2049 5686 τοῦ
2087 5635 2331 5705 ἡμίσεως
2388 5633 2562 5705 φυλῆς
2599 5633 2860 5708 Ἐφραῒμ,
2890 5636 2985 5691 καὶ
3053 5633 3164 5689 τῶν
3193 5636 3252 5690 ὲν
3301 5636 3415 5699 τοῖς
3468 5633 3768 5707 Ἰεροσολύο

3215 5817 3260 5849 "
3300 5817 3318 5869 ι
3359 5814 3510 5870 Esdr.
3549 5829 3609 5879 ιι,
3646 5813 3755 5870 1.2.

583 5821 603 5851 ⁷
637 5817 696 5873 lll
732 5817 860 5888 Reg.
899 5835 974 5886 χιι,
1012 5818 1078 5871 26
1109 5837 1122 5885 ;
1158 5834 1254 5886 xn,
1293 5817 1502 5887 lseqq.
1578 5818 1599 5850 ⁸
1634 5815 1795 5872 Miclt.
1840 5833 1889 5884 γ,
1931 5817 2013 5870 15.

2194 5817 2212 5870 l'
2239 5816 2374 5887 Reg.
2405 5831 2514 5880 XIV,
2541 5816 2613 5871 25
2641 5834 2654 5884 ;
2682 5814 2881 5871 Jcrem.
2929 5829 3013 5881 m,
3047 5815 3133 5871 13.
