4046 6376
239 443 296 496 17
1144 451 1695 508 COMMENTARIUS
1736 451 1802 507 IN
1838 453 2068 511 OSEAM
2106 446 2550 512 PROPHETAM.
3424 457 3499 519 Β

236 573 373 630 μοις,
421 559 593 617 Ἰούδα
616 580 697 629 τε,
722 564 885 638 φημὶ,
929 568 1021 621 καὶ
1052 569 1330 636 Βενιαμὶν,
1364 566 1575 642 προῖὼν
1620 572 1650 624 6
1714 571 1871 640 λόγος
1906 572 2164 638 ἐπιδείξει
2211 573 2419 643 σαφῶς.
2486 573 2852 646 Ἀνάγραπτοι
2894 573 2951 628 δὲ
2992 573 3284 644 γεγόνασιν
3328 576 3498 647 ἀναγ-

237 651 400 761 καίως
444 653 540 708 καὶ
584 657 633 709 oi
684 658 885 729 χρόνοι,
926 660 1049 715 καθ’
1088 660 1181 727 οὓς
1223 664 1452 727 ἕκαστος
1491 663 1602 717 τῶν
1638 663 1811 732 ἁγίων
1846 664 2108 737 λελάληκε
2175 667 2495 738 προφητῶν,
2545 668 2612 720 ἵν’
2659 667 2933 739 ειδείημεν
2984 669 3232 741 ἀκριϐῶς
3276 671 3334 723 ὲν
3368 672 3507 761 ποία

234 742 333 886 τὲνὶ
378 746 709 802 καταστάσει
762 750 875 804 τῶν
917 754 1258 825 πραγμάτων
1300 755 1589 826 κειμένων,
1626 755 1747 808 τίνα
1792 773 1852 809 τε
1888 756 2090 828 τρόπον
2154 758 2405 828 ἑχόντων,
2432 760 2480 811 οἱ
2515 760 2666 831 παρὰ
2689 760 2824 815 Θεοῦ
2856 761 2994 833 πρὸς
3018 762 3216 825 αὐτοὺς
3240 762 3495 831 γεγόνασι

235 848 262 885 Α
292 850 399 886 γοι.

235 848 399 904 Αογοι.

547 967 931 1057 ΤΟΜΟΣ
1019 971 1491 1060 ΠΡΩΤΟΣ.
1835 943 1885 1001 λ

830 1104 1085 1159 ΚΕΦΑΛ.
1122 1104 1202 1161 A'.

304 1211 491 1280 Λόγος
523 1214 747 1282 Κυρίου
779 1215 847 1283 ὃς
883 1218 1135 1288 ἐγενήθη
1171 1221 1322 1288 πρὸς
1360 1221 1540 1288 Ὥσηέ
1568 1220 1676 1275 τὸν
1701 1219 1808 1275 τοῦ

239 1303 428 1372 Βεηρί,
471 1306 542 1358 ἐν
584 1306 832 1376 ἡμέραις
889 1310 1089 1371 Ὀζίου·
1130 1314 1227 1367 καὶ
1289 1313 1548 1384 Ἰωάθαμ,
1614 1313 1805 1384 Ἀχὰζζ

250 1394 525 1465 Ἐζεκίου,
561 1400 874 1462 ,βασιλέων
929 1403 1118 1457 Ἰούδα
1162 1405 1259 1458 καὶ
1292 1406 1362 1459 ἐν
1406 1406 1655 1475 ἡμέραις
1702 1407 1809 1462 Ἰε-

231 1487 451 1557 ιοϐοὰμ
479 1488 614 1542 υἱοῦ
672 1490 833 1558 ’Ῑωὰς
857 1493 1164 1561 ,ϐασιλέως
1203 1496 1311 1551 τοῦ
1361 1497 1629 1567 Ἰσραήλ.

301 1581 379 1633 A’.
427 1581 767 1653 Προφητεύει
812 1586 1041 1641 τοίνυνό
1068 1589 1334 1660 μακάριος
1379 1590 1537 1661 Ὠσηὲ
1585 1592 1643 1643 ὲν
1670 1588 1809 1661 ἡμέ-

235 1687 357 1738 ραις
403 1671 598 1738 Ὀζίου,
625 1675 719 1727 καὶ
749 1676 1005 1744 Ἰωάθαμ,
1036 1680 1131 1732 καὶ
1160 1680 1363 1751 Ἀχὰζ,
1392 1683 1487 1735 καὶ
1540 1682 1806 1752 Ἐζεχίου,

236 1762 497 1831 βασιλέων
556 1765 744 1819 Ἰούδα*
794 1769 886 1821 καὶ
932 1770 989 1824 ἐν
1034 1772 1271 1843 ἡμέραις
1328 1772 1633 1844 Ἰεροϐοὰμ,
1692 1772 1809 1826 υἱοῦ

246 1853 399 1917 Ἰωὰς
432 1854 698 1924 βασιλέως
732 1859 973 1931 Ἰσραήλ.
1006 1863 1115 1915 Καὶ
1144 1863 1172 1914 6
1204 1864 1300 1933 μὲν
1328 1864 1516 1935 χρόνος
1548 1865 1646 1935 τῆς
1678 1882 1811 1936 προσ

236 1945 464 2013 φητείας
496 1948 658 2020 μέχρι
681 1950 873 2005 τούτου
905 1956 1103 2007 νοεῖται
1138 1954 1325 2009 λαϐὼν
1355 1957 1454 2028 τὴν
1479 1958 1807 2028 παράτασιν.

234 2038 354 2109 Χρὴ
397 2040 473 2102 δὲ,
528 2038 701 2111 οἶμαι,
737 2044 805 2099 τὰ
851 2045 937 2115 ἐφ’
970 2046 1185 2119 ἑκάστῳ
1239 2042 1423 2102 λοιπὸν
1476 2050 1809 2121 ἀφηγεῖσθαι

236 2130 441 2199 σαφῶς,
475 2132 547 2196 ὡς
590 2134 656 2189 ἂν
690 2135 901 2207 ἔχωμεν
932 2138 1155 2204 ἐννοεῖν,
1204 2141 1456 2215 καθάπερ
1490 2144 1590 2215 ἤδη
1629 2147 1813 2217 προεῖ-

236 2240 356 2286 πον,
383 2226 557 2278 ὁποῖοί
583 2244 724 2291 τινες
748 2228 798 2280 οἱ
828 2230 1018 2283 τοιοίδε
1050 2231 1329 2300 γεγόνασι·
1355 2234 1483 2287 πότε
1495 2251 1584 2306 ρον
1616 2235 1810 2304 ἀγαθοί

2210 972 2461 1063 ΤΟΜ
2485 973 2624 1063 US
2696 976 3150 1069 PRIMUS

2580 1100 2734 1157 CAP.
2764 1102 2803 1156 I.

1981 1210 2145 1269 Vens.
2171 1215 2222 1268 1.
2252 1213 2474 1269 Verbum
2492 1215 2700 1270 Domini
2714 1217 2853 1281 quod
2875 1218 3073 1287 factum
3094 1232 3166 1275 est
3190 1224 3258 1276 ad
3272 1223 3403 1279 Osee
3426 1227 3497 1293 fi-

1910 1302 2037 1358 lium
2048 1304 2202 1358 Beeri
2214 1305 2269 1358 in
2285 1306 2465 1359 diebus
2481 1304 2649 1373 Oziw,
2663 1317 2711 1360 et
2730 1308 2995 1375 lout/tam,
3021 1310 3213 1377 Achaz,
3234 1314 3491 1382 Euchiw,

1911 1411 2088 1465 regum
2113 1393 2279 1461 Iuda,
2319 1407 2367 1450 et
2420 1397 2475 1451 in
2516 1396 2698 1452 diebus
2743 1397 3026 1455 Jeroboam
3065 1402 3166 1469 ﬁlii
3199 1404 3331 1461 Joas
3360 1410 3493 1479 regis

1910 1483 2106 1545 Israel.

1981 1576 2024 1631 Ι.
2050 1575 2393 1633 Vaticinatur
2413 1578 2591 1649 itaque
2606 1580 2800 1637 beatus
2825 1581 2994 1638 Oseas
3012 1585 3065 1638 in
3095 1585 3287 1642 diebus
3320 1587 3489 1653 Olim,

1912 1680 1965 1725 et
1988 1669 2260 1735 Joatbam,
2296 1681 2351 1727 et
2380 1672 2591 1736 Achaz,
2625 1684 2680 1728 et
2717 1674 2985 1740 Ezechite,
3016 1693 3201 1747 regum
3237 1679 3395 1746 Juda,
3437 1695 3492 1737 et

1913 1765 1965 1819 in
1992 1764 2179 1818 diebus
2205 1762 2490 1820 Jeroboam
2516 1766 2608 1819 lilii
2633 1764 2761 1822 Joas
2791 1768 2933 1836 regis
2960 1767 3149 1824 Israel.
3177 1771 3243 1825 Et
3280 1782 3492 1843 tempus

1912 1856 2130 1927 quidem
2141 1858 2381 1912 vaticinii
2401 1858 2678 1928 hucusque
2690 1860 3009 1928 productum
3028 1862 3364 1934 intelligitur.
3386 1867 3490 1920 Ar-

1913 1950 2084 2004 bitror
2134 1959 2316 2004 autem
2373 1950 2562 2004 ordine
2612 1951 2677 2005 de
2712 1952 2938 2021 singulis
2976 1957 3307 2009 narrandum
3338 1956 3493 2012 lucu-

1913 2043 2133 2110 lentius,
2187 2053 2244 2096 ut
2288 2058 2513 2098 noscere
2557 2044 2849 2113 possimus,
2886 2048 3343 2114 quemadmodum
3372 2050 3486 2120 jam

1912 2135 2179 2202 dicebam,
2236 2138 2424 2208 quales
2454 2139 2507 2191 hi
2548 2153 2704 2208 reges
2748 2137 2967 2205 fuerint,
3013 2150 3199 2195 utrum
3247 2142 3497 2197 videlicet

1914 2228 2063 2293 boni,
2113 2241 2167 2283 et
2229 2228 2364 2284 bene
2419 2245 2548 2301 erga
2593 2230 2759 2284 Deum
2810 2230 3053 2297 animati,
3104 2248 3171 2286 an
3225 2234 3406 2301 potius
3439 2234 3491 2287 in

234 2332 292 2366 τε
353 2315 450 2368 καὶ
494 2315 638 2370 εὖνοι
672 2319 809 2389 πρὸς
841 2320 994 2386 Θεὸν,
1030 2322 1063 2394 ἢ
1105 2324 1234 2392 γοῦν
1263 2326 1684 2393 ἀπονενευκότες
1716 2330 1810 2383 ἐπὶ

1922 2322 2245 2376 contrarium
2264 2323 2521 2390 abierint,
2552 2332 2605 2377 et
2627 2339 2746 2393 qua:
2775 2324 3001 2395 singulis
3029 2335 3142 2379 tum
3166 2326 3218 2379 in
3249 2326 3492 2381 Samaria

233 2405 294 2457 τὸ
330 2406 407 2477 μὴ
454 2407 627 2471 οὓτως
656 2408 811 2479 ἔχον·
852 2413 945 2465 καὶ
974 2413 1099 2466 τίνα
1141 2413 1208 2466 τὰ
1259 2415 1347 2482 ἐφ’
1393 2416 1643 2479 ἑκάστοις
1675 2433 1814 2487 συμ-

235 2497 532 2569 ϐεϐηκότα,
579 2502 691 2565 τοῖς
733 2518 791 2554 τε
822 2503 879 2555 ὲν
911 2505 975 2575 τῇ
1012 2505 1298 2577 Σαμαρείᾳ
1343 2507 1439 2560 καὶ
1480 2510 1593 2571 τοῖς
1614 2509 1673 2561 ἐν
1700 2511 1814 2571 τοῖς

244 2586 659 2659 Ἰεροσολύμοις.
694 2591 967 2662 Εἰσόμεθα
994 2593 1103 2665 γὰρ
1128 2589 1252 2662 ὦδε,
1286 2596 1381 2649 καὶ⁵
1410 2596 1529 2650 λίαν
1555 2597 1813 2662 εὐκόλως,

232 2677 467 2749 ὅποιπερ
493 2677 559 2731 ἂν
599 2677 776 2750 βλέπῃ
808 2681 905 2750 τῆς
938 2684 1273 2753 προφητείας
1308 2686 1336 2738 6
1370 2685 1592 2749 σκοπός.
1626 2686 1817 2739 Τελευ-

234 2772 387 2834 τςιῖος
438 2770 536 2840 μὲν
587 2766 679 2825 οὖν
710 2770 1024 2842 ὠνόμασται
1073 2775 1356 2846 Ἰεροϐοὰμ
1405 2779 1433 2830 6
1482 2776 1577 2830 τοῦ
1642 2779 1815 2843 Ἰωὰς,

234 2860 491 2930 βασιλεὺς
535 2862 774 2934 Ἰσραὴλ,
806 2864 999 2933 γέγονε
1040 2866 1096 2918 δὲ
1130 2865 1235 2936 πρὸ
1281 2865 1555 2937 Ἀζαρίου,
1598 2868 1692 2922 τοῦ
1725 2871 1818 2923 κα)⁸

245 2953 449 3019 Ὀζίου.
495 2955 691 3012 Ἰστέον
715 2955 791 3021 δὲ,
822 2956 903 3009 ὅτι
937 2957 1122 3027 ἕτερος
1146 2960 1279 3029 ἡμῖν
1311 2959 1461 3031 παρὰ
1482 2959 1573 3013 τὸν
1603 2960 1819 3031 πρῶτόν

231 3046 408 3109 ἐστιν,
438 3046 496 3109 ὃς
529 3046 585 3099 ὲν
611 3049 823 3117 καιροῖς
848 3047 1038 3116 γέγονε
1088 3036 1353 3118 βασιλέως
1411 3051 1665 3122 Ῥοϐοὰμ,
1698 3052 1818 3106 υἱοῦ

233 3136 572 3209 Σολομῶνος,
598 3137 740 3208 πλὴν
776 3137 1057 3208 ίσότροπος
1086 3139 1299 3210 ἐκείνῳ,
1341 3141 1434 3194 καὶ
1459 3142 1541 3205 είς
1568 3142 1820 3196 ἀσέϐειαν

234 3228 509 3299 ἐμφερής.
550 3228 866 3297 Γέγραπται
887 3230 1012 3301 ίγὰρ
1060 3229 1159 3282 ὡδὶ
1206 3231 1337 3302 περὶ
1374 3231 1583 3285 αὐτοῦ·
1638 3253 1657 3284 ι
1727 3234 1820 3288 Ἐν

232 3319 343 3373 ἔτει
400 3322 870 3392 πεντεκαιδεκάτῳ
894 3321 1002 3391 ςτοῦ
1050 3323 1332 3393 Ἀμασίου.
1370 3324 1484 3378 υἱοῦ
1530 3323 1680 3390 Ἰωὰς
1729 3326 1823 3397 βα-

237 3414 434 3478 σιλέως
476 3413 667 3481 Ἰούδα,
696 3413 1043 3467 ἐϐασίλευσεν
1085 3415 1367 3486 Ἰεροϐοὰμ
1390 3415 1505 3479 υἱὸς
1549 3416 1701 3481 Ἶωὰς
1728 3418 1823 3471 ἐπὶ

248 3506 472 3578 Ἰσραὴλ
516 3508 575 3561 ὲν
622 3506 925 3578 Σαμαρείᾳ,
948 3506 1359 3578 τεσσαράκοντα
1424 3510 1520 3562 καὶ¹
1564 3508 1625 3563 ἓν
1679 3508 1819 3573 ἔτος.

236 3600 348 3651 Καὶ
369 3600 593 3670 ἐποίησε
615 3598 674 3652 τὸ
703 3600 937 3671 πονηρὸν
957 3597 1187 3653 ἐνώπιον
1207 3600 1437 3672 Κυρίου.
1463 3602 1577 3655 Οὐκ
1608 3602 1818 3674 ἀπέστη
1848 3649 1890 3707 C

237 3692 349 3745 ἀπὸ
378 3690 573 3744 πασῶν
593 3690 876 3763 ἁμαρτιῶν
911 3691 1191 3763 Ἱεροϐοὰμ
1234 3691 1352 3745 υἱοῦ
1375 3691 1584 3758 Ναϐὰτ,
1631 3694 1693 3759 ὃς
1734 3696 1823 3763 ἐξ·

236 3789 462 3858 ήμαρτε
508 3785 598 3839 τὸν
660 3786 895 3858 Ἰσραήλ.
950 3804 969 3836 ι
1023 3786 1205 3857 Ὁρᾷς,
1236 3786 1384 3850 ὅπως
1427 3785 1677 3858 ζηλωτὴς
1709 3788 1821 3841 τῶν

235 3876 455 3929 ἐκείνου
497 3875 710 3947 τρόπων
756 3875 970 3945 γέγονε,
1001 3875 1098 3947 τὴν
1130 3875 1253 3947 ἴσην
1301 3875 1491 3947 ὥσπερ
1536 3876 1820 3948 ἀμαξητδν

235 3968 558 4039 ἐρχόμενος,
591 3968 683 4020 καὶ
709 3968 873 4020 οἱονεὶ
903 3966 1045 4020 κατὰ
1078 3967 1241 4031 πόδας
1270 3968 1367 4038 τῆς
1397 3968 1608 4023 ἐκείνου
1627 3969 1825 4023 ,δυσσε-

237 4059 396 4123 ϐείας
444 4057 637 4112 ἐλθών.
688 4054 823 4111 Εἶτα
868 4057 922 4111 τί
971 4075 1103 4130 φησι
1140 4060 1197 4113 τὸ
1242 4060 1484 4131 Γράμμα
1532 4060 1592 4114 τὸ
1646 4063 1822 4133 ἱερόν;

244 4171 263 4203 ι
319 4153 410 4205 Ἐν
436 4150 547 4204 ἔτει
584 4151 813 4222 εἰκοστῷ
843 4152 934 4204 καὶ
968 4150 1181 4223 ἑϐδόμῳ
1213 4152 1306 4205 τοῦ
1351 4153 1634 4224 Ἰεροϐοὰμ
1668 4153 1824 4225 βασι-

237 4244 378 4309 λέως
422 4244 662 4315 Ἰσραὴλ,
694 4243 1041 4297 ἐϐασίλευσεν
1086 4245 1342 4316 Ἀζαρίας
1381 4244 1496 4309 υίὸς
1540 4246 1821 4316 Ἀμασίου,

240 4336 512 4407 βασιλέως
554 4336 741 4399 Ἰούδα,
774 4336 831 4401 ὃς
861 4336 1152 4389 ἑκκαίδεκα
1185 4336 1319 4389 ἐτῶν
1350 4332 1439 4409 ἦν,
1474 4338 1530 4389 ὲν
1558 4337 1637 4407 τῷ
1669 4338 1824 4407 βασι-

237 4429 421 4483 λεύειν
462 4428 640 4483 αὐτόν.
669 4428 780 4483 Καὶ
809 4428 900 4481 δύο
932 4428 1025 4480 καὶ
1070 4428 1405 4499 πεντήκοντα
1433 4427 1525 4499 ἔτη
1555 4428 1827 4481 ἐϐασίλευ-

240 4543 334 4578 σεν
366 4528 429 4578 ὲν
471 4520 842 4594 Ἰερουσαλήμ.
877 4520 987 4573 Καὶ
1013 4518 1182 4589 ὄνομα
1219 4520 1284 4589 τῇ
1328 4519 1496 4591 μητρὶ
1522 4518 1689 4572 αὑτοῦ
1732 4519 1827 4573 Ἱε-

238 4617 399 4688 χελία
457 4616 516 4680 ἐξ
581 4613 954 4685 Ἰερουσαλήμ.
1017 4611 1129 4663 Καὶ
1183 4610 1403 4681 ἐποίησε
1461 4610 1519 4663 τὺ
1562 4610 1717 4675 εὺθὲς
1769 4613 1826 4665 ὲν

239 4708 551 4779 ὀφθαλμοῖς
577 4708 805 4778 Κυρίου,
846 4706 988 4759 κατὰ
1022 4704 1201 4758 πάντα
1231 4704 1331 4757 ὅσα
1358 4702 1612 4774 ἐποίησεν
1658 4703 1828 4774 Ἀμα-

242 4803 369 4866 σίας
397 4802 428 4853 6
459 4800 638 4871 πατὴρ
669 4797 832 4853 αὐτοῦ
852 4814 865 4827 ⁸
899 4797 1038 4867 πλὴν
1070 4795 1139 4849 τὰ
1168 4794 1345 4867 ὑψηλά
1369 4795 1470 4849 οὐκ
1500 4795 1709 4866 ἐξῆρεν
1748 4795 1826 4850 ἔτι

239 4893 355 4964 γὰρ
395 4893 427 4943 6
454 4889 581 4953 λαὸς
636 4886 887 4952 ὲθυσίαζε
937 4888 1030 4940 καὶ
1073 4885 1274 4957 ὲθυμία
1316 4887 1375 4937 ὲν
1422 4887 1536 4949 τοῖς
1580 4886 1823 4957 ὑψηλοῖς.

1917 2420 2026 2464 tum
2071 2410 2425 2483 Jerosolymis
2474 2415 2822 2483 regnantibus
2875 2418 3175 2470 evenerint.
3224 2416 3299 2471 Ita
3348 2418 3495 2473 enim

1914 2513 2150 2568 quonam
2207 2503 2490 2572 prophetia
2533 2504 2795 2571 collimet,
2844 2505 2989 2561 nullo
3022 2507 3237 2577 negotio
3290 2510 3498 2580 perspi-

1916 2592 2142 2647 ciemus.
2193 2591 2477 2649 Postremo
2507 2595 2668 2665 igitur
2708 2596 2829 2651 loco
2874 2598 3183 2653 nominatus
3205 2610 3288 2654 est
3338 2599 3509 2655 Jero-.

1916 2680 2098 2747 boam,
2149 2682 2292 2738 ﬁlius
2335 2682 2482 2750 Joas,
2511 2702 2604 2740 rex
2645 2686 2829 2753 Israel,
2890 2690 2982 2759 qui
3041 2688 3315 2753 Azariam,
3363 2691 3499 2745 alias

1916 2766 2125 2833 Oziam,
2158 2773 2471 2827 antecessit.
2502 2773 2658 2831 Scire
2687 2776 2815 2832 licet
2861 2780 3004 2833 hunc
3062 2780 3225 2833 alium
3265 2781 3432 2835 fuisse
3465 2797 3495 2834 a

1920 2862 2114 2932 primo,
2163 2864 2255 2934 qui
2306 2866 2639 2934 temporibus
2685 2871 2827 2941 regis
2870 2869 3153 2935 Roboami,
3218 2872 3309 2926 lilii
3343 2873 3497 2927 Salo-

1920 2954 2116 3019 monis,
2155 2954 2320 3010 vixit:
2358 2965 2537 3012 tamen
2572 2960 2809 3016 moribus
2855 2961 3068 3025 iisdem,
3119 2970 3174 3016 et
3218 2963 3497 3032 impietate

1919 3041 2148 3097 similem
2173 3042 2237 3101 “.
2269 3041 2359 3099 Sic
2374 3046 2515 3101 enim
2540 3048 2737 3119 deipso
2759 3050 3020 3119 scriptum
3046 3061 3252 3106 exstat:
3280 3070 3298 3103 ε
3327 3051 3382 3106 1η
3402 3071 3501 3108 an-

1923 3148 1992 3187 no
2026 3133 2234 3190 decimo
2251 3136 2442 3204 quinto
2462 3138 2713 3205 Amasiae,
2747 3140 2840 3194 ﬁlii
2866 3139 3011 3205 Joas,
3044 3142 3187 3211 regis
3220 3141 3503 3212 ludante-

1922 3224 2108 3295 gnavit
2140 3225 2432 3284 Jeroboam
2464 3230 2744 3287 IlliusJoas
2775 3248 2935 3302 super
2960 3233 3121 3287 Israel
3146 3234 3199 3288 in
3230 3233 3499 3302 Samaria,

1922 3333 2097 3374 annos
2123 3336 2288 3375 unum
2322 3330 2376 3376 et
2401 3323 2784 3395 quadraginta.
2830 3326 2894 3378 Et
2927 3325 3053 3381 fecit
3078 3327 3279 3381 malum
3317 3344 3501 3384 coram

1924 3412 2173 3468 Domino.
2216 3414 2333 3470 Non
2381 3415 2606 3470 recessit
2644 3416 2713 3470 ab
2753 3415 3005 3474 onmibus
3071 3419 3306 3489 peccatis
3349 3416 3503 3473 εἰει-ο-

1922 3503 2084 3559 boam
2118 3503 2217 3559 ﬁlii
2237 3504 2444 3569 Nadab,
2483 3505 2573 3574 qui
2624 3521 2849 3577 peccare
2894 3508 3023 3563 fecit
3049 3508 3269 3564 Israel.»
3308 3508 3504 3564 Cernis

1925 3611 2031 3665 quo
2053 3606 2210 3666 pacto
2245 3611 2427 3652 mores
2457 3596 2602 3653 illius
2646 3601 3014 3666 expresserit,
3037 3601 3204 3655 veluti
3230 3602 3273 3656 si
3296 3617 3395 3670 per
3414 3616 3504 3657 or-

1925 3689 2090 3743 bitam
2115 3688 2382 3754 eamdem,
2405 3696 2461 3743 et
2493 3704 2591 3758 per
2610 3690 2834 3760 vestigia
2884 3691 3183 3761 impietatis
3215 3693 3336 3761 ejus
3362 3694 3505 3747 ince-

1925 3780 2096 3836 deret.
2125 3781 2264 3848 Quid
2302 3780 2530 3851 amplius
2572 3796 2727 3836 sacra
2766 3782 3047 3851 Scriptura
3097 3784 3255 3838 dicit?
3286 3803 3306 3834 ‹
3345 3787 3509 3839 Anno

1925 3871 2184 3925 vicesimo
2234 3871 2464 3939 septimo
2518 3869 2807 3927 Jeroboam
2853 3873 2993 3942 regis
3025 3871 3215 3941 Israel,
3254 3875 3500 3943 regnavit

1927 3962 2146 4015 Azarias
2176 3961 2314 4016 filius
2344 3961 2581 4017 Amasis:
2625 3962 2767 4033 regis
2801 3960 2964 4025 Juda,
3021 3976 3192 4017 annos
3234 3972 3391 4018 natus
3417 3977 3504 4019 se-

1926 4056 2126 4110 decim.
2167 4055 2313 4109 Duos
2348 4069 2511 4123 supra
2549 4054 2938 4125 quinquaginta
2988 4056 3303 4125 rcgnavitin
3343 4054 3501 4110 Jeru-

1925 4148 2114 4204 salem.
2144 4147 2347 4203 Nomen
2367 4149 2558 4202 matris
2581 4147 2700 4218 ejus
2722 4148 2959 4204 Jecbelia
2987 4150 3054 4205 de
3083 4148 3403 4203 Jerusalem.
3436 4147 3505 4204 Et

1924 4240 2054 4298 fecit
2081 4242 2225 4313 quod
2261 4250 2471 4296 rectum
2495 4251 2611 4295 erat
2637 4257 2818 4296 curam
2856 4242 3104 4308 Domino,
3137 4241 3293 4308 juxta
3320 4242 3502 4296 omnia

1925 4350 2046 4405 quae
2079 4335 2208 4388 fecit
2244 4342 2397 4403 pater
2431 4332 2569 4403 ejus.
2616 4332 3001 4387 Verumtamen
3040 4333 3253 4387 excelsa
3279 4348 3388 4386 non
3420 4342 3505 4387 est

1925 4428 2246 4482 demolitus:
2269 4426 2445 4480 adhuc
2474 4425 2617 4479 enim
2661 4423 2891 4493 populus
2908 4424 3251 4478 sacriﬁcabat
3283 4434 3338 4479 et
3368 4425 3500 4479 ado-

1926 4518 2069 4574 lebat
2100 4519 2380 4572 incensum
2405 4518 2460 4571 in
2480 4517 2726 4572 excelsis.
2753 4516 2818 4570 Et
2844 4515 3113 4586 percussit
3144 4516 3404 4570 Dominus
3426 4531 3504 4570 re-

1927 4624 2047 4677 gem
2079 4620 2134 4663 et
2159 4607 2259 4661 fuit
2280 4607 2528 4676 leprosus
2559 4619 2727 4674 usque
2754 4606 2810 4659 in
2844 4606 2986 4659 diem
3019 4604 3206 4659 mortis
3235 4620 3347 4659 sua:
3378 4604 3442 4657 υ.
3480 4624 3498 4654 ι

1927 4699 2057 4754 Pius
2112 4706 2168 4752 et
2206 4697 2301 4751 Dei
2337 4696 2517 4750 cultor
2570 4694 2671 4749 fuit
2738 4696 2920 4761 Ozias,
2955 4694 3006 4765 ⁵1
3027 4695 3122 4749 sed
3156 4709 3268 4748 non
3314 4710 3506 4763 usque-

1929 4803 2166 4859 quaque.
2194 4808 2212 4840 ι
2255 4786 2375 4842 Non
2410 4785 2559 4841 enim
2595 4785 2887 4842 demolitus
2920 4795 3007 4841 est
3042 4787 3273 4845 excelsa.
3294 4786 3503 4855 inquit;

1930 4882 2022 4935 sed
2053 4878 2431 4935 sacriﬁcabant
2458 4878 2512 4932 in
2552 4878 2677 4944 illis,
2704 4887 2759 4933 et
2794 4878 3128 4933 daemonibus
3147 4877 3352 4932 hostias
3373 4877 3508 4932 oﬁ‘e—

240 4980 358 5036 Kal.
384 4979 563 5051 ἥψατο
594 4976 799 5051 Κύριος
830 4975 920 5030 τοῦ
954 4975 1236 5046 βασιλέως,
1260 4974 1351 5028 καὶ
1381 4970 1451 5047 ἦν
1485 4974 1820 5048 λελεπρωμέ-

1931 4973 2124 5028 rebant
2148 4971 2405 5028 seducti.)
2433 4971 2780 5026 Postmodum
2810 4970 3163 5026 transversim
3191 4979 3343 5025 actus
3368 4969 3501 5022 Aza-

236 5093 330 5139 νος
380 5073 493 5137 ἕως
521 5072 733 5143 ἡμέρας
779 5069 1008 5124 Θανάτου
1032 5067 1217 5122 αὐτοῦ.
1252 5088 1270 5119 ι
1311 5066 1554 5138 Εὐσεϐὴς
1608 5070 1704 5139 μὲν
1734 5071 1820 5124 καὶ

1931 5063 2061 5128 rias,
2097 5063 2210 5118 sive
2234 5061 2413 5128 Ozias,
2442 5076 2564 5118 esse
2589 5077 2655 5117 ex
2680 5061 2843 5133 regali
2860 5061 3127 5133 dignitate
3151 5060 3385 5123 censuit,
3414 5075 3472 5113 sa
3488 5085 3505 5097 ο

239 5165 500 5235 φιλόθεος
528 5165 729 5228 Ὀζίας,
759 5162 897 5233 πλὴν
924 5163 1023 5232 οὐχ
1055 5160 1495 5230 όλοτρόπως.‹οὑ
1530 5161 1640 5232 γὰρ
1669 5179 1828 5233 περι..

238 5257 356 5311 εἷλε
394 5255 469 5309 τὰ
502 5253 699 5325 ὑψηλὰ,
733 5254 917 5324 φησὶν,
959 5253 1072 5307 ἀλλ’
1114 5252 1351 5323 ἐθυμίων
1394 5254 1452 5304 ὲν
1481 5254 1683 5320 αὐτοῖς,
1734 5256 1829 5310 καὶ

239 5353 358 5414 τοῖς
388 5344 689 5417 δαιμονίοις
718 5343 993 5415 προσῆγον
1014 5344 1201 5406 θυσίας
1213 5344 1262 5396 οἱ
1287 5341 1826 5415 πλανώμενοι.›Εἷτα

238 5435 609 5508 παρενεχθεὶς
649 5432 921 5503 Ἀζαρίας,
954 5433 1120 5504 ἡγουν
1149 5434 1179 5485 6
1223 5431 1423 5497 Ὀζίας,
1459 5435 1538 5497 είς
1564 5435 1827 5500 ὲκτόπους

240 5528 483 5589 ἑννοίας,
513 5525 667 5597 ᾠήθη
698 5525 926 5596 πρέπειν
951 5526 1018 5595 τῇ
1058 5527 1159 5594 τῆς
1187 5524 1462 5593 βασιλείας
1487 5524 1610 5596 δόξῃ
1641 5528 1733 5580 καὶ
1766 5528 1827 5581 τὸ

243 5620 455 5691 χρῆναι
508 5615 750 5686 πληροῦν
796 5617 863 5669 τὰ
903 5615 1263 5686 νενομισμένα
1310 5615 1389 5687 τῷ
1420 5616 1558 5686 Θεῷ,
1595 5618 1688 5671 καὶ
1717 5619 1826 5672 λει-

242 5706 512 5801 Ξουργίας
551 5704 873 5777 ἀντέχεσθαι
916 5705 1013 5775 τῆς
1038 5706 1209 5777 ἱερᾶς.
1248 5705 1356 5758 Καὶ
1383 5705 1448 5777 δὴ
1496 5708 1590 5761 καὶ
1616 5706 1813 5763 τέθυκε

1934 5155 2040 5211 cr-is
2088 5155 2297 5227 legibus
2356 5156 2467 5210 Deo
2518 5153 2763 5209 instituta
2810 5152 2983 5217 obire,
3036 5161 3091 5206 et
3147 5149 3505 5205 ministerium

1933 5263 2146 5304 sacrum
2200 5261 2502 5318 capessere.
2553 5244 2657 5300 Per
2693 5259 2753 5300 se
2784 5258 3004 5314 quoque
3055 5240 3399 5307 sacriﬁcavit,
3438 5239 3510 5293 Ie-

1933 5355 2054 5411 gem
2083 5354 2115 5393 a
2138 5337 2290 5394 Mose
2325 5338 2487 5392 latam
2534 5336 2809 5409 ignorans.
2850 5334 3025 5390 Simul
3075 5344 3264 5387 autem
3284 5331 3353 5386 ad
3380 5331 3509 5384 Iun-

1933 5434 2167 5490 ctionem
2189 5431 2530 5499 sacram,sibi
2556 5433 2871 5503 neutiquam
2891 5428 3301 5486 convenientem
3322 5439 3508 5480 ascen-

1933 5525 2113 5590 dit",
2143 5545 2161 5577 ι
2195 5524 2475 5580 Percussit
2546 5540 2671 5579 eum
2725 5524 3006 5587 Dominus,
3061 5518 3255 5589 inquit,
3291 5526 3349 5572 et
3390 5525 3521 5575 erat.

1934 5620 2181 5687 Ieprosus
2209 5632 2378 5687 usque
2406 5617 2459 5671 in
2492 5616 2634 5671 diem
2681 5614 2871 5669 mortis
2900 5628 3010 5668 sua-
3033 5612 3098 5664 ".
3138 5629 3156 5661 ι
3190 5609 3509 5664 Immundus

1934 5708 2097 5781 igitur
2130 5709 2425 5765 secundum
2476 5709 2645 5779 legem
2696 5715 2813 5761 erat
2852 5705 3122 5776 leprosus,
3148 5710 3205 5758 et
3247 5699 3501 5771 hujusce-

322 5876 367 5908 “
409 5873 476 5931 III
503 5874 635 5946 Reg.
664 5892 724 5942 ll,
759 5874 849 5932 26.
930 5878 970 5910 “
1005 5876 1069 5934 IV
1099 5876 1229 5948 Reg.
1281 5892 1392 5947 xw,
1420 5877 1508 5947 ‘23,
1546 5877 1635 5933 Ἡ.
1721 5876 1761 5909 ¹⁸
1787 5874 1820 5931 I‘

1922 5880 2020 5946 leg.
2076 5891 2164 5947 xv,
2205 5875 2325 5932 1-5.
2406 5876 2447 5908 ιδ
2481 5873 2669 5932 IlPar.
2697 5873 2785 5941 I5,
2822 5873 2875 5928 I.
2952 5874 2996 5905 ”
3032 5870 3096 5928 IV
3132 5870 3273 5943 Reg.
3303 5883 3404 5938 xv,
3436 5864 3493 5923 Ei.
