4046 6376
583 386 656 442 19
1609 382 1666 439 S.
1703 381 1982 442 CYRILLI
2021 381 2496 441 ALEXANDRINI
2527 378 2851 438 ARCHIEP.
3745 381 3807 437 20

578 506 724 563 modi
754 504 944 561 morbo
975 503 1215 575 impliciti
1262 502 1453 558 castris
1476 503 1852 572 ejiciebantur.
1881 503 1970 560 Sic
2002 505 2133 558 enin

2255 504 2318 556 δι’
2338 501 2551 562 ἑαυτοῦ,
2569 500 2680 553 τῶν
2704 500 2792 553 διὰ
2815 496 3057 561 Μωσέως
3081 495 3353 568 ἀλογήσας
3379 495 3580 568 νόμων.
3610 497 3807 573 Ἐπειδὴ

579 599 722 654 Deus
748 598 816 654 ad
848 613 1124 653 sacrorum
1145 596 1420 652 doctorem
1451 595 1633 650 Mosen
1658 613 1670 649 :
1713 615 1730 647 ι
1761 594 2006 666 Loquere
2029 595 2150 650 ﬁliis

579 691 766 756 Israel,
819 690 1037 758 ejiciant
1077 700 1230 744 extra
1270 698 1447 744 castra
1511 703 1726 743 omnem
1773 688 2064 756 leprosum,
2089 698 2143 742 et

576 777 777 833 ﬂuxum
803 780 1024 834 seminis
1057 779 1379 849 patientem;
1414 785 1468 833 et
1489 793 1703 842 omnem
1733 779 2069 833 immundum
2096 779 2148 833 in

581 870 760 925 anima
791 871 857 923 ιθ.
889 889 908 922 ι
953 871 1181 925 Punitus
1199 879 1284 926 est
1311 879 1491 924 autem
1513 870 1722 935 morbo,
1756 885 1922 925 ausus
1943 869 2145 935 illicita,

575 974 632 1019 et
659 980 837 1036 regem
896 965 988 1036 qui
1041 981 1248 1020 sacram
1301 963 1618 1034 dignitatem
1674 965 1946 1019 invaserat
1999 965 2148 1036 igno-

576 1055 741 1109 minia
791 1055 935 1110 Deus
964 1055 1364 1109 condemnavit.
1406 1053 1544 1119 Quia
1577 1068 1710 1107 vero
1743 1051 2039 1123 prophetiae
2069 1052 2149 1107 vis

574 1160 685 1200 non
719 1147 785 1199 ad
816 1146 989 1201 solum
1018 1145 1233 1211 Iud-am,
1261 1146 1362 1200 hoc
1379 1155 1481 1210 est,
1546 1144 1637 1214 qui
1661 1145 1965 1199 incolebant
1995 1143 2149 1199 Jero-

572 1237 854 1309 Solymam,
903 1239 998 1294 sed
1039 1239 1198 1294 etiam
1235 1238 1302 1293 ad
1342 1237 1504 1292 Israel
1541 1237 1795 1306 pertinet,
1840 1238 2056 1301 hocest,
2081 1237 2155 1292 ad

572 1332 758 1387 decem
784 1334 956 1388 tri-bus
980 1334 1032 1386 in
1074 1330 1601 1394 Samaria,dicamus
1629 1337 1842 1398 oportet
1863 1331 1929 1385 de
1957 1330 2021 1384 iis
2055 1329 2146 1398 qui

576 1440 741 1494 regno
768 1425 966 1480 ibidem
1009 1423 1367 1494 priefuerunt,
1401 1424 1734 1491 temporibus
1780 1422 2009 1487 Azariae,
2052 1423 2145 1491 qui

571 1525 628 1570 et
648 1514 824 1581 Ozias,
858 1528 914 1574 et
941 1517 1135 1588 quibus
1166 1533 1258 1573 eos
1296 1516 1691 1572 calamitatibus
1733 1516 1964 1587 opprimi
2019 1531 2148 1571 con-

572 1609 904 1680 tigerit,cum
924 1610 1162 1680 profanae
1180 1609 1497 1665 idololatria
1520 1609 1667 1663 velut
1686 1607 1937 1662 insolenti
1958 1607 2146 1662 morbo

571 1699 838 1755 debilitati
895 1709 1099 1756 esseut.
1154 1699 1270 1754 iam
1334 1701 1500 1768 igitur
1538 1699 1852 1756 vicesimum
1893 1707 2145 1755 octavum

571 1807 774 1846 annum
819 1801 1080 1860 regnante
1115 1791 1266 1855 Ozia,
1328 1808 1425 1848 seu
1467 1792 1681 1855 Azaria,
1748 1790 1884 1846 alius
1922 1791 2144 1845 Azarias

2251 594 2308 648 δὲ
2360 593 2702 663 ἀναϐέϐηκεν
2749 593 2829 655 εἰς
2871 589 2970 661 τὴν
3001 588 3296 660 οὐδαμόθεν
3329 588 3478 659 αὐτῷ
3509 588 3808 661 πρέπουσαν

2249 685 2606 758 λειτουργίαν,
2643 685 2786 756 φημὶ
2816 683 2901 754 δὴ,
2958 681 3057 752 τὴν
3096 679 3267 752 ἱερὰν,
3318 699 3337 734 ι
3393 679 3628 750 Ἥψατο,
3669 685 3807 753 φησι,

2249 777 2454 846 Κύριος
2493 775 2692 842 αὐτοῦ,
2745 775 2840 830 καὶ
2887 768 2957 846 ἦν
3006 772 3420 846 λελεπρωμένος
3463 773 3570 837 ἕως
3617 775 3808 846 ἡμέρας

2249 868 2483 923 θανάτου
2517 866 2707 922 αὐτοῦ.
2747 885 2765 919 ι
2815 865 3151 936 Ἀκάθαρτος
3191 865 3289 938 μὲν
3331 863 3425 920 οὖν
3453 865 3596 919 κατὰ
3628 865 3808 937 νόμους

2248 963 2278 1015 ὀ
2334 961 2554 1032 λεπρὸς,
2592 960 2687 1014 καὶ
2719 958 3110 1030 ἀπεπέμποντο
3155 958 3254 1028 τῆς
3285 957 3634 1029 παρεμϐολῆς
3660 959 3707 1010 oi
3739 957 3808 1027 τῷ

2248 1051 2434 1122 τοιῷδε
2487 1051 2647 1105 πάθει
2680 1048 3125 1121 κατειλημμένοι.
3166 1050 3336 1120 Ἔφη.
3361 1048 3472 1119 γάρ
3516 1065 3647 1102 ποτε
3695 1047 3820 1112 Θεὸς.

2251 1145 2388 1217 πρὸς
2424 1144 2514 1198 τὸν
2552 1142 2872 1215 ἱεροφάντην
2919 1140 3154 1195 Μωσέαο
3197 1157 3218 1192 ι
3253 1139 3507 1210 Λάλησον,
3544 1142 3657 1204 τοῖς
3689 1142 3810 1204 υἱοῖς

2262 1215 2497 1308 Ἰσραὴλ,
2529 1235 2622 1288 καὶ
2667 1231 3206 1300 ὲξαποστειλάτωσαν
3239 1232 3304 1284 ἐκ
3339 1231 3438 1302 τῆς
3474 1215 3843 1303 παρεμϐολῆς⁹

2250 1327 2426 1382 πάντα
2481 1325 2682 1396 λεπρὸν
2713 1325 2805 1377 καὶ
2840 1322 3123 1396 γονορροἦ,
3158 1321 3254 1374 καὶ
3293 1321 3472 1377 πάντα
3516 1320 3810 1390 ἀκάθαρτον

2247 1419 2340 1472 ἐπὶ
2364 1420 2532 1488 ψυχῇ.
2577 1436 2596 1468 ι
2645 1415 2974 1483 Ἐπετιμᾶτο
3003 1413 3059 1466 δὲ
3096 1415 3162 1484 τῇ
3201 1412 3361 1483 νόσῳ,
3409 1412 3751 1484 τετολμηκὼς
3776 1412 3810 1466 ἃ.

2251 1510 2324 1580 μὴ
2359 1508 2535 1579 θέμις,
2568 1507 2663 1559 καὶ
2712 1503 2936 1574 ἀτιμίαν
2982 1503 3074 1556 τοῦ
3110 1502 3376 1573 βασιλέως
3419 1503 3812 1578 κατεψηφίσατο

2247 1600 2400 1664 θεὸς,
2435 1598 2534 1669 τὴν
2581 1598 2731 1669 ίεράν
2767 1595 3113 1668 ἁρπάσαντος
3141 1593 3318 1661 δόξαν.
3373 1593 3588 1666 Ἐπειδὴ
3633 1596 3688 1648 δὲ
3723 1595 3812 1666 τῆς

2246 1689 2582 1761 προφητείας
2612 1689 2644 1760 η
2673 1687 2899 1757 δύναμις
2928 1686 3028 1741 οὐκ
3053 1686 3132 1749 εἰς
3163 1686 3320 1757 μόνον
3351 1685 3536 1760 βλέπει
3565 1686 3656 1740 τὸν
3689 1685 3811 1739 Ἰοί·⁵

2245 1780 2360 1845 δαν,
2384 1779 2649 1844 τουτέστι,
2677 1780 2802 1842 τοὺς
2833 1778 2892 1832 ὲν
2922 1779 3036 1841 τοῖς
3077 1777 3502 1849 Ἰεροσολύμοις,
3525 1779 3735 1850 ἔρχεται
3759 1778 3812 1834 δὲ

487 2190 490 2191 ν
571 2154 882 2209 domesticis
937 2154 1061 2208 suis.
1099 2154 1332 2209 traditus
1379 2163 1464 2208 est
1499 2153 1853 2223 iugulandus,
1885 2163 1940 2208 et
1966 2153 2140 2223 periit.

573 1881 713 1936 ﬁlius
758 1878 1042 1935 Jerohoam
1097 1880 1309 1936 Israelis
1358 1898 1582 1951 regnum
1623 1881 1798 1936 tenuit
1862 1880 2133 1936 mensibus

2244 1873 2337 1926 καὶ
2377 1873 2468 1925 ἐπὶ
2504 1871 2594 1924 τὸν
2635 1869 2874 1942 Ἰσραὴλ,
2900 1847 3165 1935 τουτέστι,
3224 1869 3325 1934 τάς
3354 1847 3487 1925 δέκα
3721 1873 3812 1936 τὰς

571 1987 690 2026 sex.
720 1970 821 2038 Qui
853 1981 1138 2042 postquam
1176 1981 1232 2026 et
1259 1973 1372 2042 ipse
1403 1973 1456 2027 iu
1497 1974 1581 2026 via
1617 1972 1789 2042 patris
1853 1971 1934 2026 sui
1963 1974 2133 2026 ambul

2243 1969 2301 2019 ὲν
2329 1969 2400 2036 τῇ
2441 1964 2742 2036 Σαμαρελαο
2779 1963 2912 2034 φέρε
2959 1963 3211 2033 λέγωμεν
3241 1964 3555 2031 ἀναγκαίως
3582 1965 3704 2027 τοὺς
3731 1962 3812 2016 ἐπ’

569 2063 720 2129 lavit,
777 2063 1016 2133 fecitque
1068 2063 1265 2118 malum
1309 2079 1490 2118 coram
1535 2062 1784 2125 Domino,
1823 2049 2133 2134 quibusdam

2243 2059 2404 2114 αὑτὸν
2447 2057 2894 2129 βεϐασιλευκότας
2925 2058 2982 2109 ἐν
3013 2056 3251 2127 ἡμέραις
3295 2055 3567 2127 Ἀζαρίου,
3597 2055 3691 2108 τοῦ
3725 2053 3814 2109 καὶ

2255 2151 2450 2215 Ὀζίου,
2506 2151 2599 2204 καὶ
2632 2149 2812 2211 ποίαις
2836 2149 3030 2211 αὐτοὺς
3050 2151 3353 2220 συμφοραῖς
3375 2147 3714 2220 συμϐέϐηκεν
3744 2149 3818 2201 ἐν·

569 2244 900 2302 Procedeute
930 2247 1272 2316 postmodum
1301 2255 1562 2316 tempore,
1609 2259 1750 2299 anno
1794 2245 2069 2300 tricesimo
2087 2252 2133 2300 el

2243 2243 2463 2307 αλῶναι,
2486 2240 3016 2314 κατηρῤωστηκότας
3041 2240 3286 2304 ἐκτόπως
3306 2241 3404 2313 τὴν
3429 2240 3653 2311 βέϐηλον
3673 2241 3816 2294 είδω-

567 2346 757 2394 octavo
785 2339 933 2409 regni
974 2337 1140 2404 Ozias,
1174 2353 1359 2393 rursus
1385 2337 1603 2405 ungitur
1625 2352 1787 2407 super
1826 2337 1987 2392 Israel
2035 2337 2133 2392 Sel-

2241 2339 2547 2410 λολατρίαν.
2576 2335 2712 2406 Ἤδη
2735 2336 2914 2389 τοίνυν
2943 2333 3185 2388 εἰκοστὸν
3213 2333 3308 2386 καὶ
3327 2332 3509 2400 ὄγδοον
3526 2331 3643 2395 ἔτος
3657 2333 3713 2385 ὲν
3742 2330 3815 2402 τῷ

568 2432 700 2496 lum,
747 2439 803 2484 et
822 2439 1009 2501 regnat
1039 2443 1223 2485 mense
1252 2444 1381 2494 uno,
1415 2442 1646 2497 moxque
1696 2443 1725 2480 a
1772 2427 2003 2483 Manaim
2033 2429 2133 2485 tilia

2246 2429 2550 2500 βασιλεύειν
2594 2428 2808 2500 ἔχοντος
2848 2426 3048 2492 ὐζίου,
3075 2423 3170 2479 τοῦ
3216 2424 3309 2478 καὶ
3347 2422 3621 2494 Ἀζαρίου,
3660 2423 3828 2487 Ἀζα-’

565 2523 711 2578 Gate
739 2522 809 2578 de
826 2522 1027 2577 Thersa
1066 2521 1413 2576 interimitur.
1445 2517 1725 2588 Signiﬁcat
1739 2526 1918 2572 autem
1959 2519 2133 2574 divina

2244 2528 2366 2600 ρίας
2413 2527 2618 2598 ἕτερος,
2667 2526 2761 2581 τοῦ
2815 2523 3120 2597 Ἱεροϐοάμ,
3169 2519 3552 2593 βεϐασίλευκεν
3592 2514 3686 2569 ἐπὶ
3727 2514 3814 2567 τὸν

568 2613 848 2682 Scriptura
879 2614 1066 2667 ambos
1117 2611 1286 2666 fuisse
1314 2611 1378 2666 de
1410 2609 1672 2680 sanguine
1710 2608 1870 2673 Jehu,
1915 2620 1972 2664 et
2001 2610 2133 2667 Iilios

2254 2609 2466 2690 Ἰσραὴλ
2497 2619 2671 2689 μῆνας
2699 2618 2781 2680 ἓξ.
2829 2615 3046 2686 Ἐπειδὴ
3079 2615 3173 2668 καὶ
3205 2613 3367 2676 αὐτὸς
3390 2613 3456 2664 μὲν
3500 2607 3605 2679 ὀδῷ
3648 2605 3816 2659 πεπό-

568 2705 686 2774 ejus
724 2705 814 2774 qui
844 2705 1042 2759 occidit
1064 2703 1282 2766 'Acbah,
1324 2710 1378 2756 et
1403 2701 1604 2756 liberos
1635 2699 1772 2768 ejus,
1803 2711 1859 2756 et
1881 2699 2095 2757 Iezabel
2121 2718 2133 2766 ;

2241 2727 2429 2780 ρευται
2455 2709 2558 2763 τοῦ.
2576 2709 2802 2780 πατρὸς,
2827 2708 2920 2762 καὶ
2941 2707 3165 2777 ἐποίησε
3195 2705 3256 2758 τὸ
3282 2701 3516 2774 πονηρὸν
3544 2702 3602 2753 ὲν
3630 2695 3814 2766 ὀφθαλ-

567 2798 652 2852 cui
691 2797 850 2853 etiam
880 2795 1128 2863 promisit
1161 2794 1328 2849 Deus:
1362 2813 1379 2846 ι
1411 2794 1530 2848 Filii
1565 2793 1644 2847 tui
1675 2807 1846 2863 usque
1879 2794 1946 2847 ad
1977 2807 2133 2860 quar<

2243 2803 2364 2870 μοῖς
2392 2801 2618 2871 Κυρίου,
2650 2799 2858 2854 δέδοταί
2905 2815 3015 2851 τισι
3047 2797 3160 2853 τῶν
3198 2795 3415 2850 οἰκείων
3457 2793 3539 2856 είς
3582 2788 3815 2861 σφαγὴν,

569 2900 677 2942 tam
696 2888 1099 2954 generationem
1117 2887 1552 2954 sedebuntsuper
1575 2885 1825 2940 thronum
1845 2892 1997 2938 tuum
2021 2884 2084 2938 ".
2113 2902 2133 2937 ι

2239 2892 2334 2944 καὶ
2361 2891 2427 2962 δὴ
2453 2891 2745 2946 διόλλυται.
2775 2889 3064 2960 Προϊόντος
3090 2887 3148 2942 δὲ
3176 2883 3270 2940 τοῦ
3305 2885 3496 2956 καιροῦ
3525 2881 3730 2944 λοιπὸν,
3760 2881 3816 2934 ὲν

567 2982 827 3050 Regnavit
847 2982 1007 3050 igitur
1041 2965 1272 3034 Mimaim
1302 2993 1463 3048 super
1491 2977 1658 3033 Israel
1697 2991 1820 3032 cum
1846 2977 2133 3032 occidisset

2238 2984 2350 3037 ἔτει
2378 2982 2685 3056 τριακοστῷ
2712 2982 2808 3036 καὶ
2839 2969 3011 3051 ὀγδόῳ
3047 2978 3325 3050 βασιλείας
3375 2976 3572 3043 Ὀζίου,
3609 2973 3816 3046 χρίεται

568 3075 792 3138 Sellmu,
823 3092 842 3124 ‹
875 3073 938 3126 Ει
959 3071 1084 3126 fecit
1114 3070 1339 3134 malum,
1361 3067 1555 3138 inquit,
1591 3085 1609 3117 ι
1649 3068 1702 3121 in
1718 3065 2133 3122 oculisDomini.

2238 3075 2400 3129 πάλιν
2449 3075 2540 3129 ἐπὶ
2589 3075 2679 3128 τὸν
2739 3073 3009 3146 Ἰσραὴλό
3043 3071 3289 3144 Σελούμο
3341 3070 3435 3124 καὶ
3469 3066 3816 3140 βεϐασίλευκε

565 3166 684 3221 Νοη
731 3165 953 3221 recessit
999 3165 1065 3219 ab
1092 3163 1342 3218 omnibus
1402 3161 1644 3230 peccatis
1698 3159 1985 3215 Jerohoam
2038 3160 2131 3214 ﬁlii

2241 3168 2408 3239 μηνὸς
2453 3166 2691 3240 ἡμέρας.
2751 3167 3043 3238 Ἀνῄρηται
3085 3164 3196 3236 γὰρ
3240 3162 3403 3228 εὐθὺς
3451 3161 3555 3216 ὑπὸ
3590 3159 3818 3229 Μαναῒμ

564 3259 772 3320 Nadab,
821 3255 911 3323 qui
951 3267 1176 3325 peccare
1207 3252 1333 3307 fecit
1366 3249 1530 3305 Israel
1563 3251 1626 3303 ¹⁸.
1662 3270 1681 3303 ι
1717 3251 1993 3321 Regnante
2031 3266 2130 3304 au-

2239 3259 2356 3317 υἰοῢ
2406 3259 2554 3330 Γαζῆ
2615 3257 2709 3313 τοῦ
2778 3261 2844 3313 ἐκ
2896 3257 3115 3329 Θερσίν.
3184 3255 3596 3327 Ἐπεσημήνατο
3645 3254 3704 3308 δὲ
3756 3253 3820 3311 τὸ

564 3362 670 3406 tem
689 3348 1019 3412 Mauaim,_ac
1041 3347 1204 3399 Deum
1217 3341 1600 3414 ﬁoii‘eudente
1622 3342 1764 3410 quod
1788 3342 2132 3396 vehementer

2238 3352 2476 3422 Γράμμα
2501 3351 2562 3404 τὸ
2597 3351 2760 3423 ἱερὸν,
2795 3351 2878 3405 ὅτι
2911 3349 3199 3419 γεγόνασιν
3238 3349 3363 3414 υἱοὶ,
3416 3348 3512 3400 καὶ
3550 3346 3609 3411 ἐξ
3652 3345 3819 3416 αἵμα-

561 3443 821 3497 falsorum
837 3441 1056 3494 deorum
1077 3435 1277 3490 cultum
1297 3444 1615 3498 sectaretur,
1632 3433 1768 3488 Phul
1782 3431 2128 3503 Assyriorum

563 3549 655 3588 rex
687 3548 809 3586 cum
840 3529 1038 3584 infesto
1083 3527 1326 3582 exercitu
1362 3526 1642 3595 ingressus
1679 3534 1764 3580 est
1801 3523 2124 3579 Samariam.

559 3627 658 3681 Cui
685 3642 804 3680 cum
834 3623 1090 3678 resistere
1120 3618 1349 3673 Manaim
1377 3633 1482 3672 non
1517 3627 1724 3686 posset,
1762 3618 1949 3688 grandi
1969 3632 2130 3685 pecu-

559 3723 647 3775 nia
679 3726 958 3773 numerata
990 3727 1262 3769 recessum
1301 3721 1358 3767 et
1389 3727 1574 3781 pacem
1601 3710 1885 3780 persuasit.
1915 3708 2127 3765 Mortuo

559 3809 790 3865 Mauaim
824 3820 974 3861 anno
1025 3804 1194 3859 altero
1231 3813 1284 3857 et
1324 3801 1771 3872 quinquagesimo
1812 3799 1975 3867 Ozias,
2008 3811 2130 3870 post

558 3911 839 3955 excessum
867 3893 1037 3963 patris
1070 3893 1291 3962 ungitur
1316 3893 1369 3945 in
1405 3906 1583 3960 regem
1614 3889 1969 3961 Jerosoiymis
2001 3890 2129 3946 Joa-

562 3991 730 4050 tham,
753 3987 940 4054 dequo
955 3983 1210 4052 scriptum
1237 3981 1684 4052 IegimusuFecit
1706 3984 1846 4053 quod
1874 3985 2126 4053 placitum

559 4087 677 4135 erat
704 4090 888 4130 coram
935 4073 1184 4138 Domino,
1228 4072 1524 4126 secundum
1567 4073 1746 4127 omnia
1778 4088 1898 4142 quae
1927 4073 2129 4130 fecerat

559 4179 709 4240 pater
729 4168 864 4236 ejus.
898 4163 1276 4220 Verumtamen
1294 4161 1507 4219 excelsa
1531 4179 1634 4219 non
1668 4164 1889 4219 abstulit
1913 4182 1927 4219 :
1953 4167 2129 4222 adhuc

558 4259 786 4332 populus
841 4255 1180 4324 immolabat,
1210 4264 1265 4310 et
1317 4254 1566 4310 adolebat
1621 4257 1900 4311 incensum
1932 4259 1986 4312 in
2028 4273 2126 4316 ex-

556 4354 718 4407 celsis
753 4351 818 4402 “.
859 4368 878 4402 ι
914 4349 1090 4419 Super
1122 4345 1287 4402 Israel
1317 4356 1496 4402 autem
1520 4355 1712 4402 unctus
1732 4356 1816 4402 est
1838 4347 2123 4415 Phaceias,

559 4445 698 4499 ﬁlius
763 4439 1021 4496 Manaim.
1063 4458 1083 4492 ι
1123 4438 1389 4509 Regnavit
1430 4445 1635 4503 autem,
1693 4437 1890 4506 inquit,
1953 4454 2125 4497 annos

2235 3440 2478 3514 τοςῆσαν
2504 3445 2804 3514 ἀμφότεροι
2823 3441 2914 3496 τοῦ
2947 3442 3071 3505 Ἰοὺ,
3089 3441 3148 3504 ὃς
3163 3441 3450 3495 ἀπέκτεινε
3471 3439 3560 3492 τὸν
3587 3435 3816 3517 ’Δχαάᾄ

2237 3534 2332 3588 καὶ
2369 3535 2495 3598 τοὺς
2535 3533 2683 3598 υἱοὺς
2712 3532 2900 3598 αὐτοῦ,
2932 3532 3028 3586 καὶ
3048 3532 3149 3601 τὴν
3195 3528 3450 3594 Ἰεζάϐελ,
3584 3530 3682 3582 καὶ
3713 3528 3816 3586 ὑπ-

2235 3629 2422 3698 έσχετο
2453 3629 2495 3680 -ὁ
2541 3626 2692 3691 Θεὸς,
2734 3625 2940 3694 λέγων’
2973 3643 2992 3674 ι
3026 3625 3142 3678 Υἱοὶ
3188 3624 3439 3694 τέταρτοι
3484 3620 3818 3692 καθήσονται

2236 3721 2328 3774 ἐπὶ
2352 3719 2443 3773 τοῦ
2474 3719 2687 3790 θρόνου.
2723 3737 2742 3769 ι
2782 3717 3147 3772 Βεϐασίλευκε
3191 3715 3370 3770 τοίνυν
3413 3715 3440 3767 ὀ
3467 3713 3695 3784 Μαναῒμ
3722 3713 3821 3766 ἐπὶ

2233 3811 2323 3866 τὸν
2359 3811 2593 3883 Ἰσραὴλ,
2625 3808 2936 3873 ἀπεκτονὼς
2960 3809 3051 3867 τὸν
3079 3808 3309 3877 Σελοὺμ,
3343 3825 3363 3858 ι
3391 3805 3500 3861 Καὶ
3531 3803 3812 3874 ἐποίησε.»

2233 3899 2388 3972 φησὶ,
2418 3919 2436 3951 ‹
2468 3900 2528 3952 τὸ
2553 3899 2788 3972 πονηρὸν
2815 3900 2872 3951 ἐν
2895 3897 3192 3968 ὀφθαλμοῖς
3214 3896 3440 3965 Κυρίου.
3467 3896 3578 3949 Οὐκ
3604 3895 3816 3964 ἀπέστη

2233 3990 2340 4044 ἀπὸ
2383 3989 2577 4045 πασῶν.
2619 3989 2902 4061 ἁμαρτιῶν
2966 3988 3248 4061 Ἱεροϐοάμ
3310 3987 3425 4041 υἱοῦ
3485 3985 3709 4050 Ναϐἀτ,
3755 3984 3818 4049 ὃς

2233 4082 2508 4154 ἐξήμαρτε
2555 4082 2646 4135 τὸν
2703 4081 2936 4153 Ἰσραήλ.
2996 4101 3015 4134 ι
3073 4080 3452 4144 Βασιλεύοντος
3507 4079 3572 4143 δὲ⁵
3619 4079 3825 4146 αὑτοῦ,

2234 4174 2376 4245 φημὶ
2407 4173 2492 4242 δὴ,
2530 4173 2626 4226 τοῦ
2661 4172 2908 4244 Μαναῒμ,
2939 4173 3035 4226 καὶ
3076 4171 3196 4243 Θεῷ
3241 4161 3694 4244 προσκρούοντος,
3724 4173 3822 4228 διὰ

2231 4265 2292 4318 τὸ
2306 4265 2666 4337 προσκεῖσθαι
2687 4264 2806 4318 λίαν
2830 4268 2950 4329 ταῖς
2972 4265 3082 4320 τῶν
3104 4264 3338 4319 εἰδώλων
3351 4264 3820 4336 ψευδολατρείαις,

2233 4356 2729 4428 καταστρατεύεται
2792 4358 2893 4428 τῆς
2971 4358 3283 4430 Σαμαρείας
3347 4357 3490 4412 Φουὰ
3556 4357 3820 4428 βασιλεὺς

2245 4451 2564 4524 Ἀσσυρίων.
2606 4452 2702 4505 "Ov
2739 4450 3053 4522 ἀμύνασθαι
3083 4453 3196 4514 τοῖς
3224 4449 3410 4514 ὅπλοις
3455 4451 3556 4505 οὐκ
3599 4449 3744 4521 ἔχων
3789 4451 3823 4502 ό

554 4538 711 4600 duos,
733 4543 788 4590 et
809 4532 938 4590 fecit
969 4530 1168 4588 malum
1215 4545 1399 4587 coram
1439 4528 1688 4597 Domino,
1714 4531 2124 4604 coujuravitque

2238 4540 2474 4612 Μαναῒμ,
2524 4539 2740 4603 πολλοῖς
2784 4539 3070 4598 ἀναπείθει
3119 4541 3399 4613 χρήμασιν
3442 4541 3821 4610 ἀποφοιτῆσαι

556 4626 810 4681 adversus
837 4639 958 4680 eum
1017 4621 1230 4679 Phacee
1265 4624 1407 4678 ﬁlius
1455 4623 1713 4680 Romelize
1761 4625 1872 4682 dux
1900 4625 2038 4695 ejus,
2069 4636 2126 4682 et

553 4717 819 4788 percussit
857 4731 976 4772 eum
999 4717 1053 4771 in
1080 4716 1418 4784 Samaria,et
1457 4718 1704 4787 regnavit
1741 4733 1840 4789 pro
1871 4735 1936 4774 eo
1961 4735 2126 4789 super

555 4811 738 4867 Israel.
757 4809 822 4863 Et
853 4811 979 4865 fecit
1002 4811 1198 4864 malum
1217 4825 1400 4864 coram
1420 4811 1666 4876 Domino,
1688 4819 1744 4866 et
1769 4828 1874 4867 non
1902 4813 2122 4868 recessit

552 4919 584 4958 ο
610 4906 843 4972 peccatis
875 4901 1160 4957 Jerohoam
1211 4901 1303 4956 ﬁlii
1341 4900 1534 4968 Nabal,
1591 4903 1682 4974 qui
1735 4918 1960 4971 peccare
1992 4904 2123 4960 fecit

551 4993 718 5050 Israel
756 4995 857 5048 ³ο.»
895 4995 1007 5049 Sub
1057 4995 1158 5050 hoc
1203 5009 1331 5064 rege
1362 4997 1604 5050 ascendit
1639 4995 2123 5064 Theglatphalasar

553 5101 648 5140 rex
677 5084 1046 5157 Assyriorum,
1076 5094 1150 5150 et,
1186 5086 1237 5140 vi
1282 5095 1544 5155 occupata
1577 5085 1828 5140 universa
1855 5087 2120 5153 Samaria,

551 5172 804 5228 Israelem
839 5174 1114 5228 transtulit
1142 5176 1195 5229 in
1245 5175 1515 5247 Assyrios.
1549 5174 1793 5232 Mortuus
1826 5187 1912 5233 est
1944 5188 2120 5234 autem

559 5270 606 5315 et
635 5259 844 5318 Phacee
889 5277 986 5332 per
1029 5263 1252 5320 insidias
1276 5264 1451 5331 Oscae,
1478 5266 1570 5320 lilii
1601 5266 1717 5332 Eia,
1737 5269 1829 5337 qui
1857 5277 1912 5323 et
1933 5283 2125 5339 regna-

557 5351 744 5420 vitpro
769 5368 833 5408 eo
865 5369 1007 5410 anno
1037 5354 1290 5410 vicesimo
1341 5357 1589 5412 Joatham
1630 5357 1722 5412 ﬁlii
1767 5359 2028 5414 Azariam
2069 5361 2122 5416 lu

556 5441 740 5496 diebus
769 5444 892 5510 illis,
917 5445 1114 5516 inquit,
1141 5448 1307 5518 coepit
1332 5447 1592 5506 Dominus
1621 5451 1834 5507 mittere
1856 5453 1908 5506 in
1931 5450 2123 5508 Judam

2231 4633 2336 4705 τῆς
2365 4635 2493 4704 γῆς,
2519 4632 2612 4685 καὶ
2657 4631 2814 4693 λῦσαι
2841 4631 2940 4709 τὴν
2981 4632 3184 4704 μάχην.
3229 4632 3446 4704 Ἐπειδὴ
3483 4632 3540 4686 δὲ
3568 4630 3823 4692 τετελεύ-

2227 4741 2405 4796 τηκεν.
2426 4726 2455 4778 ὁ
2498 4724 2726 4796 Μαναῒμ
2757 4727 2814 4778 ὲν
2840 4724 2950 4779 ἔτει
2981 4724 3166 4788 λοιπὸν
3194 4725 3542 4797 πεντηκοστῷ
3569 4726 3662 4778 καὶ
3694 4724 3822 4778 δευ·

2227 4816 2369 4887 τέρῳ
2420 4818 2528 4885 τῆς·
2564 4814 2808 4884 βασιλεία
2871 4815 3070 4880 Ὀζίου,
3114 4815 3333 4888 χρίεται,
3367 4815 3529 4869 πάλιν
3566 4815 3660 4869 ἐπὶ
3707 4816 3824 4886 μὲν

2227 4907 2318 4960 τὸν
2361 4907 2586 4975 Ἰούδαν,
2613 4906 2708 4971 καὶ
2734 4909 2792 4961 ἐν
2827 4907 3220 4979 Ἱεροσολύμοις
3257 4906 3495 4979 Ἰωάθαμ
3539 4907 3679 4979 μετά
3707 4909 3824 4980 τὴν

2226 4998 2320 5052 τοῦ
2369 4999 2573 5070 πατρὸς
2626 4999 2917 5074 τελευτὴν,
2973 4999 3103 5071 περὶ
3161 4989 3222 5051 οὗ
3288 4999 3634 5074 γέγραπται,
3727 5002 3824 5054 ὅτι

2234 5110 2261 5145 ι.
2320 5093 2571 5164 Ἐποίησε
2613 5093 2673 5146 τὸ
2707 5093 2863 5158 εὺθὲς
2925 5095 2983 5148 ὲν
3029 5093 3331 5164 ὀφθαλμοῖς
3390 5096 3618 5166 Κυρίου,
3663 5095 3826 5148 κατὰ

2229 5184 2406 5239 πάντα
2437 5185 2540 5239 ὅσα
2581 5185 2837 5256 ἐποίησεν
2881 5186 3062 5251 Ὀζίας
3107 5187 3136 5238 ὁ
3184 5187 3368 5258 πατὴρ
3397 5187 3580 5241 αὐτοῦ.
3651 5186 3818 5257 Πλὴν

2222 5276 2290 5329 τὰ
2323 5275 2503 5346 ὑψηλά
2533 5277 2634 5332 οὐκ
2662 5276 2876 5349 ἐξῆρενθ
2906 5277 2987 5332 ἔτι
3015 5280 3044 5332 ὀ
3067 5278 3192 5342 λαὸς
3220 5277 3495 5344 ὲθυσίαζε,
3538 5279 3634 5332 καὶ
3677 5279 3825 5336 £09-

2228 5369 2326 5440 μία
2368 5371 2427 5422 ὲν
2465 5373 2578 5435 τοῖς
2603 5370 2857 5442 ὑψηλοῖς.
2887 5391 2907 5424 ι
2964 5373 3088 5427 Ἐπὶ
3125 5373 3183 5427 δέ
3212 5389 3275 5443 γε
3304 5373 3397 5426 τὸν
3439 5373 3658 5444 Ἰσραὴλ
3700 5375 3828 5428 Φα-

2225 5459 2355 5524 κέας
2377 5461 2491 5525 υἱὸς
2515 5461 2608 5515 τοῦ
2644 5462 2893 5533 Μαναῒμ,
2933 5479 2954 5514 ι
2994 5463 3356 5517 Βεϐασίλευκε
3386 5463 3465 5528 δὲ,
3497 5463 3686 5535 φησὶν,
3713 5464 3824 5539 ἐτη

553 5531 717 5628 Itasin
741 5549 916 5605 regem
955 5526 1147 5608 Syriae,
1184 5549 1238 5593 et
1264 5539 1474 5596 Phacee
1515 5541 1681 5596 lilium
1716 5541 1968 5598 Romulia:
1997 5547 2062 5596 υ.
2099 5564 2118 5596 ›

2238 5551 2336 5617 Ξύο,
2368 5552 2463 5606 καὶ
2500 5552 2724 5623 εποίησε
2771 5526 2848 5607 τὸ.
2864 5555 3098 5626 πονηρὸν
3135 5557 3194 5608 ὲν
3223 5526 3523 5626 ὀφθαλμοῖς
3560 5526 3824 5628 Ἐυρίουῖ

551 5623 824 5691 Quoloco
875 5643 1054 5684 sermo
1082 5641 1379 5687 retrorsum
1439 5635 1596 5689 redit.
1665 5635 1914 5691 Diximus
1976 5636 2120 5691 enim

2238 5636 2357 5695 εἶτα
2388 5645 2752 5716 συνεστράφη,
2797 5644 2953 5717 φησι,
2985 5623 3075 5698 ἐπ’
3105 5623 3277 5699 αὑτὸν⁷
3325 5623 3522 5711 Φακεὲ,
3567 5623 3685 5710 υίὸς
3717 5645 3826 5702 τοῦ

625 5806 848 5864 “Num.
889 5824 944 5875 ν,
979 5807 1034 5865 2.
1111 5810 1150 5843 ¹⁷
1178 5809 1242 5867 ιν
1271 5809 1402 5881 Reg.
1437 5827 1525 5882 xv,
1561 5813 1639 5867 l2.
1721 5814 1764 5845 ¹⁸
1805 5813 1871 5869 IV
1905 5813 2036 5886 Reg.
2064 5832 2133 5872 xv

2238 5817 2342 5872 1-8.
2429 5819 2468 5852 "
2495 5819 2621 5876 ibid.
2653 5819 2844 5879 32-35.
2924 5823 2967 5854 ²⁰
3002 5821 3128 5878 ibid.
3165 5819 3236 5885 23
3263 5821 3352 5886 26.
3413 5823 3457 5856 ⁸¹
3496 5823 3628 5882 ibid.
3668 5825 3777 5881 57.
