4046 6376
357 290 426 349 Ἦ
1274 292 1826 352 COMMENTARIUS
1859 295 1927 352 IN

2049 296 2198 371 ῖΕᾼΜ
2236 297 2677 355 PROPHETAM.
3544 294 3626 353 99'

370 404 673 474 Ῥομελίου,
715 405 744 458 6
774 406 1064 478 τριστάτης
1092 407 1278 465 αὑτοῦ.
1310 411 1422 465 Καὶ
1460 412 1729 479 ἐπάταξεν
1774 414 1936 469 αὑτὸν

2049 423 2313 470 mortuum
2369 414 2601 483 Phaeee,
2643 415 2786 471 Ozea
2832 415 2939 470 ﬁlio
2993 413 3147 469 Elam
3188 414 3615 486 eonjurationem

359 497 419 549 ἐν
455 495 762 568 Σαμαρείᾳ,
811 498 908 551 καὶ
939 497 1323 567 βεϐασίλευκεν
1366 503 1481 555 ἀντ’
1509 504 1675 558 αὐτοῦ
1714 504 1808 559 ἐπὶ
1849 504 1942 557 τὸν

372 586 612 658 Ἰσραὴλ,
648 588 743 641 καὶ
771 588 996 661 ἐποίησε
1029 589 1091 646 τὸ
1130 591 1365 663 πονηρὸν
1404 594 1466 648 ἐν
1494 594 1789 666 ὀφθαλμοῖς
1829 597 1944 649 Κυ-

363 677 501 749 ρίου,
550 679 643 732 καὶ
670 678 772 734 ούκ
812 680 1023 753 ἀπέστη
1063 682 1172 737 ἀπὸ
1204 684 1317 739 τῶν
1341 685 1624 759 ἁμαρτιῶν
1661 688 1943 760 ἰεροϐοάμ

359 770 478 823 υίοῦ
527 770 750 836 Ναϐἀτ,
794 771 853 836 ὃς
910 773 1184 846 ἐξήμαρτε
1242 778 1334 831 τὸν
1402 779 1638 852 Ἰσραήλ.
1698 800 1717 835 ι
1766 779 1940 834 Αὑτοῦ

362 861 738 931 βασιλεύοντος
776 864 943 935 ἀνέϐη
988 866 1417 943 Θεγλαϐαλασάρ
1449 870 1702 941 βασιλεὺς
1747 873 1941 925 Ἀσσυο-

364 950 512 1022 ρίων,
544 951 604 1015 ὃς
639 954 821 1007 πᾶσαν
868 953 1003 1008 ἐλὼν
1042 956 1183 1011 κατὰ
1212 960 1414 1030 κράτος
1461 962 1559 1032 τὴν
1600 960 1939 1031 Σαμάρειαν,

365 1042 611 1112 ἀπῴκισε
651 1044 744 1097 τὸν
796 1046 1014 1118 Ἰσραὴλ
1060 1051 1141 1112 είς
1182 1050 1521 1121 Ἀσσυρίους.
1574 1052 1940 1124 Τετελεύτηκε

364 1134 419 1191 δὲ
463 1138 554 1189 καὶ
600 1138 630 1189 6
683 1139 879 1202 Φακεὲ,
934 1142 1243 1214 συστροφὴν
1283 1144 1371 1197 ἐπ’
1410 1144 1575 1199 αὑτὸν
1618 1148 1941 1217 ποιήσαντος

378 1229 532 1301 Ὠσηέ
562 1231 658 1285 τοῦ
692 1233 810 1286 υἱοῦ
849 1234 1003 1301 Ἦλά,
1026 1235 1085 1299 ὃς
1111 1237 1204 1291 καὶ
1234 1238 1585 1292 ἐϐασίλευσεν
1608 1241 1723 1294 ἀντ’
1750 1241 1936 1304 αὑτοῦ,

365 1323 422 1373 ἐν
447 1322 556 1375 ἐτει
585 1325 819 1395 είκοστῴ
872 1327 1110 1398 Ἱωάθαμ
1146 1328 1263 1382 υἱοῦ
1308 1329 1581 1402 Ἀζαρίου.
1632 1349 1650 1382 ι
1709 1331 1847 1384 Ἀλλ’
1883 1334 1940 1384 ἐν

362 1417 482 1476 ταῖς
519 1416 753 1487 ήμέραις
785 1418 1041 1483 ἐκείναις,
1074 1422 1257 1490 φησιν,
1285 1422 1487 1493 ήρξατο
1510 1422 1712 1493 Κύριος
1743 1423 1940 1487 ἐξαπο-

365 1506 606 1561 στέλλειν
636 1510 692 1561 ἐν
741 1510 910 1564 Ἰούδα
947 1512 1039 1564 τὸν
1077 1512 1321 1566 Ῥαασὼν
1352 1513 1575 1583 βασιλέα
1604 1514 1823 1585 Συρίας,
1847 1515 1941 1568 καὶ

363 1596 455 1650 τὸν
478 1598 653 1652 Φακεὲ
678 1600 792 1654 υἱὸν
835 1602 1133 1674 Ῥομελίου.
1162 1624 1179 1655 ι
1201 1605 1416 1658 Ἀνόπιν
1445 1607 1574 1677 ήμῖν
1600 1609 1657 1661 ἐν
1678 1606 1886 1672 τούτοις
1912 1608 1941 1660 6

364 1687 523 1758 λόγος
546 1692 781 1763 ἔρχεται.
818 1695 1067 1766 Ἕφαμεν
1090 1696 1219 1769 γὰρ,
1244 1697 1325 1750 ὅτι
1352 1696 1741 1769 τετελεύτηκεν
1785 1699 1813 1751 6
1832 1699 1942 1751 Φα-

368 1781 481 1845 κεέ,
539 1784 695 1854 Ὠσηὲ
720 1783 815 1838 τοῦ
840 1786 957 1840 υίοῦ
1003 1787 1132 1842 Ἠλά
1158 1788 1485 1861 σύστρεμμα
1527 1792 1623 1844 καὶ
1651 1791 1940 1863 ἐπιϐουλὴν

368 1873 455 1924 ἐπ’
482 1873 643 1927 αὐτόν
679 1893 804 1930 τινα
832 1879 1226 1951 ποιησαμένου.
1267 1881 1414 1953 Πλὴν
1441 1883 1500 1935 ἐν
1531 1882 1743 1954 χρόνοις
1776 1883 1941 1938 αὑτοῦ

367 1964 611 2033 γεγονὸς,
658 1969 739 2032 εἰς
788 1969 951 2039 μέσον
992 1971 1119 2040 ἄγει
1168 1973 1433 2044 διήγημα.
1484 1993 1503 2026 ι
1542 1974 1780 2047 Ἤρξατο
1808 1976 1939 2048 γὰρ.

369 2056 520 2125 φησὶ,
551 2056 755 2127 Κύβος
785 2061 842 2112 ἐν
863 2064 984 2125 ταῖς
1004 2062 1242 2133 ἡμέραις
1268 2066 1508 2128 ἐκείναις
1533 2065 1942 2129 ἐξαποστέλλειν

370 2148 429 2199 ἐν
491 2148 662 2204 Ἰούδα
712 2151 802 2205 τὸν
860 2153 1105 2213 Ῥαασὼν
1179 2155 1405 2225 βασιλέα
1449 2157 1668 2230 Συρίας,
1719 2159 1814 2213 καὶ
1850 2159 1943 2213 τὸν

368 2239 541 2294 eam
570 2240 683 2294 υἱὸν
725 2243 1023 2314 Ῥομελίου.
1062 2265 1080 2297 ι
1112 2246 1287 2300 Φακεὲ
1321 2248 1430 2320 γὰρ
1462 2251 1493 2303 6
1528 2248 1623 2303 τοῦ
1662 2250 1943 2321 Ῥομελίου

370 2333 748 2404 πεπολέμηκεν
777 2335 853 2401 ὡς
881 2339 1113 2409 ὁμόρους
1144 2340 1303 2404 ὄντας
1322 2342 1451 2404 τοὺς
1487 2340 1941 2412 Ἱεροσολυμίτας.

382 2425 599 2497 Ἐπειδὴ
640 2428 697 2481 δέ
737 2428 914 2499 δεινὴν
947 2432 1042 2489 καὶ
1087 2432 1391 2503 ἄθραυστον
1442 2432 1635 2487 ἐθεᾶτο
1676 2432 1774 2505 τήν
1803 2433 1946 2487 ἀντία

371 2532 577 2580 στασιν,
619 2518 901 2574 ἀναπείθει
943 2522 1035 2575 τὸν
1069 2523 1317 2578 Ῥαασὼν
1335 2524 1427 2577 τὸν
1457 2522 1681 2595 βασιλέα
1701 2524 1813 2578 τῶν
1837 2523 1944 2577 Σύ-

373 2624 501 2677 ρων,
544 2606 805 2664 σύνοπλον
834 2612 984 2683 αὐτῷ
1022 2614 1274 2681 γενέσθαι
1314 2613 1409 2669 καὶ
1456 2613 1820 2687 συλλήπτορα,
1852 2614 1946 2667 καὶ

371 2698 891 2773 συνεκπολιορκῆσαι
950 2701 1047 2769 τὴν
1120 2703 1495 2776 Ἰερουσαλήμ.
1551 2704 1946 2775 Συνεστηκότος

367 2788 431 2861 δὴ
475 2785 567 2843 οὖν
616 2791 711 2845 τοῦ
777 2794 1034 2865 πολέμου,
1082 2794 1439 2865 τετελεύτηκε
1489 2796 1588 2866 μὲν
1632 2796 1873 2867 Ἰωάθαμ
1917 2798 1947 2851 6

370 2879 483 2943 υίὸς
528 2882 799 2952 Ἀζαρίου.
840 2884 1149 2956 Διαδέχεται
1171 2885 1227 2939 δὲ
1248 2886 1347 2957 τὴν
1380 2884 1655 2955 βασιλείαν
1688 2884 1897 2957 ’Δχατξ
1917 2886 1947 2939 6

370 2972 482 3036 υίὸς
504 2973 694 3040 αὑτοῦ,
719 2976 954 3047 πονηρὸς
975 2974 1052 3030 ὢν
1088 2976 1228 3046 ἄγαν
1277 2977 1372 3030 καὶ
1399 2976 1810 3047 εἰδωλολάτρης,
1851 2976 1947 3030 καὶ

2042 515 2096 562 et
2122 507 2347 563 insidias
2377 509 2429 563 in
2475 509 2623 562 illum
2654 514 3028 578 eomparante.
3060 506 3166 562 Sed
3218 508 3360 577 quod
3407 516 3617 576 tempo-

2041 599 2191 655 ribus
2237 598 2353 668 ejus
2402 600 2620 665 accidit,
2650 599 2703 653 in
2758 598 2993 654 medium
3054 599 3385 654 narrationis
3442 598 3612 653 addu-

2040 691 2173 746 cit.¢
2204 691 2387 761 Coepit
2414 692 2582 756 enim,
2629 690 2829 762 inquit,
2863 690 3121 744 Dominus
3170 690 3384 745 mittere
3428 688 3619 743 diebus

2042 780 2148 836 illis
2170 781 2221 836 in
2239 778 2427 835 Judam
2460 781 2659 836 Rhasin
2691 796 2870 852 regem
2894 780 3088 851 Syriae,
3124 789 3181 835 et
3217 780 3427 834 Phacee
3451 779 3615 832 ﬁlium

2042 873 2320 929 Romeliae.
2352 894 2371 927 ι
2407 873 2617 929 Phace‘e
2656 888 2891 941 namque
2935 874 3191 929 Romeliae
3241 874 3380 928 ﬁlius
3403 872 3619 927 Jeroso-

2041 962 2278 1032 lymitas,
2344 974 2597 1033 tanquam
2640 963 2898 1018 ﬁnitimos
2928 964 3094 1017 armis
3128 964 3419 1018 lacessivit.
3452 962 3618 1017 Cum-

2042 1070 2147 1123 que
2180 1058 2401 1121 acriter,
2433 1066 2486 1110 et
2515 1053 2745 1109 infracto
2797 1056 2992 1111 robore
3023 1055 3123 1110 sibi
3152 1055 3337 1109 resisti
3388 1055 3616 1120 videret,

2041 1144 2243 1201 Rhasin
2275 1145 2557 1217 Syriorum
2589 1162 2765 1217 regem
2793 1146 2857 1201 ad
2891 1161 3040 1200 arma
3066 1161 3245 1200 secum
3270 1144 3619 1216 Jerosolyma:

2040 1238 2411 1306 expugnanda:
2440 1237 2798 1292 consocianda
2830 1237 3058 1307 impulit.
3090 1236 3237 1291 Bello
3260 1238 3426 1307 igitur
3455 1238 3621 1292 ador-

2044 1338 2192 1392 nato,
2255 1326 2504 1381 Juatbam
2570 1329 2782 1384 Azarize
2838 1329 2980 1383 ﬁlius
3012 1329 3245 1395 decedit,
3275 1338 3330 1385 et
3391 1343 3615 1398 regnum

2039 1419 2219 1472 Achaz
2255 1418 2394 1473 ﬁlius
2419 1416 2532 1485 ejus
2571 1418 2765 1486 accipit
2806 1419 2873 1483 “,
2903 1420 3063 1473 homo
3098 1418 3535 1487 improbissimus
3558 1426 3618 1471 et

2042 1509 2347 1576 idololatra,
2369 1509 2611 1579 adeoque
2641 1514 2706 1563 ad
2724 1524 2961 1565 errorem
3007 1510 3179 1565 insani
3214 1508 3475 1564 idolorum
3506 1508 3620 1562 cul-

2043 1611 2128 1657 tus
2166 1601 2371 1667 ebrius,
2412 1611 2471 1656 ut
2496 1610 2550 1656 et
2581 1602 2744 1655 ﬁlium
2772 1617 2928 1656 suum
2956 1616 3052 1671 per
3076 1603 3250 1671 ignem
3276 1600 3617 1667 transferret,

2042 1701 2097 1747 et
2148 1694 2215 1747 ad
2273 1693 2503 1763 quodvis
2547 1702 2742 1747 tetrum
2784 1694 2992 1749 facinus
3031 1693 3347 1758 declinaret,
3394 1702 3451 1746 et
3491 1693 3621 1747 ado-

2042 1785 2175 1840 leret
2201 1785 2479 1841 incensum
2505 1786 2557 1839 in
2586 1785 2834 1851 excelsis,
2872 1796 2925 1839 et
2980 1784 3081 1840 sub
3118 1785 3264 1840 omni
3294 1785 3441 1856 ligno
3471 1783 3621 1838 fron-

2041 1880 2198 1944 doso,
2254 1878 2394 1934 sicut
2434 1878 2492 1949 9
2534 1880 2792 1949 scriptum
2839 1886 2920 1933 est
2954 1878 3019 1931 ³³.
3054 1877 3422 1933 Conturbatus
3457 1875 3623 1944 igitur

2040 1972 2240 2038 Aehaz,
2273 1971 2619 2041 collectisque
2658 1971 2922 2026 universis
2957 1969 3163 2025 divitiis
3192 1984 3311 2039 quae
3363 1969 3416 2023 in
3458 1968 3621 2022 domo

2041 2063 2253 2119 Domini
2285 2062 2722 2131 inveniebantur,
2783 2075 2879 2133 per
2904 2062 3120 2117 nuntios
3143 2062 3211 2115 ad
3252 2060 3625 2131 Theglatplia-.

2042 2156 2188 2211 lasar
2211 2169 2391 2226 regem
2422 2156 2769 2226 Assyriorum
2799 2154 2990 2210 salutis
3010 2154 3315 2209 obtinendae
3337 2167 3500 2208 causa
3530 2166 3631 2207 eas

2045 2246 2365 2301 transmisit.
2426 2246 2682 2317 Assyrius
2742 2246 2905 2316 igitur
2951 2253 3145 2301 contra
3178 2245 3385 2300 Rhasin
3438 2258 3627 2314 regem

2044 2338 2240 2394 bellum
2263 2337 2447 2404 sumit,
2501 2337 2820 2391 Damascum
2866 2337 3041 2408 Syriae
3085 2336 3423 2405 metropolim
3450 2336 3619 2406 capit,

2044 2430 2247 2486 Rhasin
2301 2429 2575 2486 interﬁcit.
2633 2431 2814 2485 Achaz
2870 2432 3213 2499 postmodum
3266 2428 3619 2499 Jerosolymls

2044 2520 2389 2589 Damascum,
2453 2522 2733 2593 Assyrium
2791 2522 3033 2587 visurus,
3079 2520 3376 2577 descendit.
3439 2522 3512 2576 lbi
3563 2522 3621 2577 in

2046 2612 2282 2668 delubris
2319 2610 2584 2668 idolorum
2616 2628 2737 2668 cum
2772 2612 2944 2669 altare
2984 2628 3125 2668 novo
3171 2613 3404 2682 quodam
3440 2620 3497 2669 et
3538 2612 3625 2667 in-

2046 2703 2247 2759 usitato
2292 2703 2455 2759 modo
2487 2713 2862 2765 constructum
2896 2704 3139 2769 vidisset,
3190 2717 3255 2758 eo
3296 2717 3626 2775 magnopere

2046 2793 2367 2858 delectatus,
2427 2792 2655 2849 formam
2701 2796 2821 2867 ejus
2856 2810 2954 2853 seu
3011 2793 3291 2865 exemplar
3333 2795 3399 2848 ad
3437 2792 3626 2849 Uriam

2048 2885 2387 2941 sacerdotem
2440 2882 2833 2957 Jerosolymam
2878 2884 3047 2950 misit,
3100 2893 3156 2940 et
3184 2882 3361 2939 simile
3385 2881 3626 2938 construi

2042 2976 2221 3046 jussit.
2251 2978 2368 3044 Quo
2397 2976 2545 3032 illato
2581 2979 2633 3031 in
2678 2977 2896 3031 domum
2931 2976 3164 3041 Domini,
3197 2983 3251 3031 et
3284 2984 3491 3030 tantum
3518 2990 3624 3031 non

370 3062 727 3131 καταμεθύων
746 3063 887 3117 οὕτω
904 3065 1037 3136 πρὸς
1074 3066 1341 3135 πλάνησιν
1370 3066 1728 3138 εἱδωλομανῆ,
1748 3067 1823 3130 ὡς
1844 3070 1940 3121 καὶ

2049 3077 2229 3139 spreto
2253 3083 2316 3123 ac
2342 3078 2653 3139 contempto
2679 3069 2820 3137 quod
2866 3067 3044 3123 Moses
3073 3066 3166 3122 Dei
3192 3066 3470 3121 voluntate
3494 3065 3629 3120 fece-

368 3152 458 3205 τὺν
484 3154 614 3207 ίδιον
633 3155 747 3208 υἱὸν
768 3156 1046 3225 διαγαγεῖν
1066 3159 1123 3211 ἐν
1147 3159 1302 3229 πυρὶ,
1325 3160 1419 3212 καὶ
1456 3163 1592 3230 πρὸς
1620 3162 1729 3214 πᾶν
1767 3160 1943 3215 ὁτιοῦν

370 3244 665 3299 ἀπονεῦσαι
739 3247 847 3301 τῶν
913 3249 1193 3315 ἐκτόπων,
1280 3252 1375 3302 καὶ
1445 3250 1643 3322 θυμιᾷν
1712 3251 1770 3303 ἐν
1832 3254 1945 3315 τοῖς

371 3335 615 3407 ὑψηλοῖς,
680 3339 778 3392 καὶ
848 3340 1105 3394 ὑποκάτω
1157 3340 1360 3404 παντὸς
1410 3341 1565 3405 ξύλου
1634 3341 1902 3405 ἀλσώδους
1928 3383 1945 3408 ,

370 3428 511 3481 κατά
572 3429 634 3483 τὸ
705 3430 1112 3502 γεγραμμένον.
1167 3432 1615 3503 Τεθορυϐημένος
1663 3432 1727 3503 δὴ
1775 3430 1866 3486 οὖν
1918 3433 1947 3485 6

375 3518 600 3589 ’Ἀχατζ,
635 3520 813 3573 πάντα
864 3520 1207 3589 συνενεγκὼν
1254 3522 1345 3575 τὸν
1390 3522 1619 3576 πλοῦτον
1657 3522 1747 3576 τὸν
1792 3525 1946 3595 εὐρε-

374 3607 535 3664 θέντα
557 3613 617 3665 ἐν
631 3610 765 3683 οἴκῳ
783 3613 1009 3685 Κυρίου,
1033 3612 1349 3667 ἀποστέλλει
1371 3614 1507 3684 πρὸς
1523 3613 1946 3686 Θεγλαϐαλασάρ

378 3701 602 3773 βασιλέα
640 3703 961 3776 Ἀσσυρίων,
994 3704 1089 3759 καὶ¹
1119 3704 1387 3768 σώζεσθαι
1420 3705 1485 3759 δι’
1512 3704 1675 3758 αὑτοῦ
1707 3706 1950 3777 παρεκά-

375 3794 799 3860 λει.”οπλίζεται
846 3798 1027 3851 τοίνυν
1061 3797 1344 3868 Ἀσσύριος
1392 3796 1530 3850 κατὰ
1574 3796 1675 3867 τῆς
1708 3797 1951 3851 Ῥαασὼν

378 3888 676 3959 βασιλείας,
701 3890 797 3944 καὶ
824 3889 1034 3962 δέχεται
1060 3890 1158 3961 μὲν
1179 3890 1280 3963 τήν
1302 3890 1612 3961 Δαμασκὸν,
1638 3890 1672 3960 ἦ
1701 3891 1817 3943 ἐστι
1848 3908 1952 3962 μη-

375 3980 630 4051 τρόπολις
657 3980 759 4051 τῆς
786 3980 1003 4052 Συρίας,
1035 3982 1250 4053 ἀναιρεῖ
1290 3981 1350 4035 δὲ
1390 3981 1482 4036 τὸν
1516 3981 1782 4037 Ῥαασών.
1818 3978 1953 4038 Εἶτα

376 4069 621 4125 κάτεισιν
644 4070 849 4140 ’Ἀχατζ
875 4071 942 4125 ἐκ
966 4071 1074 4125 τῶν
1108 4071 1493 4143 Ἰεροσολύμων
1530 4073 1610 4137 είς
1640 4073 1951 4145 Δαμασκὸν,

376 4161 642 4233 ὀψόμενος
666 4161 755 4215 τὸν
790 4161 1092 4234 Ἀσσύριον.
1110 4163 1198 4217 Ἐν
1229 4163 1286 4218 δὲ
1325 4166 1439 4228 τοῖς
1468 4163 1578 4218 τῶν
1605 4164 1839 4219 εἰδώλων
1864 4183 1954 4220 τεο

381 4254 567 4324 μένεσι
596 4254 976 4327 θυσιαστήριον
1027 4255 1308 4326 ἑωρακὼς,
1337 4257 1681 4329 καινοπρεπῆ
1714 4275 1833 4313 τινα
1863 4259 1956 4314 καὶ

379 4348 523 4419 ἀήθη
566 4347 911 4419 κατασκευὴν
962 4346 1102 4418 ἔχον.
1140 4349 1235 4402 καὶ
1280 4348 1468 4421 ἡσθεὶς
1493 4350 1583 4404 ἐπ’
1622 4350 1772 4423 αὺτῷ
1812 4351 1954 4417 λίαν,

2047 3172 2148 3229 rat,
2205 3175 2368 3230 super
2418 3175 2483 3218 eo
2528 3162 2796 3217 sacriﬁcia
2843 3159 3105 3215 solemnia
3147 3159 3444 3230 perpetrari
3474 3174 3629 3212 man-

2047 3254 2210 3310 davit.
2246 3253 2368 3308 Alia
2430 3264 2627 3322 praeter
2652 3252 2766 3307 haec
2804 3252 2857 3306 in
2927 3252 3146 3321 templo,
3206 3267 3304 3323 pro
3363 3251 3633 3306 arbitratu

2048 3344 2467 3409 inconsiderate,
2492 3352 2549 3399 et
2583 3342 2693 3399 Deo
2732 3344 2900 3397 invito
2938 3343 3173 3398 novavit.
3222 3343 3361 3409 Quin
3405 3352 3461 3397 et
3496 3352 3627 3395 tems

2046 3435 2267 3501 poribus
2294 3435 2432 3505 ejus,
2460 3433 2754 3490 etiamnum
2782 3434 2995 3488 vivente
3029 3433 3167 3488 Osee
3190 3433 3299 3488 ﬁlio
3333 3432 3480 3491 Elam
3501 3447 3628 3502 rege

2044 3524 2229 3590 Israel,
2257 3524 2498 3579 ascendit
2520 3524 2865 3579 Salmanasar
2893 3540 2983 3576 rex
2999 3524 3344 3594 Assyriorum
3369 3523 3631 3579 adversus

2050 3616 2237 3683 Israel,
2288 3625 2609 3685 vastataque
2638 3614 2907 3679 Samaria,
2957 3615 3021 3669 ad
3092 3624 3308 3671 montes
3341 3623 3395 3671 et
3442 3613 3631 3674 ﬂuvios

2049 3708 2326 3764 Medorum
2356 3710 2526 3777 ipsum
2559 3707 2848 3763 transtulit.
2884 3708 3021 3763 Osee
3048 3721 3261 3777 quoque
3294 3707 3421 3762 neci
3456 3707 3629 3772 dedit,

2050 3798 2191 3867 quod
2218 3812 2410 3851 mauaa
2447 3796 2466 3867 (
2492 3794 2708 3866 signum
2739 3795 3134 3866 subjectionis)
3175 3810 3279 3850 non
3340 3794 3629 3859 attulisset,

2051 3893 2184 3960 quin
2255 3889 2434 3959 potius
2497 3887 2721 3960 ΑΞωωί
2773 3903 2950 3958 regem
3003 3888 3202 3942 auxilio
3264 3895 3523 3966 vocasset
3556 3886 3626 3941 “.

2052 3983 2234 4040 Ac'liaz
2263 3996 2294 4037 e
2316 3980 2452 4036 vivis
2478 3991 2750 4050 exempto,
2790 3980 3034 4050 regnavit
3064 3980 3322 4039 Ezechias
3347 3978 3497 4042 ﬁlius
3514 3977 3633 4047 ejus

2054 4088 2218 4141 super
2247 4070 2437 4126 Judam
2463 4072 2517 4127 in
2546 4068 2867 4126 Jerusalem.
2890 4068 2986 4125 Hie
3007 4068 3109 4124 fuit
3129 4069 3213 4123 vir
3240 4070 3383 4138 pius,
3404 4076 3462 4124 et
3478 4067 3636 4138 justi-

2058 4166 2145 4220 tia:
2182 4179 2342 4235 quam
2402 4162 2857 4227 studiosissimus,
2902 4172 2963 4215 ut
3011 4160 3333 4215 immensum
3371 4170 3633 4231 quantum

2056 4268 2219 4324 supra
2247 4252 2383 4308 alios
2411 4253 2466 4306 in
2490 4252 2575 4307 his
2600 4252 2941 4307 excellere“
2957 4252 3071 4322 Ipse
3094 4251 3307 4317 excelsa
3328 4251 3631 4321 dissipavit,

2058 4353 2114 4400 et
2130 4344 2281 4398 lucos
2303 4340 2552 4408 succidit,
2580 4350 2636 4396 et
2655 4351 2775 4395 erat
2788 4340 3049 4399 Dominus
3064 4353 3185 4394 cum
3209 4340 3479 4396 eo’mEo
3506 4356 3634 4411 rege

381 4436 683 4507 ἐκτύπωμα
712 4435 911 4500 λαϐὼν,
933 4438 1253 4492 ἀποστέλλει
1281 4438 1420 4511 πρὸς
1450 4439 1655 4510 Οὐρίαν
1682 4440 1773 4494 τὸν
1807 4442 1947 4512 ἱερέα

2062 4430 2307 4491 ascendit
2360 4433 2713 4489 Senacherim
2768 4431 3229 4502 rexAssyriorum
3262 4431 3333 4486 ad
3385 4433 3636 4489 civitates

382 4527 443 4578 ἐν
494 4529 608 4589 τοῖς
642 4526 1068 4597 Ἱεροσολύμοις,
1121 4527 1217 4581 καὶ
1260 4527 1326 4599 δὴ
1369 4529 1489 4582 κατ’
1522 4528 1654 4584 αὐτὸ
1704 4531 1957 4599 γενέσθαι

382 4620 769 4691 προστέταχεν.
817 4618 1154 4689 Είσενεγκὼν
1200 4620 1258 4674 δέ
1302 4621 1361 4674 ἐν
1406 4620 1541 4693 οἴκῳ
1590 4622 1825 4698 Κυρίου,
1862 4624 1957 4678 καὶ

387 4712 666 4783 μονονουχὶ
697 4709 790 4764 καὶ
816 4711 1088 4782 ἀτιμάσας
1134 4710 1197 4764 τὸ
1242 4712 1381 4767 κατά
1425 4712 1677 4783 βούλησιν
1705 4713 1847 4771 Θεοῦ,
1870 4715 1959 4769 διά

383 4803 624 4866 Μωσέως
656 4805 1040 4875 γεγενημένον,
1068 4804 1154 4856 ἐπ’
1185 4802 1335 4875 αὐτῷ
1374 4803 1616 4877 πληροῦν
1642 4804 1712 4861 τὰ
1743 4822 1957 4876 νενομιυ

385 4892 558 4962 σμένα
589 4892 944 4963 προστέταχε.
967 4892 1080 4946 Καὶ
1103 4892 1266 4963 ἐτερα
1286 4893 1344 4949 δὲ
1376 4892 1513 4965 πρὸς
1540 4893 1749 4958 τούτοις
1770 4910 1959 4947 κεκαι-

384 4982 683 5054 νούργηκεν
724 4984 781 5036 ἐν
810 4983 888 5054 τῷ
910 4983 1044 5055 ναῷ,
1073 4984 1213 5041 κατά
1237 4983 1298 5037 τὸ
1328 4982 1478 5054 αὺτῷ
1514 4982 1729 5050 δοκοῦν,
1768 4985 1959 5055 ἀπερι-

389 5077 655 5141 σκέπτως,
686 5079 780 5129 καὶ
821 5077 1135 5149 ἀπᾳδόντως
1162 5076 1304 5148 Θεῷ.
1322 5075 1483 5130 Ἀλλά
1514 5078 1609 5130 καὶ
1633 5078 1691 5130 ἐν
1716 5079 1827 5140 τοῖς
1860 5077 1957 5129 αύ-

385 5168 481 5222 τοῦ
534 5171 767 5239 καιροῖς,
794 5168 874 5223 ἐτι
924 5169 1123 5234 ζῶντος
1157 5170 1317 5242 Ὠσηὲ
1362 5169 1480 5224 υἱοῦ
1515 5169 1647 5223 Ἦλά
1697 5168 1959 5239 βασιλέως

401 5260 634 5332 Ἰσραήλ,
663 5262 826 5333 ἀνέϐη
876 5264 905 5316 6
952 5263 1320 5334 Σαλμανάσαρ
1371 5262 1623 5334 βασιλεὺς
1658 5262 1960 5331 Ἀσσυρίων

387 5354 484 5405 ἐπὶ
511 5353 602 5405 τὸν
631 5353 865 5425 Ἰσραὴλ,
892 5353 951 5418 ὃς
977 5352 1332 5427 καταδῃώσας
1360 5354 1457 5426 τὴν
1474 5354 1809 5425 Σαμάρειαν,
1836 5369 1963 5423 μετ-

386 5442 573 5514 ῴκησε
595 5445 686 5499 τὸν
709 5446 924 5519 Ἰσραὴλ
936 5449 993 5501 ἐν
1014 5448 1187 5519 δρεσι,
1207 5448 1301 5501 καὶ
1320 5451 1585 5519 ποταμοῖς
1608 5446 1715 5500 τῶν
1737 5447 1957 5516 Μήδων.

405 5535 714 5592 Ἀπέκτεινε
740 5539 796 5592 δὲ
824 5540 917 5593 καὶ
939 5540 1100 5595 αὐτὸν
1123 5540 1303 5614 Ὠσηέ’
1319 5542 1431 5595 Καὶ
1454 5540 1542 5594 διά
1566 5540 1723 5594 ποίαν
1747 5540 1925 5593 αἰτίαν
1945 5557 1959 5605 ;

468 5727 511 5759 ⁸⁸
553 5724 616 5781 IV
653 5727 791 5796 Reg.
836 5742 947 5794 xvr,
984 5726 1037 5780 2.
1116 5725 1310 5782 “ibid.
1337 5726 1389 5781 4.
1466 5727 1511 5760 ⁸⁸
1548 5722 1616 5780 ιγ
1654 5723 1783 5793 Reg.
1824 5738 1956 5791 1m,
1990 5722 2019 5777 I-
2046 5736 2197 5791 seqq.

2062 4526 2263 4586 Iudaeae
2288 4526 2544 4591 munitas,
2566 4540 2701 4595 quas
2722 4525 2955 4589 obsedit,
2971 4533 3024 4578 et
3047 4524 3185 4580 citra
3206 4524 3442 4579 laborem
3465 4525 3634 4597 cepit.

2061 4618 2215 4674 Tunc
2250 4619 2377 4672 item
2408 4617 2684 4673 Rabsaces
2713 4615 3064 4687 Jerosolymis
3091 4617 3335 4682 insultat,
3363 4626 3419 4672 et
3461 4618 3637 4688 impu-

2061 4712 2194 4767 dens
2240 4724 2302 4765 os
2334 4718 2523 4764 contra
2558 4708 2725 4763 Deum
2784 4709 3054 4776 aperiens,
3092 4707 3636 4767 maledicentissimas

2062 4801 2180 4858 illas
2213 4816 2373 4856 voces
2414 4800 2632 4855 emittit.
2654 4796 2807 4852 Tunc
2832 4813 3045 4868 quoque
3068 4799 3174 4854 leto
3208 4799 3331 4853 data
3356 4814 3422 4854 ex
3439 4799 3636 4856 castris

2062 4894 2416 4966 Assyriorum
2444 4901 2661 4949 centum
2713 4893 2986 4962 octoginta
3019 4892 3261 4963 quinque
3290 4893 3478 4960 millia,
3528 4907 3635 4947 una

2066 4996 2226 5042 nocte
2245 4999 2407 5047 manu
2430 4984 2607 5055 angeli
2640 4983 2908 5039 confecta.
2933 4982 3059 5038 Haec
3081 4984 3286 5039 utiliter
3317 4984 3368 5038 in
3395 4996 3638 5054 praesens

2065 5078 2208 5132 dicta
2230 5086 2355 5132 sunt
2378 5096 2391 5131 :
2416 5077 2609 5146 cuique
2628 5076 2771 5131 enim
2798 5076 3022 5131 istorum
3046 5090 3268 5131 casuum
3288 5075 3637 5145 propheticus

2068 5169 2156 5224 hic
2215 5184 2397 5225 sermo
2422 5170 2557 5224 scite
2580 5168 2949 5238 quadraverit.
2986 5170 3139 5223 Nunc
3160 5170 3303 5223 enim
3335 5168 3636 5224 Samaritas

2064 5262 2346 5331 increpat:
2371 5275 2513 5316 nunc
2534 5259 2929 5332 Jerosolymitis
2952 5260 3199 5318 hostilem
3223 5260 3511 5315 adventum
3532 5262 3639 5315 mi-

2064 5363 2244 5410 natur:
2259 5354 2599 5425 caplivitates
2615 5355 3211 5425 praenuntiat,timorem
3227 5355 3631 5426 praasigniﬁeat,

2065 5446 2323 5501 auxilium
2344 5448 2643 5516 promittit:
2665 5446 2732 5502 ad
2749 5450 3156 5504 conversionem
3176 5448 3366 5503 invitat
3394 5463 3516 5503 :nee
3531 5448 3635 5504 ulla

2068 5536 2120 5589 in
2146 5535 2244 5590 hac
2271 5535 2552 5605 prophetia
2580 5536 2942 5605 praetermissa
2970 5545 3054 5593 est
3091 5537 3249 5605 ratio,
3292 5537 3498 5595 ullusve
3527 5554 3650 5595 uti».

2276 5721 2320 5752 ²³
2351 5718 2415 5776 ιν
2450 5718 2579 5789 Reg.
2607 5734 2769 5786 xvut,
2801 5719 2857 5775 4.
