4046 6376
412 256 486 321 ﬂ
1436 278 1492 334 s.
1534 271 1809 335 manu
1845 272 2315 337 ALEXANUlilNl
2352 274 2673 334 ARCHIEP‘.
3592 277 3664 333 ει

414 392 647 457 dus,quo
667 399 793 446 tunc
807 406 992 450 errore
1005 395 1241 465 deceptis
1260 400 1466 454 consuli
1491 402 1696 457 debuit.
1714 402 1798 455 Ait
1816 416 1961 471 ergo:

2089 401 2209 454 Ὀτι
2242 401 2316 472 μή
2351 400 2791 471 προσκεκόμικεν
2817 398 2964 468 αύτῷ
2992 396 3053 451 τδ
3084 396 3288 467 μαναά,
3320 397 3503 468 φησὶν.
3540 398 3569 449 δ
3592 394 3661 469 ἦν

416 482 679 550 “VP-501W
710 486 986 558 ὑποταγῆς
1008 508 1020 520 ·
1056 490 1239 544 ἐκάλει
1264 493 1545 564 δὲμᾶλλον
1566 498 1646 559 είς
1670 496 1988 566 ἐπικουρίαν
2024 503 2115 549 τον
2139 496 2452 563 Αἰγυπτίων
2516 494 2811 567 τύραννον.
2856 488 2988 546 Εἶτα
3029 492 3171 546 κατά
3216 489 3379 544 τοῦτο
3407 491 3657 559 τελευτή-

415 590 606 639 σιντος
635 577 726 631 τοῦ
749 576 973 651 Ἀχταζ,
1008 582 1391 652 βεϐασίλευκεν
1422 586 1671 658 Ἐζεκίας
1694 588 1807 651 υίὸς
1832 587 1997 641 αὑτοῦ
2037 587 2129 640 ἐπὶ
2178 589 2269 641 τὸν
2337 587 2539 641 Ἰούδαν
2583 590 2641 640 ἐν
2673 585 3050 655 Ἰερουσαλήμ.
3111 602 3129 635 ι
3157 578 3329 645 Οὗτος
3369 580 3479 652 γὰρ
3521 581 3659 652 ἀνὴρ

412 666 632 751 γέγονεν
674 666 919 741 εὖσεδὴς,
948 676 1040 728 καὶ
1072 676 1180 728 τῶν
1229 678 1311 730 ὅτι
1360 678 1594 748 μάλιστα
1644 680 1988 751 δικαιοσύνης
2023 679 2485 750 ἐπιμελουμένων,
2514 679 2591 741 ὡς
2659 677 2993 747 ἀσύγκριτον
3042 674 3186 746 ἔχειν
3215 672 3366 744 παρὰ
3395 674 3521 734 τοὺς
3561 672 3657 725 ἀλ-

412 740 537 816 λους
578 757 677 828 τὴν
715 759 772 813 ἐν
800 740 865 828 γε
911 762 1085 834 τούτῳ
1131 740 1408 835 διαφοράν.
1445 785 1463 818 ι
1490 769 1664 832 Αὐτὸς
1693 768 1907 823 καθεῖλε
2045 740 2256 839 ὑψηλὰ,
2286 740 2379 822 καὶ
2421 740 2491 823 τά
2535 768 2697 839 ἄλση,
2737 740 2892 837 φησὶ,
2940 740 3185 835 ἐξέκοψε.
3215 740 3326 818 Kal
3357 759 3425 834 ἦν
3452 762 3657 833 Κύριος

415 850 532 915 μετ’
561 849 744 904 αὑτοῦ.
786 870 804 903 ι
832 853 1006 907 Αὐτοῦ
1053 854 1429 925 βασιλεύοντος
1472 859 1639 931 ἀνέϐη
1672 861 2026 931 Σεναχερεὶμ,
2070 860 2320 931 βασιλεὺς
2351 859 2674 931 Ἀσσυρίων,
2696 858 2789 911 ἐπὶ
2816 858 2915 921 τὰς
2943 857 3128 921 πόλεις
3147 857 3245 928 τῆς
3279 855 3537 919 Ἰουδαίας
3558 855 3657 917 τὰς

409 939 627 1012 ὀχυράς.
660 947 771 999 Kal
801 947 1191 1021 πολιορκήσας,¹
1220 946 1363 1004 εἷλεν
1410 953 1632 1023 ἀμοχθί.
1692 954 1825 1007 Τότε
1856 956 1949 1009 καὶ
1986 957 2014 1009 6
2066 954 2347 1024 Ῥαψάκης
2394 955 2578 1016 αὐτοῖς
2644 956 2758 1017 τοῖς
2805 951 3197 1024 Ἱεροσολύμοις
3246 952 3509 1021 ἐπιπηδᾷ,
3560 952 3654 1005 καὶ

408 1035 687 1090 ἀπύλωτον
710 1039 959 1108 ἀνοιγνὺς
984 1042 1125 1096 κατὰ
1148 1043 1283 1097 Θεοῦ
1304 1041 1365 1097 τὸ
1391 1045 1584 1115 στόμα,
1647 1046 1746 1109 τὰς
1800 1046 2282 1117 παμϐλασφήμους
2346 1046 2559 1109 ἐκείνας
2601 1045 2785 1115 ἀνίησι
2842 1043 3046 1113 φωνάς.
3077 1044 3211 1097 Τότε
3244 1044 3338 1097 καὶ
3368 1043 3655 1096 πεπτώκαυ

410 1139 493 1177 σιν
520 1126 583 1177 ἐκ
614 1127 712 1198 τῆς
744 1130 1097 1202 παρεμϐολῆς
1121 1132 1233 1186 τῶν
1265 1134 1561 1205 Ἀσσυρίων
1583 1136 1775 1189 ἑκατὸν
1831 1137 2159 1207 ὀγδοήκοντα
2208 1137 2369 1189 πέντε
2420 1136 2673 1206 χιλιάδες,
2746 1138 2805 1188 ἐν
2862 1135 2962 1204 μιᾷ
2996 1134 3174 1197 νυκτὶ,
3229 1133 3463 1202 ἀγγέλου
3512 1134 3657 1205 χειρὶ

405 1216 1005 1288 δαπανώμεναι.Ταῦτα
1021 1222 1306 1293 χρησίμως
1320 1223 1687 1295 εῐρηταιπρὸς
1719 1225 1781 1279 τὸ
1836 1228 2031 1297 παρόν.
2049 1228 2297 1298 Ἐκάστῳ
2330 1227 2437 1299 γὰρ
2500 1226 2610 1279 τῶν
2643 1222 3070 1296 συμϐεϐηκότων
3102 1224 3466 1295 ἐφαρμόσειεν
3504 1226 3653 1279 εὐτέ-

406 1328 546 1381 χνως
575 1312 675 1382 τῆς
702 1316 1090 1385 προφητείαςό
1116 1318 1451 1385 λόγοςεΠοτὲ
1486 1320 1585 1389 μὲν
1615 1321 1721 1392 γὰρ
1788 1324 2014 1392 ἐπιτιμᾷ
2070 1325 2183 1385 τοῖς
2235 1324 2293 1375 ἐν
2345 1320 2663 1392 Σαμαρείᾳο
2713 1319 2841 1372 ποτέ
2884 1318 2941 1371 δὲ
2994 1321 3106 1383 τοῖς
3161 1320 3218 1371 ἐν
3265 1318 3654 1388 Ἰεροσολύμοις

406 1401 620 1455 ἀπειλεῖ
658 1403 753 1467 τὰς
801 1406 1040 1474 ἐφόδους,
1108 1410 1545 1480 προαπαγγέλλει
1595 1412 1691 1475 τὰς
1737 1413 2132 1481 αἰχμαλωσίας,
2206 1412 2656 1484 προκαταμηνύει
2701 1412 2792 1464 τὸν
2844 1412 3043 1481 φόϐον·
3112 1411 3510 1479 ἐπαγγέλλεται
3554 1412 3652 1480 τὴν

404 1498 754 1568 ἐπικουρίανο
788 1501 944 1554 καλεῖ
970 1503 1107 1573 πρὸς
1144 1505 1511 1577 ἐπιστροφήν’
1558 1507 1653 1561 καὶ
1697 1507 1872 1572 οὐδεὶς
1906 1511 1970 1580 τῇ
2012 1508 2318 1579 προφητείᾳ
2379 1507 2797 1561 καταλέλειπται
2861 1507 3017 1575 λόγος
3057 1507 3090 1576 ἢ
3132 1506 3329 1578 τρόπος
3348 1505 3455 1560 τῶν
3482 1506 3653 1574 ἀναγι-1

404 1592 573 1647 tale
617 1596 696 1657 είς
738 1594 922 1666 ὄνησιν
965 1600 1076 1661 τοῖς
1120 1600 1429 1670 τοτηνικάδε
1478 1602 1936 1674 πεπλανημένοις.
1978 1604 2168 1659 Τοίνυν
2201 1604 2395 1676 φησίνο

478 1729 580 1804 ιο
606 1734 771 1791 Vens.
792 1737 845 1791 2.
874 1736 1197 1807 Principium
1225 1742 1472 1796 sermonis
1492 1736 1708 1797 Domini
1729 1743 1797 1796 ad
1820 1740 1968 1797 Osee.

402 1823 475 1879 Et
502 1827 636 1880 dixit
668 1828 921 1883 Dominus
952 1831 1019 1883 ad
1054 1829 1206 1885 Osee.

472 1958 536 2014 ll.
562 1959 904 2031 Incipitenim
924 1963 1067 2019 Deus
1088 1965 1138 2019 in
1158 1966 1417 2034 propheta
1433 1966 1672 2021 revelare
1691 1969 1966 2037 mysteria,

403 2055 694 2108 secundum
729 2053 857 2108 illud
885 2056 1091 2126 utique,
1130 2057 1270 2125 quod
1302 2056 1371 2111 ab
1402 2056 1506 2111 alio
1540 2058 1801 2127 propheta
1838 2061 1970 2113 satis

403 2152 591 2210 aperte
624 2143 825 2198 dictum
869 2154 953 2200 est
991 2162 1003 2200 :
1036 2156 1057 2198 ι
1109 2143 1284 2217 Super
1313 2148 1615 2203 custodiam
1664 2164 1834 2203 meum
1866 2160 1970 2203 sta-

400 2234 491 2297 ho,
516 2242 571 2288 et
593 2234 883 2289 ascendam
920 2252 1083 2307 super
1115 2248 1342 2308 petram,
1379 2248 1432 2292 et
1455 2241 1876 2309 contemplabor,
1911 2250 1968 2295 ut

395 2325 605 2380 videam
634 2326 761 2396 quid
788 2326 1041 2397 loquetur
1071 2328 1123 2383 in
1163 2344 1249 2385 me
1289 2331 1548 2385 Dominus
1577 2326 1823 2386 Deus".1
1867 2329 1968 2385 Re.-

396 2415 536 2470 velat
573 2418 714 2473 enim
754 2417 1126 2475 universorum
1156 2420 1317 2486 Deus,
1352 2420 1476 2475 dum
1517 2424 1723 2477 sanctis
1763 2423 1969 2477 futuro-

397 2520 517 2562 rum
546 2508 794 2563 notitiam
819 2510 870 2563 in
897 2512 1136 2564 animum
1173 2511 1434 2566 immittit.
1468 2511 1618 2568 Unde
1644 2514 1831 2569 beatus
1866 2515 1965 2568 Da-

397 2600 483 2652 t'ld
515 2617 531 2654 ι
566 2617 586 2653 ι
622 2600 851 2656 Audiam
873 2603 1000 2672 quid
1034 2602 1287 2672 loquatur
1315 2604 1367 2658 in
1398 2618 1482 2657 me
1509 2605 1763 2658 Dominus
1800 2604 1963 2671 Deus,

394 2690 649 2757 quoniam
673 2691 921 2760 loquetur
937 2705 1124 2761 pacem
1143 2694 1194 2745 in
1221 2692 1426 2760 plebem
1446 2709 1596 2747 suam
1616 2694 1681 2747 ".
1718 2714 1736 2746 ι
1765 2694 1963 2750 Eodem

395 2781 555 2835 modo
584 2790 638 2835 et
667 2780 858 2836 beatus
886 2774 1178 2838 Zacharias
1211 2783 1449 2853 loquitur
1485 2806 1497 2840 :
1544 2802 1565 2837 ι
1595 2786 1660 2841 Ει
1689 2787 1965 2856 respondit

394 2872 640 2941 angelus,
670 2871 894 2943 loquens
946 2875 1000 2929 in
1045 2890 1130 2929 me
1148 2876 1215 2930 ".
1252 2894 1272 2929 ι
1302 2875 1713 2932 Consuevernnt
1767 2879 1963 2948 quippe

394 2963 568 3018 sancti
603 2965 879 3034 prophetae
911 2966 1004 3021 Dei
1029 2981 1336 3022 sermonem
1373 2969 1643 3038 appellare
1689 2969 1958 3039 angelum,

392 3060 579 3121 utpote
608 3058 1016 3111 aununtiantem
1051 3058 1203 3128 ipsis,
1234 3068 1286 3115 et
1312 3058 1747 3116 manifestantem
1767 3062 1951 3115 volun-

2002 1706 2050 1761 Α

2162 1741 2340 1811 Ἀρχὴ
2372 1742 2558 1812 λόγου
2582 1741 2801 1811 Κυρίου
2830 1742 2899 1794 ἐν
2930 1740 3120 1808 Ὠσηέ.
3148 1739 3257 1794 Kal
3277 1735 3407 1793 εἷπε
3434 1740 3650 1806 Κύριος

2077 1833 2226 1901 πρὸς
2260 1831 2456 1902 Ὤσηέ.

2145 1970 2219 2023 B'.
2266 1971 2523 2039 Ἀρχεται
2553 1969 2651 2039 μὲν
2678 1968 2793 2038 γὰρ
2815 1969 2872 2020 ἐν
2899 1965 2976 2035 τῷ
3008 1967 3258 2036 προφήτῃ
3281 1961 3411 2025 Θεδς
3439 1962 3651 2015 ἀποκα-

2075 2060 2295 2113 λύπτειν
2346 2061 2642 2130 μυστήρια,
2670 2060 2789 2111 κατ’
2819 2056 2993 2109 ἐκεῖνό
3041 2072 3144 2107 που
3198 2053 3433 2116 πάντως,
3468 2050 3531 2103 τὸ
3578 2048 3647 2103 δι’

2075 2152 2262 2223 ἐτέρου
2296 2152 2575 2223 προφήτου
2602 2151 2784 2219 σαφῶς
2812 2150 3126 2220 είρημένον·
3159 2168 3176 2198 ι
3200 2146 3321 2198 Ἐπὶ
3350 2144 3449 2213 τῆς
3474 2143 3645 2213 φυλαί

2076 2242 2176 2310 κῆς
2212 2258 2312 2311 μου
2341 2242 2632 2311 στήσομαι,
2659 2241 2751 2292 καὶ
2798 2239 3133 2310 ἐπιϐήσομαι
3170 2239 3263 2289 ἐπὶ
3292 2236 3519 2303 πέτραν,
3551 2232 3649 2286 καὶ

2074 2330 2470 2383 ἀποσκοπεύσω
2499 2330 2593 2384 τοῦ
2629 2331 2755 2383 ἰδεῖν
2783 2331 2836 2383 τί
2863 2330 3086 2401 λαλήσει
3125 2331 3187 2381 ἐν
3218 2326 3341 2397 ἐμοὶ
3382 2325 3585 2395 Κύριος
3615 2326 3647 2377 6

2072 2422 2222 2484 Θεός.
2254 2440 2272 2471 ι
2293 2420 2693 2474 Ἀποκαλύπτει
2725 2423 2832 2489 γὰρ
2863 2422 2974 2482 τοῖς
3003 2420 3196 2486 ἁγίοις,
3231 2418 3309 2479 είς
3335 2414 3457 2469 νοῦν
3483 2415 3645 2476 ἐνιεὶς

2071 2515 2179 2567 τῶν
2207 2515 2479 2585 ἐσομένων
2504 2515 2602 2586 τήν
2633 2514 2832 2584 γνῶσιν
2859 2514 2887 2565 6
2913 2513 3021 2567 τῶν
3054 2513 3188 2567 ὅλων
3214 2508 3489 2573 Θεός.Καὶ
3512 2506 3651 2576 γοῦν·

2071 2610 2099 2662 6
2136 2609 2403 2679 μακάριός
2444 2623 2579 2678 φησι
2607 2606 2788 2661 Δαϐίδο
2826 2624 2845 2657 ι
2869 2600 3194 2673 Ἃκούσοματ
3236 2603 3289 2654 τί
3331 2600 3552 2670 λαλήσει
3585 2600 3651 2651 ὲν

2070 2700 2192 2769 ἐμοὶ
2219 2699 2420 2770 Κύριος
2442 2699 2470 2750 6
2503 2698 2656 2761 Θεὸς,
2678 2698 2759 2750 ὅτι
2793 2696 3015 2767 λαλήσει
3041 2696 3261 2766 είρήνην
3286 2692 3379 2745 ἐπὶ
3406 2691 3497 2745 τὸν
3518 2688 3643 2742 λαὸν

2042 2790 2253 2843 ιαύτοῦ.
2290 2809 2307 2841 ι
2338 2789 2505 2843 Οὐδὲν
2528 2788 2584 2842 δὲ
2610 2783 2772 2859 ἦττον
2797 2788 2927 2858 ήμῖν
2954 2786 3047 2839 καὶ
3076 2787 3104 2837 6
3141 2784 3406 2855 μακάριος
3430 2781 3643 2852 προφή-

2068 2896 2168 2950 της
2203 2880 2474 2951 Ζαχαρίας
2505 2880 2595 2933 διὰ
2614 2878 2723 2931 τῶν
2752 2878 2881 2931 ῐσων
2905 2877 3120 2949 ἔρχεται
3144 2876 3346 2944 λόγων*
3374 2873 3476 2943 ἔφη
3497 2872 3604 2943 γάρ
3621 2884 3639 2901 ⁸

2074 2988 2093 3020 ι
2128 2970 2235 3022 Καὶ
2279 2968 2552 3039 ἀπεκρίθη
2601 2971 2629 3021 6
2675 2967 2903 3036 ἄγγελος
2951 2968 2979 3019 6
3031 2966 3206 3019 λαλῶν
3235 2968 3292 3018 ἐν
3321 2964 3466 3035 ἐμοί.
3499 2981 3518 3015 ι
3552 2963 3645 3015 Ἐν

2068 3060 2177 3113 ἔθει
2204 3060 2313 3132 γάρ
2345 3057 2413 3131 ἦν
2438 3063 2546 3124 τοῖς
2594 3061 2652 3112 ἐν
2700 3060 2877 3128 ἁγίοις
2904 3059 3207 3129 προφήταις
3248 3056 3476 3125 ἄγγελον
3505 3055 3641 3108 ἀποο

395 3154 557 3199 tatem
586 3140 681 3201 Dei
717 3143 910 3203 Patris.
943 3149 1094 3216 Quod
1136 3152 1263 3206 item
1305 3152 1564 3222 propheta
1599 3152 1767 3208 Isaias
1800 3162 1961 3208 testa-

2068 3155 2165 3208 κα)
2177 3157 2255 3207 εῖν
2284 3128 2380 3207 τὸν.
2403 3153 2497 3207 τοῦ
2528 3153 2664 3206 Θεοῦ
2698 3150 2877 3221 λόγον,
2918 3128 2994 3214 ὡς
3019 3146 3428 3219 ἀπαγγέλλοντά
3453 3165 3513 3201 τε
3538 3147 3638 3201 αὖα

395 3247 526 3292 tur:
560 3255 581 3290 ι
636 3238 769 3307 Quia
798 3254 1012 3296 omnem
1043 3242 1239 3297 stolam
1294 3251 1675 3312 congregatam
1723 3244 1866 3308 dolo,
1911 3253 1965 3299 et

393 3330 772 3387 testimentum
817 3349 938 3387 cum
981 3334 1402 3391 commutatione
1435 3336 1741 3400 restituent,
1782 3345 1834 3391 et
1878 3351 1966 3390 vo-

390 3422 527 3487 lent,
561 3423 604 3479 si
641 3423 858 3479 fuerunt
893 3425 1015 3495 igne
1047 3427 1336 3491 combusti,
1374 3427 1501 3495 quia
1536 3440 1670 3496 puer
1695 3433 1854 3481 natus
1884 3437 1965 3482 est

392 3514 569 3580 nobis,
595 3523 650 3569 ct
682 3524 910 3570 vocatur
940 3532 1133 3571 nomen
1166 3516 1303 3585 ejus,
1336 3520 1517 3587 magni
1552 3518 1763 3573 consilii
1786 3519 1963 3588 Ange-

391 3604 475 3661 lus
516 3606 585 3660 ".
627 3624 647 3660 ι
684 3604 874 3662 Fuisse
914 3618 1094 3664 autem
1145 3617 1382 3674 tenuem,
1442 3624 1546 3665 nec
1599 3619 1709 3664 tam
1758 3609 1959 3665 clarum

392 3699 777 3755 revelationem
817 3700 868 3754 in
901 3701 1125 3764 sanctis,
1152 3716 1251 3755 nec
1282 3698 1490 3771 lingua,
1521 3711 1574 3756 et
1600 3702 1779 3756 verbis
1812 3717 1962 3757 more

389 3800 577 3845 nostro
606 3797 964 3851 constantem,
993 3790 1149 3860 plane
1186 3791 1343 3846 ﬁdem
1375 3790 1532 3845 nobis
1558 3790 1722 3845 faciet
1766 3786 1961 3847 Paulus

391 3878 674 3933 scribens:
714 3897 737 3931 ‹
764 3879 844 3932 An
872 3880 1298 3947 experimentum
1344 3881 1586 3948 quaeritis
1610 3880 1727 3948 ejus
1765 3882 1859 3951 qui
1906 3883 1958 3935 in

392 3983 478 4024 me
505 3970 741 4039 loquitur
761 3969 1010 4025 Christus
1035 3971 1115 4024 “?
1166 3989 1185 4023 ι
1230 3970 1589 4037 Quamobrem
1623 3972 1820 4037 dicere,
1867 3973 1958 4027 Dei

389 4062 612 4117 verbum
650 4061 850 4115 factum
891 4061 945 4115 in
990 4059 1149 4125 Osca,
1182 4075 1303 4116 meo
1331 4062 1547 4130 quidem
1573 4063 1778 4131 judicio
1817 4062 1960 4117 aliud

390 4151 525 4207 nihil
569 4158 674 4217 est,
722 4166 885 4222 quant
924 4151 1267 4207 audientibus
1312 4153 1637 4221 signiﬁcare,
1679 4152 1962 4207 revelatio-

391 4258 511 4297 uem
539 4243 809 4299 factamin
840 4242 1000 4309 Osca,
1048 4252 1104 4299 et
1147 4241 1451 4298 futurorum
1505 4243 1750 4298 notitiam
1799 4244 1849 4298 ei
1897 4244 1961 4298 il-

392 4336 593 4390 luxisse
639 4335 815 4391 instar
852 4335 1095 4400 luminis,
1148 4349 1254 4390 non
1311 4334 1496 4390 oculos
1545 4335 1815 4404 corporis,
1864 4336 1959 4392 sed

2063 3249 2173 3311 τοῖς
2218 3247 2313 3301 καὶ
2351 3244 2555 3314 ἐναργῆ
2584 3242 2924 3297 καθιστῶντα
2956 3242 3057 3310 τὴν
3090 3239 3338 3310 βούλησιν
3366 3237 3460 3292 τοῦ
3503 3234 3643 3290 Θεοῦ

2064 3338 2157 3389 καὶ
2175 3334 2403 3404 Πατρός.
2424 3330 2893 3403 Ἐπιμαρτυρήσει
2916 3329 2971 3382 δέ
2991 3330 3163 3397 λέγων
3184 3327 3277 3381 καὶ
3301 3329 3330 3380 6
3354 3327 3639 3397 προφήτης

2075 3426 2303 3488 Ἡσαΐας
2334 3424 2463 3493 περὶ
2506 3423 2672 3476 αὐτοῦ
2698 3437 2709 3450 ·
2764 3422 2916 3474 «Ὅτι
2958 3422 3139 3474 πᾶσαν
3188 3418 3379 3489 στολὴν
3418 3420 3639 3470 ἐπισυν-

2063 3500 2321 3586 ηγμένην’
2354 3514 2510 3583 δόλῳ,
2553 3511 2691 3583 μετά
2741 3510 3087 3580 καταλλαγῆς
3130 3509 3446 3561 ἀποτίσουσι
3471 3548 3487 3571 ,
3541 3506 3638 3560 καὶ

2063 3606 2378 3677 θελήσουσιν
2412 3607 2460 3657 εί
2496 3602 2833 3674 ἐγενήθησαν
2874 3601 3384 3672 πυρίηαυστοιΐθτι
3430 3598 3644 3652 παιδίον

2061 3697 2322 3768 ἐγεννήθη
2353 3698 2508 3767 ἡμῖν,
2542 3696 2634 3748 καὶ
2669 3693 2915 3747 καλεῖται
2951 3692 3014 3745 τὸ
3049 3693 3221 3762 ὄνομα
3247 3692 3431 3756 αὐτοῦ,
3465 3692 3635 3761 μεγὰ-

2060 3792 2159 3861 λης
2190 3789 2385 3860 βουλῆς
2419 3784 2864 3855 ἈγγελοςηὍτι
2893 3782 3040 3855 δὲῇἦν
3070 3785 3221 3857 ίσχνή
3260 3786 3354 3839 καὶ
3382 3786 3635 3855 άσυμφα-

2060 3884 2157 3952 vi};
2195 3884 2254 3935 ὲν
2280 3883 2393 3945 τοῖς
2434 3880 2608 3949 ἁγίοις
2639 3882 2672 3947 ή
2712 3878 3070 3948 ἀποκάλυψις,
3109 3878 3203 3931 καὶ
3244 3876 3364 3947 οὐχὶ
3421 3876 3632 3949 γλώττῃ

2061 3976 2156 4027 καὶ
2204 3974 2411 4044 ῥήμασι
2439 3975 2555 4034 τοῖς
2584 3969 2705 4025 καθ’
2737 3970 2885 4042 ἡμᾶς
2911 3967 3327 4040 ἐπιτελουμένη,
3360 3968 3633 4041 πληροφο-

2063 4066 2217 4136 ρήσει
2252 4063 2478 4133 γράφων
2503 4063 2531 4115 6
2553 4059 2784 4124 Παῦλος
2817 4080 2835 4112 ι
2852 4061 2920 4114 Ἢ
2947 4059 3176 4132 δοκιμὴν
3203 4061 3415 4131 ζητεῖτε
3436 4062 3494 4112 ἐν
3510 4061 3635 4128 ἐμοὶ

2060 4155 2345 4217 λαλοῦντος
2395 4154 2665 4224 Χριστοῦ;
2696 4172 2713 4204 ι
2744 4151 2952 4206 Οὐκοῦν
2990 4151 3049 4204 τὸ
3091 4153 3149 4205 ἐν
3186 4150 3342 4221 Ὠσηὲ
3382 4149 3633 4219 γενέσθαι

2060 4244 2151 4298 τὸν
2171 4243 2271 4297 τοῦ
2298 4243 2434 4296 Θεοῦ
2463 4243 2639 4310 λόγον,
2676 4243 2761 4313 εἴη
2791 4242 2877 4308 ἂν,
2907 4240 2983 4305 ὡς
3012 4240 3200 4312 ἔμοιγε
3218 4241 3447 4311 πάρεστι
3468 4244 3634 4303 νοεῖν,

2060 4336 2246 4406 ἕτερον
2288 4334 2439 4388 οὐδὲν
2478 4336 2588 4397 τοῖς
2629 4332 2999 4404 ἀκροωμένοις
3028 4334 3452 4403 κατασηματνον,
3486 4332 3521 4402 ἢ
3549 4332 3630 4385 ὅτι

392 4434 624 4481 mentem
665 4434 720 4481 et
748 4440 843 4481 cor
889 4425 1231 4481 illustrantis.
1270 4426 1504 4481 Rursum
1532 4428 1677 4496 quod
1713 4427 1911 4482 dicitur
1941 4446 1955 4483 :

2064 4428 2285 4496 γέγονεν
2331 4425 2671 4495 ἀποκάλυψις
2708 4428 2768 4479 ὲν
2807 4426 2983 4495 Ὠσηὲ,
3012 4426 3106 4479 καὶ
3149 4425 3259 4478 τῶν
3287 4426 3557 4493 ἐσομένων
3597 4424 3629 4493 ή

395 4535 413 4569 ι
448 4515 513 4572 Et
538 4515 675 4571 dixit
701 4516 962 4573 Dominus
996 4519 1062 4572 ad
1096 4517 1253 4586 Osee,
1294 4538 1314 4573 ι
1366 4518 1466 4574 hoc
1518 4519 1672 4575 nobis
1717 4519 1961 4591 cogitan-

2064 4518 2267 4588 γνῶσις
2311 4516 2487 4586 φωτὸς
2531 4518 2829 4588 ἐνέστραψε
2860 4517 3033 4588 δίκην,
3060 4518 3120 4572 ού
3157 4515 3406 4586 σώματος
3434 4514 3632 4583 ὀφθαλ-

392 4609 516 4662 dum
548 4608 792 4675 subjicit.
821 4608 973 4675 Quod
1007 4610 1149 4665 enim
1198 4610 1512 4681 jubebatur,
1558 4628 1663 4665 non
1709 4613 1962 4667 omnibus

390 4697 614 4754 lecturis
649 4713 932 4755 commune
974 4712 1113 4766 erat,
1158 4717 1255 4757 nec
1299 4703 1717 4772 proponebatur,
1765 4712 1823 4757 ut
1868 4704 1958 4773 qui

390 4790 588 4845 vellent
630 4790 940 4859 aliquando,
976 4792 1027 4847 id
1070 4792 1307 4848 facerent
1344 4812 1359 4848 :
1401 4795 1492 4848 sed
1533 4795 1822 4864 separatim
1857 4796 1958 4850 soli

387 4878 543 4937 Oseae
570 4882 770 4936 dictum
804 4891 907 4938 est.
950 4881 1060 4938 Nec
1106 4884 1249 4939 enim
1305 4886 1755 4951 quemadmodum
1809 4902 1956 4941 como

2065 4613 2221 4683 μους.
2257 4611 2392 4665 ἀλλὰ
2424 4612 2549 4667 νοῦν
2585 4610 2678 4664 καὶ¹
2707 4611 2933 4682 καρδίαν
2967 4609 3533 4681 καταλαμπρύνοντος.
3558 4607 3635 4660 T6

2059 4704 2116 4757 δὲ
2150 4704 2215 4775 δὴ
2251 4704 2415 4773 φάναι
2444 4704 2625 4767 πάλιν,
2661 4722 2681 4755 ι
2708 4704 2820 4756 Καὶ
2848 4700 2969 4756 εἶπε
3000 4702 3203 4773 Κύριος
3232 4700 3365 4771 πρὸς
3400 4699 3576 4770 Ὠσηὲ,
3607 4718 3627 4749 ι

2062 4796 2200 4866 πρὸς
2244 4796 2452 4859 ἐννοίας
2492 4796 2641 4865 ἡμᾶς
2684 4795 2950 4865 ἀποφέρει
2999 4793 3270 4856 τοιαύτας.
3320 4792 3395 4845 T6
3441 4792 3632 4863 γάρτοι

2060 4885 2528 4957 προστεταγμένον
2569 4885 2630 4938 οὐ
2678 4885 2853 4938 κοινὸν
2885 4885 3055 4937 ἅπασι
3087 4883 3199 4947 τοῖς
3228 4882 3631 4952 ἐντευξομένοις

390 4986 551 5027 mune
589 4983 643 5027 et
678 4972 811 5028 utile
852 4985 1177 5044 praceptum
1222 4986 1306 5031 est
1337 4978 1462 5031 illud
1507 4998 1521 5032 :
1575 4997 1596 5031 ι
1655 4978 1781 5033 Haec
1831 4980 1961 5033 dicit

2064 4972 2139 5047 ἣν.
2168 4974 2305 5029 Οὔτε
2343 4977 2450 5047 μὴν
2489 4975 2781 5048 προῠκειτο
2819 4979 2932 5039 τοῖς
2970 4975 3211 5029 ἐθέλουσι
3240 4973 3631 5043 ἀποπεραίνειν

390 5065 672 5128 Dominus,
716 5063 877 5120 Juxta
911 5065 1026 5121 vias
1065 5068 1300 5137 gentium
1341 5069 1505 5124 nolite
1547 5069 1756 5125 discere
1796 5088 1809 5123 :
1844 5081 1897 5124 et
1932 5085 1963 5124 a

389 5155 556 5225 signis
580 5156 702 5212 coeli
730 5156 894 5212 nolite
928 5168 1170 5213 metuere
1192 5158 1266 5225 ³ος
1310 5178 1329 5213 ι
1374 5161 1453 5214 sic
1503 5167 1682 5230 potest
1731 5161 1955 5232 intelligi

387 5248 549 5302 etiam
597 5247 796 5304 bonum
842 5255 898 5303 et
947 5248 1260 5320 frugiferum
1289 5266 1410 5307 esse
1455 5254 1703 5323 accipere
1726 5268 1950 5309 uxorem

387 5339 754 5405 fornicariam,
782 5352 837 5395 et
867 5341 1004 5396 ﬁlios
1040 5342 1430 5399 fornicationis.
1459 5343 1653 5399 Verum
1687 5345 1819 5400 illud
1851 5347 1956 5400 uti-

388 5427 512 5483 liter
545 5428 613 5483 ad
660 5443 848 5486 omnes
888 5431 1157 5500 pertinere
1206 5441 1426 5500 potest:
1465 5435 1565 5489 hoc
1618 5435 1832 5503 proprie
1886 5436 1953 5489 ad

390 5515 564 5572 solum
591 5517 904 5589 prephetam
935 5538 963 5574 a
993 5519 1104 5576 Deo
1142 5520 1246 5576 dici
1286 5522 1554 5578 convenit.
1604 5524 1701 5579 Est
1749 5535 1952 5592 autem,

2058 5066 2217 5119 αὑτὸν
2246 5067 2384 5120 κατᾶ
2408 5066 2649 5137 καιρούς.
2669 5067 2807 5121 Ἀλλ’
2840 5067 3023 5130 ίδικῶς
3066 5067 3158 5120 καὶ
3187 5066 3323 5137 πρὸς
3355 5068 3516 5135 μόνον
3548 5066 3627 5119 εῖ-

2065 5172 2198 5226 ρητο
2217 5156 2313 5208 τὸν
2338 5155 2517 5225 Ὠσηέ.
2545 5157 2620 5209 Οὐ
2648 5156 2781 5227 γὰρ,
2818 5155 3004 5227 ὥσπερ
3033 5155 3152 5208 ἐστὶ
3181 5153 3356 5208 κοινὸν
3397 5156 3489 5207 καὶ
3533 5156 3631 5206 ἐπο

2057 5248 2264 5318 ωφελὲς
2294 5249 2680 5320 παράγγελμα,
2710 5249 2797 5314 τὸ,
2828 5267 2848 5300 ι
2878 5248 3015 5302 Τάδε
3045 5247 3191 5316 λέγει
3220 5246 3443 5316 Κύριος,
3474 5246 3629 5299 Κατά

2057 5341 2155 5404 τὰς
2185 5342 2334 5405 ὀδοὺς
2362 5342 2470 5395 τῶν
2498 5341 2666 5393 ὲθνῶν
2699 5342 2779 5413 μὴν
2801 5341 3119 5410 μανθάνετε,
3156 5340 3247 5393 καὶ
3268 5339 3374 5393 ἀπὸ
3401 5339 3508 5391 τῶν
3531 5354 3629 5407 σηέ

2062 5435 2226 5505 μείων
2272 5433 2367 5487 τοῦ
2416 5434 2644 5504 ούρανοῦ
2698 5434 2773 5505 μή
2818 5432 3084 5503 φοϐεῖσθε·
3118 5450 3137 5484 ι
3169 5430 3341 5495 οὕτως
3364 5430 3429 5484 ἂν
3461 5431 3630 5483 νοοῖτο

2060 5524 2224 5578 καλόν
2244 5541 2302 5577 τε
2345 5525 2438 5579 καὶ
2460 5526 2780 5597 ὀνησιφόρον
2810 5525 2870 5579 :6
2891 5524 3075 5578 λαϐεῖν
3095 5526 3328 5593 γυναῖκα
3349 5521 3627 5594 πορνείας,

462 5670 661 5728 Hahae.
688 5688 740 5736 ιι,
783 5674 833 5729 l.
911 5675 955 5706 "
986 5674 1127 5731 Psal.
1167 5694 1388 5745 sxutv,
1424 5680 1477 5733 9.
1554 5681 1597 5713 ’⁷
1627 5680 1913 5743 Zachar.t,
1950 5679 1961 5733 1

2083 5682 2126 5714 “
2159 5681 2261 5739 lsa.
2295 5697 2368 5748 Ix,
2400 5679 2453 5747 6,
2482 5682 2532 5737 7.
2610 5683 2653 5714 ”
2684 5680 2721 5735 ll
2756 5680 2880 5736 Cur.
2912 5698 3005 5749 xu,
3050 5683 3102 5736 5.
3180 5681 3223 5711 ³ο
3252 5678 3452 5735 Jetem.
3483 5694 3541 5742 κ,
3568 5676 3623 5731 ‘2.
