4046 6376
346 293 418 352 25
1268 305 1819 372 COMMENTARIUS
1857 317 1925 372 ΙΝ

2003 320 2194 378 'SEAM
2233 325 2678 387 PROPHETAM.
3527 342 3601 398 ‘26

344 413 437 466 καὶ
482 409 649 465 τέκνα
699 415 974 484 πορνείας.
993 417 1130 471 Ἀλλ’
1152 420 1330 475 ἐκεῖνο
1379 425 1476 494 μέν
1518 429 1803 500 χρησίμως
1840 433 1920 496 εις

2023 439 2233 506 opinor,
2266 443 2408 510 quod
2441 445 2536 511 ait,
2571 455 2629 500 et
2659 464 2677 498 ι
2719 447 2856 502 dixit
2881 449 2946 504 ad
2965 448 3124 518 Osee,
3155 469 3174 504 ι
3204 454 3424 522 perinde
3463 470 3525 509 ac
3551 456 3595 510 si

341 504 586 567 ἅπαντας
613 503 790 575 διήκοι
825 506 911 561 ἄν’
942 508 1100 563 τοῦτό
1125 527 1189 579 γε
1223 514 1331 584 μὴν
1377 516 1556 582 ἰδικῶς
1585 521 1722 592 πρὸς
1757 522 1920 591 μόνον

2060 503 2070 506 -
2284 503 2298 510 ,
2523 503 2535 511 ,
2927 503 3063 505 κ
3463 503 3596 510 η--

2025 529 2168 583 dicat
2197 532 2444 598 fortasse,
2488 535 2604 591 Non
2641 538 2706 591 ad
2751 553 2940 596 oumes
2989 542 3305 613 simpliciter
3359 547 3482 600 talis
3510 556 3598 600 rest

340 592 404 646 ἂν
431 594 632 664 πρέποι
661 595 754 650 τὸν
774 600 1058 670 προφήτην
1085 602 1340 671 λέγεσθαι
1371 609 1520 681 παρὰ
1542 610 1697 665 Θεοῦ.
1723 613 1914 680 Τοῦτο,

2432 592 2442 598 .
2893 592 2936 596 ε-
2991 592 3294 613 ν---τ--ν--τ-
3361 592 3481 600 -----
3524 592 3595 600 --ι

2022 634 2221 686 sermo,
2267 624 2360 676 sed
2408 626 2474 678 ad
2509 624 2701 681 Oscam
2735 628 2926 685 solum.
2963 629 3079 687 Non
3120 635 3266 688 enim
3320 637 3492 704 turpis
3541 647 3595 689 et

339 682 509 755 οἶμαι,
540 687 684 750 ἐστὶ,
721 689 814 741 καὶ
849 709 866 741 ι
899 687 1034 744 Εἷπε
1084 695 1221 764 πρὸς
1254 697 1430 768 Ὠσηὲ,
1463 718 1483 753 ι
1529 701 1710 771 ὅμοιον
1753 705 1829 767 ὡς
1866 707 1914 758 εί

2207 682 2217 686 -
2749 682 2752 683 ν
2914 682 2926 685 -
2963 682 3079 687 η--
3322 682 3492 704 -_.,.-
3544 682 3587 689 --

2020 711 2333 781 νιιΙιιριιιιίαι
2365 719 2484 773 vitae
2503 721 2683 774 multis
2698 721 2811 775 lieri
2825 725 3165 780 occasionem
3183 728 3460 795 oportebat
3490 729 3587 797 11

332 777 495 845 τυχὸν
519 778 682 846 λέγοι·
711 781 784 832 οὐ
829 781 964 851 πρὸς
995 785 1204 848 πάντας
1233 787 1419 852 ἁπλῶς
1444 790 1474 840 ὁ
1506 792 1710 846 τοιόσδε
1735 793 1910 863 λόγος,

2017 777 2160 867 quod
2185 803 2578 872 dispensatorie
2613 809 2680 862 ad
2732 777 3435 880 unumquondamrdictum

332 867 472 922 ἀλλὰ
519 872 654 940 πρὸς
695 872 856 942 μόνον
906 875 999 928 τὸν
1027 878 1206 948 Ὠσηέ.
1239 883 1313 934 Οὐ
1345 883 1454 954 γὰρ
1482 885 1590 938 ἔδει
1637 886 1911 958 πρόφασιν

1414 900 1454 954 ,ρ
1482 885 1590 938 ἔδει
1637 886 1911 958 πρόφασιν
2017 889 2154 956 Quid
2184 867 2312 964 ergo
2341 897 2418 951 ait
2451 900 2516 951 ad
2545 900 2756 956 beatum
2789 867 3012 960 Oscam?

331 962 560 1074 αὲσχρᾶς
591 965 779 1074 τεΛκαὶ
803 963 1086 1033 φιληδόνου
1117 968 1262 1037 ζωῆς
1330 975 1584 1040 γενέσθαι
1652 978 1888 1047 πολλοῖς,
1921 980 1982 1035 τὸ
2019 962 2374 1056 οἰκονομικῶς
2420 993 2557 1064 πρὸς
2603 995 2701 1050 ἕνα
2736 998 2876 1052 κατὰ
2921 1002 3144 1070 καιροὺς
3189 1003 3494 1074 εἰρημένον.
3522 999 3588 1056 Τί

333 1048 423 1106 οὖν
450 1052 552 1124 ἔφη
588 1057 617 1108 ό
648 1056 779 1122 Θεὸς
807 1059 943 1130 πρὸς
973 1061 1062 1114 τὸν
1095 1066 1363 1137 μακάριον
1402 1067 1592 1140 Ὠσηέ;

397 1145 620 1212 Βὰδιζὲ,
665 1151 815 1204 λαϐὲ
858 1154 1094 1220 σεαυτῷ
1141 1160 1398 1225 γυναῖκα
1439 1165 1746 1231 πορνείας,
1805 1166 1904 1220 καὶ

2081 1163 2246 1220 Vens.
2275 1167 2326 1222 5.
2389 1167 2550 1236 Vade,
2597 1173 2774 1241 accipe
2813 1176 2906 1228 tiln
2945 1194 3159 1232 uxorem
3196 1182 3588 1248 fornicationi”

328 1235 507 1291 τέκνα
541 1243 844 1311 πορνείας,
891 1247 1041 1301 διότι
1086 1249 1541 1318 ἐκπορνεύουσα
1583 1257 1906 1327 ἐκπορνεύ·

2006 1264 2055 1309 et
2083 1257 2221 1324 ﬁlios
2247 1259 2634 1329 fornicationis,
2661 1266 2785 1334 quia
2808 1267 3078 1333 fornicum
3095 1271 3442 1339 fornicabitur
3475 1290 3580 1330 ter-

325 1343 419 1381 σει
456 1330 494 1398 ἠ
529 1332 606 1401 γῆ
636 1334 756 1388 ἀπὸ
805 1337 1058 1394 ὄπισθεν
1099 1341 1206 1394 τοῦ
1249 1346 1488 1412 Κυρίου.
1520 1349 1630 1402 Καὶ
1655 1349 1904 1418 ἐπορεύ-

2006 1363 2066 1400 ra
2093 1364 2125 1400 α
2155 1347 2279 1403 Deo.
2303 1347 2369 1402 Et
2395 1352 2548 1418 abiit,
2580 1363 2629 1407 et
2655 1330 2852 1426 accepit
2884 1357 3073 1414 Camer
3094 1330 3266 1430 fliam
3293 1364 3578 1434 Debelaim,

324 1423 417 1486 οη,
447 1425 544 1476 καὶ
592 1425 770 1480 ἔλασε
815 1429 929 1497 τὴν
979 1435 1196 1503 Γόμερ,
1245 1437 1537 1506 θυγατέρα
1583 1443 1901 1512 Δεϐηλαῒμ,

1343 1437 1537 1506 πατέρα
1583 1443 1901 1512 Δεϐηλαῒμ,
2003 1449 2050 1491 et
2079 1443 2333 1508 concepit,
2357 1453 2408 1496 et
2438 1447 2637 1514 peperit
2671 1449 2718 1501 ei
2750 1423 2941 1516 filium.

321 1511 417 1562 καὶ
447 1513 767 1576 συνέλαϐε.
797 1516 892 1573 καὶ
919 1523 1126 1578 ἔτεκεν
1155 1525 1318 1591 αὐτῷ
1354 1530 1504 1584 υἱόν.

391 1600 432 1652 Γ
431 1607 471 1655 '.
517 1605 708 1672 Οὐδεὶς
732 1611 883 1679 ἡμᾶς
911 1614 1193 1679 ἀναπείσει
1220 1617 1394 1686 λόγος,
1426 1625 1807 1690 παραιτεῖσθαι
1837 1627 1899 1681 τὸ
1930 1638 1972 1696 Β

2074 1613 2159 1668 Ill.
2197 1615 2352 1672 Nullo
2379 1619 2534 1674 nobis
2559 1635 2877 1691 argumento
2904 1627 3311 1694 persuadebitnr
3334 1630 3579 1700 Scriptu-

319 1689 474 1763 Γράμ
483 1713 581 1764 μα,
595 1698 808 1770 καὶτῆς
833 1704 1073 1774 ἱστορίας
1096 1707 1155 1758 τὸ
1177 1708 1380 1761 εἰκαῖον
1398 1689 1894 1783 καταψηφίζεσθαι,

2000 1722 2114 1761 ram
2154 1711 2454 1778 repudiare,
2490 1723 2544 1766 et
2577 1714 2856 1770 historiam
2888 1721 3140 1776 vanitatis
3193 1728 3570 1788 cornlemnare.

317 1784 411 1836 καὶ
441 1787 610 1883 αὐτού
632 1791 729 1843 τοῦ
754 1794 1078 1866 πράγματος
1102 1799 1411 1870 καθορίζειν
1435 1803 1496 1855 τὸ
1523 1805 1778 1873 ἀκαλλὲς,
1803 1811 1896 1864 καὶ

1997 1808 2050 1850 et
2078 1813 2192 1851 rem
2223 1799 2396 1870 ipsam
2431 1803 2790 1860 inhonestatis
2821 1823 3138 1877 coarguere,
3165 1822 3481 1883 putareque,
3515 1829 3572 1872 ut

311 1874 519 1932 οἴεσθαι
551 1871 696 1936 κατά
719 1901 890 1951 τινας,
921 1885 996 1958 μή
1033 1888 1206 1953 οὕτως
1247 1893 1581 1963 πεπρᾶχθαι,
1617 1871 1897 1970 μήτε-μὴν

1996 1889 2237 1959 quidam,
2289 1908 2394 1946 non
2427 1894 2500 1947 ita
2552 1906 2780 1963 gestam,
2836 1916 3008 1966 neque
3047 1903 3112 1956 ad
3166 1906 3397 1972 nuptias,
3458 1908 3571 1962 sive

311 1970 676 2041 παρειλῆφθαι
711 1972 850 2044 πρὸς
881 1977 1080 2047 γάμον,
1110 1980 1227 2050 ήτοι
1274 1982 1491 2040 σύνοδον
1523 1990 1766 2060 γαμικὴν
1795 1991 1894 2062 τὴν

1997 1979 2326 2035 matrimonii
2375 1986 2822 2040 consuetudinem
2873 1990 3133 2044 adseitam
3178 2009 3296 2048 esse
3348 1994 3565 2062 Gomer,

310 2059 511 2131 ι’όμερ,
541 2063 676 2116 ὅπου
700 2067 794 2118 καὶ
819 2062 1080 2139 σύλληψιν
1104 2074 1430 2143 γεγενῆσθαί
1456 2095 1592 2148 φησι
1624 2080 1688 2132 τὸ
1708 2059 1894 2153 Γραμ-

1992 2070 2207 2135 quando
2251 2079 2306 2125 et
2343 2083 2690 2143 conceptum,
2728 2087 2782 2129 et
2839 2089 3052 2146 partum
3110 2093 3353 2138 secutum
3413 2101 3566 2142 sacra

310 2169 388 2249 μα
413 2153 474 2206 τὸ
509 2155 672 2226 ἱερὸν.
703 2157 797 2211 καὶ
825 2159 931 2231 μὴν
961 2164 1057 2215 καὶ
1086 2164 1362 2232 ἁπότεξιν,
1400 2167 1678 2240 μέμνηταί
1703 2188 1763 2224 τε
1793 2174 1891 2227 καὶ

1993 2159 2272 2228 Scriptura
2306 2163 2484 2228 docet,
2515 2169 2870 2237 meminitque
2898 2181 2949 2224 et
2985 2174 3217 2228 nominis
3243 2176 3356 2240 lilii,
3391 2187 3445 2231 et
3476 2197 3567 2249 pa-

303 2238 565 2316 όνόματος
587 2248 683 2301 τοῦ
710 2251 946 2317 παιδίου,
979 2253 1073 2308 καὶ
1108 2255 1198 2310 τὸν
1229 2257 1324 2311 τοῦ
1352 2238 1581 2326 γυναίου
1605 2261 1751 2332 λέγει
1783 2283 1888 2319 πα·

1992 2259 2127 2303 trem
2161 2252 2329 2318 ipsius
2360 2255 2688 2311 muliercula:
2721 2260 3043 2314 nominatim
3073 2264 3348 2330 exprimit,
3387 2278 3441 2320 et
3476 2270 3564 2322 ιιι-

300 2335 457 2405 τέρα,
489 2336 583 2389 καὶ
615 2338 749 2392 αὐτὸ
779 2339 835 2392 δὲ
861 2341 998 2413 πρὸς
1021 2342 1232 2408 τούτοις
1270 2345 1364 2400 τοῦ
1408 2349 1634 2415 γυναίου
1667 2351 1730 2404 τὸ
1769 2352 1888 2405 δνο-

1987 2355 2149 2409 snper
2179 2341 2346 2410 ipsam
2384 2346 2602 2401 nomine
2633 2348 2890 2416 appellat.
2923 2349 3060 2416 Quia
3089 2369 3220 2406 vero
3250 2371 3427 2411 rerum
3471 2373 3565 2430 ge-

305 2443 399 2495 μα.
421 2427 634 2500 Ἐπειδὴ
680 2429 735 2482 δὲ
785 2433 1080 2501 ἀναγκαῖον
1109 2430 1178 2506 ἦν
1202 2438 1505 2507 ὁμολογεῖν,
1533 2444 1600 2512 τῇ
1641 2442 1750 2497 τῶν
1784 2460 1885 2495 πε-

1985 2439 2190 2486 starum
2224 2436 2438 2490 veritati
2483 2439 2732 2492 assentiri
2777 2440 3040 2506 volentes,
3089 2447 3337 2500 conliteri
3381 2427 3565 2505 neces-

303 2519 634 2588 πραγμένων
675 2521 904 2593 ἀληθείᾳ
956 2529 1232 2581 συνειπεῖν
1265 2516 1572 2600 ἑλομένους,
1613 2532 1696 2585 ὅτι
1730 2533 1884 2586 ταῦθ’

1983 2524 2130 2578 sario
2159 2525 2378 2591 debent,
2407 2525 2522 2582 haec
2556 2528 2622 2582 ad
2656 2529 2798 2584 hunc
2831 2537 3046 2587 modum
3077 2550 3205 2590 vere
3250 2540 3560 2608 εοιιιίειίεεμ,

299 2608 471 2675 οὕτως
491 2613 712 2682 γέγονεν
736 2615 973 2686 ἀληθῶς,
1001 2618 1134 2690 φέρε
1163 2621 1291 2684 τοὺς
1320 2623 1429 2675 τῶν
1465 2626 1883 2681 κατασκώπτειν

1982 2629 2080 2684 age
2111 2629 2295 2670 eorum
2326 2619 2522 2686 quibus
2548 2620 2790 2676 solemne
2835 2631 2920 2676 est
2967 2625 3288 2682 calumniari
3341 2631 3561 2685 rationi-

299 2702 565 2758 εἰωθότων
598 2707 939 2777 παραθέντες
982 2709 1194 2778 λόγους,
1222 2712 1346 2766 τότε
1374 2713 1560 2768 λοιπὸν
1585 2718 1882 2788 ἐπαγάγω-

1981 2705 2083 2762 bus
2112 2711 2421 2778 prepositis,
2452 2721 2636 2780 postea
2685 2715 3002 2769 (nconomiae
3057 2719 3416 2774 narrationem
3465 2736 3561 2791 op-

301 2813 400 2864 μεν
429 2797 522 2850 ἐπὶ
560 2801 753 2871 καιροῦ
781 2801 883 2872 τῆς
921 2805 1230 2874 οἰκονομίας
1257 2805 1359 2876 τὴν
1384 2807 1679 2877 ἀφήγησιν.
1716 2812 1878 2879 Λογι-

1980 2812 2208 2866 portune
2233 2801 2638 2871 subjungamus.
2671 2805 2840 2882 Incidi
2885 2808 3048 2878 igitur
3097 2811 3148 2864 in
3202 2813 3559 2882 disputatiun-

294 2890 394 2961 δίῳ
430 2891 528 2961 μὲν
549 2887 642 2946 οὖν
668 2894 918 2966 ἐνέτυχον
949 2897 1144 2966 ἀνδρὸς
1164 2899 1264 2952 οὐκ
1292 2900 1527 2971 ἀσήμου,
1557 2902 1876 2974 διατρανοῦν

1978 2890 2156 2944 culam
2192 2892 2291 2945 viri
2318 2893 2597 2962 cujusdam
2648 2881 2769 2950 non.
2800 2898 3042 2963 obscuri,
3079 2901 3170 2970 qui
3210 2901 3350 2956 hunc
3383 2903 3557 2958 locum

294 2979 569 3046 ἐθέλοντος
605 2984 674 3038 τὰ
722 2987 850 3056 περὶ
893 2987 984 3040 τὸν
1025 2989 1225 3042 τόπον
1258 2989 1318 3053 ὃς
1346 2991 1444 3061 τῆς
1479 2993 1740 3066 ἱστορίας.
1783 2998 1878 3052 καὶ

1981 2983 2271 3053 explanare
2303 2996 2620 3052 conaretur,
2678 3001 2732 3043 et
2780 2991 3064 3046 historiam
3119 2992 3557 3066 allirmantesque

292 3075 401 3129 τῶν
434 3074 576 3131 οὕτω
603 3078 929 3146 γεγενῆσθαι
958 3079 1244 3149 λεγόντων,
1291 3084 1351 3136 οὐ
1383 3087 1610 3158 μετρίαν
1641 3091 1876 3144 ἐποιεῖτο

1978 3074 2030 3128 id
2061 3090 2120 3130 re
2150 3078 2262 3146 ipsa
2305 3078 2397 3131 tali
2434 3081 2593 3135 modo
2625 3080 2846 3147 factum,
2884 3099 2988 3137 non
3024 3083 3211 3140 leviter
3261 3089 3554 3155 reprehen-

291 3167 392 3238 τὴν
423 3169 785 3241 κατάρῤησιν,
825 3169 934 3224 δεῖν
959 3189 1018 3226 τε
1049 3172 1290 3243 ἔφασκεν
1337 3178 1586 3247 ἐναργῶς
1611 3181 1698 3232 ἐπ’
1723 3181 1876 3252 αὑτῷ

1975 3166 2151 3231 deret,
2186 3179 2565 3240 assereretqne
2612 3172 2789 3240 planis
2835 3175 3040 3240 verbis,
3083 3191 3246 3246 super
3282 3179 3384 3232 hoc
3437 3179 3555 3248 ipso

289 3257 354 3328 δὴ
379 3257 553 3328 τούτῳ
582 3257 659 3329 τῷ
687 3261 966 3333 κεφαλαίῳ
1004 3262 1240 3332 μάλιστα
1267 3265 1506 3333 δεδιότας
1534 3267 1706 3336 οὐδὲν,
1741 3271 1874 3324 ἀνα-

1975 3260 2149 3328 capite
2183 3262 2300 3316 sine
2331 3263 2438 3317 ullo
2477 3265 2670 3319 timore
2713 3266 3149 3336 exclamandum,
3208 3273 3555 3327 continentiae

289 3351 516 3419 κραγετν
557 3351 658 3420 τῆς
682 3354 1009 3422 ἐγκρατείας
1037 3356 1166 3420 τοὺς
1192 3358 1445 3428 ἐραστάς·
1488 3380 1506 3413 ι
1539 3361 1612 3414 Τὸ
1639 3363 1872 3434 γράμμα

1974 3354 2326 3417 amatoribus,
2358 3373 2376 3405 ι
2413 3352 2617 3409 Littera
2648 3359 2927 3414 occidit“.
2962 3379 2979 3411 ι
3013 3359 3174 3426 Quasi
3202 3362 3343 3416 enim
3372 3365 3556 3418 deser-

289 3441 620 3496 ἁποκτείνει.
652 3461 671 3494 ι
694 3443 938 3517 Ἐρήμην
986 3447 1096 3519 γὰρ
1146 3448 1334 3523 ὥσπερ
1391 3453 1744 3525 κατατρέχων
1775 3457 1870 3509 τοῦ

1975 3453 2028 3496 to
2058 3447 2124 3498 ah
2150 3444 2262 3515 ipsa
2290 3448 2600 3504 vadimonio
2629 3451 2952 3520 scripturam
2987 3455 3294 3518 iucursans,
3320 3472 3385 3510 ac
3409 3456 3553 3512 velut

289 3535 615 3604 γράμματος
638 3575 654 3600 ,
709 3537 804 3590 καὶ
855 3539 1019 3591 οἱονεὶ
1072 3541 1216 3593 κατὰ
1268 3543 1505 3614 πρανοῦς
1557 3546 1868 3617 ἐρχόμενος,

1972 3535 2299 3603 praecipitem
2335 3553 2552 3607 urgens,
2587 3540 2960 3609 hujuscemodi
3001 3545 3373 3602 conclusiones
3401 3557 3551 3603 texe-

286 3623 528 3677 τοιούσδε
569 3625 721 3690 τινὰς
757 3629 1025 3682 συνετίθει
1061 3629 1273 3699 λόγους.
1305 3634 1509 3704 Μωσῆς
1554 3637 1680 3707 γὰρ,
1738 3637 1870 3707 ἔφα-

1971 3627 2082 3681 bal.
2101 3627 2312 3699 Moyses
2335 3633 2479 3686 enim
2511 3633 2749 3700 divinus,
2774 3636 2974 3697 aiebat,
3003 3637 3259 3692 lsraelem
3289 3640 3357 3694 ab
3376 3639 3549 3712 Egy-

291 3731 446 3780 υκεν,
482 3715 512 3767 ὀ
537 3715 820 3781 θεσπέσιος
849 3720 1246 3789 προσετάττετό
1274 3739 1405 3776 ποτε
1425 3725 1522 3795 τῆς
1551 3728 1868 3795 Αἰγυπτίων

1971 3721 2079 3789 ptia
2119 3723 2380 3777 servitute
2406 3724 2534 3778 olim
2571 3726 2904 3781 vindicatum
2953 3728 3006 3782 in
3043 3737 3241 3782 terram
3281 3742 3546 3794 sanctam,

286 3805 526 3872 ἑιουλειας
576 3808 981 3881 λελυτρωμένον
1020 3811 1376 3883 ἀποκομίζειν
1417 3817 1509 3868 τὸν
1547 3817 1759 3889 Ἰσραὴλ
1789 3823 1869 3886 εἰς

1969 3813 2214 3881 patribus
2250 3817 2595 3884 promissam,
2647 3819 2700 3872 in
2755 3828 2960 3873 terram
3008 3823 3406 3888 promissionis,
3463 3824 3547 3876 in-

285 3899 386 3968 τὴν
432 3900 598 3955 πάλαι
639 3903 753 3967 τοῖς
789 3903 1060 3975 πατράσιν
1102 3905 1517 3979 ἐπηγγελμένην
1550 3909 1715 3978 ἁγίαν
1740 3912 1863 3984 γῆν,

1969 3920 2152 3973 quam,
2181 3905 2467 3976 deportare
2497 3908 2683 3976 jussus
2727 3919 2810 3965 est
2856 3913 2925 3967 ".
2982 3913 3121 3980 Quin
3181 3924 3236 3969 et
3282 3913 3549 3972 Jeremias

287 3993 431 4060 φημὶ
467 3991 532 4064 δὴ
576 3994 675 4063 τὴν
713 3994 814 4066 τῆς
843 3996 1195 4065 ἐπαγγελίας·
1225 3998 1362 4052 ἀλλὰ
1389 4001 1485 4053 καὶ
1516 4002 1545 4054 ὁ
1579 4005 1866 4075 προφήτης

1971 3999 2136 4052 Deum
2167 3998 2452 4056 manifeste
2478 4001 2742 4056 dicentem
2777 4004 3004 4068 audivit,
3040 4024 3060 4057 ι
3085 4004 3402 4074 Priusquam
3436 4006 3546 4060 for-

296 4079 563 4154 Ἱερεμίας
591 4087 789 4157 ήκουσε
819 4087 952 4141 Θεοῦ
980 4087 1227 4157 λέγοντος
1257 4090 1522 4162 ἐναργῶς’
1568 4112 1586 4144 ι
1617 4094 1732 4165 Πρὸ
1770 4097 1864 4149 τοῦ

1967 4105 2170 4144 marem
2203 4091 2328 4146 tein
2370 4101 2547 4156 utero,
2579 4095 2702 4149 novi
2739 4104 2820 4161 te;
2855 4105 3215 4166 etantequam
3255 4098 3435 4152 exires
3479 4098 3545 4151 de

287 4192 356 4246 με
384 4175 584 4232 πλάσαι
618 4194 677 4231 σε
725 4181 785 4232 ἐν
813 4180 1024 4252 κοιλία,
1056 4181 1355 4252 ἐπίσταμαί
1399 4200 1478 4249 σε,
1515 4186 1608 4238 καὶ
1635 4187 1738 4258 πρὸ
1768 4187 1862 4242 τοῦ

1965 4181 2148 4247 vulva,
2197 4183 2533 4239 sanctiﬁeavi
2602 4194 2672 4240 te.
2722 4185 2786 4240 Et
2823 4169 3144 4256 prophetam
3193 4189 3244 4242 in
3295 4189 3545 4258 gentibus

283 4284 344 4320 σε
375 4265 610 4333 ἐξελθεῖν
633 4272 700 4324 ἐκ
728 4271 959 4343 μήτρας,
978 4273 1187 4342 ήγίακὰ
1217 4290 1295 4336 σε,
1322 4277 1609 4347 προφήτην
1633 4280 1712 4341 εἰς
1732 4279 1859 4352 ἔθνη

1965 4273 2084 4327 dedi
2146 4283 2198 4327 te
2224 4274 2290 4328 ³⁸,
2357 4294 2376 4327 ι
2453 4276 2730 4342 Quomodo
2800 4278 2963 4346 igitur
3019 4294 3124 4333 non
3183 4279 3541 4336 admiratione

280 4357 501 4412 τέθεικά
529 4377 610 4413 σε.
642 4379 660 4411 ι
700 4359 828 4424 Πῶς
851 4357 943 4415 οὖν
969 4363 1071 4416 οὐκ
1101 4363 1437 4433 ἀξιάγαστοι,
1469 4369 1654 4437 φησὶν,
1686 4369 1736 4421 οἱ
1762 4370 1858 4423 καὶ

1964 4364 2133 4435 digiti,
2164 4366 2357 4436 inquit,
2388 4367 2480 4437 qui
2511 4369 2646 4422 adeo
2681 4370 3071 4437 venerandum,
3113 4383 3170 4426 et
3218 4372 3539 4428 honestissi-

276 4447 377 4519 τὴν
408 4448 551 4503 οὕτω
579 4450 785 4522 σεπτὴν
807 4453 900 4506 καὶ
927 4453 1214 4523 παγκάλην
1254 4454 1528 4510 διακονίαν
1561 4461 1858 4528 παραιτού-

1963 4473 2108 4512 mum
2143 4472 2365 4526 prorsus
2397 4457 2756 4513 ministerium
2803 4471 3143 4529 aversantur,
3186 4470 3242 4515 et
3293 4464 3535 4516 cunctari

283 4553 455 4610 μενοι·
487 4543 581 4596 καὶ
612 4541 712 4615 τὴν
739 4543 996 4615 μέλλησιν
1022 4547 1124 4600 οὐκ
1154 4548 1612 4618 ἁπαναινόμενοι;
1663 4552 1721 4607 '0
1754 4555 1856 4624 μὲν

1961 4565 2066 4603 non
2094 4549 2384 4603 verentur?
2416 4550 2511 4604 llle
2535 4549 2938 4620 enim,Moyscs,
2973 4552 3152 4607 aiebat
3179 4570 3194 4606 :
3229 4572 3248 4604 ι
3280 4553 3535 4617 Obsecro,

277 4631 386 4704 γὰρ
409 4632 638 4702 ἔφασκε*
669 4653 688 4686 ι
715 4636 936 4706 Δέομαι,
964 4636 1157 4707 Κύριε,
1193 4641 1536 4711 προχείρισαι
1573 4642 1731 4697 ἄλλον
1757 4645 1852 4698 δυ-

1961 4638 2210 4706 Domine,
2247 4638 2427 4708 delige
2460 4639 2624 4694 alium
2655 4641 2931 4706 idoneum,
2961 4657 3120 4712 quem
3161 4644 3342 4700 mittes
3385 4646 3449 4698 “.
3511 4665 3532 4698 ι

276 4724 509 4795 νᾶμενον
534 4725 594 4780 ὃν
624 4727 961 4793 ἀποστελεῖς.
994 4748 1013 4781 ι
1033 4729 1090 4784 '0
1114 4731 1171 4784 δὲ
1199 4731 1296 4804 τὴν
1336 4735 1564 4806 νεότητα
1595 4740 1852 4810 προϊσχό-

1957 4729 2109 4784 Alius
2137 4729 2474 4800 juventutem
2508 4733 2872 4799 praetendens,
2901 4749 3130 4791 exorare
3179 4735 3347 4791 Deum
3392 4739 3532 4793 nite-

279 4833 459 4886 μενος,
489 4818 824 4873 ἐκδυσωπείν
855 4822 1114 4895 ἐπειρᾶτο
1145 4822 1297 4880 Θεόν.
1317 4825 1478 4880 Ἀλλὰ
1515 4830 1609 4882 καὶ
1647 4833 1677 4882 ὁ
1717 4846 1850 4902 προσ

1957 4818 2134 4873 batur.
2169 4819 2308 4885 Quin
2335 4830 2390 4874 et
2418 4823 2677 4890 propheta
2728 4823 2999 4894 Ezechiel,
3047 4826 3103 4881 in
3151 4838 3393 4884 stercore
3430 4831 3531 4884 hu-

275 4903 473 4976 φήτης,
503 4907 689 4976 φησὶν,
707 4907 962 4980 Ἰεζεχιὴλ
991 4911 1048 4963 ἐν
1079 4911 1347 4982 βολσίτοις
1377 4914 1585 4987 κόπρου
1632 4919 1856 4992 ἀνθρω-

1957 4924 2116 4963 mano
2135 4925 2299 4979 panes
2330 4913 2431 4966 sibi
2464 4912 2648 4968 facere
2668 4913 2872 4981 jussus,
2907 4931 3010 4970 non
3043 4917 3386 4973 mediocriter
3417 4937 3527 4975 mo-

272 4994 437 5066 πίνης
468 4996 664 5067 ἄρτους
685 4998 863 5070 ἐαυτῷ
890 5002 1114 5072 ποιῆσαι
1140 5009 1633 5076 προστεταγμένας,
1667 5010 1854 5064 δεδυσ-

1952 5000 2088 5056 leste
2125 5002 2254 5067 fert,
2285 5013 2340 5058 et
2384 5004 2585 5058 ideirco
2618 5006 2768 5059 audit
2799 5025 2814 5060 :
2866 5025 2884 5058 ι
2923 5006 3062 5063 Ecce
3092 5009 3214 5063 dedi
3265 5011 3359 5064 tibi
3393 5021 3529 5066 ster-

271 5085 515 5156 φόρηκεν
539 5089 601 5141 ού
638 5090 883 5161 μικρῶς,
934 5093 1136 5164 ἢκουσέ
1157 5113 1215 5148 τε
1243 5096 1329 5150 διὰ
1351 5097 1528 5153 τοῦτο’
1565 5119 1583 5151 ι
1606 5101 1735 5155 Ἰδοὺ
1767 5102 1850 5156 δέω

1951 5111 2077 5150 cora
2109 5097 2268 5151 boum
2301 5097 2404 5166 12
2436 5113 2532 5166 pro
2562 5098 2822 5164 humano,
2857 5109 2912 5154 et
2959 5115 3161 5170 eoques
3194 5117 3362 5170 panes
3411 5113 3527 5159 tuos

268 5175 422 5234 δωκά
454 5197 535 5234 σοι
581 5181 800 5251 βόλϐιτα
833 5182 968 5252 βοῶν
1013 5185 1134 5240 ἀντὶ
1167 5186 1425 5257 βολὸίτων
1468 5189 1843 5262 ἀνθρωπίνων,

1955 5187 2008 5241 in
2040 5188 2120 5242 eis
2148 5189 2215 5243 ³⁸.
2258 5208 2277 5242 ι
2311 5189 2534 5258 Insuper
2601 5199 2656 5246 et
2685 5191 2841 5247 divus
2883 5192 2996 5260 ipse
3043 5193 3254 5257 Petrus,
3313 5196 3530 5264 quando

268 5273 366 5326 καὶ
395 5273 655 5344 ὀπτήσεις
680 5277 804 5340 τοὺς
833 5275 1028 5348 ἄρτους
1057 5295 1151 5332 σου
1184 5281 1270 5333 ἐπ’
1310 5281 1506 5336 αὐτῶν.
1540 5302 1560 5334 ι
1595 5284 1704 5340 Καὶ
1739 5285 1846 5358 μὴν

1951 5281 2120 5337 linteo
2156 5282 2221 5336 de
2250 5282 2389 5338 cmlo
2420 5283 2713 5351 submisso,
2747 5285 2800 5338 in
2833 5300 2943 5355 quo
2989 5287 3168 5340 omnia
3224 5288 3517 5356 quadrupe-

268 5366 364 5417 καὶ
389 5365 529 5418 αὐτὰ
550 5367 582 5417 ὁ
605 5365 890 5433 θεσπέσιος
917 5369 1143 5440 Πέτρος,
1173 5371 1262 5424 ὅτε
1287 5373 1390 5442 τῆς
1424 5373 1618 5446 ὀθόνης
1658 5377 1845 5430 καθιε-

1950 5370 2035 5424 dia
2073 5380 2129 5426 et
2163 5369 2406 5438 jumenta
2436 5373 2818 5439 cernebantur,
2868 5376 3033 5429 Deum
3065 5376 3332 5432 dicentem
3373 5381 3521 5434 audi-

275 5455 445 5524 μένης
475 5453 535 5520 ἐξ
563 5456 815 5528 ούρανοῦ,
846 5457 904 5508 ἐν
999 5459 1173 5514 πάντα
1217 5462 1524 5534 ἐγέγραπτο
1557 5464 1624 5519 τὰ
1648 5467 1843 5536 τετρά-

1952 5463 2028 5514 vit
2054 5480 2066 5516 :
2101 5481 2120 5514 ι
2155 5461 2349 5533 Surge,
2380 5463 2564 5531 Petre;
2594 5465 2798 5529 occide,
2821 5475 2876 5518 et
2902 5467 3162 5522 manduca
3191 5467 3256 5533 ³⁸,
3294 5486 3314 5522 ι
3369 5485 3517 5524 recn-

269 5547 406 5600 ποδα
447 5548 543 5601 καὶ
567 5548 638 5601 τὰ.
671 5550 866 5621 κτήνη.
901 5550 1035 5604 Θεοῦ
1073 5552 1322 5620 λέγοντος
1355 5555 1606 5625 ἤκουσεν·
1637 5558 1837 5610 (Ἄνα-

1946 5553 2106 5618 savit,
2139 5553 2223 5609 his
2275 5555 2450 5612 verbis
2507 5573 2521 5610 :
2577 5575 2596 5608 ι
2652 5554 3023 5626 Nequaquam,
3085 5559 3334 5629 Domine,
3395 5561 3518 5631 quia

342 5721 384 5753 ἰ
418 5721 457 5776 ll
495 5723 618 5780 Cor.
663 5741 746 5794 ιιι,
787 5727 838 5781 6.
945 5729 988 5761 ”
1029 5731 1197 5786 Exod.
1242 5749 1322 5797 ιιι,
1357 5735 1407 5791 8.
1486 5735 1665 5794 ιειετ.
1709 5755 1744 5804 I,
1787 5737 1838 5792 ὅ.
1916 5739 1935 5770 ⁹

1916 5738 1960 5770 ’³
1997 5735 2167 5792 Exod.
2206 5753 2280 5806 tv,
2313 5739 2397 5794 1⁸5.
2513 5741 2557 5772 ³⁵
2590 5739 2783 5799 Ezech.
2841 5760 2913 5810 tv,
2952 5744 3034 5800 l5.
3097 5745 3142 5776 ³⁸
3173 5745 3292 5800 Act.
3325 5761 3378 5811 ς,
3422 5742 3511 5802 13.
