4046 6376
462 381 532 438 27
1482 376 1541 433 S.
1581 376 1863 434 CYRILLI
1900 370 2371 430 ALEXANDRIN!
2410 368 2734 434 ARCHIEP.
3642 371 3720 429 23-

465 511 740 566 uuuquam
800 493 1008 550 comedi
1060 507 1221 549 omne
1279 508 1600 561 commune,
1651 504 1744 549 aut
1800 494 2035 549 immun-

2148 488 2292 553 στάς,
2338 486 2534 557 Πέτρε,
2569 484 2748 548 θῦσον,
2785 482 2879 537 καὶ
2914 480 3079 551 φάγε*
3108 497 3128 531 ι
3172 479 3497 554 παρῃτεῖτο,
3529 483 3715 552 φησιν,

467 589 591 640 dum
626 585 692 649 ³⁷,
730 603 750 638 ι
781 600 953 654 neque
979 584 1220 655 ingressa
1246 593 1330 639 est
1356 585 1412 640 in
1444 600 1506 640 os
1540 599 1718 641 meum
1759 584 1864 638 ulla
1913 596 2042 637 caro

468 675 911 749 profana.Oseas
952 685 1130 731 autem
1179 674 1364 731 audito
1424 690 1484 731 se
1539 691 1662 731 cum
1721 675 2040 731 muliercula

470 768 753 822 inhonesta
782 776 838 821 et
865 764 1179 829 fornicaria,
1215 775 1270 821 et
1311 764 1475 819 vitam
1532 765 1745 820 vivente
1789 780 2044 819 exsecra-

471 856 632 912 bilem
664 857 859 912 debere
893 856 1157 926 copulari,
1201 872 1316 911 rem
1347 871 1452 911 non
1498 858 1850 926 deprecatur;
1910 871 2045 911 cun-

472 950 762 1005 ctationem
812 949 1011 1004 nullam
1046 948 1315 1015 admittit;
1361 963 1465 1002 non
1509 948 1610 1004 sibi
1656 948 1797 1003 istud
1843 948 2042 1003 remitti

472 1042 783 1111 suppliciter
810 1051 958 1105 orat;
991 1041 1111 1109 sed,
1145 1049 1204 1096 ut
1230 1042 1497 1111 quispiam
1551 1041 2041 1111 petulantissimus,

474 1144 679 1189 tantum
714 1150 818 1189 non
850 1135 1272 1205 promptissime,
1300 1135 1419 1188 sine
1451 1149 1624 1200 mora,
1657 1135 2043 1205 propemodum

474 1225 527 1278 iu
565 1240 675 1279 rem
702 1223 924 1287 involat,
962 1224 1255 1292 voluptate,
1288 1224 1471 1287 credo,
1505 1223 1832 1278 muliercula:
1864 1224 2042 1277 fruen-

472 1315 553 1366 dae
585 1323 892 1383 superatus.
929 1312 1130 1369 Deinde
1167 1314 1467 1368 orationem
1517 1329 1639 1367 cum
1694 1314 1928 1369 absurdo
1983 1315 2047 1367 ﬁ-

473 1404 649 1467 niens,
682 1419 847 1473 pauca
875 1408 1142 1475 quaedam,
1172 1413 1229 1459 et
1275 1403 1468 1475 frigida
1519 1404 1783 1475 adjungit.
1817 1404 2047 1459 Simulat

472 1497 618 1551 enim
647 1512 707 1550 se
735 1497 1007 1566 prophetae
1029 1496 1385 1566 patrocinari,
1432 1506 1488 1551 et
1538 1497 1633 1563 ait,
1665 1496 1955 1566 plurimum
1986 1513 2045 1552 se

474 1587 648 1656 ipsum
676 1598 1061 1642 excusaturum
1090 1589 1282 1651 fuisse,
1315 1589 1381 1643 si
1412 1588 1579 1642 Deum
1616 1587 2044 1643 eommistiouem

474 1692 792 1747 corpoream
829 1680 1113 1735 mandasse
1146 1683 1464 1749 putavisset.

548 1861 655 1917 Sed
677 1862 930 1929 quoniam
965 1873 1084 1917 erat
1112 1860 1392 1930 spi‘rituale
1435 1859 1691 1929 quiddam
1737 1859 1877 1928 quod
1920 1874 2043 1928 age-

474 1953 651 2019 batur,
682 1969 750 2007 ex
783 1952 953 2007 multa
993 1968 1117 2021 erga
1169 1954 1334 2007 Deum
1365 1951 1631 2019 charitate
1664 1953 2044 2021 propemodum

477 2042 618 2097 ultro
648 2044 714 2097 ad
754 2045 803 2098 id
836 2046 977 2109 quod
1003 2043 1214 2113 Iussum
1246 2050 1363 2099 erat
1392 2043 1778 2113 praistandum,
1818 2044 2048 2112 prophe-

476 2141 584 2185 tam
605 2132 971 2187 descendisse.
1000 2132 1288 2196 Praeterea,
1314 2131 1507 2198 inquit,
1532 2130 1876 2185 continentia:
1913 2132 2048 2184 Deus

480 2227 621 2281 haud
655 2226 917 2281 voluisset
942 2227 1234 2295 quidquam
1263 2224 1527 2279 committi
1557 2223 1683 2287 tale,
1716 2232 1775 2277 ut
1800 2226 1883 2278 vir
1932 2234 2049 2278 tan-

479 2329 565 2375 tus
592 2320 726 2373 adeo
776 2319 1019 2388 turpibus
1062 2318 1499 2388 detestandisque
1536 2315 1924 2385 complexibus,
1974 2318 2049 2369 le-

478 2412 636 2465 minae
690 2409 866 2478 hujus.
914 2410 1157 2480 inquam,
1206 2412 1457 2465 obscenae
1499 2418 1554 2464 et
1592 2407 1891 2464 foruicariaa
1921 2423 2048 2464 con-

479 2503 851 2557 taminaretur.
892 2501 1182 2555 Historiam
1209 2512 1388 2556 autem
1420 2515 1707 2569 enervans,
1749 2509 1803 2555 et
1836 2514 1954 2555 eam
1994 2499 2047 2553 in

476 2608 671 2648 sensus
695 2592 1001 2662 spirituales
1045 2590 1439 2661 quodammodo
1488 2588 1898 2653 transformans,
1941 2588 2048 2644 Go-

478 2699 594 2738 mer
630 2683 928 2738 allirmabat
953 2698 1074 2737 esse
1105 2690 1288 2751 typum
1316 2673 1530 2744 animae,
1567 2695 1684 2749 quae
1734 2680 1835 2735 sibi
1884 2680 2046 2734 vitam

478 2777 813 2829 inhonestam
847 2790 909 2827 ac
939 2782 1146 2841 turpem
1178 2772 1405 2841 delegit;
1444 2772 1757 2841 prophetam
1784 2774 2049 2827 sustinere

483 2867 778 2936 imaginem
816 2864 929 2931 ejus
959 2865 1047 2932 qui
1076 2863 1142 2917 de
1175 2862 1313 2917 coelo
1360 2872 1466 2930 est,
1512 2861 1616 2917 hoc
1655 2870 1757 2925 est,
1777 2859 1937 2917 Verbi
1984 2876 2049 2917 ex

479 2957 641 3013 Patre
677 2976 690 3011 :
724 2959 812 3022 qui
841 2960 1052 3027 quidem
1080 2956 1366 3011 animabus
1400 2957 1600 3011 nostris
1633 2956 1791 3010 modo
1821 2957 1921 3011 sub
1963 2956 2048 3010 in-

482 3049 832 3119 telligeutiam
889 3048 1258 3102 tantummodo
1302 3047 1527 3102 cadente
1574 3048 1873 3118 capulatus,
1928 3048 2050 3102 vitze

480 3142 661 3210 probae
688 3155 751 3193 ac
782 3148 983 3193 sanctae
1001 3139 1204 3193 semina
1233 3138 1423 3208 injicit.
1442 3138 1507 3193 Et
1528 3139 1607 3192 hae
1635 3139 1848 3208 quidem
1877 3139 1929 3193 in
1961 3138 2048 3193 illa
2077 3180 2122 3243 Ο

479 3237 747 3300 oratione,
773 3250 876 3305 qua
906 3234 1229 3304 persuadere
1252 3234 1442 3303 voluit,
1491 3234 1839 3304 probationes
1878 3238 1946 3293 ab
1985 3251 2051 3292 eo

480 3330 795 3399 excogitatae
847 3336 991 3382 sunt.
1038 3325 1191 3395 Cepit
1235 3335 1411 3383 autem
1471 3342 1557 3382 me
1605 3326 1890 3384 admiratio
1942 3345 2050 3386 non

479 3418 718 3489 vulgaris
761 3434 777 3472 :
817 3416 1071 3487 primum,
1116 3416 1258 3484 quod
1288 3431 1413 3469 vera
1452 3415 1655 3471 sentire
1681 3427 2048 3483 contemnens,

481 3525 645 3562 ausus
692 3517 778 3563 est
822 3506 1024 3569 dicere,
1073 3506 1307 3560 litteram
1337 3506 1621 3572 occidere;
1657 3506 1871 3573 deinde,
1908 3507 2051 3570 quod

480 3598 781 3654 introduxit
808 3598 1047 3669 Moysen,
1079 3609 1134 3652 et
1170 3613 1307 3667 quos
1330 3586 1488 3652 modo
1516 3598 1931 3662 nominavimus,
1960 3598 2048 3666 qui

481 3692 797 3748 C(Blestibtls
823 3690 1057 3745 oraculis
1089 3689 1467 3755 reclamarint;
1506 3689 1646 3758 quod
1677 3699 1858 3743 autem
1911 3690 2048 3745 divi-

481 3786 565 3838 nis
602 3782 867 3836 mandatis
897 3796 955 3837 se
997 3795 1269 3849 opponere
1315 3781 1430 3833 ausi
1480 3790 1633 3834 extra
1682 3780 1895 3850 culpam
1942 3797 2049 3836 non

483 3875 721 3939 fuerunt,
751 3873 890 3928 male
941 3873 1128 3925 tacuit.
1158 3870 1447 3925 Sacrorqu
1496 3887 1729 3942 namque
1776 3874 2049 3927 doctorem

481 3969 701 4039 Moysen
736 3964 1239 4033 subterfugientem,
1281 3973 1335 4018 et
1380 3964 1445 4017 ad
1486 3963 1788 4019 obeundum
1839 3967 2051 4021 missio-

486 4076 605 4114 nem
639 4058 1105 4128 tergiversantem,
1133 4055 1183 4110 ei
1218 4055 1412 4124 linguae
1431 4056 1739 4110 tarditatem
1756 4057 2048 4111 obtenden-

482 4161 698 4224 temuut
730 4148 999 4203 inﬁrmum
1033 4147 1085 4205 in
1120 4147 1225 4202 ﬁde
1266 4146 1611 4216 reprehendit
1638 4147 1800 4213 Deus,
1847 4148 1899 4203 iu
1939 4149 2052 4204 haec

481 4243 643 4298 verba
677 4256 692 4296 :
730 4240 831 4311 13
858 4258 876 4292 ι
904 4240 1036 4306 Quis
1064 4239 1207 4294 dedit
1236 4254 1299 4293 os
1335 4238 1572 4308 homini}?
1597 4248 1651 4293 et
1677 4239 1797 4304 quis
1819 4239 2048 4295 fabrica-

480 4336 557 4389 vit
583 4343 785 4388 mutum
817 4339 874 4386 et
901 4331 1145 4395 surdum,
1174 4330 1445 4385 videntem
1490 4336 1545 4383 et
1594 4330 1830 4385 caecum?
1873 4347 2050 4387 nonne

479 4442 579 4497 ego
606 4424 868 4479 Dominus
899 4422 1076 4478 Deus?
1110 4422 1280 4491 Perge
1304 4423 1493 4491 igitur,
1526 4430 1580 4476 et
1603 4436 1701 4492 ego
1733 4422 1965 4491 aperiam
1988 4439 2049 4478 os

2142 578 2285 633 οὕτω
2304 579 2477 648 λέγων
2494 596 2511 609 ·
2543 597 2563 629 ι
2586 576 2890 647 Μηδαμῶς,
2912 573 3105 646 Κύριε,
3124 572 3484 666 ὄτι.ούδέποτε
3515 573 3716 643 ἔφαγον

2142 673 2253 724 πᾶν
2284 670 2479 731 κοινὸν,
2524 669 2557 739 ἢ
2608 668 2938 739 ἀκάθαρτον,
2991 684 3011 718 ι
3062 664 3183 719 οὐδὲ
3208 664 3479 735 ἐἰσῆλθεν
3532 666 3613 728 είς
3654 664 3717 731 τὸ

2144 762 2319 834 στόμα
2353 779 2452 833 μου
2481 762 2588 814 πᾶν
2613 759 2779 831 κρέας
2813 758 3059 830 βέϐηλον.
3078 756 3234 829 Ὠσηὲ
3263 756 3320 810 δὲ
3352 755 3608 821 ἀκούσας,
3635 757 3717 811 ὅτι

2144 857 2350 926 γυναίῳ
2382 852 2747 908 συνάπτεσθαι
2793 853 2872 905 δεῖ
2912 849 3145 921 αἰσχρῷ,
3172 850 3267 907 καὶ
3313 848 3713 921 πορνευομένῳ,

2145 950 2239 1001 καὶ
2271 948 2540 1017 ἐπάρατον
2569 945 2741 1016 ἔχοντι
2766 944 2930 1014 ζωὴν,
2957 942 3018 995 ού
3045 943 3394 1012 παραιτεῖται
3417 940 3477 994 τὸ
3503 940 3714 1012 χρῆμα,

2144 1040 2249 1091 οὐκ
2271 1038 2425 1091 ὄκνον
2452 1037 2743 1107 ἐνδέχεται,
2781 1036 2843 1087 ού
2871 1034 3137 1106 προσάγει
3168 1033 3266 1102 τὴν
3296 1033 3594 1104 ἱκετηρίαν,
3621 1034 3717 1086 ἀν-

2146 1134 2324 1187 εῖσθαι
2376 1132 2710 1203 παρακαλῶν
2735 1147 2749 1160 '
2780 1129 2895 1184 ἀλλ’
2925 1123 3014 1182 οἷά
3055 1146 3139 1192 τις
3174 1127 3284 1182 τῶν
3314 1126 3719 1196 ἀσελγεστάτων

2148 1225 2563 1297 προχειρότατα,
2604 1224 2695 1276 καὶ
2728 1221 3014 1293 ἀμελλητὶ,
3052 1219 3332 1291 μονονουχὶ
3362 1220 3456 1273 καὶ
3486 1218 3719 1291 ἁρπάζει

2145 1320 2207 1372 τὸ
2237 1318 2444 1389 χρῆμα,
2468 1316 2609 1386 τάχα
2638 1333 2738 1368 που
2767 1314 2865 1385 τῆς
2892 1315 2971 1377 είς
2998 1314 3060 1366 τὸ
3090 1312 3312 1381 γύναιον
3335 1312 3528 1382 ἡδονῆς
3551 1310 3722 1382 ἡττώ-

2151 1427 2329 1482 μενος.
2374 1404 2510 1464 Εἷτα
2548 1406 2888 1461 κατακλείων
2940 1406 3020 1469 είς
3064 1405 3294 1457 ἀτοπίαν
3338 1405 3463 1468 τοὺς
3508 1403 3718 1471 λόγους,

2147 1501 2456 1575 προσετίθει
2489 1500 2698 1564 τούτοις
2732 1499 2886 1567 ὀλίγα
2925 1499 3060 1553 ἄττα
3099 1498 3195 1551 καὶ
3227 1496 3429 1569 ψυχρά.
3473 1497 3718 1566 Σκήπτε-

2145 1614 2236 1650 ται
2269 1594 2367 1665 μὲν
2399 1594 2506 1665 γὰρ
2535 1592 2613 1663 τῷ
2640 1592 2896 1664 προφήτῃ
2928 1592 3265 1661 συνηγορεῖν,
3292 1591 3386 1643 καὶ
3424 1588 3586 1642 πάλιν
3614 1605 3719 1659 φη-

2152 1688 2254 1751 σὶν,
2280 1687 2362 1740 ὅτι
2410 1684 2667 1755 πλείστην
2701 1682 2767 1736 ἂν
2807 1683 3100 1752 ἐποιήσατο
3144 1679 3242 1752 τὴν
3286 1679 3635 1751 παραίτησιν,
3671 1680 3721 1731 εί

2151 1777 2469 1849 σωματικὴν
2497 1777 2766 1846 ἠπίστατο
2797 1774 3080 1828 κοινωνίαν
3105 1772 3407 1843 προστάξαι
3434 1769 3586 1825 Θεόν.

2230 1867 2448 1938 Ἐπειδὴ
2496 1865 2552 1919 δὲ
2592 1860 2661 1935 ἦν
2713 1862 3079 1934 πνευματικόν
3124 1879 3180 1915 τι
3228 1860 3291 1914 τὸ
3334 1860 3626 1931 δρώμενον,
3658 1860 3727 1911 ἐκ

2147 1961 2349 2031 πολλῆς
2382 1960 2522 2027 ἄγαν
2553 1956 2847 2026 φιλοθεῖας,
2885 1953 3164 2025 μονονουχὶ
3196 1951 3290 2006 καὶ
3317 1950 3612 2022 αὐτόμολος
3632 1951 3723 2002 ἐπὶ

2146 2053 2205 2106 τὸ
2247 2052 2378 2122 δρᾷν
2419 2049 2639 2120 ἔρχεται
2666 2045 2728 2100 τὸ
2757 2041 3417 2116 κεκελευσμένον.”Αλλως
3454 2057 3537 2106 τε,
3566 2040 3719 2111 φησὶ,

2146 2143 2246 2195 οὐκ
2275 2141 2340 2194 ἂν
2366 2142 2395 2194 6
2428 2139 2531 2209 τῆς
2559 2137 2883 2206 ἐγκρατείας
2924 2136 3055 2199 Θεὸς
3090 2132 3323 2205 ἠθέλησέ
3373 2150 3427 2185 τι
3470 2131 3721 2201 γενέσθαι

2145 2233 2406 2295 τοιοῦτον,
2425 2231 2501 2295 ὡς
2530 2230 2697 2301 ἀνδρα
2729 2227 2980 2283 τοσοῦτον
3008 2228 3261 2297 αἰσχραῖς
3279 2223 3453 2288 οὕτως
3479 2224 3573 2278 καὶ
3602 2224 3721 2294 βδε-

2146 2324 2481 2396 λυρωτάταις
2533 2319 2988 2391 καταμιαίνεσθαι
3049 2317 3410 2388 συμπλοκαῖς,
3464 2317 3584 2379 ταῖς
3642 2316 3723 2378 εἰς

2146 2418 2398 2485 γυναῖκα,
2430 2415 2595 2486 φημὶ,
2631 2412 2725 2466 καὶ
2753 2412 2910 2465 τοῦτο
2956 2409 3245 2481 μαχλῶσαν
3288 2408 3384 2461 καλ⁵
3419 2424 3721 2478 πεπορνευ-

2151 2508 2335 2579 μένηντ
2365 2505 2770 2560 Μεταπλάττων
2802 2504 2858 2557 δὲ
2895 2503 3084 2570 ὥσπερ
3111 2501 3209 2571 τῆς
3241 2499 3478 2570 ἱστορίας
3507 2499 3606 2568 τὴν
3630 2497 3723 2550 δύ-

2148 2617 2313 2669 ναμιν
2338 2599 2418 2661 είς
2442 2598 2650 2660 ἐννοίας
2681 2594 3078 2666 πνευματικὰς,
3107 2592 3313 2661 ἔφασκε
3339 2590 3439 2661 μὲν
3467 2584 3723 2656 εἶναιτὴν

2146 2692 2188 2745 Γ
2188 2691 2324 2762 όμερ
2352 2692 2430 2754 είς
2462 2689 2630 2743 τύπον
2661 2687 2859 2758 ψυχῆς,
2892 2684 3131 2756 αἰσχρῶς
3153 2684 3247 2737 καὶ
3265 2683 3513 2754 ἀσέμνως
3536 2680 3729 2751 διαζῇν

2147 2781 2430 2855 ᾑρημένης
2453 2798 2467 2814 ⁸
2512 2780 2599 2834 τὸν
2641 2779 2698 2833 δέ
2743 2795 2805 2846 γε
2840 2777 3125 2848 προφήτην
3151 2775 3335 2829 είκόνα
3364 2771 3604 2844 πληροῦν
3628 2771 3727 2825 τοῦ

2147 2872 2353 2927 ἀνωθεν
2403 2871 2498 2925 καὶ¹
2550 2870 2609 2937 ἐξ
2659 2868 2912 2940 ούρανοῦ,
2957 2866 3227 2931 τουτέστι,
3255 2863 3350 2918 τοῦ
3397 2866 3464 2918 ὲκ
3515 2862 3723 2933 Πατρὸς

2148 2962 2283 3016 Θεοῦ
2306 2963 2479 3031 Λόγου
2501 2976 2515 2992 ⁶
2545 2961 2605 3025 ὃς
2630 2963 2751 3025 ταῖς
2781 2958 3076 3031 ᾑμετέραις
3096 2958 3292 3028 ψυχαῖς
3326 2955 3724 3025 συναπτόμενος

2149 3057 2465 3129 νοητῶς,τά
2505 3056 2604 3127 τῆς
2653 3056 2943 3127 φιλαρέτου
2992 3053 3140 3124 ζωῆς
3186 3052 3360 3124 ἐνίησι
3413 3052 3721 3122 σπέρματα.

2151 3149 2261 3202 Καὶ
2275 3147 2449 3202 ταῦτα
2470 3146 2571 3216 μὲν
2588 3146 2689 3217 τῆς
2710 3145 2918 3198 ἐκείνου
2937 3142 3316 3211 πιθανολογίας
3337 3140 3406 3195 τά
3422 3139 3482 3194 εὑ
3492 3140 3723 3212 ρέματα,

2152 3238 2485 3312 Τεθαύμακα
2513 3239 2570 3292 δὲ
2590 3238 2649 3292 ού
2678 3238 2914 3308 μετρίως
2945 3234 3075 3304 ἐγὼ,
3107 3233 3321 3306 πρῶτον
3356 3232 3477 3305 μὲν,
3507 3234 3588 3286 ὅτι
3615 3232 3730 3285 τῶν

2151 3334 2231 3396 είς
2264 3332 2518 3403 ἀλήθειαν
2556 3329 2853 3400 ἀφειδήσας
2888 3325 3129 3392 ἐννοιῶν,
3165 3324 3496 3394 τετόλμηκεν
3530 3324 3723 3385 είπεῖν,

2151 3424 2232 3477 ὅτι
2273 3424 2334 3477 τὸ
2382 3424 2617 3496 γράμμα
2665 3419 2995 3475 ἀποκτείνει.
3030 3415 3165 3472 Εἶτα
3209 3416 3347 3489 πρὸς
3389 3415 3616 3480 τούτοις,
3641 3415 3724 3468 ὅτι

2152 3515 2486 3586 παρεκόμισε
2538 3514 2637 3585 μὲν
2677 3514 2805 3577 τοὺς
2849 3511 2990 3582 ἀμφὶ
3028 3512 3118 3564 τὸν
3145 3510 3367 3575 Μωσέα,
3394 3508 3487 3562 καὶ
3514 3501 3589 3561 ὧν
3624 3507 3723 3558 ἐπ-

2151 3606 2505 3677 εμνήσθημεν
2542 3604 2767 3677 ἀρτίως,
2794 3605 2904 3665 τοῖς
2934 3600 3139 3657 ἀνωθεν
3176 3598 3724 3672 κεχρησμῳδημένοις

2150 3699 2556 3771 ἀντειρηκότας·
2583 3699 2664 3752 ὅτι
2688 3698 2745 3751 δὲ
2768 3699 2879 3761 τοῖς
2902 3696 3068 3760 θείοις
3094 3695 3455 3766 θεσπίσμασιν
3476 3692 3729 3748 ἀντιϐλέ-ν

2149 3792 2247 3857 ψαι
2274 3791 2665 3862 τετολμηκότες
2697 3789 2797 3843 οὐκ
2827 3788 2930 3854 ἔξω
2961 3788 3250 3858 γεγόνασιν
3277 3786 3475 3850 αίτίας,
3502 3786 3723 3856 σεσίγη-⁵

2150 3901 2245 3937 κεν
2272 3884 2373 3937 οὐκ
2403 3880 2599 3953 ὀρθῶς.
2627 3880 3068 3952 Παραιτούμενον
3098 3879 3195 3949 μὲν
3223 3877 3330 3949 γὰρ
3354 3877 3445 3930 τὸν
3472 3877 3722 3947 ἱεροφάν-

2150 3991 2248 4045 την
2274 3973 2496 4038 Μωσέα,
2527 3971 2622 4025 καὶ
2646 3971 2905 4025 ὀκνοῦντα
2931 3969 3030 4039 τὴν
3059 3966 3395 4045 ἀποστολὴν,
3450 3968 3542 4022 καὶ
3585 3984 3721 4037 προ-

2150 4044 2435 4135 ϊσχόμενον
2478 4063 2575 4135 τὴν
2615 4061 3077 4135 βραδυγλωσσίαν,
3123 4060 3202 4124 ὡς
3252 4044 3579 4114 ἀσθενοῦντα
3596 4060 3724 4130 περὶ

2149 4154 2249 4223 τὴν
2292 4153 2475 4206 πίστιν
2519 4152 2716 4223 ἤλεγχε
2755 4151 2909 4215 Θεὸς,
2948 4149 3091 4205 οὕτω
3120 4149 3322 4217 λέγων·
3382 4168 3400 4200 ι
3429 4148 3526 4212 Τίς
3556 4149 3721 4202 ἔδωκε

2152 4244 2328 4313 στόμα
2355 4241 2661 4313 ἀνθρώπῳ;
2698 4241 2793 4295 καὶ
2819 4241 2902 4305 τίς
2926 4240 3149 4311 ἐποίησε
3177 4239 3459 4308 δύσκωφον
3488 4239 3582 4293 καὶ
3610 4258 3720 4293 κω·

2151 4332 2271 4402 φὸν,
2305 4332 2574 4402 βλέποντα
2604 4331 2697 4385 καὶ
2725 4331 2959 4401 τυφλόν;
2994 4331 3095 4387 οὐκ
3138 4331 3248 4401 ἐγὼ
3274 4331 3476 4403 Κύριος
3504 4334 3532 4385 6
3556 4333 3721 4398 Θεός;

2151 4425 2261 4479 Καὶ
2289 4425 2404 4489 νῦν,
2438 4424 2693 4496 πορεύου,
2727 4425 2820 4479 καὶ⁹
2850 4422 2962 4493 ἐγὼ
3004 4422 3202 4489 ἀνοίξω
3246 4424 3308 4478 τὸ
3354 4424 3528 4495 στόμα
3556 4441 3670 4477 σου.
3695 4443 3715 4477 ι

482 4529 627 4571 tuum
660 4519 725 4571 ³⁸.
763 4535 782 4569 ι
818 4516 895 4570 En
917 4518 1093 4570 adhuc
1120 4524 1426 4577 reCUsante,
1474 4522 1529 4567 et
1570 4529 1748 4568 moras
1778 4523 2045 4580 nectente,

2162 4513 2549 4583 Ἀναδυομένου
2568 4514 2624 4567 δὲ
2659 4514 2797 4585 μετὰ
2820 4514 2998 4579 τοῦτο,
3018 4514 3113 4568 καὶ
3142 4514 3420 4585 μέλλοντος
3436 4514 3537 4578 ἔτι,
3559 4534 3576 4567 ι
3599 4515 3721 4586 Ὠρ-

485 4627 505 4660 ι
547 4608 717 4661 Iratus
745 4616 851 4668 est,
892 4626 910 4657 ι
962 4605 1155 4675 inquit,
1215 4622 1234 4655 ι
1291 4603 1548 4659 Dominus
1597 4603 1651 4658 in
1706 4602 1945 4675 Moysen,
1995 4615 2052 4662 et

480 4702 616 4755 dixit
648 4714 664 4752 :
701 4699 818 4753 Non
845 4712 972 4752 ecce
999 4697 1179 4751 Aaron
1228 4693 1398 4750 frater
1423 4695 1583 4750 tuus?
1613 4694 1740 4752 Scio
1784 4698 1924 4766 quod
1971 4696 2050 4752 lo-

480 4806 653 4863 quens
689 4789 936 4859 loquetur
965 4788 1078 4857 ipse
1117 4787 1211 4841 tibi
1247 4787 1312 4841 ”.
1366 4805 1386 4839 ι
1431 4785 1685 4856 Rursum,
1727 4804 1851 4844 cum
1898 4788 2052 4845 Jere-

484 4882 618 4934 uias
650 4877 1097 4934 inconsideratius
1135 4864 1361 4931 dixisset
1412 4892 1471 4931 se
1506 4876 1776 4945 juniorem
1829 4892 1952 4934 esse
1996 4888 2051 4934 et

481 4972 693 5028 nescire
726 4970 890 5039 loqui,
940 4968 1290 5023 nihilominus
1328 4968 1378 5023 ei
1426 4967 1569 5023 Deus
1624 4968 1695 5022 ita
1742 4970 1980 5024 occurrit
2033 4987 2047 5024 :

486 5083 507 5117 ι
541 5063 656 5117 Noli
701 5063 904 5125 dicere,
940 5061 1063 5130 quia
1098 5059 1288 5114 Junior
1334 5075 1433 5131 ego
1483 5075 1625 5124 sum,
1678 5044 1932 5131 quoniam
1982 5061 2051 5117 ad

479 5170 691 5221 omnes,
732 5154 798 5207 ad
830 5168 967 5223 quos
1006 5168 1106 5223 ego
1159 5153 1367 5207 mittam
1406 5161 1456 5207 te
1514 5152 1637 5217 ibis,
1687 5162 1741 5207 et
1799 5152 2049 5209 universa

480 5265 598 5316 qua:
629 5246 953 5301 mandavero
987 5244 1084 5299 tibi
1116 5244 1352 5314 loqueris
1380 5244 1444 5299 "°.
1489 5261 1507 5295 ι
1546 5241 1661 5297 Non
1712 5243 1854 5297 enim
1900 5245 2046 5299 omni

479 5337 718 5408 periculo
750 5338 1001 5404 vacabat,
1036 5337 1238 5400 dicere,
1272 5345 1364 5390 aut
1388 5335 1576 5391 saltem
1606 5338 1864 5406 cogitare,
1900 5352 2047 5390 sum-

481 5443 625 5480 mum
670 5428 952 5482 consiliqu
976 5443 1003 5481 a
1038 5436 1186 5481 recta
1227 5427 1435 5482 ratione
1464 5428 1764 5490 aberrasse,
1797 5426 1921 5480 dum
1963 5426 2050 5496 ju-

481 5532 667 5572 venem
694 5520 761 5574 ad
789 5519 1113 5574 vaticinandi
1145 5517 1377 5573 ofﬁcium
1431 5528 1603 5573 vocat.
1651 5517 1912 5573 Similiter
1948 5518 2049 5573 Pe-

482 5620 600 5662 ltus
631 5608 841 5678 accepit
872 5611 1089 5680 quidem
1121 5625 1329 5677 vocem,
1361 5610 1524 5665 linteo
1556 5610 1621 5664 de
1649 5607 1788 5664 caelo
1811 5608 2042 5666 submis-

548 5784 591 5817 ³⁷
628 5784 751 5843 Act.
795 5801 847 5853 κ,
886 5787 968 5841 Η.
1047 5788 1090 5820 ³⁸
1118 5786 1286 5844 Exod.
1327 5803 1397 5841 tv.
1448 5787 1528 5855 ll,
1572 5787 1651 5843 1:2.

2148 4602 2331 4673 γίσθη,
2383 4609 2535 4674 φησι,
2586 4604 2789 4676 Κύριος
2818 4604 2912 4658 ἐπὶ
2967 4605 3192 4676 Μωσῆν,
3239 4604 3332 4658 καὶ
3378 4601 3567 4658 εἶπενσ
3609 4607 3725 4661 Οὐκ

2153 4694 2263 4748 ἰδοὺ
2303 4694 2511 4766 Ἀαρὼν
2530 4698 2559 4749 6
2582 4695 2808 4764 ἀδελφός
2837 4713 2958 4763 σου;
2995 4696 3294 4766 ἐπίσταμαι
3317 4697 3398 4750 ὅτι
3427 4696 3602 4751 λαλῶν
3623 4697 3722 4751 λα-

2150 4786 2302 4857 λήσει
2352 4786 2513 4851 αὐτός
2564 4805 2667 4843 σοι.
2699 4788 3002 4860 »Ἰερεμίου
3032 4789 3089 4841 δὲ
3125 4789 3286 4842 πάλιν
3329 4789 3723 4861 προαλέστερον

2150 4879 2450 4950 εἰρηκότος,
2477 4880 2556 4933 ὅτι
2576 4877 2857 4951 Νεώτερος
2888 4878 2998 4948 ἐγώ
3028 4880 3163 4950 είμι,
3184 4880 3277 4932 καὶ
3301 4880 3401 4933 οὐκ
3426 4879 3727 4948 ἐπίσταμαι,

2154 4969 2357 5037 λαλεῖν,
2387 4969 2539 5024 οὐδὲν
2567 4965 2727 5042 ἦττον
2762 4971 2976 5043 ὑπήντα
2996 4970 3148 5035 Θεὸς,
3170 4971 3341 5041 λέγων
3364 4989 3378 5004 ο
3413 4990 3431 5023 ι
3462 4972 3553 5031 Μὴ
3576 4972 3722 5039 λέγε,

2154 5061 2235 5114 ὅτι
2261 5059 2542 5131 Νεώτερος
2573 5061 2683 5131 ὲγὼ
2711 5064 2844 5134 είμι,
2876 5063 2959 5116 ὅτι
2989 5063 3124 5133 πρὸς
3157 5064 3360 5128 πάντας
3392 5063 3485 5127 οὒς
3523 5063 3589 5117 ἂν
3613 5062 3728 5132 ἐγὼ

2153 5152 2497 5219 ἐξαποστελῶ
2525 5170 2605 5217 σε,
2635 5154 2895 5225 πορεύσῃ,
2930 5154 3024 5207 καὶ
3054 5154 3193 5208 κατὰ
3221 5156 3398 5209 πάντα
3422 5156 3521 5208 ὅσα
3552 5155 3618 5209 ἂν
3640 5157 3725 5208 ὲν-

2153 5240 2415 5311 τείλωμαί
2452 5259 2553 5304 σοι,
2583 5243 2855 5312 λαλήσεις.
2903 5263 2921 5296 ι
2956 5244 3030 5298 Οὐ
3056 5245 3165 5315 γὰρ
3191 5239 3258 5316 ἦν
3286 5244 3422 5308 ὅλως
3444 5245 3728 5299 ἀκίνδυνον

2153 5333 2346 5401 εἰπεῖν,
2380 5333 2548 5401 ἤγουν
2578 5335 2825 5405 ἐννοῆσαι
2862 5336 3040 5406 μόνον,
3071 5337 3152 5389 ὅτι
3181 5334 3438 5405 λογισμοῦ
3466 5335 3558 5389 τοῦ
3590 5335 3726 5406 πρέ,

2153 5441 2347 5488 ποντος
2399 5426 2433 5495 ὴ
2487 5427 2764 5497 ὑπερτάτη
2813 5426 2975 5499 βουλὴ
3018 5427 3376 5500 διημάρτηκε,
3407 5431 3524 5481 νέον
3559 5427 3726 5501 ἄνδρα

2151 5516 2390 5570 καλοῦσα
2438 5519 2573 5589 πρὸς
2621 5520 2977 5591 προφητείαν.
2996 5520 3227 5591 Ὁμοίως
3250 5521 3278 5572 6
3304 5520 3588 5583 θεσπέσιος
3615 5518 3723 5572 Πέ-

2151 5626 2275 5677 τρος
2302 5612 2502 5681 ήκουσε
2528 5610 2647 5682 μὲν,
2674 5612 2771 5685 τὴς
2798 5613 2985 5684 ὀθόνης
3014 5613 3340 5686 καθιεμένης
3378 5611 3437 5677 ὲξ
3463 5611 3716 5686 ούρανοῦ*

1748 5790 1790 5824 δ’
1833 5789 1959 5844 ibid.
2004 5790 2086 5843 H.
2167 5789 2208 5822 ⁵ο
2242 5786 2439 5845 lerem.
2477 5806 2513 5853 1,
2558 5791 2607 5845 Ἰ.
