4046 6376
389 402 465 456 29
1303 398 1856 458 COMMENTARIUS
1889 398 1955 454 ΙΝ
1996 396 2227 456 OSEAM
2267 400 2710 459 PROPHETAM.
3582 408 3653 464 δῦ

391 517 724 583 ιἈναστάς,
753 515 948 589 Πέτρε,
1002 516 1199 583 θῦσον,
1254 519 1349 572 καὶ
1394 519 1554 587 φάγε.
1584 537 1603 569 ι
1641 518 1859 589 Ἐπειδὴ
1908 516 1970 572 δὲ

2073 533 2135 572 so
2165 540 2177 574 :
2214 538 2233 573 ι
2269 519 2467 591 SUrge,
2496 518 2678 583 Petre,
2706 516 2917 583 occide,
2948 525 3004 574 et
3032 516 3297 573 manduca
3326 518 3392 575 ".
3427 538 3446 572 ι
3500 520 3654 589 Quo-

398 600 703 673 Ἰουδαῖκῶς
749 608 1117 680 ἀνακεκράγει
1144 609 1221 674 τὸ,
1261 629 1279 662 ι
1306 607 1609 682 Μηδαμῶς,
1662 609 1859 681 Κύριε,
1888 609 1969 663 ὅτι

2075 611 2217 663 niam
2248 617 2427 664 autem
2459 618 2517 663 ut
2547 608 2765 664 Judmus
2790 608 3132 664 exclamabat
3166 626 3182 663 :
3222 627 3240 662 ι
3281 608 3651 681 Nequaquam,

386 701 643 759 οὐδέποτε
689 699 892 769 ἔφαγον
930 701 1127 767 κοινὸν,
1169 702 1203 771 ἢ
1252 702 1577 773 ἀκάθαρτον·
1614 721 1632 755 ι
1674 702 1970 772 ἐπετιμᾶτο

2075 700 2325 767 Domine,
2356 701 2481 770 quia
2512 715 2785 770 nunquam
2824 700 3031 755 comedi
3059 716 3369 767 commune,
3419 710 3512 755 aut
3552 702 3654 757 im-

388 793 751 864 παραχρῆμα,
777 793 872 847 καὶ
897 793 972 858 ὡς
996 796 1111 857 τοῖς
1154 794 1317 857 θείοις
1347 795 1657 865 σκέμμασιν
1686 794 1969 866 ἀντιφέρε-

393 885 517 939 σθαι
542 885 775 955 τολμῶν,
794 886 991 956 ἡκουεν
1021 884 1267 956 ἐναργῶς
1286 888 1414 938 οιἋ
1448 888 1476 939 6
1504 886 1635 950 Θεὸς
1654 886 1969 957 ἐκαθάρισε,

395 976 459 1028 σὺ
496 973 569 1045 μὴ
596 973 796 1035 κοίνου.
836 992 854 1025 ι
893 974 956 1027 El
986 974 1097 1047 γὰρ
1126 974 1220 1028 καὶ
1250 974 1497 1046 ἐλέγχειν
1520 975 1707 1047 ἢθελεν
1734 977 1910 1048 ήπίως
1941 980 1970 1031 6

394 1064 497 1123 τῶν
531 1065 669 1119 δλων
713 1064 867 1129 Θεὸς,
908 1066 1003 1119 καὶ
1045 1066 1146 1119 ούκ
1190 1066 1351 1132 εὐθὺς
1380 1068 1455 1132 ὡς
1495 1069 1873 1141 ἀντειρηκόσιν
1907 1070 1967 1122 οὐ

396 1156 631 1227 μετρίως
667 1155 1097 1225 ἐξεπικραίνετο,
1130 1157 1244 1210 ἀλλ’
1272 1159 1372 1212 οὐκ
1401 1158 1505 1227 ἔξω
1542 1159 1763 1229 γέγονεν
1791 1160 1971 1224 αἰτίας

391 1250 571 1313 αὐτοῖς
599 1251 632 1321 ὴ
665 1251 1012 1320 παραίτησις.
1047 1251 1260 1322 Χρῆναι
1304 1251 1367 1309 δέ
1404 1270 1545 1324 φημι
1590 1255 1711 1317 ταῖς
1765 1254 1971 1308 ἄνωθεν

388 1339 590 1409 ψήφοις
624 1340 890 1412 ἀμελλητὶ
918 1342 1181 1413 νέμοντας
1208 1344 1267 1396 τὸ
1296 1344 1470 1414 ὀρθῶς
1514 1345 1607 1398 καὶ
1631 1344 1971 1417 ἀδιαὸλήτως

390 1434 554 1505 ἔχειν,
602 1435 993 1506 ἀποπεραίνειν
1036 1436 1351 1504 ἐπείγεσθαι
1404 1437 1466 1489 τὸ
1520 1438 1969 1507 κεκελευσμένον,

390 1526 495 1579 κᾶν
546 1527 595 1578 εί
628 1526 701 1597 μὴ
747 1527 951 1598 σφόδρα
995 1527 1056 1581 τὸ
1084 1528 1273 1599 χρῆμα
1298 1532 1416 1592 ταῖς
1444 1530 1741 1600 ἡμετέραις
1769 1530 1970 1603 ἀνδάνῃ

389 1618 610 1688 ψυχαῖς.
646 1614 772 1672 υἷόν
822 1618 874 1672 τί
922 1636 1084 1690 φημι·
1110 1620 1452 1692 Προστέταχε
1500 1621 1579 1692 τῷ
1608 1622 1781 1675 Σαοὺλ
1807 1625 1835 1675 6
1858 1624 1969 1677 τῶν

390 1711 525 1769 ὅλων
571 1710 722 1776 Θεὸς,
754 1710 1063 1780 ἀποσφάξαι
1104 1712 1195 1764 τὸν
1228 1713 1430 1781 Ἀγαγ,
1462 1714 1536 1777 ὡς
1566 1714 1754 1789 ἀνοσια
1780 1714 1969 1785 δεδρα-

393 1802 524 1855 κότα
568 1802 708 1857 κατά
748 1802 855 1856 τῶν
894 1801 952 1868 ἐξ
1002 1804 1398 1875 Ἰσραήλ.Ἀλλ’
1439 1804 1593 1876 ᾠήθη
1634 1806 1694 1858 τὸ
1735 1807 1969 1878 χρηστὸν

2071 796 2328 850 mundum
2360 795 2637 865 quidpiam
2669 794 2737 859 ",
2775 813 2795 847 ι
2826 795 2969 850 illico
2995 802 3079 849 est
3120 793 3459 864 obiurgatus,
3507 802 3557 847 et
3596 804 3655 847 ut

2072 887 2256 943 divino
2288 887 2569 957 proposito
2608 886 2875 941 obsistere
2918 901 3033 941 non
3079 885 3461 949 reformidans,
3507 883 3654 939 clare

2071 978 2275 1032 audivit
2304 994 2321 1033 :
2357 997 2375 1031 ι
2408 977 2560 1046 Quod
2592 977 2733 1033 Deus
2765 977 3094 1048 purificavit,
3137 987 3192 1031 tu
3234 992 3523 1031 commune
3584 992 3656 1032 ne

2070 1068 2275 1125 dixeris
2308 1069 2375 1123 ".
2414 1088 2434 1121 ι
2469 1069 2728 1138 Quamvis
2771 1070 2913 1126 enim
2969 1070 3111 1125 Deus
3174 1070 3549 1124 universorum
3598 1077 3654 1123 et

2073 1168 2353 1214 mansuete
2387 1160 2784 1229 reprehendere
2817 1160 3015 1225 voluit,
3054 1172 3110 1215 et
3142 1176 3246 1214 non
3301 1160 3463 1226 illico,
3496 1168 3555 1214 ut
3596 1158 3653 1214 in

2076 1250 2433 1307 refractarios
2476 1251 2852 1307 vehementius
2893 1261 2973 1307 est
3028 1252 3427 1317 exacerbatus,
3472 1260 3654 1305 tamen

2070 1355 2258 1396 eorum
2294 1342 2617 1397 detrectatio
2643 1342 2799 1413 culpa
2826 1358 2931 1397 non
2956 1341 3154 1396 caruit.
3184 1340 3448 1410 Oportere
3470 1353 3653 1396 autem

2070 1433 2322 1489 existimo
2355 1435 2500 1489 omni
2537 1449 2689 1489 mora
2733 1434 3064 1505 posthabita,
3101 1434 3380 1489 caelestem
3434 1444 3653 1490 senten-

2072 1527 2200 1579 tiam
2227 1537 2437 1583 rectam
2465 1536 2628 1597 atque
2661 1527 3041 1596 inculpabilem
3070 1536 3392 1593 statuentes,
3443 1527 3509 1582 ad
3537 1526 3655 1594 jus-

2072 1634 2131 1673 sa
2154 1621 2496 1690 exsequenda
2526 1621 3074 1691 pruperare,~etiamsi
3108 1634 3194 1675 res
3226 1619 3425 1674 animis
3454 1620 3653 1675 nostris

2070 1727 2261 1780 parum
2295 1713 2559 1768 arriserit.
2586 1712 2755 1779 Quale
2785 1723 2889 1778 est,
2914 1712 3160 1780 inquam,
3191 1710 3333 1781 quod
3370 1713 3654 1766 universo-

2075 1820 2193 1859 rum
2232 1804 2371 1859 Deus
2400 1806 2466 1861 de
2492 1808 2637 1880 Agag
2680 1805 2998 1871 occidendo,
3036 1815 3091 1858 ut
3122 1804 3213 1874 qui
3266 1804 3319 1858 in
3374 1802 3656 1859 lsraelitas

392 1896 478 1948 ἐπ’
514 1894 661 1966 αὑτῷ
705 1894 1075 1965 βουλεύεσθαι,
1124 1896 1220 1949 καὶ
1266 1897 1482 1965 φειδοῦς
1531 1898 1681 1967 ὴξίου
1726 1899 1817 1951 τὸν
1850 1902 1968 1962 ταῖς

2078 1896 2304 1953 nefanda
2341 1898 2557 1953 molitus
2604 1909 2771 1959 esset,
2820 1896 2973 1952 Sauli
3016 1896 3317 1962 mandavit,
3360 1896 3451 1966 qui
3500 1895 3659 1950 beni-

391 1986 594 2055 ψήφοις
618 1986 1164 2055 καταδεδικασμένον.
1198 1988 1535 2060 Προσκρούει
1568 1990 1625 2044 δέ
1655 1987 1745 2045 οῦν
1769 1991 1971 2064 ταύτῃ-

392 2094 472 2130 τοι
502 2077 579 2148 τῷ
607 2077 747 2148 Θεῷ,
778 2078 872 2131 καὶ
899 2078 1062 2148 μάλα.
1082 2079 1335 2150 Ἐκήδετο
1374 2081 1437 2151 δὴ
1484 2078 1576 2137 οὖν
1602 2084 1693 2138 τοῦ
1723 2085 1972 2139 τεθνάναι

392 2169 889 2241 προστεταγμένου,
924 2172 1204 2241 μονονουχὶ
1234 2171 1635 2244 διακεκραγὼς,
1666 2177 1760 2230 καὶ
1798 2177 1971 2246 λέγων

390 2263 458 2321 δι’
485 2262 650 2316 αὐτοῦ
698 2260 792 2314 τοῦ
838 2262 1185 2333 πράγματος,
1215 2264 1295 2317 δτι
1350 2263 1425 2337 μὴ
1452 2265 1666 2322 δικαίαν
1699 2269 1787 2321 ἐπ’
1823 2270 1972 2340 αὐτῷ

391 2354 488 2426 τήν
532 2354 713 2425 ψῆφον,
753 2355 985 2407 ἐποιεῖτο
1032 2354 1183 2418 Θεός.
1211 2355 1427 2427 Ταύτης
1458 2358 1619 2412 ἕνεκα
1663 2360 1762 2431 τῆς
1791 2362 1971 2425 αἰτίας

394 2447 641 2507 ἐλυπεῖτο
677 2446 773 2519 μὲν
815 2446 957 2511 λίαν,
993 2447 1086 2499 καὶ
1128 2448 1526 2518 συνηγανάκτει
1563 2450 1681 2522 Θεῷ
1712 2455 1739 2505 6
1788 2454 1969 2522 μακά-

400 2557 509 2609 ριος
532 2540 805 2612 Σαμουήλ.
834 2543 943 2601 Kal
968 2542 1302 2611 ἀποσφάττει
1337 2543 1434 2613 μὲν
1459 2543 1549 2596 τὸν
1578 2546 1761 2612 ’Δγαγ
1784 2546 1967 2609 αὐτὸς,

393 2631 679 2699 ἐπιφωνῶν
702 2632 797 2696 τὰς
828 2633 1025 2697 αίτίαςο
1058 2652 1075 2685 ι
1100 2633 1238 2686 Ἀνθ’
1262 2627 1337 2688 ὧν
1367 2633 1498 2705 γὰρ,
1532 2636 1715 2705 φησὶν,
1740 2637 1970 2705 ήτέκνω·

396 2741 456 2783 σε
483 2727 745 2792 γυναῖκας
772 2725 804 2793 ἡ
833 2725 1077 2795 ῥομφαία
1109 2742 1223 2790 σου,
1247 2724 1419 2789 οὕτως
1444 2727 1879 2798 ἀτεκνωθήσεται
1906 2732 1970 2783 ἐκ

394 2814 666 2883 γυναικῶν
686 2818 725 2887 ήν
746 2816 925 2886 μήτηρ
945 2833 1059 2873 σου.
1086 2836 1105 2869 ι
1132 2817 1574 2887 Προαπαγγέλλει
1601 2818 1657 2871 δὲ
1674 2817 1751 2888 τῷ
1772 2820 1967 2884 Σαοὺλ,

392 2906 473 2957 δτι
503 2907 596 2959 καὶ
626 2906 726 2976 τῆς
757 2907 1032 2977 βασιλείας
1082 2908 1476 2980 ἐξοισθήσεται,
1516 2910 1611 2963 καὶ
1645 2912 1846 2982 πικράς
1870 2912 1969 2982 τῆς

392 2999 678 3069 παρακοῆς
710 3000 955 3053 ἀποτίσει
981 3000 1155 3063 δίκας.

461 3089 523 3141 El
554 3089 610 3142 δέ
644 3089 749 3161 χρὴ
794 3089 930 3161 πρὸς
965 3090 1140 3161 τούτῳ
1173 3090 1268 3144 καὶ
1300 3091 1493 3163 ἐτέρας
1532 3094 1680 3163 ἡμᾶς
1728 3093 1968 3165 ἱστορίας

2073 1990 2231 2060 gnius
2263 1990 2315 2042 in
2341 2004 2464 2043 eum
2494 1988 2908 2053 consulendum,
2955 1997 3011 2042 et
3042 1989 3198 2042 venia
3249 1988 3468 2057 dignum
3520 2002 3652 2042 cen-

2073 2081 2202 2144 suit,
2238 2096 2397 2149 quem
2431 2081 2615 2135 divina
2648 2081 2943 2134 auctoritas
2975 2079 3329 2134 damnaverat
3376 2079 3442 2133 “.
3475 2078 3656 2147 Quare

2074 2188 2177 2227 non
2215 2173 2405 2227 leviter
2430 2172 2595 2226 Deum
2621 2170 2867 2226 oﬂ'endit.
2903 2171 3106 2228 Curam
3126 2171 3294 2241 igitur
3314 2172 3481 2242 gessit
3514 2171 3651 2238 ejus,

2072 2265 2160 2332 qui
2199 2268 2332 2318 mori
2361 2263 2550 2333 jussus
2582 2263 2781 2328 fuerat,
2808 2273 3019 2319 tantum
3052 2278 3159 2318 non
3189 2264 3458 2327 clamans,
3483 2272 3536 2318 et
3568 2263 3654 2317 di-

2071 2368 2201 2408 cens
2265 2353 2408 2408 facto
2470 2354 2626 2422 ipso,
2690 2354 2931 2423 iniquam
3000 2354 3326 2410 sententiam
3396 2356 3657 2410 adversus

2073 2445 2246 2513 ipsum
2281 2447 2465 2501 tulisse
2493 2445 2683 2502 Deum.
2735 2445 2885 2499 Hanc
2921 2446 2989 2501 ob
3033 2460 3251 2501 causam
3300 2444 3655 2499 coutristatus
3768 2446 3771 2449 ’

2074 2552 2423 2609 magnopere,
2456 2547 2509 2593 et
2535 2555 2639 2593 una
2672 2554 2796 2594 cum
2827 2539 2938 2593 Deo
2972 2538 3284 2608 indignatus
3331 2546 3414 2592 est
3464 2538 3656 2592 beatus

2072 2631 2313 2697 Samuel,
2361 2631 2672 2699 occiditque
2706 2632 2817 2700 ipsa
2855 2646 2950 2685 sua
2999 2646 3159 2685 manu
3196 2630 3370 2700 Agag,
3432 2644 3654 2685 causam

2069 2723 2531 2793 superadjiciens:
2566 2742 2585 2775 ι
2625 2721 2776 2777 Sicut
2803 2722 3151 2793 fecitabsque
3182 2722 3368 2777 liberis
3401 2720 3656 2775 mulieres

2070 2816 2277 2886 gladius
2308 2824 2451 2879 tuus,
2483 2815 2562 2870 sic
2595 2814 2799 2884 absque
2847 2814 3035 2869 liberis
3079 2816 3184 2868 erit
3226 2814 3368 2868 inter
3402 2812 3657 2868 mulieres

2069 2915 2244 2963 mater
2263 2917 2351 2961 tua
2366 2906 2435 2961 ⁸⁵.
2460 2926 2478 2960 ι
2499 2907 2831 2962 Praenuntiat
2860 2914 3043 2961 autem
3077 2904 3226 2960 Sauli
3252 2919 3416 2975 regno
3441 2904 3654 2974 pulsum

2068 2999 2155 3062 iri,
2225 3008 2279 3054 et
2330 3000 2555 3055 acerbas
2601 2988 2957 3055 contumaciae
2999 3014 3188 3069 poenas
3234 2996 3655 3068 persoluturum.

2139 3090 2293 3158 Quod
2336 3091 2379 3145 si
2408 3092 2626 3158 insuper
2657 3090 2882 3145 alterius
2947 3088 3190 3144 historiae
3244 3089 3535 3143 intexenda
3572 3098 3656 3144 est

393 3184 748 3251 παρενεγκεῖν
794 3183 1089 3253 ἀφήγησιν,
1120 3184 1177 3235 ἐν
1224 3186 1292 3255 τῇ
1332 3183 1490 3255 τρίτῃ
1520 3185 1828 3255 γέγραπται
1856 3187 1966 3240 τῶν

2072 3183 2333 3247 narratio,
2361 3182 2413 3237 in
2450 3183 2609 3236 tertio
2662 3181 2874 3252 Regum
2931 3182 3191 3251 scriptum
3229 3192 3334 3247 est,
3367 3180 3657 3250 aliquando

392 3271 707 3336 Βασιλειῶν,
753 3274 833 3327 ὅτι
868 3273 1330 3345 κατεστρατεύετό
1364 3291 1493 3328 ποτε
1524 3275 1631 3329 τῶν
1660 3276 1717 3343 ἐξ
1754 3277 1969 3349 Ἰσραήλ

390 3366 421 3425 6
452 3365 626 3435 Ἀδέρ,
652 3369 681 3419 6
717 3365 903 3436 Σύρων
936 3366 1258 3437 ἡγούμενος,
1288 3367 1407 3438 ἤτοι
1440 3367 1709 3437 βασιλεύς.
1756 3369 1971 3423 ’Δλύον-

390 3473 481 3517 τος
520 3456 576 3509 δὲ
621 3456 682 3508 οὐ
714 3458 928 3529 μικρῶς
978 3458 1070 3512 τοῦ
1106 3459 1329 3529 Ἀχαά6,
1366 3459 1425 3523 ὃς
1472 3457 1539 3532 ἦν
1579 3461 1832 3532 βασιλεὺς
1869 3465 1972 3518 Ἰσ-

394 3548 555 3618 ραὴλ,
588 3549 679 3601 καὶ
716 3548 948 3613 δεδιότος
975 3549 1073 3622 τὴν
1108 3551 1314 3620 ἔφοδον,
1345 3551 1650 3608 ἀλώσεσθαί
1677 3572 1735 3608 τε
1763 3557 1863 3610 οὐκ
1890 3559 1971 3621 είς

395 3637 611 3707 μακρὰν
652 3641 995 3709 πανστρατιᾷ
1047 3641 1556 3711 προσδοκήσαντος,
1601 3645 1972 3714 ἐπηγγέλλετο

390 3727 476 3780 διὰ
516 3730 789 3799 προφήτου
822 3729 981 3796 Θεὸς,
1034 3731 1379 3802 παραδώσειν
1430 3735 1581 3806 αὐτῷ
1628 3736 1719 3790 τὸν
1752 3738 1968 3809 ἐχθρόν.

393 3814 523 3871 Εἶτα
551 3818 728 3872 λαϐὼν
770 3821 995 3885 ἐκεῖνος,
1039 3822 1190 3892 ἠξίου
1240 3825 1456 3894 φειδοῦς
1508 3827 1659 3898 παρά
1689 3828 1750 3881 τὸ
1779 3829 1971 3883 δοκοῦν

392 3909 467 3980 τῷ
511 3910 648 3981 Θεῷ.
688 3913 798 3965 Kal
841 3913 893 3966 τί
930 3914 1068 3985 μετά
1122 3915 1280 3970 τοῦτο
1313 3919 1374 3970 τὸ
1407 3919 1647 3990 Γράμμα
1692 3921 1753 3974 τὸ
1792 3923 1971 3994 ίερὸν;

397 4021 416 4057 ι
446 4004 554 4056 Kal
600 4004 886 4076 ἅνθρωπος
934 4001 1015 4071 εἷς
1063 4008 1129 4061 ἐκ
1184 4008 1291 4062 τῶν
1343 4011 1475 4063 υἱῶν
1532 4012 1640 4063 τῶν
1676 4015 1971 4084 προφητῶν

392 4088 511 4146 εἶπε
554 4093 687 4165 πρὸς
728 4095 818 4147 τὸν
859 4095 1086 4167 πλησίον
1114 4098 1277 4151 αὑτοῦ
1310 4101 1369 4153 ἐν
1411 4100 1554 4173 λόγῳ
1594 4103 1819 4174 Κυρίου·
1863 4105 1974 4157 Πά-

393 4184 551 4248 ταξον
578 4184 640 4256 δή
680 4202 770 4255 με.
800 4187 908 4240 Kal
937 4188 1038 4242 οὐκ
1066 4189 1329 4260 ἠθέλησεν
1360 4191 1388 4243 6
1421 4192 1706 4262 ἄνθρωπος
1732 4196 1972 4263 πατάξαι

392 4277 573 4333 αὐτόν.
605 4278 715 4331 Kal
763 4274 885 4332 εἷπε
913 4282 1050 4351 πρὸς
1074 4281 1257 4335 αὐτόν’
1305 4284 1447 4338 Ἀνθ’
1474 4279 1548 4340 ὧν
1586 4288 1685 4341 οὐκ
1734 4289 1973 4361 ἤκουσας

391 4369 489 4439 τῆς
520 4368 705 4438 φωνῆς
728 4370 955 4442 Κυρίου,
982 4371 1090 4424 ἰδοὺ
1120 4374 1184 4427 σὺ
1216 4374 1537 4447 ἀποτρέχεις
1569 4378 1662 4431 ἀπ’
1691 4378 1847 4449 ἐμοῦ,
1879 4380 1973 4433 καὶ

394 4459 623 4524 πατάξει
654 4476 714 4513 σε
743 4460 901 4514 λέων.
928 4463 1039 4517 Kal
1079 4464 1320 4535 ἀπῆλθεν
1368 4468 1464 4521 ἀπ’
1508 4469 1697 4533 αὐτοῦ,
1744 4471 1838 4525 καὶ
1882 4473 1973 4523 εὑ-

2069 3284 2256 3331 contra
2284 3273 2558 3328 lsraelitas
2585 3271 2691 3344 14
2718 3273 2860 3326 Atler
2895 3271 3161 3342 Syrorum
3184 3270 3512 3341 principem,
3539 3271 3657 3325 sive

2071 3381 2278 3436 regem,
2313 3365 2710 3435 expeditionem
2747 3364 3080 3434 suscepisse.
3106 3364 3295 3419 Mmsto
3322 3375 3505 3425 autem
3544 3380 3653 3419 non

2069 3458 2416 3514 mediocriter
2441 3457 2634 3513 Achab
2664 3473 2789 3527 rege
2828 3457 3019 3524 Israel,
3071 3468 3126 3513 et
3164 3457 3445 3513 incursum
3477 3458 3655 3512 hosti-

2069 3552 2173 3608 lem
2200 3560 2491 3619 metuente,
2518 3566 2618 3606 nec
2660 3551 2831 3605 multo
2861 3560 2984 3621 post
3011 3566 3134 3605 cum
3164 3551 3417 3605 omnibus
3434 3551 3546 3605 suis
3570 3565 3658 3604 co-

2070 3649 2173 3718 piis
2199 3647 2250 3701 in
2271 3656 2589 3717 potestatem
2611 3654 2896 3699 venturum
2916 3644 3150 3698 hostium
3171 3643 3514 3708 formidante,
3536 3658 3658 3713 pro-

2071 3738 2222 3792 misit
2238 3752 2333 3807 per
2357 3734 2672 3806 prophetam
2695 3733 2858 3799 Deus,
2889 3749 2949 3789 se
2974 3733 3051 3788 illi
3078 3734 3286 3789 hostem
3304 3734 3655 3789 traditurum.

2071 3829 2242 3895 Quem
2273 3842 2398 3882 cum
2422 3825 2741 3894 accepisset,
2768 3825 2843 3879 illi
2871 3825 3202 3894 parcendum
3235 3825 3446 3889 statuit,
3494 3840 3656 3880 secus

2072 3937 2232 3991 quam
2268 3920 2496 3973 Domino
2533 3920 2831 3987 placuerat.
2877 3918 2942 3973 Et
2976 3918 3103 3988 quid
3145 3927 3268 3987 post
3320 3917 3437 3973 haec
3497 3917 3651 3972 Scri-

2072 4022 2233 4085 ptura
2264 4010 2455 4067 sacra?
2486 4030 2503 4061 ι
2520 4011 2583 4064 Ει
2614 4009 2777 4065 homo
2798 4010 3016 4079 quidam
3043 4008 3110 4065 de
3126 4010 3249 4064 ﬁliis
3270 4008 3655 4079 prophetarqu

2073 4104 2209 4159 dixit
2268 4102 2336 4156 ad
2396 4100 2702 4170 proximum
2756 4114 2913 4153 suum
2966 4099 3018 4152 in
3078 4112 3330 4153 sermone
3379 4095 3591 4151 Domini
3638 4114 3653 4152 :

2072 4195 2300 4250 Percute
2317 4208 2426 4247 me.
2450 4190 2551 4258 Qui
2578 4188 2749 4243 noluit
2782 4197 3088 4257 perculere.
3130 4186 3194 4239 Et
3223 4185 3361 4240 dixit
3393 4186 3460 4239 ad
3489 4199 3611 4239 eum
3638 4201 3653 4240 :

2072 4285 2208 4352 Quia
2257 4298 2360 4339 non
2411 4280 2607 4337 audisti
2666 4293 2854 4334 vocem
2909 4276 3147 4337 Domini,
3194 4291 3326 4331 ecce
3383 4276 3656 4330 recedes:

2076 4391 2183 4441 me,
2225 4383 2280 4429 et
2320 4372 2584 4443 percutiet
2628 4379 2681 4425 te
2735 4369 2841 4424 leo.
2888 4368 2955 4425 Et
3010 4368 3262 4422 discessit
3327 4367 3395 4421 ab
3442 4382 3527 4421 eo.
3590 4365 3658 4422 Et

2075 4466 2281 4522 invenit
2324 4480 2448 4520 eum
2499 4463 2605 4529 leo,
2659 4469 2714 4515 et
2772 4458 3046 4529 percussit
3099 4459 3296 4527 ipsum.
3338 4457 3405 4511 Et
3452 4457 3658 4512 invenit

398 4552 572 4633 ρίσκει
613 4552 778 4606 αὑτὸν
827 4553 984 4619 λέων,
1028 4556 1123 4610 καὶ
1175 4558 1445 4624 ἐπάταξεν
1488 4561 1669 4617 αὐτόν.
1710 4563 1821 4616 Kal
1878 4564 1970 4617 εὗ-

2076 4559 2305 4614 alterum
2347 4556 2546 4619 virum,
2584 4562 2642 4610 et
2662 4552 2804 4607 dixit
2836 4569 2851 4606 :
2881 4549 3115 4605 Percute
3152 4564 3258 4603 me.
3291 4546 3397 4615 Qui
3437 4562 3659 4619 percus-

395 4644 573 4715 ρίσκει
622 4644 905 4717 ἄνθρωπον
934 4647 1140 4719 ἕτερον,
1172 4650 1266 4703 καὶ
1301 4646 1443 4704 εἶπε·
1488 4651 1733 4717 Πάταξω
1775 4654 1841 4726 δή
1877 4672 1967 4726 με.

392 4736 505 4795 Καὶ
530 4737 800 4803 ἐπάταξεν
846 4740 1007 4793 αὐτὸν
1028 4740 1058 4793 6
1086 4741 1389 4814 ἄνθρωπος,
1428 4746 1521 4798 καὶ
1554 4746 1797 4811 πατάξας
1844 4763 1969 4800 συν-

395 4824 602 4897 έτριψε.
661 4828 775 4882 Kal
818 4830 1090 4902 ἐπορεύθη
1136 4832 1166 4884 6
1212 4834 1528 4906 προφήτης,
1577 4836 1670 4890 καὶ
1712 4836 1842 4909 ἐστη
1890 4836 1968 4908 τῷ

397 4918 606 4990 βασιλεῖ
638 4920 853 4993 Ἰσραὴλ
880 4923 977 4976 ἐπὶ
1002 4923 1101 4994 τῆς
1139 4924 1282 4979 ὁδοῦ.
1308 4926 1419 4979 Kal
1453 4927 1787 4999 κατεδήσατο
1816 4929 1970 4982 τελα-

398 5010 535 5079 μῶνι
573 5010 700 5074 τοὺς
744 5012 1053 5083 ὀφθαλμοὺς
1084 5014 1270 5069 αὑτοῦ.
1314 5035 1331 5068 ι
1371 5016 1562 5088 Μικρὰ
1602 5017 1657 5070 δὲ
1694 5018 1832 5071 ἄττα
1869 5036 1969 5089 με·

394 5101 526 5167 ταξὺ
556 5103 1010 5176 προσλελαληκὼς
1032 5106 1424 5179 ὑποστρέφοντι
1446 5108 1523 5179 τῷ
1552 5109 1776 5180 Ἀχαά6,
1801 5127 1970 5181 προσ-

395 5196 560 5254 ετίθει
592 5198 951 5255 nam-creas
977 5200 1123 5270 λέγει
1153 5202 1378 5273 Κύριος·
1408 5203 1551 5256 Διότι
1571 5202 1870 5274 ἐξήνεγκας
1904 5205 1967 5258 σὺ

395 5289 565 5359 ἄνδρα
590 5290 832 5361 ὀλέθριον
862 5294 925 5346 ἐκ
952 5293 1053 5364 τῆς
1085 5294 1270 5366 χειρός
1299 5313 1415 5360 σου,
1440 5296 1532 5349 καὶ
1557 5296 1710 5349 ἔσται
1744 5298 1777 5368 ἡ
1822 5297 1967 5368 ψυχή

397 5398 488 5435 σου
518 5382 642 5435 ἀντὶ
679 5382 779 5453 τῆς
806 5384 985 5456 ψυχῆς
1026 5386 1214 5452 αὑτοῦ,
1247 5388 1340 5441 καὶ
1382 5390 1410 5440 6
1442 5388 1569 5453 λαός
1601 5406 1694 5442 σου
1733 5389 1853 5442 ἀντὶ
1875 5390 1970 5443 τοῦ

395 5470 525 5523 λαοῦ
576 5471 763 5527 αὐτοῦ.
796 5492 815 5526 ι
864 5474 1107 5541 Ἀκούεις
1155 5478 1302 5541 ὅπως
1335 5480 1365 5531 6
1402 5479 1639 5545 πατάξαι
1689 5478 1780 5532 τὸν
1836 5496 1970 5549 προ-

397 5564 573 5633 φήῖην
609 5565 1062 5637 παραιτούμενος,
1105 5569 1351 5634 ἐλεεινῶς
1388 5569 1651 5643 ἀνῃρέθη,
1678 5568 1836 5641 δεινῷ
1875 5569 1971 5641 θη-

468 5744 509 5775 “
548 5742 666 5797 Act.
693 5760 746 5807 κ,
783 5746 869 5803 15.
951 5746 995 5779 ⁸³
1027 5747 1156 5803 ibid.
1204 5748 1286 5803 Η.
1366 5747 1410 5781 ⁵³
1446 5746 1575 5805 ibid.
1614 5746 1700 5803 15.

402 5809 445 5842 ⁵⁷
487 5815 616 5875 ibid.
659 5813 751 5874 42.

1800 5746 1843 5779 ⁸³
1879 5745 2051 5818 lReg.
2112 5745 2194 5805 l5.
2230 5744 2451 5819 passim.
2528 5740 2575 5774 “
2606 5739 2735 5797 ibid.
2778 5741 2868 5797 33.

2076 4652 2147 4706 sit
2166 4664 2310 4715 eum,
2338 4656 2394 4704 et
2418 4659 2738 4718 percussum
2756 4642 3033 4698 contrivit.
3054 4641 3202 4696 Abiit
3223 4656 3352 4711 ergo
3372 4642 3654 4710 propheta,

2075 4754 2130 4798 et
2144 4739 2386 4797 occurrit
2407 4737 2525 4808 regi
2540 4737 2593 4791 in
2605 4736 2712 4800 via,
2742 4743 2797 4789 et
2811 4733 2993 4804 ligavit
3015 4732 3183 4786 lascia
3198 4732 3383 4787 oculos
3399 4747 3527 4786 suos
3542 4731 3608 4796 “,
3630 4751 3649 4786 ι

2074 4844 2129 4890 et
2156 4846 2324 4903 pauca
2347 4830 2557 4885 locutus
2594 4826 2886 4883 revertenti
2926 4824 3133 4893 Achab,
3170 4839 3384 4878 rursum
3413 4823 3653 4893 adjecit:

2079 4944 2100 4977 ι
2130 4925 2256 4979 Haec
2285 4922 2417 4977 dicit
2446 4920 2707 4977 Dominus
2732 4936 2747 4973 :
2773 4917 2910 4986 Quia
2939 4916 3194 4971 dimisisti
3229 4916 3404 4969 virum
3431 4916 3655 4984 dignum

2075 5025 2249 5072 morte
2278 5030 2309 5071 e
2336 5030 2498 5069 manu
2536 5022 2651 5077 tua,
2681 5013 2787 5068 erit
2824 5011 3005 5065 anima
3037 5021 3124 5063 tua
3156 5023 3254 5078 pro
3282 5008 3462 5062 anima
3489 5006 3653 5073 illius,

2075 5120 2131 5164 et
2154 5108 2385 5179 populus
2449 5115 2573 5162 tuus
2614 5122 2713 5175 pro
2758 5103 2955 5174 populo
2999 5102 3204 5173 ejus".
3240 5119 3260 5155 ι
3301 5101 3486 5167 Vides,
3548 5115 3656 5170 quo

2078 5210 2237 5270 pacto
2267 5200 2357 5271 qui
2406 5199 2723 5270 praphetam
2760 5206 3042 5266 percutere
3085 5194 3275 5258 noluit,
3331 5192 3657 5248 miserabili-

2075 5305 2157 5347 ter
2196 5292 2249 5346 in
2307 5302 2546 5345 atrocem
2595 5290 2822 5344 bestiam
2890 5287 3079 5341 incidit
3124 5299 3189 5339 ac
3233 5284 3427 5353 periit?
3467 5284 3651 5352 Atqui,

2074 5384 2341 5452 quomodo
2390 5398 2494 5436 non
2524 5396 2712 5435 verum
2768 5389 2871 5444 est,
2919 5393 3115 5433 munus
3171 5390 3292 5432 esse
3338 5377 3555 5447 pietatis
3598 5377 3652 5430 in

2077 5476 2267 5538 Deum,
2302 5491 2328 5528 a
2364 5483 2551 5529 sancto
2580 5482 2636 5527 et
2665 5473 2924 5541 propheta
2976 5468 3326 5538 percutiendo
3366 5466 3652 5537 refugere?

2075 5568 2174 5622 sed
2206 5578 2325 5622 erat
2356 5566 2458 5621 hoc
2497 5566 2551 5620 in
2589 5576 2843 5619 sermone
2880 5560 3116 5624 Domini,
3163 5559 3524 5615 inobedicntia
3552 5558 3649 5615 de-

2976 5740 3021 5772 “
3060 5739 3129 5797 lll
3159 5742 3290 5814 Reg.
3322 5756 3413 5804 xx,
3453 5738 3647 5797 35-58.
