4046 6376
346 445 414 506 ει
1369 438 1430 496 S.
1470 435 1748 493 CYBILLI
1783 432 2253 490 ALEXANDRINI
2293 427 2610 484 ARCHIEP.
3525 418 3600 476 3?.

353 559 500 615 tendi
559 574 586 612 a
631 557 856 612 crimine
891 572 993 611 non
1043 561 1273 624 poterat.
1339 552 1588 621 Pepercit
1627 563 1806 605 autem
1867 559 1921 603 et

2045 550 2123 621 δίῳ
2153 544 2530 619 προίσ]πεσῲν
2551 560 2564 608 ;
2583 542 2797 607 Καίτοι,
2823 539 2940 602 πῶς
2957 539 3054 591 οὐκ
3081 535 3280 607 ἀληθὲς
3299 536 3489 598 εἰπεῖν,
3521 533 3598 600 ὡς

354 652 542 706 Achab
604 650 908 704 inconsulto
942 648 1106 710 Ader,
1150 647 1396 714 quamvis
1432 644 1569 700 Deus
1601 645 1749 697 illum
1804 659 1922 712 pero

357 751 483 795 ειμι-ο
531 743 802 811 jussisset,
834 749 888 796 et
928 757 1024 808 pro
1054 739 1231 792 anima
1271 737 1390 806 ejus
1418 738 1530 806 ipse
1562 725 1790 789 traditus
1819 742 1921 788 est.

358 834 625 898 Quocirca
689 837 821 885 citra
865 831 1361 899 tergiversationem
1417 837 1467 881 el
1529 827 1839 881 dilationem
1894 841 1924 879 a

361 925 515 977 nobis
545 923 738 977 conﬁci
788 923 930 990 quod
971 921 1079 974 Deo
1116 920 1495 990 complacitum
1531 931 1632 984 εει,
1687 917 1925 970 necessi—

364 1029 444 1069 tas
473 1013 742 1082 postulat:
780 1013 923 1066 aliud
963 1012 1213 1081 quiddam
1247 1021 1440 1079 praeter
1463 1012 1564 1064 hoc
1597 1019 1689 1063 aut
1729 1009 1926 1074 facere,

366 1116 462 1158 aut
492 1105 752 1174 cogitare,
777 1105 1043 1173 superbia:
1073 1103 1334 1157 maculam
1378 1103 1564 1157 inurit.
1603 1102 1760 1155 Tales
1786 1103 1927 1155 cnim

366 1207 571 1249 tantum
615 1211 719 1250 non
774 1197 936 1249 etiam
1004 1195 1172 1248 Deum
1210 1195 1260 1246 in
1295 1194 1708 1261 reprehensioae
1737 1206 1935 1262 ponen-

363 1290 488 1341 tlnm
533 1288 885 1352 arbitrantur,
934 1293 992 1340 ut
1029 1285 1122 1356 qui
1178 1287 1446 1340 interdum
1500 1299 1605 1338 non
1660 1295 1805 1338 recta
1838 1284 1933 1337 de-

363 1388 571 1434 cernat.

434 1639 844 1708 Respondemus
906 1637 1068 1708 igitur
1123 1637 1408 1692 historiam
1455 1635 1934 1702 calumniantibus,

366 1741 675 1800 tetnereque
730 1728 1167 1783 insimulantibus
1203 1741 1217 1779 :
1253 1725 1394 1780 Heus
1432 1741 1548 1791 vos,
1591 1725 1792 1780 foedum
1842 1742 1938 1794 pu-

2023 639 2092 712 ἦν
2125 638 2408 701 εὐλαϐείας
2457 634 2666 706 καρπὸς
2708 633 2768 685 τὸ
2814 631 2888 702 μὴ
2919 628 3240 683 καταπαίειν
3285 625 3596 696 ἀποτολμᾷν

2027 733 2181 800 ἅγιον
2210 730 2305 784 καὶ
2349 728 2670 799 προφήτηνς
2727 723 2841 777 ἀλλ’
2871 718 2940 794 ἦν
2981 723 3038 775 ἐν
3076 719 3218 790 λόγῳ
3242 718 3470 790 Κυρίου,
3504 718 3598 772 καὶ

2027 824 2418 891 δυσδιάφυκτον
2436 819 2687 888 ἔγκλημα
2703 817 2925 884 γέγονεν
2955 816 2989 885 ἡ
3018 813 3292 884 παρακοὴ.
3311 811 3600 880 Ἐφείσατο

2027 917 2084 968 δὲ
2129 916 2224 967 καὶ
2259 913 2463 983 Ἀχαὰϐ
2497 908 2821 982 παραλόγως
2863 906 2958 960 τοῦ
3012 905 3188 976 Ἀδέρ,
3233 904 3408 956 καίτοι
3464 900 3598 954 Θεοῦ

2028 1006 2296 1060 διο)λύναι
2349 1001 2810 1073 προστεταχότος,
2863 997 2958 1052 καὶ
3004 997 3218 1050 δέδοται
3265 995 3424 1059 αὐτὸς
3479 993 3601 1047 ἀντὶ

2028 1099 2129 1164 τῆς
2156 1094 2335 1164 ψυχῆς
2362 1092 2546 1146 αὑτοῦ.
2592 1089 2800 1144 Οὐκοῦν
2846 1089 3142 1156 ἀναγκαῖον
3171 1086 3326 1139 ὖκνου
3373 1101 3434 1137 τε
3481 1083 3603 1154 δίχα

2031 1189 2126 1240 καὶ
2141 1185 2515 1258 μελ[λ]ησμῶν
2540 1179 3004 1252 ἁποπεραίνεσθαι
3034 1177 3169 1249 πρὸς
3195 1175 3371 1248 ἡμῶν,
3389 1177 3524 1247 ὅπερ
3539 1174 3604 1228 ἂν

2033 1278 2245 1331 ἁνδάνοι
2271 1275 2407 1344 Θεῷ·
2445 1274 2505 1328 τὸ
2533 1274 2589 1327 δὲ
2618 1271 2803 1343 ἕτερόν
2827 1289 2879 1324 τι
2908 1270 3061 1340 παρὰ
3087 1266 3246 1320 τοῦτο
3272 1267 3424 1338 δρᾷν,
3512 1269 3606 1318 καὶ

2033 1371 2269 1441 φρονεῖν,
2313 1366 2613 1439 ὑπεροψίας
2646 1362 2898 1433 ἔγκλημα
2928 1361 3104 1432 φέρει.
3136 1359 3314 1414 Μόνον
3350 1358 3460 1428 γὰρ
3488 1357 3608 1426 οὐχὶ

2034 1461 2129 1514 καὶ
2174 1460 2434 1529 ἐπιτιμᾷν
2485 1454 2789 1525 ἐγνώκασιν
2829 1455 2878 1507 οἱ
2911 1451 3103 1506 τοιοίδε
3155 1450 3361 1515 λοιπὸν,
3397 1447 3473 1512 ὡς
3508 1448 3608 1500 οὑκ

2034 1550 2211 1623 ὀρθῶς
2240 1549 2351 1603 ἔσθ’
2379 1551 2469 1602 ὅτε
2506 1547 2878 1618 βουλευομένῳ
2907 1543 3046 1614 Θεῷ.

2104 1641 2290 1712 Φαμὲν
2319 1635 2411 1693 οὖν
2449 1642 2562 1704 τοῖς
2585 1640 2686 1711 τὴν
2717 1638 2959 1709 ἱστορίαν
2990 1633 3244 1704 διαϐολῆς
3277 1633 3376 1686 οὐκ
3404 1631 3509 1698 ἔξω
3535 1647 3610 1683 τι-

2038 1731 2204 1797 θεῖσι,
2234 1732 2327 1785 καὶ
2353 1729 2595 1792 ἀϐούλως
2626 1727 3066 1798 ἐπαιτιωμένοι;’
3104 1724 3363 1786 Ἀκαλλὲς
3386 1724 3534 1793 ὑμῖν,
3563 1715 3610 1775 ὧ

369 1822 491 1874 tatis
549 1821 866 1890 prophetam
927 1817 1367 1874 contubernalem
1431 1832 1554 1873 esse
1636 1817 1936 1871 libidinosae

2045 1818 2206 1886 οὗτοι,
2239 1823 2576 1891 φαίνεταιτὸ
2609 1822 2866 1892 μαχλώσῃ
2899 1818 3119 1887 γυναικὶ
3152 1816 3424 1869 συνέστιον
3461 1813 3612 1882 γενέ-

366 1887 598 1967 feminae.
651 1887 836 1978 Quid?
890 1927 1070 1966 annon
1125 1910 1290 1964 multo
1323 1909 1520 1964 fmdius
1545 1910 1805 1980 quosdam
1845 1924 1939 1978 per

2045 1916 2164 1969 σθαι
2216 1887 2534 1987 προφήτην·
2569 1887 2634 1967 Τί
2685 1887 2776 1978 6e;
2922 1910 3056 1964 πολὺ
3113 1908 3506 1977 ἀκαλλέστερον
3549 1904 3612 1957 τὸ

368 2013 589 2058 sanctos
619 2005 910 2073 prophetas
937 2003 1206 2057 interﬁci?
1231 2001 1508 2067 Quomodo
1541 2002 1702 2071 igitur
1720 2001 1936 2055 Samnel

366 2099 533 2164 Agag,
569 2094 719 2149 Elias
767 2095 1059 2164 pr0phetas
1114 2093 1263 2157 Baal,
1320 2093 1570 2162 quamvis
1613 2092 1808 2146 multos
1840 2108 1940 2144 nu-

371 2201 538 2249 mero,
575 2185 865 2240 interﬁcit?
895 2186 1032 2252 Quid
1066 2195 1266 2250 autem,
1303 2187 1389 2240 dic
1416 2185 1571 2248 mihi,
1597 2193 1651 2239 et
1681 2185 1937 2254 propheta

367 2273 531 2330 Isaias
563 2292 778 2331 saccum
833 2277 901 2332 de
956 2276 1154 2332 lumbis
1187 2279 1300 2331 suis
1341 2278 1523 2343 solvit,
1578 2277 1858 2345 nudusque
1886 2287 1941 2332 et

366 2367 725 2422 discalceattts
794 2367 1091 2423 Jerusalem
1142 2370 1610 2425 obambulavit“?
1642 2371 1832 2424 Annon
1887 2370 1938 2423 in

371 2459 461 2511 tali
500 2458 683 2514 habitu
719 2471 776 2512 ut
807 2461 1001 2525 levem,
1039 2459 1141 2532 15
1190 2470 1244 2516 et
1298 2461 1592 2530 stupidum,
1647 2472 1702 2514 et
1764 2471 1942 2516 mente

369 2561 583 2621 raptum
630 2551 915 2606 derisisset
971 2553 1275 2621 quispiam?
1303 2551 1372 2606 Et
1405 2555 1530 2624 quid
1587 2553 1689 2607 ista
1729 2567 1817 2608 res
1845 2554 1938 2608 du-

371 2643 647 2696 bitationis
701 2642 880 2707 habet,
924 2658 1044 2696 cum
1101 2643 1273 2698 laudis
1308 2645 1525 2711 plenum
1560 2644 1655 2707 sit,
1699 2645 1878 2698 omnia
1904 2661 1934 2698 a

371 2733 525 2789 nobis
555 2732 753 2787 decore
777 2743 830 2788 et
863 2736 1088 2789 honeste
1117 2733 1276 2788 ﬁeri?
1315 2733 1418 2789 Sed
1446 2750 1722 2800 occurres,
1759 2737 1942 2790 divino

372 2824 520 2876 tmtui
550 2823 803 2877 cedentes
835 2833 961 2878 tunc
993 2824 1119 2879 talia
1154 2825 1368 2880 fecisse.
1400 2825 1536 2892 Quid
1554 2843 1703 2893 ergo,
1738 2840 1941 2896 quaeso,

374 2915 441 2966 de
474 2913 632 2968 beato
681 2913 821 2969 Osea
873 2915 1254 2984 cogitandum?
1299 2933 1424 2970 nunt
1471 2933 1567 2971 sua
1607 2929 1822 2988 sponte,
1875 2935 1940 2972 an

375 3005 600 3072 imperio
629 3005 721 3058 Dei
771 3006 837 3059 ad
897 3007 1182 3061 mulierem
1243 3009 1580 3064 meretricem
1630 3011 1856 3076 accedit,
1889 3020 1944 3066 et

373 3097 510 3151 adeo
561 3097 903 3152 inhonestam
938 3100 1041 3153 sibi
1083 3101 1525 3157 contubernalem
1566 3103 1945 3159 domesticam-

2038 2004 2476 2074 ἀποσφάττεσθαι
2504 2020 2656 2066 τινας
2685 2003 2774 2056 διὰ
2815 1998 3109 2072 προφητῶν
3139 1998 3338 2066 ἁγίων;
3369 1997 3494 2059 Πῶς
3519 1991 3612 2051 οὖν

2039 2098 2281 2169 ἀνῄρηκε
2329 2095 2580 2167 Σαμουὴλ
2621 2095 2718 2166 μὲν
2755 2094 2847 2147 τὸν
2880 2094 3085 2160 Ἀγαγ,
3144 2089 3330 2151 Ἠλίας
3377 2087 3434 2140 δέ
3486 2087 3612 2150 τοὺς

2040 2191 2325 2260 προφήτας
2351 2187 2444 2240 τοῦ
2491 2186 2658 2249 Βάαλ,
2697 2185 2871 2239 καίτοι
2913 2184 3140 2245 πολλοὺς
3170 2180 3328 2244 δντας
3360 2181 3452 2232 τὸν
3494 2179 3613 2249 ἀρι-

2043 2283 2212 2352 θμόν;
2243 2279 2308 2333 Τί
2340 2280 2418 2343 δέ,
2447 2278 2568 2332 εἰπέ
2614 2295 2727 2349 μοι,
2757 2279 2850 2330 καὶ
2880 2279 2908 2329 ὀ
2947 2275 3232 2347 προφήτης
3271 2274 3496 2336 Ἡσαΐας
3521 2273 3613 2326 τὸν

2044 2375 2247 2428 σάκκον
2301 2374 2365 2426 ἐκ
2410 2371 2513 2441 τῆς
2562 2369 2761 2437 ὀσφύος
2807 2367 3114 2438 περιελὼν,
3159 2365 3368 2436 γυμνός
3415 2382 3474 2419 τε
3521 2365 3614 2417 καὶ

2042 2466 2365 2528 ἁνυπόδετος
2421 2463 2689 2534 περιθέων
2749 2461 2848 2534 τὴν
2883 2460 3281 2531 Ἰερουσαλήμ;
3310 2454 3462 2528 Ἀρα
3507 2459 3621 2528 γὰρ

2041 2555 2162 2624 οὐχὶ
2187 2554 2276 2606 τὸν
2304 2555 2362 2605 ἐν
2386 2552 2574 2622 τοιῷδε
2597 2551 2866 2620 γεγονότα
2896 2552 3134 2621 σχήματι
3162 2550 3613 2620 καταμωμήσαιτ’

2041 2646 2107 2698 ἄν
2136 2661 2219 2708 τις
2263 2642 2425 2706 εὐθὺς
2465 2642 2541 2706 ὡς
2575 2641 2827 2711 ἄσεμνον,
2857 2641 2952 2694 καὶ
2993 2639 3341 2710 ἐξεστηκότα,
3388 2639 3482 2693 καὶ
3516 2639 3614 2709 τὴν

2043 2738 2215 2808 φρένα
2249 2735 2755 2806 παρενηνεγμένον;
2797 2733 2922 2799 Πῶς
2973 2734 3130 2787 τοῦτο
3173 2732 3497 2804 ἀμφίϐολον,
3539 2732 3615 2784 εί-

2044 2847 2150 2901 περ
2191 2829 2341 2883 ἐστιν
2389 2829 2611 2882 ἐπαίνου
2664 2827 2879 2898 μεστὸν,
2925 2827 2986 2880 τὸ
3019 2827 3077 2879 ἐν
3126 2826 3318 2896 κόσμῳ
3362 2824 3440 2896 τῷ
3483 2824 3616 2878 καθ-

2043 2921 2229 2988 ήκοντι
2273 2917 2455 2971 πάντα
2494 2917 2830 2988 πράττεσθαι
2873 2917 3010 2988 πρὸς
3054 2917 3245 2988 ήμῶν;
3284 2916 3424 2968 Ἀλλ’
3452 2917 3615 2987 ἐρεῖς,

2043 3010 2124 3061 ὅτι
2158 3011 2270 3071 τοῖς
2314 3008 2478 3072 θείοις
2508 3009 2747 3069 εἴκοντες
2782 3007 3080 3079 νεύμασιν,
3127 3007 3297 3078 ἔδρων
3333 3006 3401 3060 τὰ
3443 3006 3620 3060 τοιάδε

2045 3099 2380 3170 τοτηνικάδε.
2409 3099 2474 3152 Τί
2518 3099 2595 3160 δὲ,
2631 3099 2752 3152 είπέ
2796 3115 2905 3168 μοι,
2935 3100 3148 3169 φρονεῖν
3189 3097 3338 3164 ἄξιον
3366 3097 3496 3168 περὶ
3525 3097 3619 3149 τοῦ

374 3199 479 3254 que
515 3185 637 3241 facit
663 3188 686 3241 ?
712 3188 879 3243 Miror
936 3191 1285 3248 nihilominus
1333 3193 1483 3247 illum
1517 3194 1753 3250 cavillari
1784 3211 1943 3265 super

2053 3191 2324 3261 μακαρίου
2359 3191 2546 3260 Ὡσηέ;
2579 3186 2688 3260 ἆρα
2721 3191 2828 3262 γὰρ
2865 3189 3190 3259 αὐτόκλητος
3225 3189 3360 3260 πρὸς
3390 3191 3622 3257 γυναῖκα

375 3290 440 3330 eo
492 3279 695 3348 scripta
749 3280 1012 3346 voluisse,
1077 3283 1468 3354 historiamque
1525 3296 1586 3340 ut
1637 3286 1946 3342 indecoram

378 3366 622 3424 iacerare
652 3387 760 3425 non
791 3373 1097 3428 erubuisse.
1140 3374 1410 3444 Rejiciens
1436 3376 1581 3431 enim
1615 3391 1728 3432 rem
1769 3387 1828 3433 ut
1866 3379 1951 3434 in-

377 3461 722 3527 credibilem,
773 3477 1133 3536 asserensque
1183 3468 1565 3536 apertissime,
1629 3471 1948 3540 prophetam

381 3569 484 3607 non
551 3555 802 3610 habuisse
861 3557 1307 3613 consuetudinem
1373 3575 1496 3614 cum
1555 3572 1770 3628 scorto,
1856 3564 1950 3617 sed

381 3658 500 3696 cum
548 3644 836 3700 animabus
893 3645 1202 3701 fornicariis
1255 3647 1347 3702 Dei
1384 3649 1616 3704 Verbum
1663 3651 1953 3720 aliquando

379 3736 639 3806 copulari,
699 3752 806 3791 non
861 3737 1149 3803 intellexit,
1207 3747 1267 3791 ut
1313 3754 1411 3806 par
1474 3740 1596 3806 fuit,
1651 3741 1844 3811 quibus
1893 3758 1952 3799 se

382 3828 598 3898 ineptiis
629 3830 946 3885 involveret.
973 3830 1347 3886 Honestiorem
1374 3833 1516 3886 enim
1546 3845 1694 3889 certe
1713 3835 1951 3904 prophe-

383 3928 512 3984 tam,
543 3932 705 3986 quam
739 3917 905 3973 Deum
935 3921 1175 3974 omnium
1203 3921 1642 3976 honestissimum
1663 3939 1786 3979 esse
1815 3925 1948 3979 vult.

378 4010 570 4066 Annon
621 4013 791 4074 enim,
847 4013 1092 4076 obsecro,
1141 4013 1382 4077 eiusdem
1419 4014 1633 4083 generis
1682 4015 1952 4085 quispiam

381 4117 502 4156 esse
529 4102 750 4168 dixerit,
785 4117 907 4157 cum
945 4103 1190 4171 improba
1246 4103 1471 4158 muliere
1500 4104 1814 4173 prophetam
1863 4121 1955 4160 co-

383 4191 577 4260 pulari,
613 4203 815 4246 etcum
866 4193 1143 4247 immunda
1171 4195 1349 4248 anima
1394 4193 1529 4249 velle
1568 4197 1952 4250 commercium

383 4284 581 4339 habere
616 4282 708 4338 Dei
741 4283 1007 4338 Verbum?
1035 4283 1170 4340 Puto
1213 4300 1344 4340 sane
1373 4285 1507 4340 nihil
1535 4300 1655 4340 esse
1695 4287 1950 4341 medium.

381 4374 490 4426 Aut
514 4372 677 4444 igitur
696 4389 798 4426 una
823 4387 944 4428 cum
977 4373 1068 4429 illo
1101 4385 1155 4430 et
1187 4375 1288 4429 hoc
1321 4383 1540 4444 propter
1566 4377 1952 4432 inconvenien-

385 4466 511 4519 tiatn
543 4465 859 4535 repudient;
887 4476 980 4520 aut
1024 4476 1175 4522 certe
1225 4467 1407 4522 divino
1437 4468 1663 4523 consilio
1719 4470 1952 4524 humana

2051 3281 2255 3352 πόρνην
2287 3281 2536 3352 ἔρχεται,
2584 3282 2678 3334 καὶ
2726 3284 2958 3334 ποιεῖται
3009 3280 3256 3334 σύνοικον
3299 3280 3398 3351 τὴν
3452 3279 3620 3342 οὕτως

2051 3373 2305 3442 αἰσχρὰν,
2352 3373 2384 3443 ἢ
2443 3373 2841 3445 προστέτακται
2873 3371 3024 3445 παρὰ
3067 3372 3244 3438 Θεοῦ;
3289 3371 3624 3441 Τεθαύμακα

2049 3465 2105 3519 δέ
2135 3466 2285 3518 οὐδὲν
2313 3460 2473 3536 ἦττον
2522 3465 2616 3518 τοῦ
2659 3464 3074 3518 κατασκώπτειν
3105 3464 3378 3527 ἐθέλοντος
3424 3465 3493 3517 τὰ
3531 3463 3621 3516 ἐπ’

2051 3557 2198 3626 αὐτῷ
2226 3557 2606 3628 γεγραμμένα,
2648 3557 2740 3610 καὶ
2765 3557 2865 3626 τῆς
2896 3556 3134 3627 ἱστορίας
3161 3556 3222 3609 τὸ
3249 3555 3486 3626 ἀτερπὲς
3512 3555 3621 3607 διας

2052 3647 2237 3718 σύρειν
2300 3647 2798 3716 ἀποτολμήσαντος.
2855 3645 3120 3718 Ἀναιρῶν
3172 3645 3282 3717 γὰρ
3327 3645 3388 3698 τὸ
3437 3644 3624 3716 χρῆμα

2051 3741 2136 3794 διὰ
2178 3740 2238 3792 τὸ
2269 3739 2487 3805 ἄτοπον,
2527 3739 2991 3811 διισχυριζόμενός
3023 3756 3080 3791 τε
3111 3739 3205 3791 καὶ
3240 3738 3382 3808 μάλα
3417 3737 3625 3805 σαφῶς,

2052 3832 2127 3895 ὡς
2155 3833 2214 3884 ού
2249 3833 2422 3905 πόρνῃ
2453 3833 2672 3901 γυναικὶ
2702 3832 3094 3902 κεκοινώνηκεν
3118 3833 3146 3884 6
3178 3833 3481 3900 προφήτης,
3509 3829 3624 3884 ἀλλ’

2053 3921 2519 3992 ἐκπορνευσὰσαις
2543 3921 2742 3992 ψυχαῖς
2775 3921 2803 3972 6
2843 3920 2985 3982 θεῖος
3018 3919 3129 3972 ἔσθ’
3171 3919 3259 3972 ὅτε
3299 3920 3624 3973 συνάπτεται

2051 4013 2244 4079 Λόγος,
2271 4013 2330 4065 ού
2361 4013 2606 4083 νενόηκε,
2637 4013 2777 4066 κατὰ
2803 4012 2864 4065 τὸ
2887 4011 3052 4075 εἰκὸς,
3079 4011 3176 4081 οἴῳ
3209 4011 3628 4083 περιπέπτωκεν

2053 4102 2215 4170 ὖθλῳ.
2245 4104 2574 4176 Σεμνότερον
2606 4103 2735 4174 γὰρ,
2762 4104 2838 4166 ὡς
2867 4102 3030 4167 ἔοικε,
3059 4102 3150 4155 τὸν
3179 4103 3465 4173 προφήτην
3491 4098 3633 4158 εἶναι.

2053 4193 2182 4261 γοῦν
2232 4193 2477 4264 βούλεται
2521 4194 2615 4246 τοῦ
2658 4193 2931 4262 πανὰγνου
2975 4192 3132 4246 Θεοῦ.
3165 4194 3237 4246 ’Ἦ
3274 4193 3381 4264 γὰρ
3428 4194 3528 4246 οὐκ
3570 4193 3626 4244 ἐν

2056 4282 2155 4354 ἴσῳ
2177 4283 2317 4354 λόγῳ
2356 4285 2489 4354 φαίη
2520 4301 2606 4347 τις
2636 4283 2722 4346 ἂν,
2755 4283 2875 4337 εἰπέ
2911 4301 3021 4354 μοι,
3047 4285 3261 4355 πονηρᾷ
3287 4284 3506 4352 γυναικὶ
3537 4282 3627 4335 τὸν

2056 4372 2337 4444 προφήτην
2377 4371 2760 4438 συνάπτεσθαι,
2804 4372 2900 4425 καὶ
2927 4371 2988 4425 τὸ
3021 4372 3314 4442 ἀκαθάρτῳ
3338 4371 3481 4444 ψυχῇ
3515 4388 3628 4424 κοι-

3220 4463 3355 4485 ’Δῖὶν

2054 4467 2240 4518 νωνεῖν
2289 4463 2503 4517 ἑλέσθαι
2548 4462 2638 4515 τὸν
2668 4461 2758 4515 τοῦ
2802 4461 2938 4514 Θεοῦ
2973 4462 3173 4530 Λόγον;
3220 4463 3355 4515 Ἀλλ’
3385 4458 3536 4533 οἶμαι
3567 4462 3635 4516 τὸ

383 4558 577 4610 cedere
615 4557 909 4624 patiantur.
962 4558 1176 4628 Aliquid
1231 4573 1397 4627 porro
1426 4560 1589 4613 etiam
1623 4561 1689 4615 de
1721 4577 1943 4632 evange-

2059 4557 2262 4626 μεταξὺ
2315 4555 2593 4618 παντελῶς
2640 4553 2811 4608 οὐδέν.
2843 4555 2913 4607 Ἢ
2956 4554 3133 4608 τοίνυν
3172 4554 3631 4625 συναναιρούντῳν

384 4649 503 4703 licis
531 4647 752 4704 Litteris
777 4651 1150 4718 apponendum
1173 4665 1315 4709 reor.
1331 4651 1592 4707 Accubuit
1620 4667 1741 4706 cum
1774 4654 1952 4723 publi-

383 4738 539 4792 canis
566 4747 621 4793 et
653 4739 1024 4806 peccatoribus
1067 4740 1324 4794 Dominus
1355 4751 1542 4796 noster
1589 4739 1744 4797 Jesus
1789 4742 1951 4797 Chri-

384 4839 524 4893 stus,
568 4829 708 4896 quod
760 4829 954 4883 iterum
992 4830 1371 4885 criminatores
1405 4831 1662 4886 Pharisaei
1701 4832 1832 4885 vitio
1859 4833 1952 4887 da-

385 4919 536 4983 bant.
565 4929 620 4974 et
649 4921 717 4974 ad
743 4929 962 4976 sanctos
1006 4920 1299 4990 discipulos
1327 4922 1444 4991 ejus
1475 4923 1755 4990 adeuntes,
1785 4923 1953 4978 libere

383 5011 754 5078 objiciebant:
790 5027 811 5064 ι
871 5012 1052 5079 Quare
1091 5028 1212 5067 cum
1244 5015 1618 5082 peccatoribus
1666 5015 1954 5069 manducat

382 5113 439 5158 et
486 5105 623 5159 bibit
646 5104 903 5174 magister
927 5105 1206 5160 vester"?
1232 5125 1252 5159 ι
1278 5105 1414 5173 Quid
1443 5107 1508 5162 ad
1536 5108 1955 5164 haecChristus?

391 5211 409 5224 ·
437 5192 557 5250 Non
589 5204 671 5250 est
703 5211 839 5264 opus
875 5195 1174 5252 valentibus
1221 5199 1485 5262 medicus,
1544 5200 1636 5254 sed
1689 5200 1828 5255 male
1857 5204 1953 5255 ha-

386 5285 638 5341 bentibus
668 5287 732 5340 ".
765 5305 785 5339 ι
816 5287 951 5341 Ειιιη
995 5287 1161 5358 igitur
1190 5297 1245 5343 et
1295 5289 1624 5358 inquinatos,
1669 5303 1722 5346 et
1753 5307 1781 5345 a
1826 5307 1953 5361 pec-

385 5387 508 5431 cato
554 5380 790 5432 nondum
845 5378 1080 5446 ablutos,
1139 5394 1206 5434 ex
1284 5380 1545 5436 immensa
1615 5381 1952 5453 benignitate

387 5468 693 5536 admitt‘ere,
726 5483 884 5523 nemo
902 5469 986 5523 vel
1013 5485 1202 5539 parum
1223 5470 1456 5525 dubitat.

2056 4649 2249 4720 ἐκείνῳ
2293 4650 2387 4702 καὶ
2431 4647 2589 4700 τοῦτο
2626 4647 2714 4701 διὰ
2775 4647 2837 4701 τὸ
2883 4647 3104 4711 ἄτοπον,
3155 4648 3324 4718 ἤγουν
3371 4648 3629 4716 ἐφιέντων

2055 4741 2284 4794 κατόπιν
2326 4741 2430 4810 τῆς
2477 4739 2626 4803 θείας
2666 4739 2859 4810 βουλῆς
2900 4738 3155 4810 ἔρχεσθαι
3195 4739 3263 4793 τὰ
3294 4738 3626 4810 ἀνθρώπινα.

2055 4835 2267 4904 Χρῆναι
2295 4833 2352 4886 δὲ
2382 4830 2535 4904 οἶμαι
2565 4832 2655 4886 καί
2683 4851 2734 4885 τι
2765 4833 2872 4886 τῶν
2904 4831 3276 4901 εύαγγελικῶν
3305 4831 3631 4902 παραθεῖναι

2057 4925 2427 4996 Γραμμάτων.
2461 4924 2820 4996 Συνανεκλίθη
2871 4923 3129 4986 τελώναις
3163 4924 3255 4977 καὶ
3289 4923 3631 4993 ἁμαρτωλοῖς

2057 5017 2086 5068 6
2111 5016 2313 5086 Κύριος
2333 5016 2487 5086 ἡμῶν
2516 5014 2720 5085 Ἰησοῦς
2744 5015 2996 5085 Χριστὸς,
3019 5014 3132 5067 ἁλλ’
3154 5014 3450 5086 ἐπῃτιῶντο
3470 5011 3631 5066 πάλιν

2057 5109 2108 5161 οἱ
2139 5106 2564 5178 φιλεγκλήμονες
2601 5108 2918 5177 Φαρισαῖοι,
2960 5107 3052 5159 καὶ
3090 5108 3204 5169 τοῖς
3244 5106 3420 5174 ἁγίοις
3464 5121 3630 5176 προσο

2062 5199 2211 5252 ίεσαν
2259 5200 2524 5270 μαθηταῖς
2567 5200 2889 5270 ἀναφανδὸν,
2936 5197 3208 5266 λέγοντεςο
3247 5216 3264 5248 ι
3295 5195 3446 5250 Διατί
3492 5195 3630 5266 μετὰ

2057 5290 2357 5362 ἀνθρώπων
2387 5291 2724 5362 ἁμαρτωλῶν
2744 5293 2772 5344 6
2797 5291 3114 5354 διδάσκαλος
3148 5288 3302 5360 ὑμῶν
3335 5289 3504 5341 ἐσθίει
3534 5288 3629 5340 καὶ

2059 5383 2231 5451 πίνει;
2266 5401 2284 5433 ι
2323 5381 2387 5436 Τί
2419 5379 2513 5436 οὖν
2547 5383 2681 5454 πρὸς
2704 5380 2876 5435 ταῦτα
2907 5382 2934 5434 6
2958 5381 3220 5453 Χριστός;
3257 5400 3275 5431 ι
3307 5381 3380 5432 Ού
3419 5378 3626 5450 χρείαν,

2058 5477 2244 5546 φησὶν,
2275 5476 2487 5547 ἔχουσιν
2522 5477 2572 5528 οἱ
2623 5476 2897 5546 ἰσχύοντες
2945 5472 3166 5545 ἰατρῶν,
3213 5472 3330 5526 ἀλλ’
3355 5473 3405 5525 οἱ
3444 5468 3630 5530 κακῶς

386 5555 621 5626 ἔχοντες.
647 5575 668 5609 ι
701 5559 822 5610 Ὀτι
864 5558 962 5628 μὲν
989 5554 1082 5613 οὖν
1112 5560 1207 5612 καὶ
1249 5558 1706 5631 μεμολυσμένους,
1761 5561 1854 5614 καὶ
1917 5561 2339 5635 ἐκνενιμμένους
2378 5563 2532 5620 οὔπω
2569 5563 2667 5636 τὴν
2717 5564 3009 5637 ἁμαρτίαν,
3053 5563 3112 5630 ἐξ
3158 5562 3465 5634 ἀμετρήτου
3510 5559 3631 5632 φιλ-ο

387 5648 705 5719 ανθρωπίας
760 5653 1042 5723 προσίεται
1114 5652 1283 5720 Θεὸς,
1332 5653 1580 5726 ἐνδοιάσῃ
1626 5670 1711 5717 τις
1763 5655 1830 5709 ἂν
1881 5655 2152 5725 οὐδαμῶς.

463 5842 508 5874 ⁸⁸
535 5842 635 5897 lsa.
677 5856 768 5906 xx,
806 5837 862 5892 2.
942 5838 986 5871 ⁸⁸
1025 5837 1212 5894 Matth.
1258 5853 1334 5905 Ix,
1377 5835 1464 5890 H.
1542 5835 1588 5868 '°
1625 5833 1756 5892 ibid.
1801 5834 1885 5890 12.
