4046 6376
438 431 510 485 3'5
1351 416 1900 476 COMMENTARIUS
1939 418 2006 473 IN
2043 418 2271 474 OSEAM
2315 419 2756 478 PROPHETAM.
3616 423 3689 479 τύ

505 543 713 610 Χρῆναι
761 540 817 594 δὲ
863 541 943 594 δεῖ
978 539 1213 610 μάλιστα
1259 540 1360 612 τῆς
1404 539 1549 595 κατά
1595 540 1687 593 τὸν
1739 540 1998 611 μακάριον

2181 539 2419 594 Historia
2451 550 2634 595 autem
2663 540 2730 595 de
2770 540 2930 595 beato
2958 540 3099 596 Osee
3166 543 3477 610 neutiquam
3519 542 3687 610 turpi-

445 633 603 705 Ὦσηὲ
635 632 935 703 γενομένης
982 632 1229 703 ἱστορίας
1278 632 1351 702 μὴ
1404 631 1711 704 καθορίζειν
1748 633 1808 685 τὸ
1837 632 2009 684 άκαλ-

431 724 542 789 λὲς,
568 722 884 795 γραφούσης
926 724 1057 793 ἡμῖν
1089 723 1175 791 ἐφ’
1195 722 1398 793 ἑαυτῆς
1435 724 1752 792 παγκάλως,
1779 725 1859 777 ὅτι
1891 724 2009 794 βδε-

433 816 614 885 λυροῖς
658 816 752 867 καὶ
783 814 1115 885 ἀκαθάρτοις
1147 808 1297 868 οὖσιν
1347 814 1458 880 ἔτι,
1500 816 1597 887 τὴν
1637 817 1769 887 παρ’
1814 816 2005 871 ἑαυτοῦ

436 906 806 976 πνευματικὴν
829 906 1109 959 κοινωνίαν
1136 907 1165 959 6
1198 906 1338 971 θεῖος
1363 909 1493 977 ήμῖν
1516 908 1795 979 χαρίζεται
1812 909 2005 978 Λόγος.

442 1002 581 1071 Ἔφη
634 1001 811 1054 τοίνυν
852 1002 881 1053 6
912 1002 1020 1055 τῶν
1052 1002 1188 1056 ὅλων
1233 1001 1364 1067 Θεὸς
1415 1002 1552 1073 πρὸς
1604 1003 1694 1056 τὸν
1740 1006 2006 1076 μακάριον

447 1094 630 1163 Ὠσηέ·
660 1112 679 1145 ι
707 1093 919 1158 Βάδιζε,
951 1092 1084 1147 λάϐε
1109 1093 1320 1163 σεαυτῷ
1349 1096 1580 1162 γυναῖκα
1604 1096 1880 1166 πορνείας,
1912 1097 2007 1150 καὶ

428 1185 592 1237 τέκνα
624 1184 901 1257 πορνείας.
927 1202 946 1236 ι
996 1184 1220 1256 Δέχεται
1260 1186 1317 1239 δὲ
1362 1185 1459 1256 τήν
1493 1186 1692 1258 Γόμερ,
1737 1188 1834 1258 οὑχ
1876 1188 2003 1258 ήδυ-

430 1275 660 1341 παθείας
690 1276 900 1349 εύρεμα
925 1276 986 1330 τὸ
1012 1278 1201 1349 χρῆμα
1232 1276 1571 1348 ποιούμενος,
1596 1279 1708 1332 ἀλλ’
1759 1281 2004 1352 ὑπακοῆς

429 1366 524 1419 καὶ
554 1365 828 1430 διακονίας
871 1365 1033 1440 ἔργον
1064 1366 1415 1439 ἀποπληρῶν,
1461 1368 1555 1421 καὶ
1602 1369 1880 1440 ὑπηρέτης
1908 1370 2002 1423 τοῦ

428 1458 601 1511 τύπου
625 1457 927 1528 γινόμενος,
956 1457 1016 1512 ὃν
1048 1458 1209 1511 αὑτὸν
1246 1457 1310 1529 δὴ
1340 1458 1486 1529 μάλα
1518 1458 1773 1530 ἐροῦμεν,
1806 1463 1862 1514 ἐν
1891 1465 2003 1524 τοῖς

429 1550 710 1620 σαρκικοῖς
759 1550 853 1603 καὶ
888 1549 1271 1621 γεωδεστέροις
1326 1550 1750 1621 διαμορφοῦντα,
1779 1551 1854 1615 ὡς
1892 1551 2002 1616 ἔνι,

427 1641 497 1695 τά
544 1629 907 1712 πνευματικά.
940 1640 1173 1712 Λίτιῷτο
1207 1641 1254 1695 δ’
1299 1641 1387 1706 ἂν,
1428 1636 1617 1711 οἶμαι,
1670 1644 1754 1705 τὶς
1798 1643 1896 1696 οὑκ
1944 1644 2002 1696 ὲν

429 1736 617 1805 κόσμῳ
645 1734 829 1789 λοιπὸν
858 1735 947 1789 τὸν
975 1734 1070 1789 τοῦ
1099 1737 1379 1807 προφήτου
1412 1736 1631 1790 σκοπόν.
1658 1736 1731 1789 Τὸ
1761 1736 1869 1807 γὰρ
1894 1735 2004 1788 ὲλέ-

430 1826 557 1881 σθαι
591 1828 811 1897 γαμεῖν,
840 1828 933 1881 καὶ
976 1827 1187 1896 γυναίῳ
1237 1826 1622 1889 συνάπτεσθαι,
1670 1826 1765 1879 καὶ
1795 1827 2001 1878 τέκνων

428 1919 579 1990 έρᾷν,
606 1920 635 1971 6
658 1919 757 1988 τῆς
794 1918 1149 1972 θεοπνεύστου
1180 1918 1405 1989 Γραφῆς
1426 1919 1526 1971 οὐκ
1557 1917 1789 1989 ἐξείργει
1822 1918 1998 1987 λόγος,

430 2010 629 2081 μᾶλλον
666 2010 723 2062 δὲ
758 2009 950 2080 μώμου
989 2010 1084 2063 καὶ
1141 2008 1391 2079 διαϐολῆς
1435 2008 1761 2062 ἀπαλλάττει
1793 2025 1998 2062 παντα-

425 2104 521 2174 χοῦ
540 2120 553 2133 ·
592 2122 610 2155 ι
641 2103 831 2173 Τίμιος
866 2102 974 2173 γὰρ
1002 2104 1031 2154 6
1066 2101 1263 2171 γάμος,
1291 2102 1384 2155 καὶ
1412 2103 1445 2173 ή
1476 2100 1629 2172 κοίτη
1668 2102 1948 2171 ἀμίαντος,
1976 2121 1993 2152 ›

425 2195 567 2251 κατά
606 2194 705 2265 τὴν
739 2194 833 2248 τοῦ
875 2194 1144 2265 μακαρίου
1186 2193 1402 2247 Παύλου
1450 2195 1652 2266 φωνήν.
1694 2194 1905 2263 Ἐφεῖτο
1943 2194 2000 2247 δὲ

424 2289 534 2349 τοῖς
564 2285 806 2339 ἐθέλουσι
844 2283 1122 2337 διαϐιῶναι
1159 2282 1357 2351 ὀρθῶς,
1385 2283 1480 2335 καὶ
1509 2284 1599 2335 τὸν
1629 2282 1882 2353 ὲνάρετόν
1938 2298 1998 2332 τε

424 2376 520 2431 καὶ
545 2374 744 2445 εὐσεϐῆ
774 2371 1116 2443 κατορθῶσαι
1143 2371 1279 2441 βίον,
1318 2369 1419 2424 κᾶν
1443 2372 1491 2423 εί
1526 2370 1729 2423 τέκνων
1760 2369 2000 2440 εὔχοιντο

423 2468 607 2536 γονάς.
636 2465 830 2536 Διεϐίω
875 2464 984 2535 γάρ
1022 2462 1195 2527 οὑτως
1237 2464 1266 2516 6
1302 2463 1566 2533 μακάριος
1600 2461 1875 2534 Ἀϐραὰμ,
1906 2479 2001 2530 γε-

426 2558 615 2626 γόνασι
645 2557 702 2610 δὲ
732 2558 826 2611 καὶ
855 2558 905 2609 οἱ
941 2557 1058 2626 μετ’
1087 2554 1250 2609 αὑτὸν
1286 2554 1738 2625 εὐδόκιμοιιπαρά
1764 2553 1902 2624 Θεῷ.
1934 2553 1998 2605 Τί

424 2646 537 2714 οὖν,
565 2650 688 2703 εἰπέ
729 2667 839 2720 μοι,
863 2648 925 2701 τὸ
956 2648 1156 2703 ἄτοπον
1183 2662 1197 2713 ;
1225 2646 1258 2715 ἢ
1291 2645 1409 2708 πῶς
1441 2644 1507 2699 ἂν
1548 2645 1684 2708 ὅλως
1715 2644 1998 2715 διαϐεϐλή-

427 2758 579 2795 σεται
609 2741 670 2794 τὸ
702 2741 775 2812 μὴ
824 2739 1122 2810 ἀνήνασθαι
1160 2737 1356 2807 γάμον,
1388 2736 1523 2789 Θεοῦ
1571 2735 1998 2805 προστάττοντος

423 2833 726 2905 γράφεσθαί
759 2850 811 2884 τι
858 2832 965 2885 τῶν
1001 2829 1403 2900 πνευματικῶν,
1451 2829 1545 2883 καὶ
1576 2830 1886 2899 ἀναγκαίων
1918 2831 1997 2892 εἰς

423 2927 609 2997 ὄνησιν
645 2929 756 2988 τοῖς
784 2924 1185 2995 ἐντευξομένοις
1213 2928 1270 2978 ὲν
1306 2926 1416 2986 τοῖς
1451 2925 1781 2993 σωματικοῖς
1811 2939 1870 2974 τε
1906 2924 1997 2975 καὶ

426 3016 735 3085 αίσθητοῖς;
774 3016 942 3085 Φαίην
970 3014 1014 3067 δ’
1041 3014 1108 3067 ἂν
1144 3013 1319 3084 ἔγωγε
1367 3013 1686 3076 καταδείσας
1714 3013 1886 3075 οὐδὲν,
1915 3013 1995 3065 ὅτι

423 3108 516 3162 καὶ
546 3106 781 3158 σέσωκεν
808 3107 836 3156 6
867 3105 1149 3175 προφήτης
1178 3103 1274 3174 τὴν
1302 3102 1501 3173 Γόμερ.
1544 3102 1768 3155 Γύναιον
1797 3100 1904 3173 γὰρ
1935 3102 1996 3155 τὸ

2114 631 2313 685 tudinis
2342 631 2578 686 notanda
2606 642 2709 695 est,
2737 633 2790 686 in
2822 648 2924 701 qua
2958 632 3324 702 pulcherrime
3358 634 3686 694 ostenditur,

2109 738 2216 792 quo
2245 733 2403 791 pacto
2427 724 2582 778 nobis
2613 724 2791 778 adhuc
2840 724 3123 778 sceleratis
3150 732 3205 777 et
3234 724 3527 778 immundis
3569 722 3683 790 Spi-

2108 816 2356 870 ritualem
2381 831 2531 869 suam
2568 816 3008 870 communionem
3042 816 3286 870 divinum
3312 813 3547 869 Verbum
3578 813 3685 867 lar-

2106 907 2307 976 giatur.
2348 907 2653 976 Alloquitur
2682 923 2812 979 ergo
2874 908 3248 962 universorum
3291 908 3433 962 Deus
3466 907 3681 961 beatum

2106 998 2298 1054 Oscam
2338 1000 2391 1053 in
2434 999 2577 1054 hunc
2610 1001 2826 1053 modum
2859 1017 2873 1054 :
2905 1019 2924 1051 ι
2968 1000 3135 1066 Vade,
3179 1001 3363 1070 accipe
3407 1000 3499 1055 tibi
3552 1015 3683 1053 uxo-

2108 1108 2217 1147 rem
2263 1092 2644 1147 fornicationis
2684 1102 2737 1147 et
2789 1092 2924 1145 ﬁlios
2988 1092 3379 1147 fornicationis.
3414 1112 3432 1143 ι
3473 1093 3685 1160 Accipit

2106 1194 2289 1239 autem
2346 1182 2569 1249 Gomer,
2617 1198 2722 1236 non
2772 1191 2830 1237 ut
2879 1182 3001 1236 inde
3050 1182 3334 1237 materiam
3393 1183 3683 1251 voluptatis

2104 1277 2551 1333 nancisceretur:
2576 1275 2669 1329 sed
2698 1284 2758 1327 ut
2796 1274 3028 1328 ministri
3075 1275 3424 1344 obsequentis
3446 1274 3680 1330 ollicium

2104 1367 2374 1435 impleret,
2436 1376 2494 1419 ut
2547 1377 2671 1437 typo
2727 1364 3091 1434 praeservirct,
3144 1382 3301 1435 quem
3349 1367 3519 1435 ipsum
3561 1382 3683 1421 esse

2105 1459 2445 1528 potissimum
2480 1458 2739 1518 dicemus,
2777 1456 2827 1509 in
2859 1456 3191 1519 carnalibus,
3225 1469 3277 1512 et
3316 1458 3545 1513 terrenis
3571 1460 3683 1527 spi-

2107 1549 2344 1613 ritualia,
2403 1559 2458 1602 ut
2502 1548 2647 1613 licet,
2710 1557 3212 1617 repraesentantem.
3256 1550 3361 1620 16
3422 1550 3683 1617 Deinceps

2104 1641 2381 1709 prophetae
2432 1654 2651 1708 scopum
2682 1638 2735 1691 in
2781 1638 2939 1692 modo
2977 1647 3032 1693 ct
3069 1640 3278 1694 ratione
3321 1656 3479 1695 nemo
3524 1657 3684 1695 accn-

2102 1734 2261 1788 sabit.
2305 1731 2455 1785 Velle
2485 1732 2628 1784 enim
2681 1729 2890 1783 uxoriis
2942 1730 3174 1784 vinculis
3232 1732 3463 1801 alligari,
3504 1737 3680 1787 susci-

2102 1822 2528 1891 piendornmque
2570 1820 2861 1874 liberorum
2898 1820 3074 1872 studio
3127 1822 3322 1883 teneri,
3357 1836 3385 1872 a
3423 1821 3682 1875 divinitus

2105 1914 2363 1983 inspirata
2440 1911 2718 1980 Scriptura
2782 1925 2886 1963 non
2945 1910 3260 1978 prohibetur
3304 1930 3317 1965 :
3354 1912 3483 1981 quin
3547 1914 3595 1966 id
3650 1930 3681 1966 ει

2103 2006 2392 2064 dedecore,
2423 2013 2475 2057 et
2501 2002 2770 2057 calumnia
2824 2001 3022 2070 ubique
3052 2002 3292 2057 defendit
3322 2019 3337 2059 ι
3376 2021 3393 2052 ι
3446 2001 3683 2056 Honora-

2103 2097 2208 2150 bile
2243 2097 2387 2151 enim
2419 2095 2774 2161 connubium,
2808 2104 2862 2149 et
2913 2096 3104 2150 thorus
3161 2093 3619 2162 immaculatus",
3653 2115 3671 2145 ι

2095 2188 2249 2257 juxta
2308 2188 2449 2243 beati
2510 2187 2660 2241 Pauli
2695 2188 2920 2241 dictum.
2989 2187 3320 2242 Concessum
3368 2196 3452 2241 est
3495 2201 3673 2241 autem

2102 2280 2410 2334 volentibus
2444 2289 2591 2334 recte
2623 2278 2827 2344 vivere,
2859 2289 2914 2332 et
2947 2278 3115 2332 vitam
3144 2277 3342 2333 virtute
3374 2294 3438 2333 ac
3477 2280 3676 2349 pietate

2100 2369 2446 2437 conspicuam
2509 2382 2632 2421 cum
2702 2365 2861 2419 laude
2907 2364 3213 2427 traducere,
3271 2365 3431 2420 ctiam
3499 2365 3676 2434 proles

2100 2471 2309 2529 optare.
2351 2459 2444 2513 Sic
2478 2471 2709 2526 namque
2738 2456 2871 2509 vixit
2905 2457 3095 2511 beatus
3136 2457 3435 2517 Abraham,
3463 2466 3519 2511 et
3547 2472 3677 2527 pos-

2103 2556 2200 2607 teri
2228 2553 2348 2622 ejus
2388 2551 2498 2606 Deo
2538 2552 2591 2604 in
2644 2551 2747 2604 hoc
2778 2557 2920 2603 statu
2963 2549 3299 2617 placuerunt.
3341 2548 3481 2615 Quid
3525 2566 3676 2620 ergo.

2100 2648 2187 2700 dic
2216 2645 2367 2711 mihi,
2409 2644 2645 2698 alienum
2683 2652 2785 2705 est,
2839 2650 2931 2695 aut
2973 2642 3191 2695 cuinam
3245 2643 3457 2697 tandem
3490 2643 3678 2696 crimi-

2102 2737 2306 2792 nationi
2357 2736 2584 2806 patebit,
2650 2750 2756 2787 non
2813 2734 3054 2787 aversari
3106 2733 3344 2802 nuptias,
3389 2747 3510 2787 cum
3538 2732 3679 2787 Deus

2101 2828 2152 2880 in
2190 2829 2274 2882 his
2318 2826 2628 2895 corporeis,
2674 2832 2733 2877 ut
2778 2838 2996 2877 sensum
3034 2822 3374 2877 moventibus
3404 2824 3676 2893 quidpiam

2099 2918 2404 2989 spirituale.
2424 2927 2480 2970 et
2515 2915 2733 2969 lecturis
2764 2913 2831 2968 ad
2858 2914 3023 2968 animi
3067 2913 3306 2969 fructum
3340 2915 3680 2970 conducibile

2098 3011 2335 3067 describi
2364 3024 2428 3064 ac
2453 3007 2667 3079 depingi
2693 3005 2971 3074 jusserit?
3013 3005 3273 3077 Equidem
3309 3022 3414 3063 non
3451 3008 3680 3062 verebor
3728 3024 3731 3027 ·

2099 3106 2391 3171 allirmare,
2443 3104 2760 3175 prophetam
2808 3098 3007 3155 Gomer
3051 3105 3212 3157 etiam
3280 3103 3443 3158 saluti
3490 3103 3674 3160 luisse.

422 3198 591 3259 οὕτως
639 3196 863 3267 αἰσχρὸν
902 3196 994 3248 καὶ
1037 3193 1372 3258 πολύκοινον,
1416 3194 1497 3247 ἐν).
1533 3193 1797 3246 πέπεικεν
1840 3194 1996 3266 ἀνδρὶ

2102 3197 2470 3252 llulierculam
2518 3198 2660 3250 enim
2714 3194 2849 3249 adeo
2902 3194 3182 3261 infamem,
3219 3195 3511 3266 multisque
3540 3211 3682 3250 cum-

423 3288 776 3361 προσκεῖσθαι
816 3289 979 3358 μόνῳ,
1011 3287 1105 3340 καὶ
1130 3286 1231 3359 τὴν
1275 3287 1440 3342 πάλαι
1474 3289 1566 3341 καὶ
1597 3287 1764 3358 αὑτὴν
1796 3286 1997 3341 λυποῦ-

423 3397 521 3435 σαν
550 3380 647 3451 τὴν
679 3377 838 3447 φύσιν
870 3378 970 3448 (ὅτι
1005 3377 1081 3448 μὴ
1104 3377 1307 3431 τέκνων
1340 3376 1595 3429 ὑπέκειτο
1622 3378 1829 3444 γοναῖς,
1862 3376 1997 3430 ἀλλὰ

422 3474 540 3534 ταῖς
576 3470 684 3524 τῶν
736 3468 1147 3541 προστυχόντων
1193 3468 1547 3538 ἡδυπαθείαις
1598 3468 1852 3521 πωλοῦσα
1896 3469 1995 3537 τὴν

421 3562 589 3635 ὥραν,
626 3561 895 3631 πέταυρον
934 3555 1002 3630 ἦν
1038 3558 1289 3621 θανάτου,
1319 3559 1412 3611 καὶ
1446 3558 1606 3629 θύρα,
1638 3559 1731 3612 καὶ
1762 3559 1879 3623 ὁδὸς
1916 3561 1996 3622 εἰς

422 3654 551 3707 αὑτό
582 3671 683 3706 που
724 3653 783 3704 τὸ
820 3652 955 3722 βαθὺ
1009 3653 1101 3705 καὶ
1130 3649 1339 3704 λοῖσθον
1368 3652 1747 3719 καταφέρουσα
1786 3650 1993 3717 σκότος)

423 3745 753 3816 ἀποσχέσθαι
776 3744 1005 3797 πέπεικε
1028 3743 1133 3797 τῶν
1154 3743 1296 3796 οὕτω
1318 3742 1537 3796 διεπτυσ
1545 3743 1718 3813 μένων
1745 3743 1997 3814 ὲπᾳσμά-

422 3854 528 3891 των
554 3854 613 3890 τε
652 3836 768 3907 ἅμα
816 3836 910 3889 καὶ
954 3836 1388 3907 ἐγχειρημάτων,
1446 3835 1541 3887 καὶ
1572 3834 1778 3887 τέκνων
1822 3836 1994 3888 ἐποίει

426 3928 637 4000 μητέρα
671 3927 893 3997 σεμνήν.
938 3924 1011 3978 Τὸ
1051 3926 1108 3978 δὲ
1133 3925 1196 3995 δὴ
1229 3925 1303 3995 μὴ
1337 3924 1539 3994 σφόδρα
1573 3923 1854 3992 φροντίσαι
1887 3925 1995 3976 τῶν

423 4019 542 4072 καθ’
585 4015 796 4080 ἑαυτὸν,
847 4016 1102 4082 ἐξανύσαι
1146 4033 1210 4084 γε
1262 4015 1367 4087 μὴν
1419 4015 1635 4068 ἑλέσθαι
1686 4015 1883 4085 μᾶλλον
1936 4016 1996 4068 τὸ

421 4110 592 4180 ίτέρῳ
629 4112 916 4180 χρήσιμον,
949 4109 1043 4162 καὶ
1071 4109 1369 4176 ἀναγκαῖον
1412 4108 1491 4171 είς
1522 4106 1814 4177 σωτηρίαν,
1846 4108 1996 4175 ἅγιο-

424 4202 629 4272 πρεπὲς
674 4201 738 4254 ἂν
778 4200 1020 4269 φαίνοιτο
1071 4200 1164 4253 καὶ
1192 4199 1517 4267 ἀξιάγαστον
1552 4198 1893 4269 σπούδασμα.
1925 4198 1995 4250 Ἦ

421 4293 531 4361 γὰρ
575 4292 673 4360 οὐχ
718 4290 861 4344 οὕτω
907 4291 1001 4343 καὶ
1042 4290 1264 4343 ἐπαίνου
1317 4289 1513 4353 παντὸς
1554 4289 1861 4359 ἀξιώσομεν
1903 4289 1995 4341 τὸν

426 4382 694 4453 μακάριον
720 4383 1004 4453 προφήτην
1040 4382 1287 4444 Ἡσαΐαν,
1318 4383 1367 4434 εί
1395 4382 1484 4435 τὸν
1515 4382 1833 4451 χιτωνίσκον
1863 4382 1995 4434 ἀπο-

421 4473 535 4537 δὺς,
582 4472 987 4542 ὑπολυσάμενος
1016 4473 1073 4525 δὲ
1118 4474 1212 4527 καὶ
1251 4473 1317 4527 τὰ
1350 4474 1606 4528 σανδάλια
1627 4517 1640 4538 ,
1689 4474 1782 4526 καὶ
1812 4473 1992 4541 ὀλίγου

2104 3305 2321 3345 munem
2374 3305 2439 3345 eo
2478 3292 2769 3359 promovit,
2820 3300 2879 3345 ut
2930 3288 3022 3343 uni
3072 3288 3189 3341 viro
3238 3288 3675 3343 adhaeresceret:

2102 3392 2159 3439 et
2188 3398 2307 3452 qua
2334 3383 2539 3451 pridem
2591 3383 2758 3450 ipsam
2795 3394 3013 3452 quoque
3043 3387 3292 3433 naturam
3326 3378 3677 3433 contristabat

2104 3474 2314 3545 (neque
2336 3476 2479 3529 en'im
2512 3474 2679 3544 prolis
2710 3474 2955 3529 tollenth
3002 3487 3164 3526 causa
3198 3471 3250 3524 id
3283 3469 3548 3535 faciebat;
3586 3473 3678 3524 sed

2102 3568 2473 3621 accedentium
2506 3568 2572 3620 ad
2596 3580 2655 3620 se
2678 3566 2997 3619 libidinibus
3025 3564 3253 3617 formam
3311 3563 3568 3625 vendens,
3603 3561 3681 3615 la-

2103 3674 2274 3729 queus
2303 3669 2423 3713 erat
2454 3659 2669 3724 mortis,
2697 3666 2750 3711 et
2770 3657 2933 3724 janua
2963 3670 3028 3710 ac
3063 3656 3147 3708 via
3187 3655 3239 3708 in
3281 3655 3425 3723 ipsas
3458 3654 3680 3723 profun-

2103 3754 2199 3807 das
2243 3759 2297 3805 et
2342 3760 2617 3806 extremas
2671 3748 2919 3802 tenebras
2963 3744 3309 3817 deducens),
3336 3747 3383 3799 ei
3412 3748 3681 3813 persuasit

2103 3840 2379 3895 abstinere
2402 3841 2469 3894 ab
2508 3841 2643 3893 adeo
2665 3837 2996 3908 despuendis
3024 3835 3449 3891 incantamentis
3475 3847 3527 3888 et
3547 3849 3678 3901 cpe-

2104 3932 2273 3997 ribus,
2336 3932 2724 4000 bonestamque
2775 3930 3068 3984 liberorum
3140 3937 3418 3995 parentem
3472 3925 3675 3981 eli’ecit.

2102 4025 2255 4091 Quod
2299 4033 2478 4078 autem
2512 4025 2578 4079 de
2631 4038 2691 4078 se
2734 4038 2923 4093 parum
2976 4021 3262 4085 sollicitus,
3321 4021 3500 4091 potius
3533 4022 3676 4089 quod

2102 4116 2258 4170 alteri
2288 4116 2445 4180 utile,
2488 4126 2543 4170 et
2573 4118 2639 4170 ad
2694 4115 2923 4171 salutem
2982 4114 3347 4169 necessarium
3375 4113 3534 4178 foret,
3564 4129 3678 4167 am-

2101 4206 2292 4274 plexus
2314 4216 2418 4269 est,
2455 4206 2747 4275 praclarus
2776 4214 3022 4270 conatus,
3051 4214 3312 4259 etsancto
3333 4205 3450 4258 viro
3485 4204 3677 4273 dignus

2099 4296 2220 4351 fuit.
2254 4298 2335 4351 An
2370 4298 2513 4352 enim
2548 4312 2654 4352 non
2696 4297 2768 4351 ita
2808 4297 2959 4350 omni
2999 4296 3383 4366 przedicatione
3440 4297 3677 4351 cohone-

2100 4388 2350 4443 srandum
2387 4387 2728 4442 censebimus
2772 4388 2987 4443 beatum
3048 4385 3269 4452 Isaiam,
3314 4386 3480 4456 quod,
3513 4398 3675 4442 exuta

2102 4478 2339 4534 tunicula
2394 4478 2695 4546 solutisque
2737 4478 3016 4543 sandaliis,
3067 4487 3126 4531 et
3171 4486 3487 4546 contempta
3524 4479 3675 4546 peni-

426 4566 698 4629 παντελῶς
726 4565 964 4632 ἀξιώσας
996 4565 1154 4633 λόγου
1183 4566 1280 4637 τὴν
1327 4567 1642 4637 εὐκοσμίαν,
1675 4567 1996 4637 περιεπάτει

2102 4581 2186 4625 tus
2242 4570 2484 4624 decentia
2536 4579 2867 4637 ornatuque,
2907 4570 3080 4623 nudus
3113 4568 3566 4635 obauzbulavit",
3619 4580 3673 4622 ut

424 4657 644 4725 γυμνὸς.
677 4658 762 4710 ἴνα
792 4658 892 4727 τῆς
922 4657 1184 4727 ἐσομένης
1230 4659 1605 4728 αἰχμαλωσίας
1636 4662 1748 4721 τοῖς
1795 4658 1852 4724 ἐξ
1893 4660 1996 4711 Ἰσ-

428 4748 561 4818 ραὴλ
573 4748 898 4819 παραδείξας
918 4749 978 4803 τό
1001 4751 1207 4821 σχῆμα,
1236 4749 1353 4820 Θεῷ
1384 4749 1786 4821 προ[σ]κεῑσθαι
1821 4768 1998 4819 παρα-

428 4841 664 4913 σκευάσῃ
694 4842 912 4905 λοιπόνς
941 4844 1005 4895 Τί
1030 4844 1109 4909 δὲ,
1152 4843 1273 4901 είπέ
1305 4860 1430 4913 μοι,
1469 4844 1566 4897 καὶ
1604 4845 1632 4896 ὁ
1673 4842 1835 4912 σοφὸς
1867 4844 1999 4913 ἡμῖν

426 4932 635 4994 Παῦλος
662 4934 761 4985 οὐκ
789 4933 1026 5003 ἔφασκεν
1050 4934 1322 5005 ἐναργῶςο
1364 4953 1382 4986 ι
1412 4935 1672 5005 Ηὺχόμην
1697 4936 1804 5006 γάρ
1838 4934 2000 4998 αὐτὸς

424 5020 534 5087 ἐγὼ
558 5021 804 5091 ἀνάθεμα
831 5018 970 5075 εἶναι
996 5024 1105 5077 ἀπὸ
1129 5022 1223 5077 τοῦ
1251 5023 1512 5095 Χριστοῦ,
1539 5024 1680 5096 ὑπὲρ
1711 5024 1820 5079 τῶν
1846 5024 1997 5078 ἀδελ-

426 5111 541 5179 φῶν
570 5128 690 5180 μου,
715 5113 826 5166 τῶν
852 5114 1124 5183 συγγενῶν
1153 5132 1251 5186 μου
1271 5116 1379 5169 τῶν
1408 5116 1549 5171 κατά
1577 5116 1785 5188 σάρκα;
1814 5136 1832 5167 ›
1863 5116 1997 5186 Οὐχὶ

425 5204 482 5259 δὲ
511 5208 605 5258 καὶ
631 5209 746 5268 τοῖς
775 5210 908 5260 πᾶσι
938 5206 1194 5275 γενέσθαι
1218 5206 1287 5260 τά
1313 5208 1495 5263 πάντα
1527 5208 1711 5279 φησὶν,
1748 5208 1835 5262 ἵνα
1862 5207 1997 5261 πάν-

425 5313 531 5359 τως
574 5297 724 5361 τινάς
759 5298 906 5370 σώσῃ
927 5341 940 5363 ,
986 5302 1081 5353 καὶ
1113 5299 1394 5368 γεγονέναι
1431 5300 1529 5370 μὲν
1571 5303 1686 5363 τοῖς
1722 5300 1997 5363 Ἰουδαίοις

424 5386 501 5449 ὡς
538 5386 807 5451 Ἰουδαῖος,
837 5391 946 5452 τοῖς
978 5389 1197 5460 ἀνόμοις
1232 5390 1307 5452 ὡς
1334 5390 1552 5459 ἄνομος,
1593 5390 1670 5461 μὴ
1697 5390 1773 5444 ὣν
1800 5390 1997 5459 ἄνομος

423 5476 563 5547 Θεῷ,
602 5476 716 5531 ἀλλ’
758 5477 978 5548 ἔννομος
1020 5478 1260 5551 Χριστῷ,
1311 5479 1427 5534 Ἵνα
1503 5480 1651 5551 σώσῃ
1699 5481 1824 5545 τοὺς
1869 5481 1996 5533 ἀνό-

350 5592 351 5595 η
429 5584 591 5636 μους;
642 5569 750 5622 Καὶ
768 5570 820 5623 τί
856 5570 935 5623 ἔτι
964 5571 1135 5627 ταῦτα
1159 5573 1321 5641 λέγω,
1365 5573 1427 5624 τὸ
1458 5571 1537 5626 ἔτι
1572 5571 1757 5643 μεῖζον
1799 5574 1992 5641 άφείς;

424 5659 502 5711 ὅτι
536 5659 631 5713 καὶ
659 5660 822 5725 αὑτὸς
848 5663 876 5715 6
905 5664 1201 5734 μονογενὴς
1237 5663 1328 5716 τοῦ
1358 5662 1491 5717 Θεοῦ
1517 5663 1709 5733 Λόγος,
1730 5664 1815 5718 ἵνα
1846 5663 1993 5736 σώσῃ

497 5837 537 5868 ³¹
569 5836 732 5895 Hebr.
768 5855 885 5905 xm,
920 5841 975 5895 4.
1048 5844 1091 5874 ⁵¹
1133 5842 1231 5898 lsa.
1270 5858 1360 5910 xx,
1420 5844 1472 5898 Ξ.
1553 5847 1595 5876 ⁵³
1638 5845 1792 5898 Rom.
1836 5862 1911 5911 ιτ,
1947 5845 1997 5897 5.

2105 4663 2299 4717 futura:
2348 4662 2681 4730 captivitatis
2727 4662 2913 4715 habitu
2970 4659 3228 4715 lsraelitis
3280 4663 3674 4724 demonstrato,

2098 4754 2207 4808 Deo
2257 4753 2377 4808 illos
2434 4754 2485 4807 in
2542 4765 2814 4823 posterum
2877 4753 3157 4808 adhaerere
3206 4752 3675 4819 faceret?Quid?

2097 4860 2271 4901 annon
2297 4854 2352 4899 et
2374 4844 2589 4915 sapiens
2628 4844 2717 4899 ille
2761 4840 2962 4899 Paulus
3003 4843 3161 4898 nobis
3203 4855 3389 4913 aperte
3419 4844 3671 4898 dicebat:

2103 4955 2122 4989 ι
2153 4935 2417 5005 Optabam
2463 4936 2606 4989 enim
2632 4951 2733 5007 ego
2762 4937 2877 5007 ipse
2910 4937 3196 4990 anathema
3234 4949 3356 4991 esse
3392 4950 3425 4989 a
3455 4935 3674 4989 Christo

2099 5045 2198 5099 pro
2236 5028 2496 5082 fratribus
2524 5028 2682 5095 meis,
2713 5029 2803 5098 qui
2830 5037 2957 5083 sunt
2998 5028 3210 5094 cognati
3235 5029 3339 5080 mei
3374 5026 3673 5081 secundum

2102 5136 2321 5177 carnem
2340 5119 2427 5174 "?
2458 5138 2478 5172 ι
2528 5120 2719 5174 Annon
2758 5120 2921 5175 etiam
2951 5118 3204 5174 omnibus
3246 5119 3427 5171 omnia
3471 5116 3672 5172 factum

2103 5226 2162 5266 se
2196 5211 2504 5276 confitetur,
2554 5219 2613 5265 ut
2657 5225 2848 5267 omnes
2884 5209 3087 5264 faceret
3125 5208 3348 5264 salvos?
3382 5218 3436 5262 et
3463 5206 3665 5261 factum

2102 5303 2319 5373 quidem
2357 5300 2561 5356 Judaeis
2600 5310 2658 5356 ut
2679 5301 2920 5357 Judaeum
2948 5317 2965 5355 :
2990 5302 3055 5357 iis
3082 5300 3171 5368 qui
3203 5300 3318 5354 sine
3351 5299 3467 5367 lege
3497 5309 3672 5363 erant,

2103 5392 2256 5463 quasi
2297 5393 2413 5446 sine
2429 5392 2545 5461 lege
2570 5403 2736 5456 esset,
2770 5410 2892 5448 cum
2926 5394 3045 5448 sine
3092 5393 3209 5461 lege
3254 5392 3344 5445 Dei
3377 5406 3480 5446 non
3507 5402 3671 5451 esset,

2103 5486 2196 5536 sed
2225 5483 2277 5536 in
2340 5482 2455 5551 lege
2508 5493 2654 5538 esset
2701 5481 2925 5548 Christi,
2977 5492 3035 5538 ut
3074 5482 3412 5540 lucrifaceret
3450 5500 3544 5539 eos
3581 5486 3670 5554 qui

2101 5574 2220 5628 siue
2254 5572 2373 5642 lege
2423 5573 2659 5627 erant“.
2721 5576 2785 5629 Et
2819 5577 2947 5645 quid
2995 5590 3094 5645 ego
3133 5574 3233 5633 ista
3280 5592 3669 5641 commemoro,

2102 5666 2245 5736 quod
2299 5663 2471 5732 majus
2527 5675 2611 5719 est
2661 5667 2894 5724 relicto?
2932 5666 3107 5737 Ipsum
3149 5670 3276 5725 item
3337 5669 3669 5740 unigenitum

2078 5845 2121 5875 l"
2163 5844 2178 5897 Ι
2215 5844 2341 5901 (lor.
2398 5862 2474 5912 Ix,
2515 5845 2713 5901 ‘20-‘22.
