4046 6376
396 422 468 480 55
1412 422 1473 475 Β,
1511 415 1787 476 CYRILLI
1826 418 2295 480 ALEXANDRINI
2333 417 2652 480 ARCHIEP.
3576 425 3645 486 56

396 540 492 597 Dei
543 536 645 610 17
713 536 968 602 Verbum,
1023 549 1080 592 ut
1136 539 1370 595 salvaret
1423 541 1717 595 humanum
1780 557 1963 612 genus,

2070 543 2131 595 τὸ
2162 543 2500 615 ἀνθρώπινον
2549 544 2725 612 γένος,
2756 561 2774 594 ι
2805 544 2915 615 Οὐχ
2968 541 3261 615 ἁρπαγμὸν
3307 543 3548 615 ἡγήσατο
3586 548 3644 600 τὸ

402 650 422 684 ι
458 646 561 686 non
592 630 835 698 rapinam
880 628 1204 682 arbitratum
1252 640 1357 695 est,
1389 645 1511 685 esse
1562 631 1768 700 aequale
1829 631 1968 699 Deo;

400 723 489 778 sed
544 735 603 775 se
635 720 809 789 ipsum
868 719 1189 786 exinanivit,
1223 720 1451 775 formam
1502 722 1643 775 servi
1677 722 1968 792 accipiens,

399 829 451 867 ιιι
480 810 888 867 similitudinem
930 811 1205 865 hominum
1239 812 1467 871 factum.
1511 823 1565 866 et
1610 812 1884 868 inventum
1915 823 1972 867 ut

399 906 556 959 homo
586 903 655 970 ",
701 903 960 959 sustinuit
1009 919 1227 959 crucem
1255 944 1271 970 ,
1337 904 1655 961 confusione
1727 915 1972 961 contem-

398 1004 489 1064 pta
512 996 580 1050 ⁵⁶.
610 1014 630 1047 ι
936 1006 942 1011 ’

467 1085 613 1142 Nihil
691 1102 821 1159 ergo
883 1087 1103 1151 mirttm,
1164 1086 1206 1140 si
1255 1086 1470 1156 paulum
1514 1095 1668 1141 extra
1717 1086 1970 1143 decorum

395 1194 643 1249 egressus
687 1182 973 1250 propheta,
1029 1180 1253 1235 salvavit
1305 1181 1524 1244 Camer,
1574 1192 1631 1237 et
1681 1183 1973 1237 muliercu-

397 1272 500 1324 lam
558 1273 822 1341 perditam
883 1274 947 1325 ad
1006 1289 1216 1325 tuorum
1277 1274 1614 1328 honestatem
1676 1275 1969 1331 revocavit.

397 1363 553 1419 Utilis
580 1375 784 1429 autem,
821 1374 875 1418 et
913 1366 1229 1419 necessaria:
1292 1365 1369 1419 rel
1423 1380 1588 1420 causa
1631 1366 1796 1420 Deum
1828 1381 1975 1419 man-

396 1455 579 1518 dasse,
618 1457 694 1508 ttti
729 1455 1058 1509 mulierculae
1092 1456 1494 1525 conjugaretur,
1533 1458 1713 1511 statim
1753 1457 1969 1528 plenam

396 1546 554 1600 fidem
588 1548 803 1607 astruit,
859 1547 959 1600 hac
1004 1548 1071 1601 de
1101 1562 1263 1601 causa
1298 1548 1427 1601 illud
1467 1549 1750 1603 mandasse
1776 1548 1972 1603 confir-

394 1649 588 1690 mans:
626 1654 645 1687 ι
681 1635 815 1702 Quia
874 1635 1150 1691 fornicans
1215 1637 1571 1691 fornicabitur
1657 1648 1798 1693 terra
1851 1647 1972 1708 post

396 1724 585 1779 Deum.
615 1726 678 1779 Et
709 1727 859 1791 abiit,
904 1737 958 1781 et
985 1728 1189 1797 accepit
1226 1727 1446 1791 Comer,
1483 1728 1645 1783 filiam
1672 1729 1968 1793 Debelaim,

394 1823 449 1865 et
488 1816 757 1881 concepit,
817 1824 871 1869 et
925 1817 1134 1885 peperit
1184 1818 1233 1872 ei
1281 1819 1471 1874 filium.
1510 1838 1529 1872 ›
1577 1820 1689 1876 Νοιι
1734 1822 1966 1874 futuram

2071 632 2210 688 εἶναι
2243 636 2331 689 ἴσα
2361 635 2499 707 Θεῷ,
2542 636 2659 690 ἀλλ’
2684 637 2873 690 ἑαυτὸν
2905 637 3161 705 ἐκένωσε,
3211 638 3423 709 μορφὴν
3456 637 3643 693 δούλου

2070 726 2269 791 λαϐὼν,
2298 729 2356 780 ἐν
2385 726 2689 798 ὁμοιώματι
2719 727 3019 799 ἀνθρώπων
3051 728 3358 799 γενόμενος,
3391 729 3486 782 καὶ
3516 732 3643 800 σχή-

2074 834 2202 889 ματι
2249 818 2492 892 εὑρεθεὶς
2534 819 2610 881 ὡς
2647 818 2963 890 ἄνθρωπος,
3001 819 3263 890 ὑπέμεινε
3294 820 3524 893 σταυρὸν
3563 822 3644 873 αἱ·-

2071 911 2272 983 σχύνης
2309 913 2747 984 καταφρονήσας.
2776 930 2798 964 ι

2142 1090 2308 1145 οὐδὲν
2333 1084 2429 1144 οὗν
2472 1089 2580 1161 ἄρα
2622 1090 2682 1143 τὺ
2726 1080 3059 1159 θαυμαστδν,
3088 1090 3139 1143 εἰ
3174 1088 3349 1160 βραχὺ
3375 1087 3468 1142 τοῦ
3503 1088 3639 1160 πρέ.

2071 1198 2264 1247 ποντος
2294 1180 2728 1253 ἐκπεφοιτηκὼς,
2770 1182 3011 1235 σέσωκεν
3035 1183 3064 1235 6
3096 1183 3387 1253 προφήτης
3415 1179 3515 1251 τὴν
3543 1180 3639 1233 Γό-

2076 1286 2211 1345 μερ,
2265 1274 2360 1327 καὶ
2403 1271 2683 1335 ἀπολωλὸς
2731 1272 2792 1324 τὸ
2859 1271 3081 1339 γύναιον
3131 1270 3453 1343 ἀνακομίζει
3504 1269 3641 1341 πρὸς

2072 1368 2394 1439 εὐκοσμίαν.
2469 1368 2591 1419 Ὅτι
2640 1366 2697 1417 δὲ
2752 1364 3024 1436 χρησίμου
3067 1380 3129 1417 τε
3193 1364 3286 1418 καὶ
3341 1363 3640 1432 ἀναγκαίου

2072 1461 2398 1532 πράγματος
2457 1458 2620 1512 ἕνεκα
2666 1456 3038 1510 συνάπτεσθαι
3085 1456 3162 1526 τῷ
3218 1454 3424 1526 γυναίῳ
3473 1470 3638 1525 προσ-

2072 1552 2260 1606 έταττε
2287 1551 2441 1615 Θεὸς,
2485 1549 2978 1621 πεπληροφόρηκεν
3017 1546 3199 1611 εὐθὺς,
3236 1545 3445 1616 ταύτης
3477 1545 3641 1598 ἕνεκα

2070 1645 2171 1714 τῆς
2200 1642 2375 1706 αἰτίας
2408 1644 2592 1696 ἐκεῖνα
2620 1638 2921 1712 προστάξαι
2964 1637 3461 1715 διαϐεϐαιούμενος.
3494 1637 3637 1690 Διότι

2073 1737 2226 1807 φησὶ,
2251 1755 2269 1787 ι
2292 1732 2728 1805 Ἐκπορνεύουσα
2754 1730 3110 1805 ἐκπορνεύσει
3131 1731 3163 1800 ἡ
3181 1730 3253 1800 γῆ
3276 1728 3386 1783 ἀπὸ
3415 1727 3640 1782 ὄπισθεν

2070 1827 2163 1881 τοῦ
2195 1826 2421 1897 Κυρίου.
2457 1826 2566 1879 Καὶ
2619 1824 2909 1896 ἐπορεύθη,
2957 1825 3053 1877 καὶ
3107 1821 3265 1876 ἔλαϐε
3317 1819 3417 1891 τὴν
3458 1818 3636 1888 Γόμερ

395 1916 557 1959 terra:
612 1907 1047 1975 fornicationem,
1127 1909 1221 1963 sed
1278 1909 1389 1979 jam
1425 1910 1619 1965 factam
1685 1912 1963 1981 prophetae

2070 1920 2344 1990 θυγατέρα
2369 1917 2663 1989 Δεϐηλαῒμ,
2706 1919 2803 1972 καὶ
2841 1916 3121 1979 συνέλαϐε,
3150 1916 3244 1969 καὶ
3275 1913 3459 1967 ἔτεκεν
3488 1910 3637 1981 αύτῷ

395 1998 618 2052 indicat.
669 1999 835 2052 Erant
870 2000 1012 2053 enim
1067 2000 1219 2053 vituli
1273 2001 1328 2055 in
1385 2001 1518 2069 Dan,
1555 2012 1609 2057 et
1654 2001 1857 2067 Bethel,
1914 2013 1969 2057 et

390 2088 518 2142 Baal
574 2090 769 2159 templa
822 2091 1055 2145 excitata
1116 2092 1415 2160 fuerant",
1448 2104 1503 2147 et
1526 2095 1861 2149 cmremonia:
1899 2097 1968 2149 ab

390 2180 555 2235 Israel
611 2195 706 2250 per
757 2192 921 2236 lotam
962 2182 1355 2237 Samaritarum
1410 2185 1681 2255 regionem
1725 2186 1968 2240 adhibe-

390 2272 611 2329 bantur.
662 2272 779 2328 Non
830 2276 993 2338 igitur
1029 2277 1318 2331 discrimen
1363 2287 1660 2346 temporum
1718 2278 1866 2344 facit,
1906 2294 1968 2334 ac

389 2373 569 2419 servat
595 2364 774 2419 divina
835 2365 1148 2435 Scriptura,
1199 2377 1289 2420 aut
1348 2369 1533 2431 etiam,
1603 2369 1745 2437 quod
1822 2369 1965 2423 dictu

386 2455 569 2510 verius
620 2464 724 2521 est,
782 2456 873 2525 qui
930 2457 1047 2511 haec
1101 2458 1259 2511 nobis
1292 2472 1419 2512 sunt
1450 2459 1968 2526 interpretati:sic-

389 2555 449 2601 ut
502 2548 628 2601 item
661 2558 718 2602 et
759 2547 873 2615 ipsa
932 2546 1131 2601 Christi
1173 2563 1396 2618 persona
1448 2563 1544 2619 per
1597 2550 1747 2605 Isaia:
1780 2565 1963 2605 vocem

388 2639 943 2707 induciturloquens:
984 2658 1003 2690 ι
1042 2640 1269 2693 Dorsum
1290 2656 1466 2694 meum
1507 2642 1711 2696 dediad
1735 2640 1962 2712 ﬂagella,

386 2740 441 2784 et
467 2747 632 2801 genas
663 2746 810 2785 meas
861 2732 924 2783 ad
969 2730 1238 2799 alapas".
1280 2749 1298 2782 ι
1337 2733 1403 2785 Et
1454 2733 1567 2801 ipse
1607 2734 1863 2802 propheta
1900 2736 1964 2787 de

386 2818 547 2885 ipso:
585 2837 604 2869 ‹
639 2817 790 2873 Sicut
849 2821 965 2873 ovis
1021 2823 1086 2873 ad
1132 2821 1460 2875 occisionem
1517 2823 1712 2877 ductus
1756 2835 1857 2886 est,
1909 2832 1961 2879 et

386 2919 447 2963 ut
468 2925 641 2979 agnus
693 2925 872 2964 coram
917 2912 1177 2966 tondente
1204 2926 1262 2965 se
1290 2914 1715 2979 obmutescens;
1748 2915 1826 2969 sic
1857 2930 1961 2969 non

388 3002 564 3069 aperit
596 3016 658 3055 os
692 3016 870 3055 suum.
900 3001 957 3055 In
992 3002 1294 3057 humilitate
1335 3004 1503 3073 ipsius
1552 3004 1811 3071 judicium
1848 3006 1964 3075 ejus

387 3092 658 3145 sublatum
717 3093 924 3148 est".s
982 3092 1177 3149 Cernis
1227 3086 1502 3163 quoiuodo
1567 3097 1712 3166 quod
1767 3096 1964 3152 futuris

387 3181 721 3250 temporibus
775 3195 1094 3238 eventurum
1152 3195 1290 3251 erat,
1360 3196 1421 3239 ut
1472 3188 1584 3256 jam
1632 3196 1960 3242 transactum

2068 2013 2234 2066 υἱόν.»
2270 2013 2381 2065 Καὶ
2408 2012 2508 2065 ούκ
2538 2010 2803 2081 ἐσομένην
2834 2009 3091 2080 πορνείαν
3115 2011 3212 2078 τῆς
3239 2007 3362 2074 γῆς,
3379 2004 3514 2058 ἀλλὰ
3539 2003 3637 2074 τὴν

2067 2104 2165 2174 ἤδη
2206 2104 2581 2173 γεγενημένην
2610 2100 2688 2171 τῷ
2733 2101 2987 2171 προφήτῃ
3026 2099 3175 2170 φησί.
3210 2099 3319 2152 Καὶ
3352 2095 3460 2165 γὰρ
3498 2091 3639 2167 ἦσαν

2067 2198 2123 2249 αί
2166 2193 2428 2265 δαμάλεις
2464 2194 2544 2254 εἰς
2599 2193 2706 2245 Δὰν
2750 2191 2845 2244 καὶ
2879 2189 3080 2261 Βηθὴλ,
3128 2189 3223 2242 καί
3250 2188 3319 2241 τὰ
3362 2187 3456 2240 τοῦ
3491 2185 3637 2240 Βάαλ

2066 2287 2335 2357 ἐγήγερτο
2362 2284 2599 2353 τεμένη,
2633 2283 2726 2336 καὶ
2755 2282 2809 2334 ai
2856 2279 3067 2332 τελεταὶ
3101 2277 3196 2331 τοῦ
3248 2277 3461 2348 Ἰσραὴλ
3496 2275 3634 2329 κατὰ
3691 2354 3694 2357 Δ

2067 2379 2249 2431 πᾶσαν
2308 2376 2638 2447 ἐπράττοντο
2694 2376 2801 2427 τῶν
2854 2369 3213 2441 Σαμαρειτῶν
3275 2368 3373 2439 τὴν
3426 2366 3631 2439 χώραν.

2078 2468 2389 2538 Ἀδιαφορεί
2412 2463 2702 2536 τοιγαροῦν
2739 2463 2883 2516 κατὰ
2911 2463 3039 2525 τοὺς
3069 2460 3290 2534 χρόνους
3318 2462 3350 2531 ὴ
3377 2458 3631 2513 θεόπνευ·

2067 2577 2189 2623 στος
2239 2559 2450 2629 Γραφὴ,
2482 2557 2514 2626 ἢ
2558 2557 2673 2621 καὶ,
2713 2556 2846 2626 ὅπερ
2876 2553 3024 2608 ἐστὶν
3052 2551 3413 2621 ἀληθέστερον
3436 2551 3629 2611 εἰπεῖν,

2063 2653 2111 2703 oi
2165 2649 2369 2719 ταύτην
2415 2648 2549 2719 ἡμῖν
2589 2631 3081 2716 διηρμηνευκότες’
3138 2639 3387 2711 καθάπερ
3435 2638 3635 2709 ἀμέλει

2064 2740 2157 2793 καὶ
2202 2738 2333 2793 αὐτὸ
2357 2738 2419 2791 τὸ
2443 2736 2536 2791 τοῦ
2576 2733 2810 2808 Χριστοῦ
2843 2733 3130 2805 πρόσωπον
3156 2729 3245 2785 διὰ
3273 2730 3372 2800 τῆς
3411 2727 3630 2781 Ἡσαΐου

2064 2830 2247 2901 φωνῆς
2279 2829 2586 2901 εἰσφέρεται
2616 2828 2791 2895 λέγονο
2828 2844 2846 2877 ι
2870 2826 2972 2878 Τὸν
2994 2822 3163 2876 νῶτόν
3187 2838 3286 2891 μου
3315 2819 3524 2874 δέδωκα
3548 2819 3631 2880 εἰς

2067 2922 2374 2993 μάστιγας,
2409 2920 2505 2984 τὰς
2554 2919 2611 2972 δὲ
2651 2917 2908 2986 σιαγόνας
2953 2933 3051 2986 μου
3103 2916 3183 2977 εἰς
3211 2912 3563 2983 ῥαπίσματα.
3603 2928 3622 2960 ι

2064 3010 2175 3063 Καὶ
2215 3010 2375 3070 αὐτὸς
2402 3008 2456 3060 δέ
2495 3023 2657 3075 φησιν
2699 3008 2727 3058 6
2774 3007 3057 3075 προφήτης
3094 3005 3221 3072 περὶ
3248 3001 3438 3055 αὐτοῦ’
3477 3018 3497 3051 ι
3542 3000 3630 3063 Ὠς

2065 3101 2335 3172 πρόϐατον
2360 3100 2453 3151 ἐπὶ
2484 3100 2696 3168 σφαγὴν
2730 3097 2903 3168 ἤχθη,
2933 3096 3027 3147 καὶ
3058 3095 3135 3156 ὡς
3173 3093 3342 3163 ἀμνὸς
3388 3091 3629 3146 ἐναντίον

2064 3190 2157 3244 τοῦ
2186 3189 2459 3261 κείροντος
2488 3189 2670 3249 αὑτὸν,
2704 3187 2914 3254 ἄφωνος
2935 3201 2947 3215 ’
2980 3182 3152 3245 οὕτως
3185 3183 3285 3234 οὐκ
3332 3181 3536 3248 ἀνοίγει
3566 3180 3629 3232 τὸ

389 3275 735 3343 propheticus
756 3289 936 3329 sermo
961 3276 1117 3329 nobis
1142 3277 1542 3331 introduxerit?
1571 3277 1752 3345 Quare
1786 3279 1914 3333 illud
1942 3297 1955 3333 :

2065 3279 2237 3349 στόμα
2261 3275 2446 3341 αὑτοῦ,
2477 3277 2533 3328 ἐν
2559 3278 2626 3346 τῇ
2653 3272 2979 3327 ταπεινώσει
3002 3271 3164 3324 αὑτοῦ
3197 3272 3228 3342 ἡ
3256 3270 3437 3342 κρίσις
3463 3269 3628 3324 αὑτοῦ

392 3382 413 3417 ι
442 3363 740 3421 Fornicans
772 3364 1129 3421 fornicabitur
1158 3378 1331 3433 terra,
1363 3387 1382 3421 ι
1411 3383 1531 3439 pro,
1555 3369 1820 3425 fornicata
1852 3380 1960 3435 est,

389 3455 611 3525 intelligi
645 3459 824 3512 debet.
858 3457 1105 3523 Quonam
1137 3467 1316 3514 autem
1346 3459 1502 3513 modo
1544 3460 1809 3515 fornicata
1843 3462 1963 3516 est?

397 3562 417 3596 ι
451 3545 579 3601 Post
611 3549 916 3613 Dominum,
953 3568 972 3601 ι
1020 3550 1070 3603 id
1095 3560 1199 3615 est,
1231 3551 1508 3616 sequelam
1541 3562 1825 3620 aspernata
1860 3562 1963 3617 est,

391 3652 497 3705 qua
525 3639 647 3707 quis
676 3640 831 3708 quasi
864 3639 931 3693 ad
958 3640 1124 3695 Deum
1157 3641 1347 3695 tendit.
1380 3641 1652 3711 Scriptum
1675 3651 1757 3698 est
1784 3645 1959 3697 enim:

392 3746 413 3780 ι
447 3728 574 3783 Post
654 3730 936 3786 Dominum
1001 3732 1389 3797 ambulabis“,
1430 3752 1449 3786 ι
1484 3734 1588 3789 hoc
1651 3745 1756 3800 est,
1817 3735 1960 3791 Citra

386 3821 793 3876 c0nversionem
828 3838 1095 3891 supernas
1154 3832 1209 3879 et
1240 3837 1270 3876 a
1302 3822 1409 3879 Deo
1442 3826 1785 3895 praescriptas
1819 3826 1963 3896 leges

386 3913 652 3980 sequeris.
698 3912 987 3968 Fornicata
1024 3924 1107 3967 est
1145 3915 1311 3985 igitur
1339 3925 1461 3986 post
1483 3915 1801 3982 Dominum,
1849 3934 1954 3972 non

385 4001 659 4056 sustinens
698 4003 871 4072 sequi.
903 4003 1134 4059 Descivit
1182 4007 1350 4074 enim,
1375 4016 1431 4060 et
1450 4007 1821 4061 contaminata
1855 4018 1957 4074 est,

386 4104 443 4146 et
482 4094 746 4148 idolorum
819 4095 1051 4151 cultibus
1112 4097 1319 4163 dedita,
1378 4097 1666 4152 Dominum
1710 4098 1957 4154 oﬂendit.

389 4183 501 4239 Hac
534 4186 695 4255 igitur
739 4184 807 4239 de
847 4200 1015 4241 causa
1079 4186 1281 4243 Gomer
1347 4190 1605 4258 propheta
1645 4188 1815 4245 Oseas
1844 4192 1958 4245 viu-

386 4276 508 4331 i-ulo
552 4276 816 4346 conjugali
864 4278 1138 4342 sociatur,
1179 4281 1307 4348 quia
1362 4281 1625 4337 fornicata
1682 4292 1765 4339 est
1817 4294 1959 4337 terra

386 4377 509 4438 post
549 4367 853 4422 Dominum.
884 4368 1074 4424 Potest
1111 4372 1256 4425 enim
1286 4374 1428 4441 quod
1476 4373 1555 4437 lit,
1607 4389 1706 4445 pro
1766 4377 1958 4447 mysti-

386 4474 464 4513 ca:
498 4460 573 4513 rei
622 4467 748 4530 typo
777 4461 972 4531 accipi,
1030 4468 1089 4515 ut
1150 4461 1421 4519 dicebam.
1486 4465 1688 4521 Deinde
1751 4470 1960 4539 peperit

382 4549 605 4604 Comer.

2064 3369 2228 3440 ῆρθη.
2269 3388 2288 3421 ι
2332 3368 2514 3438 Ὀρᾶς,
2553 3367 2701 3429 ὅπως
2734 3364 2793 3418 τὸ
2822 3363 3078 3434 ἐσόμενον
3112 3364 3169 3415 ἐν
3197 3365 3404 3431 καιροῖς
3426 3361 3500 3423 ὡς
3527 3360 3629 3431 ήδη

2063 3460 2431 3532 γεγενημένον
2460 3460 2489 3511 6
2520 3461 2619 3529 τῆς
2648 3455 2983 3527 προφητείας
3015 3456 3146 3525 ἡμῖν
3173 3453 3520 3523 είσκεκόμικε
3543 3451 3629 3503 λό-

2063 3567 2190 3619 γος;
2244 3548 2451 3603 Οὐκοῦν
2491 3547 2553 3600 τὸ
2580 3588 2594 3614 ,
2652 3564 2671 3597 ι
2717 3544 3148 3618 Ἐκπορνεύουσα
3194 3541 3546 3613 ἐκπορνεύσει
3593 3543 3627 3611 ἡ

2063 3640 2158 3709 γῆ,
2193 3658 2212 3691 ι
2244 3638 2362 3691 ἀντὶ
2390 3634 2504 3703 τοῦ,
2537 3635 2913 3707 Πεπόρνευκεν
2952 3638 2985 3705 ἡ
3030 3635 3124 3705 γῆ,
3146 3633 3382 3703 νοητέον.
3414 3632 3628 3702 Πεπόρ-

2062 3748 2222 3786 νευκε
2249 3730 2307 3784 δὲ
2336 3730 2457 3784 τίνα
2484 3728 2719 3800 τρόπον;
2756 3745 2776 3779 ι
2799 3727 2931 3780 ’Δπὸ
2951 3728 3173 3780 ὄπισθεν
3198 3724 3293 3778 τοῦ
3327 3724 3556 3797 Κυρίου,
3602 3741 3621 3774 ι

2061 3822 2331 3889 τουτέστι,
2362 3821 2459 3892 τὴν
2488 3819 2846 3890 άκολούθησιν
2874 3818 3206 3889 ἀθετήσασα,
3228 3818 3294 3889 ἢν
3323 3817 3388 3871 ἃν
3423 3816 3628 3871 ποιοῖτό

2060 3931 2163 3977 τις,
2201 3913 2276 3975 ὡς
2302 3912 2434 3982 πρὸς
2466 3910 2617 3964 Θεόν.
2649 3911 2962 3981 Γέγραπται
2994 3910 3121 3980 γὰρ,
3145 3910 3226 3962 ὅτι
3265 3928 3283 3958 ι
3307 3908 3510 3962 Ὀπίσω
3532 3908 3627 3962 τοῦ

2062 4008 2269 4076 Κυρίου
2319 4003 2584 4075 πορεύσῃ,
2618 4022 2636 4053 ι
2675 4004 2970 4065 τουτέστιν,
3001 4000 3385 4071 ἀκολουθήσεις
3414 4000 3626 4069 ἀμεταο

2061 4098 2254 4168 τρεπτί
2282 4099 2394 4159 τοῖς
2424 4094 2628 4148 ἄνωθεν
2659 4093 2809 4165 παρὰ
2856 4092 2991 4145 Θεοῦ
3024 4091 3228 4163 νόμοις.
3279 4092 3625 4161 Πεπόρνευκε

2060 4192 2238 4245 τοίνυν
2282 4189 2388 4243 ἀπὸ
2422 4188 2644 4242 ὄπισθεν
2690 4187 2784 4241 τοῦ
2818 4187 3044 4257 Κυρίου,
3074 4184 3489 4240 κατακολουθεῖν
3526 4185 3626 4237 οὐκ

2060 4281 2383 4353 ἀνεχομένη.
2415 4281 2610 4349 Γέγονε
2638 4279 2747 4351 γὰρ
2772 4280 3083 4349 ἀποστάτης
3117 4281 3212 4332 καὶ¹
3252 4276 3496 4349 βέϐηλος,
3531 4276 3626 4330 καὶ

2059 4376 2180 4438 ταῖς
2208 4373 2317 4428 τῶν
2369 4371 2603 4426 εἰδώλων
2644 4370 3002 4441 προστεθεῖσα
3048 4371 3345 4441 λατρείαις,
3395 4367 3627 4440 προσκέ-

2061 4482 2263 4537 κρουκε
2290 4464 2369 4537 τῷ
2396 4464 2668 4534 Δεσπότῃ.
2703 4462 2921 4529 Ταύτης
2966 4457 3060 4515 οὖν
3114 4461 3276 4515 ἕνεκα
3316 4461 3414 4531 τῆς
3446 4460 3627 4523 αἰτίας

2062 4559 2397 4613 συνάπτεται
2422 4559 2487 4626 τῇ
2514 4556 2693 4627 Γόμερ
2716 4557 2745 4608 6
2778 4554 3065 4627 προφήτης
3102 4552 3282 4623 Ὠσηὲ,
3310 4554 3392 4605 ὅτι
3419 4552 3624 4621 πεπόρ-

382 4656 576 4698 νευκεν
603 4647 637 4716 ἡ
659 4646 732 4717 γῆ
761 4647 869 4702 ἀπὸ
890 4647 1111 4701 ὄπισθεν
1136 4647 1230 4702 τοῦ
1261 4649 1487 4723 Κυρίου.
1516 4652 1797 4707 Μυστικοῦ
1853 4653 1983 4724 γὰρ,
2024 4652 2101 4718 ὡς
2138 4653 2297 4725 ἔφην,
2362 4651 2685 4723 πράγματος
2710 4648 2882 4712 τύπος
2908 4648 2974 4701 ἂν
3008 4649 3181 4700 νοοῖτο
3224 4646 3286 4699 τὸ
3327 4643 3621 4717 δρώμενον.

386 4736 517 4795 Εἶτα
552 4742 774 4797 τέτοκεν
803 4747 837 4816 ή
866 4746 1066 4816 Γόμερ.

456 4828 566 4901 18
590 4833 747 4888 Vens.
775 4833 889 4900 4,5.
914 4834 993 4888 Et,
1009 4836 1139 4890 dixit
1158 4836 1415 4893 Dominus
1437 4840 1506 4893 ad
1521 4857 1637 4895 eum
1654 4856 1673 4895 :
1696 4839 1838 4895 Voca
1860 4858 1958 4896 no-

2136 4835 2245 4891 Kal
2307 4831 2437 4889 εἷπε
2486 4833 2703 4901 Κύριος
2753 4830 2906 4900 πρὸς
2964 4830 3182 4885 αὐτόν’
3220 4827 3500 4883 Κάλεσον
3556 4828 3624 4882 τὸ

383 4937 500 4975 men
512 4923 625 4993 ejus
648 4925 881 4991 Jezrael;
903 4928 1151 4997 quoniam
1179 4930 1351 4983 adhuc
1378 4934 1638 4985 modicum
1655 4942 1700 4985 et
1731 4932 1955 4987 ulciscar

384 5016 688 5083 sanguinem
717 5015 925 5071 Jezrael
952 5035 1107 5087 super
1137 5020 1350 5073 domum
1383 5020 1415 5074 J
1425 5023 1552 5086 uda,
1615 5032 1661 5075 et
1689 5024 1954 5093 quiescere

384 5104 575 5173 {nciam
599 5122 813 5176 regnum
836 5110 1019 5163 domus
1046 5111 1236 5166 Israel.
1271 5111 1340 5165 Et
1358 5115 1474 5178 erit,
1504 5115 1559 5169 in
1589 5115 1672 5170 die
1705 5114 1799 5169 illa
1829 5130 1955 5169 con-

385 5206 552 5250 teram
576 5215 760 5252 arcum
788 5198 964 5255 Israel
994 5204 1049 5255 in
1090 5202 1224 5257 valle
1251 5203 1483 5258 Jezrael.

454 5368 543 5427 IV.
582 5370 681 5427 Hic
723 5387 905 5429 sermo
949 5375 1219 5447 duplicem
1266 5381 1421 5435 nobis
1455 5384 1949 5439 considerationem

2062 4927 2248 4995 ὄνομα
2276 4924 2464 4979 αὐτοῦ
2504 4921 2776 4992 Ἰεζοαὲλ,
2815 4921 2964 4977 διότι
2994 4920 3083 4974 ἐτι
3125 4920 3359 4989 μικρὸν,
3404 4919 3501 4973 καὶ
3529 4919 3625 4971 ἐκ·

2058 5015 2286 5083 δικήσω
2327 5014 2392 5067 τὸ
2418 5008 2562 5082 αἷμα
2587 5013 2693 5065 τοῦ
2731 5008 2983 5077 Ἰεζραὲλ
3005 5008 3104 5060 ἐπὶ
3141 5006 3248 5060 τὸν
3278 5001 3449 5060 οἷκον
3476 5004 3621 5057 Ἰού-

2058 5107 2134 5160 δα
2156 5147 2170 5170 ,
2214 5106 2311 5159 καὶ
2349 5104 2713 5160 καταπαύσω
2756 5099 3086 5165 ,βασιλείαν
3120 5098 3293 5151 οἴκου
3352 5094 3621 5163 Ἰσραήλ.

2058 5200 2166 5254 Καὶ
2201 5198 2396 5281 ἔσται,
2419 5197 2488 5250 ἐν
2524 5193 2598 5263 τῇ
2630 5193 2821 5264 ἡμέρᾳ
2859 5192 3059 5281 ἐκείνη
3092 5188 3407 5281 συκτρίψω
3435 5188 3502 5241 τὸ
3525 5188 3620 5241 τό·

2055 5290 2166 5355 εον
2188 5279 2294 5343 τοῦ
2327 5286 2575 5355 Ἰσραὴλ
2598 5286 2668 5339 ἐν
2698 5282 2931 5339 κοιλάδι
2957 5280 3067 5335 τοῦ
3105 5279 3380 5348 Ἰεζραέλ.

2124 5385 2195 5434 Δ’.
2217 5382 2304 5434 Ἐν
2338 5379 2545 5441 τούτοις
2570 5379 2702 5449 ἡμῖν
2727 5379 2756 5430 6
2774 5375 2929 5443 λόγος
2946 5372 3130 5444 διττὴν
3166 5371 3345 5425 ὠδίνει
3375 5368 3473 5442 τὴν
3495 5369 3622 5422 θεω-

383 5463 543 5527 parit.
583 5464 663 5517 Ab
695 5466 815 5520 aliis
838 5468 982 5523 enim
1010 5470 1113 5525 alia
1160 5475 1427 5546 scriptura
1475 5476 1700 5530 affertur
1722 5516 1737 5541 ,
1791 5478 1949 5547 cujus

2065 5474 2196 5530 aiav.
2227 5472 2454 5543 Φέρεται
2480 5470 2539 5522 δὲ
2572 5469 2667 5521 καὶ
2711 5467 2874 5538 ἑτέρα
2906 5465 3093 5536 γραφὴ
3140 5462 3291 5534 παρά
3329 5478 3469 5515 τισιν
3490 5500 3504 5518 .
3544 5460 3626 5541 ὡς,

381 5565 528 5607 nunc
554 5568 777 5610 necesse
805 5567 893 5612 est
926 5561 1238 5619 meminisse
1259 5603 1276 5631 ,
1329 5578 1436 5634 quo
1463 5566 1779 5621 accuratius
1814 5580 1948 5637 aga-

452 5730 509 5805 "_
526 5727 766 5805 Philipp.
808 5748 869 5805 ιι,
909 5735 1029 5795 6-8.

381 5813 456 5868 ιι,
490 5799 576 5855 10.

1133 5737 1180 5771 ⁸⁸
1214 5736 1380 5796 Hebr.
1402 5754 1500 5809 xu,
1535 5739 1594 5799 2.
1682 5740 1727 5773 ³⁷
1752 5737 1818 5795 ΙΙΙ
1851 5737 1983 5810 Reg.
2024 5755 2120 5808 an,
2152 5738 2239 5793 29.

2050 5566 2349 5634 ἀναγκαῖον
2411 5559 2811 5632 ἐπιμνησθῆναι
2871 5556 2966 5610 νῦν
3021 5554 3113 5608 διά
3162 5571 3226 5623 γε
3265 5553 3326 5607 τὸ
3371 5547 3625 5621 ἀκριϐές

2348 5737 2394 5768 ⁵⁸
2433 5735 2533 5791 lsa.
2565 5752 2617 5802 ι,
2652 5733 2703 5788 ο.
2781 5734 2825 5765 ⁸³
2862 5734 2964 5788 lsa.
2997 5746 3113 5798 Llll,
3147 5694 3197 5792 7,
3230 5726 3281 5782 8.
3399 5727 3445 5760 “
3479 5725 3621 5785 Osee
