4046 6376
372 436 437 492 37
1292 426 1844 489 COMMENTARIUS
1879 428 1947 486 IN
1987 428 2215 488 OSEAM
2258 428 2700 487 PROPIIETAM.

3557 434 3629 494 38

386 548 625 619 Ὀνίνησι
651 549 760 619 γὰρ
798 548 859 601 οὐ
912 547 1169 619 μετρίως,
1202 547 1263 601 τὸ
1296 550 1498 620 ἀμφοῖν
1526 550 1676 620 ἡμᾶς
1713 550 1950 621 ἐπιμνη-

2055 563 2194 605 mus.
2219 547 2508 620 Capiemus
2534 549 2680 605 enim
2705 562 2955 619 magnam
2986 549 3299 615 utilitatem,
3332 550 3377 605 si
3413 522 3622 604 dum"-

375 641 573 711 σθῆναι
618 644 729 696 τοῖν
771 641 976 711 λόγοιν.
1016 641 1081 693 Ἥ
1112 641 1209 710 μὲν
1236 638 1328 694 οὖν
1363 642 1483 695 καθ’
1525 644 1675 713 ἡμᾶς
1718 642 1949 708 ἔκδοσις,

374 736 675 799 τουτέστιν,
694 736 726 805 ή
745 734 852 786 τῶν
870 732 1289 803 Ἐϐδομὴκοντα,
1314 751 1333 782 ‹
1354 733 1462 785 Καὶ
1477 733 1768 804 ἐκδικήσω,
1794 734 1948 804 φησὶ,

375 825 438 879 τὸ
470 820 606 896 αἷμα
653 825 748 878 τοῦ
789 823 1059 895 Ἰεζραὲλ,
1107 824 1201 876 ἐπὶ
1229 823 1320 876 τὸν
1348 820 1494 877 οἷκον
1532 824 1720 877 Ἰούδα.
1742 845 1763 874 ›
1802 825 1865 876 Ἡ
1893 824 1949 876 δὲ

380 919 542 989 ἑτέρα
585 918 719 988 φησί
745 934 759 947 ·
803 936 822 969 ι
855 918 967 972 Καὶ
1004 916 1275 986 ἐκδικήσω
1310 916 1371 969 τὸ
1422 912 1560 986 αἷμα
1588 915 1679 969 τοῦ
1719 916 1951 986 Ἰεζραὲλ

382 1009 475 1063 ἐπὶ
527 1007 620 1061 τὸν
679 1004 827 1061 οἷκον
881 1005 1063 1076 Ἰηοῦο
1112 1024 1132 1057 ι
1206 1005 1298 1059 καὶ
1354 1006 1405 1058 εί
1468 1006 1565 1075 μὲν
1620 1004 1762 1058 οὕτω
1811 1009 1950 1058 νοεῖν

379 1098 582 1153 sume
608 1116 770 1162 τινεε,
816 1098 1239 1169 ἱστορικωτέραν
1287 1097 1499 1167 ἀνάγκη
1542 1097 1814 1150 ποιεῖσθαι
1853 1096 1951 1168 τὴν

381 1193 679 1262 ἀφήγησιν.
717 1190 870 1261 Ἔχει
903 1188 961 1243 δὲ
1006 1187 1211 1252 οὕτως’
1245 1180 1440 1257 Γέγονε
1489 1188 1586 1258 μὲν
1624 1189 1825 1259 Ἀχαάϐ
1856 1190 1948 1257 βας

372 1283 563 1346 ’σιλεὺς
590 1284 648 1335 ὲν
683 1282 919 1354 Ἰσραὴλ,
944 1282 973 1335 ὁ
1000 1280 1097 1337 καὶ
1129 1281 1375 1334 σύνοικον
1402 1280 1539 1351 ἔχων
1561 1282 1659 1352 τὴν
1689 1280 1946 1345 Ἰεζάϐελ.

391 1373 609 1446 Ἐπειδὴ
642 1374 699 1428 δὲ
721 1375 903 1444 ἐζήτει
940 1374 1032 1428 τὸν
1059 1372 1359 1444 ἀμπελῶνα
1383 1373 1477 1426 τοῦ
1502 1373 1806 1437 Ναϐουθαὶ,
1839 1378 1867 1429 ό
1895 1375 1951 1429 δὲ

378 1466 516 1536 πρὸς
554 1464 713 1519 τοῦτο
745 1466 983 1535 ἀπήντα,
1017 1466 1212 1535 λέγων·
1244 1485 1263 1519 ι
1299 1468 1389 1537 Μή
1418 1484 1509 1536 μοι
1529 1466 1737 1535 γένοιτο
1768 1467 1949 1520 δοῦναι

379 1556 682 1628 ἀμπελῶνα
709 1558 917 1629 πατρός
953 1575 1055 1630 μου
1084 1558 1189 1612 σοίο
1234 1577 1255 1612 ι
1300 1558 1647 1628 πεφόνευται,
1693 1561 1814 1623 ταῖς
1851 1560 1950 1629 τῆς

393 1648 630 1713 Ἰεζάϐελ
650 1649 1003 1722 δυστροπίαις
1026 1651 1361 1722 περιπεσών.
1402 1650 1620 1722 Ἐπειδὴ
1647 1650 1827 1705 τοίνυν
1852 1670 1949 1705 πε-

382 1741 632 1809 φόνευτο,
665 1741 1145 1813 κεκληρονόμηκεν
1190 1742 1394 1812 Ἀχαάϐ
1423 1742 1514 1796 τὸν
1535 1742 1835 1813 ἀμπελῶνα
1855 1742 1947 1796 τοῦ

381 1832 677 1887 Ναϐουθαί.
716 1834 1042 1904 Προσέκειτο
1079 1834 1136 1887 δὲ
1182 1835 1276 1888 καὶ
1308 1834 1508 1905 ἑτέρως
1546 1838 1666 1898 ταῖς
1698 1834 1805 1888 τῶν
1837 1836 1948 1888 δαι-

2051 655 2157 711 que
2185 642 2652 711 perpenderimus.
2682 640 2881 696 Nostra
2918 642 3083 711 igitur
3135 642 3324 706 editio,
3378 642 3480 697 hoc
3515 659 3623 704 esu,

2044 733 2345 786 secundum
2398 731 2751 804 Septuaginta
2804 733 2885 787 sic
2934 733 3100 787 habet
3141 751 3154 787 :
3222 753 3241 784 ι
3293 733 3359 787 Ει
3394 734 3628 789 ulciscar

2050 825 2368 893 sanguinem
2391 823 2604 880 Jezrael
2622 840 2786 894 super
2813 826 3031 879 domum
3067 825 3228 879 Juda.
3259 845 3278 876 ι
3306 826 3421 879 Alia
3454 844 3468 881 :
3509 845 3526 876 ι
3562 827 3626 879 Et

2052 910 2283 970 ulciscar
2312 918 2627 986 sanguinem
2659 915 2874 970 Jezrael
2909 931 3073 985 super
3126 916 3347 972 domum
3393 916 3553 972 Jahn.
3595 937 3614 967 ι

2050 1006 2221 1074 Quam
2261 1009 2305 1063 si
2335 1009 2426 1078 qui
2467 1008 2883 1077 amplectantur,
2939 1010 3251 1078 explanatio
3315 1012 3487 1078 magis
3537 1012 3621 1064 hi-

2050 1100 2253 1155 Storica
2292 1102 2365 1154 sit
2399 1112 2632 1169 Oportet,
2676 1103 2730 1155 in
2766 1102 2910 1156 hunc
2943 1102 3156 1155 modum
3197 1143 3211 1157 .
3256 1101 3377 1156 Fuit
3425 1102 3617 1157 Achab

2053 1208 2146 1246 rex
2202 1193 2392 1259 Israel,
2432 1194 2718 1263 conjugem
2778 1195 2984 1249 habens
3029 1192 3268 1248 Jezabel.
3339 1194 3439 1261 Qui
3490 1210 3615 1249 cum

2049 1282 2327 1339 aﬂ‘ectaret
2352 1286 2564 1339 vineam
2594 1283 2835 1350 Naboth,
2880 1295 2935 1340 et
2966 1284 3054 1340 ille
3085 1286 3157 1339 ita
3182 1296 3516 1347 occurreret.
3560 1294 3622 1340 ut

2050 1376 2257 1431 diceret
2280 1394 2294 1430 :
2318 1395 2335 1429 ι
2356 1376 2707 1447 Propitiussit
2726 1378 2856 1431 mihi
2873 1378 3039 1442 Deus,
3065 1392 3133 1431 ne
3152 1378 3272 1432 dem
3295 1378 3387 1432 tibi
3407 1379 3618 1432 vineam

2050 1468 2218 1537 patris
2237 1469 2362 1533 mei,
2405 1488 2424 1521 ι
2470 1469 2831 1538 perversitate
2860 1467 3131 1524 Jezabelis
3150 1469 3426 1531 irretitus,
3452 1469 3619 1523 vitam

2048 1560 2253 1613 amisit.
2281 1559 2358 1614 Eo
2385 1561 2586 1625 occiso,
2621 1561 2834 1615 vineam
2883 1559 3094 1615 Naboth
3131 1560 3374 1628 possedit
3402 1561 3617 1627 Achab,

2047 1651 2138 1720 qui
2163 1650 2360 1718 alioqui
2402 1650 2619 1704 infando
2666 1651 2967 1705 dmuouum
3004 1649 3167 1703 cultui
3200 1650 3445 1705 addictus
3477 1662 3618 1705 erat.

2049 1742 2359 1811 Indignatus
2430 1743 2594 1812 igitur
2639 1745 3011 1797 universorum
3064 1741 3239 1809 Deus,
3280 1745 3617 1811 postmodum

2053 1835 2323 1887 mandavit
2356 1833 2533 1888 Eliseo
2583 1833 2854 1900 prophetae
2886 1873 2900 1898 ,
2960 1832 3035 1887 uti
3084 1830 3219 1885 Jehu
3248 1847 3426 1900 regem
3460 1846 3622 1901 super

385 1925 561 1996 μόνων
611 1900 908 1996 λατρείαις,
968 1925 1064 1978 καὶ
1108 1924 1265 1979 τοῦτο
1313 1900 1577 1989 ἐκτόπως.
1625 1926 1949 1995 Ἠγανάκτει

2055 1922 2216 1977 Israel
2246 1932 2492 1992 ungeret.
2546 1922 2718 1977 Misso
2744 1922 2937 1976 dehinc
2964 1922 3165 1976 famulo
3196 1922 3435 1975 divinum
3472 1900 3624 1975 mau-

374 2014 564 2068 λοιπὸν
599 2016 627 2068 ὁ
665 2015 771 2067 τῶν
818 2015 956 2068 ὅλων
988 2013 1141 2076 Θεός.
1184 2009 1321 2066 Εἶτα
1368 2015 1738 2087 προστέταχεν
1780 2017 1949 2070 Ἐλισ-

381 2104 501 2157 σαιὲ
531 2102 608 2173 τῷ
641 2104 896 2175 προφήτῃ
925 2106 1110 2175 χρῖσαι
1145 2103 1231 2156 τὸν
1277 2103 1417 2173 Ἰηοὺ
1438 2145 1454 2170 ,
1484 2103 1712 2172 βασιλέα
1744 2108 1836 2159 ἐπὶ
1858 2107 1950 2160 τὸν

394 2194 629 2265 Ἰσραήλ.
681 2194 1029 2257 Ἀποστείλας
1053 2193 1111 2247 δὲ
1138 2192 1200 2246 τὸ
1238 2193 1522 2264 παιδάριον
1566 2196 1594 2248 ὁ
1642 2197 1947 2266 προφήτης,

380 2284 442 2338 τὸ
476 2284 618 2338 θεῖον
643 2285 882 2355 ἐπλήρου
912 2284 1209 2354 θέσπισμα.
1235 2278 1370 2337 Εἶτα
1398 2286 1750 2356 κεχρισμένος
1790 2286 1948 2357 Ἰηοὺ,

382 2376 624 2429 κάτεισιν
655 2376 719 2428 ὲκ
757 2375 1091 2447 Σαμαρϋας,
1123 2375 1219 2428 καὶ
1249 2375 1338 2428 τὸν
1373 2375 1514 2430 Θεῖον
1541 2377 1635 2430 ἐπὶ
1664 2380 1777 2439 τοῖς
1798 2377 1949 2430 λελυ-

383 2469 615 2540 πηκόσιν
641 2468 878 2540 ἐπλήρου
907 2468 1097 2538 θυμόν.
1114 2467 1453 2531 Ἀπεκτονὼς
1484 2469 1592 2540 γὰρ
1617 2469 1708 2523 τὸν
1724 2468 1948 2539 Ἀχαάϐ,

382 2562 604 2633 ἔρριψεν
639 2563 698 2615 ὲν
725 2560 802 2632 τῷ
828 2560 1111 2632 ἀμπελῶνι
1158 2560 1252 2615 τοῦ
1298 2561 1599 2615 Ναϐουθαί.
1641 2559 1777 2616 Εἶτα
1811 2563 1953 2633 μετὰ

381 2654 538 2708 τοῦτο
561 2654 658 2726 τὴν
685 2652 940 2719 Ἰεζάϐελ,
974 2654 1219 2725 ἀνῄρηκε
1252 2654 1311 2707 δὲ
1340 2655 1431 2708 καὶ
1457 2655 1830 2725 ἑϐδομήκοντα
1856 2656 1951 2709 τοῦ

394 2746 597 2817 Ἀχαάϐ
625 2747 933 2812 υίοὺς,τοί›ς
958 2745 1062 2800 ἀνά
1090 2747 1273 2799 πᾶσαν
1300 2746 1458 2809 ὄντας
1488 2746 1587 2817 τὴν
1610 2748 1950 2819 Σαμάρειαν.

379 2839 695 2909 ’Προσετίθει
712 2838 770 2892 δὲ
798 2838 1006 2903 τούτοις
1021 2839 1117 2892 καὶ
1138 2839 1231 2891 τὸν
1250 2837 1417 2892 Βάαλ·
1438 2839 1707 2911 ἐνέπρησε
1730 2839 1838 2911 γὰρ
1853 2840 1954 2903 τὰς

384 2930 585 3000 στήλας
614 2930 799 2994 αὐτοῦ,
841 2930 934 2985 καὶ
954 2930 1238 2983 κατέσεισε
1274 2929 1344 2983 τά
1370 2928 1594 3000 τεμένη,
1635 2930 1729 2983 καὶ
1758 2932 1955 2994 αὐτοὺς

384 3023 718 3091 ἀποσφάττει
747 3023 871 3085 τοὺς
903 3023 1089 3093 ἱερεῖς.
1120 3020 1244 3075 Ἐπὶ⁸
1274 3020 1486 3084 τούτοις
1511 3021 1673 3075 αὐτὸν
1697 3022 1956 3093 ἀποδέχε-

380 3129 474 3166 ⁴ται
517 3115 547 3166 ὁ
585 3112 750 3176 Θεόςο
794 3114 889 3165 καὶ
926 3112 990 3183 δὴ
1035 3112 1129 3165 καὶ
1174 3110 1590 3179 ἐπαγγέλλεται,
1633 3111 1825 3179 λέγων,
1872 3112 1955 3163 ὅτι

390 3222 411 3257 ι
448 3204 567 3257 Υἱοὶ
596 3203 841 3274 τέταρτοι
880 3202 1210 3274 καθήσονται
1238 3203 1332 3257 ἐπὶ
1361 3202 1548 3275 θρόνου
1590 3219 1704 3256 σου.
1749 3222 1767 3255 ι
1811 3203 1950 3256 Ἀλλ’
1978 3240 2023 3301 C

382 3297 413 3349 ὁ
461 3295 630 3359 οὕτως
676 3295 917 3364 γεγονὼς
964 3295 1249 3365 εὐδόκιμος
1304 3295 1465 3365 Ἰηοὺ,
1509 3293 1950 3364 προσκέκρουκεν

383 3388 536 3443 οὐδὲν
577 3382 738 3459 ἦττον
787 3386 935 3457 Θεῷ·
981 3387 1041 3440 οὐ
1090 3386 1199 3458 γὰρ
1246 3387 1484 3457 περιεῖλε
1530 3388 1630 3450 τὰς
1672 3387 1948 3457 δαμάλεις,

386 3480 742 3549 κατεφωρᾶτο
769 3478 827 3531 δὲ
870 3478 967 3531 καὶ
995 3476 1243 3540 αὑτὸς-ἐν
1284 3479 1407 3540 ταῖς
1450 3476 1746 3547 ἁμαρτίαις
1788 3478 1949 3547 Ἰερο-

386 3569 531 3640 ϐοάμ
558 3571 787 3633 ἀνοσίως
815 3569 1242 3641 πεπορευμένος.
1280 3565 1417 3622 Εῐτα
1443 3570 1665 3637 γέγονεν
1709 3569 1769 3633 ἐξ
1809 3571 1948 3640 Ἰηοὺ

387 3660 602 3730 πρῶτος
635 3659 749 3723 υἱὸς
778 3658 1022 3729 Ἰωάχας,
1055 3659 1196 3730 ἀνὴρ
1227 3659 1322 3712 καὶ
1348 3658 1511 3722 αὐτὸς
1541 3658 1947 3730 εἰδωλολάτρης,

389 3754 485 3807 καὶ
523 3756 643 3817 ταῖς
680 3752 943 3822 δαμάλεσι
980 3753 1320 3824 προσκυνῶν.
1358 3752 1496 3806 Ἀλλ’
1526 3754 1582 3806 ὲν
1604 3755 1714 3815 τοῖς
1745 3756 1951 3823 καιροῖς

388 3843 585 3909 αὐτοῦ,
635 3846 834 3913 φησιν,
895 3862 914 3895 ι
960 3843 1218 3915 Ὧργίσθη
1267 3843 1424 3913 Θυμῷ
1478 3843 1679 3915 Κύριος
1726 3844 1817 3896 ἐπὶ
1861 3844 1953 3897 τὸν

403 3936 635 4008 Ἰσραὴλ,
679 3936 775 3989 καὶ
804 3936 1003 3989 ἔδωκεν
1040 3936 1236 3998 αὐτοὺς
1270 3936 1327 3987 ὲν
1361 3936 1506 4007 χειρὶ
1557 3933 1753 4005 Ἀζαήλ
1800 3934 1955 4004 βασι-

390 4027 527 4089 λέως
569 4027 784 4097 Συρίας,
834 4027 928 4079 καὶ⁸
970 4029 1028 4079 ὲν
1074 4026 1222 4096 χειρὶ
1270 4026 1466 4095 Ἀδερ,
1515 4024 1636 4077 υἱοῦ
1681 4021 1896 4096 ’Δζαήλ.
1931 4043 1952 4076 ι

388 4118 656 4189 Δεύτερος
688 4117 749 4181 ἐξ
782 4119 1007 4188 Ἰωάχας
1036 4116 1416 4187 βεϐασίλευκεν
1462 4117 1634 4183 Ἰωάς,
1684 4117 1778 4171 καὶ
1804 4112 1959 4180 οὗτος

390 4210 531 4280 ἀνὴρ
561 4209 818 4280 πονηρός.
850 4209 1045 4279 Τρίτος
1088 4208 1391 4279 Ἱεροϐοὰμ,
1424 4204 1484 4264 οὗ
1514 4210 1608 4263 καὶ
1644 4208 1956 4279 βασιλεύον-

390 4318 480 4365 τος
516 4303 742 4371 ἀρχεται
781 4300 881 4370 τῆς
910 4302 1243 4373 προφητείας
1287 4302 1463 4370 Ὠσηέ.
1496 4302 1761 4372 Τέταρτος
1797 4302 1953 4366 Ἀζα-

394 4394 518 4464 ρίας
545 4392 604 4458 ἐξ
641 4392 939 4463 Ἰεροϐοάμ,
985 4392 1078 4445 καὶ
1110 4392 1272 4455 αὐτὸς
1314 4392 1722 4464 είδωλολάτρης.
1755 4394 1955 4447 Τοῦτον

394 4486 712 4538 ἀπέκτεινεν
754 4487 783 4537 ὁ
823 4485 1051 4553 Σελούμ.
1102 4483 1312 4536 υύκοῦν
1360 4483 1661 4555 ἐπειδήπερ
1704 4484 1957 4553 κέχριστο

2052 2016 2235 2068 datum
2295 2014 2552 2084 propheta
2597 2012 2870 2081 implevit.
2933 2014 3134 2069 Deinde
3189 2026 3385 2070 unctus
3430 2014 3569 2069 Jehu
3604 2055 3621 2083 ,

2051 2108 2328 2160 descendit
2366 2121 2435 2158 ex
2480 2106 2751 2171 Samaria,
2794 2105 3096 2176 divinaeque
3148 2107 3240 2160 ira:
3274 2108 3327 2159 in
3378 2107 3625 2161 sontibus

2052 2196 2337 2264 puniendis
2377 2196 2667 2249 satisfecit.
2712 2195 2843 2249 Nam
2870 2198 3064 2250 occidit
3089 2198 3295 2259 Achab,
3324 2208 3377 2250 et
3397 2199 3625 2253 cadaver

2052 2287 2170 2356 ejus
2198 2287 2251 2339 in
2287 2287 2499 2341 vineam
2550 2286 2761 2341 Naboth
2811 2286 3029 2354 abiecit.
3070 2288 3259 2342 Postea
3291 2286 3623 2355 Jezabelem,

2052 2388 2107 2432 et
2142 2377 2487 2448 septuaginta
2539 2379 2678 2433 ﬁlios
2725 2381 2933 2445 Achab,
2979 2382 3069 2450 qui
3109 2381 3160 2435 iu
3218 2393 3325 2436 tota
3375 2382 3623 2439 Samaria

2051 2482 2229 2538 erant,
2266 2472 2384 2524 neci
2416 2471 2585 2525 dedit.
2622 2470 2830 2536 Quibus
2856 2472 3020 2525 etiam
3045 2472 3174 2525 Baal
3194 2473 3434 2539 addidit;
3469 2474 3625 2541 cujus

2054 2572 2265 2618 statuas
2304 2563 2623 2627 combussit,
2660 2574 2715 2619 et
2755 2564 2975 2619 delubra
3012 2566 3197 2629 diruit,
3223 2576 3278 2619 et
3310 2566 3457 2635 ipsos
3500 2569 3620 2634 ejns

2055 2658 2370 2711 sacerdotes
2411 2657 2700 2726 jugulavil.
2760 2655 2840 2710 Ob
2866 2672 2985 2726 qlia:
3028 2656 3169 2711 Deus
3209 2657 3355 2710 ilhtut
3390 2658 3572 2713 laudat
3604 2676 3620 2725 ;

2053 2749 2184 2819 quin
2212 2749 2375 2803 etiam
2409 2749 2696 2818 promittit,
2729 2749 2812 2802 his
2839 2748 3019 2802 verbis
3059 2765 3073 2802 :
3113 2767 3132 2799 ι
3170 2748 3292 2801 Filii
3332 2750 3406 2802 tui
3457 2766 3627 2821 usque

2056 2841 2121 2895 ad
2151 2850 2401 2910 quartam
2428 2840 2831 2908 generationem
2864 2840 3130 2894 sedebunt
3157 2854 3320 2910 super
3366 2842 3623 2896 thronum

2057 2942 2206 2987 tuum
2238 2933 2306 2987 θ’.
2364 2934 2383 2985 ὸ
2420 2930 2621 2986 Verum
2670 2932 2743 2986 ita
2780 2930 3010 2985 celebris
3050 2930 3185 2985 Jehu
3211 2967 3231 2997 ,
3271 2932 3626 2988 nihilominus

2059 3024 2226 3080 Deum
2260 3023 2420 3080 lzesit.
2450 3022 2559 3078 Nec
2584 3023 2728 3076 enim
2748 3022 2947 3078 vitulos
2973 3022 3199 3078 abstulit
3225 3038 3239 3075 :
3265 3033 3319 3078 el
3347 3024 3463 3094 ipse
3489 3041 3627 3094 quo-

2055 3129 2162 3183 que
2213 3114 2267 3168 in
2301 3115 2540 3182 peccatis
2586 3106 2874 3167 Jeroboam
2926 3113 3087 3182 impie
3125 3114 3401 3170 ambulare
3436 3118 3629 3185 depre-

2059 3206 2259 3260 hensus
2310 3215 2416 3258 est.
2488 3205 2689 3258 Deinde
2749 3218 2813 3258 ex
2865 3203 2999 3259 Jehu
3053 3205 3259 3274 primus
3320 3217 3480 3261 natus
3545 3220 3631 3263 est

2003 3279 2024 3302 ’
2057 3294 2310 3357 Joachaz,
2353 3295 2513 3349 homo
2553 3303 2606 3347 et
2658 3293 2774 3363 ipse
2819 3293 3123 3360 idololatra,
3151 3304 3206 3349 et
3248 3296 3444 3351 vitulos
3496 3300 3629 3350 adu-

2059 3401 2184 3441 rans
2213 3386 2278 3439 ⁶¹.
2311 3383 2510 3439 Verum
2559 3384 2674 3454 ejus
2711 3385 3062 3454 temporibus,
3107 3386 3283 3456 inquit
3319 3386 3628 3458 Scriptura,

2063 3496 2082 3530 ι
2126 3477 2299 3532 Iratus
2340 3489 2426 3531 est
2462 3477 2612 3529 furor
2656 3477 2870 3530 Domini
2918 3491 3078 3545 super
3116 3476 3302 3543 Israel,
3357 3489 3411 3533 et
3461 3482 3631 3534 tradi-

2057 3571 2139 3625 dit
2189 3584 2284 3624 eos
2340 3570 2392 3623 in
2444 3584 2603 3622 manu
2641 3568 2827 3631 Azael,
2886 3570 3027 3637 regis
3071 3568 3261 3639 Syriae,
3292 3581 3345 3624 et
3379 3573 3431 3625 in
3470 3589 3629 3626 manu

2059 3660 2202 3713 Ader
2238 3659 2333 3713 lilii
2368 3660 2529 3713 Azael
2558 3659 2622 3711 ⁸³.
2667 3677 2685 3709 ι
2747 3658 2853 3728 l9
2906 3660 3060 3713 Alter
3105 3675 3171 3713 ex
3221 3660 3458 3716 Joachaz
3506 3679 3632 3733 pru—

2061 3758 2279 3816 guatus,
2313 3763 2505 3816 nempe
2533 3746 2683 3812 Joas,
2719 3748 2987 3816 regnavit,
3027 3749 3142 3818 ipse
3177 3764 3391 3818 quoque
3426 3754 3632 3821 impro-

2063 3841 2198 3907 bus;
2234 3841 2425 3894 tertius
2454 3839 2761 3905 Jeroboam,
2795 3841 2896 3893 sub
2925 3840 3079 3909 cujus
3118 3856 3282 3911 regno
3315 3841 3469 3897 Osca;
3508 3860 3632 3913 pro-

2062 3934 2239 4003 phetia
2264 3933 2475 3986 initium
2501 3932 2686 3987 sumit.
2715 3933 2953 3998 Quartus
2970 3933 3197 3987 Azarias
3229 3935 3389 4003 (alias
3416 3934 3631 3991 Zacha-

2069 4024 2200 4093 rias)
2226 4020 2533 4077 Jeroboami
2562 4022 2729 4087 ﬁlius,
2755 4022 2921 4076 etiam
2955 4023 3256 4078 idololatra.
3293 4024 3445 4079 llunc
3467 4031 3635 4081 truci--

2064 4115 2213 4169 davit
2244 4113 2469 4169 Selium.
2502 4113 2768 4179 Quoniam
2829 4114 2989 4183 igitur
3046 4123 3240 4169 unctus
3291 4124 3410 4170 erat
3459 4116 3629 4182 Jehu,

2063 4219 2121 4262 nt
2151 4208 2502 4262 ulcisceretur
2540 4207 2858 4275 sanguinem
2894 4204 3104 4260 Naboth
3168 4206 3472 4262 Jezraelitae
3512 4209 3634 4275 (fuit

2014 4310 2017 4311 '
2062 4298 2324 4352 Samaria:
2352 4297 2607 4366 Oppidum
2642 4295 2898 4367 Jezrael),
2928 4306 2992 4351 'et
3040 4309 3096 4350 ut
3143 4297 3358 4353 Israelis
3408 4300 3634 4355 idolola-

2065 4391 2164 4444 tria
2186 4404 2397 4451 eversa,
2451 4388 2517 4441 de
2550 4399 2747 4442 caetero
2791 4404 2886 4442 eos
2922 4402 3044 4442 cum
3100 4389 3207 4443 Deo
3250 4391 3627 4463 coniungeret,

2063 4481 2177 4550 ipse
2199 4494 2324 4533 vero
2348 4488 2529 4547 postea
2566 4479 2763 4533 vitulos
2792 4479 3053 4539 adoravit,
3077 4490 3131 4532 et
3160 4480 3251 4533 lilii
3274 4481 3392 4551 ejus
3422 4493 3628 4552 patrem

397 4578 495 4648 μὲν
522 4579 551 4629 ὁ
586 4577 747 4645 Ἰηοὺ,
781 4576 869 4628 ἵνα
902 4575 1163 4646 ἐκδικήσῃ
1197 4575 1256 4627 τὸ
1281 4569 1421 4645 αἷμα
1449 4573 1543 4626 τοῦ
1568 4573 1867 4638 Ναϐουθαὶ,
1895 4574 1954 4637 ὃς

2059 4589 2212 4628 suum
2244 4572 2518 4638 impietate
2549 4581 2851 4638 aequarunt,
2907 4588 2925 4620 ι
2977 4569 3239 4636 Ulciscar,
3275 4572 3467 4643 inquit,
3504 4591 3633 4630 san-

391 4663 460 4737 ἧν
507 4667 565 4733 ἐξ
606 4665 841 4737 Ἰεζραὲλ
873 4666 1048 4734 (πόλις
1079 4665 1137 4718 δὲ
1180 4664 1319 4736 αὕτη
1354 4665 1452 4735 τῆς
1494 4664 1830 4736 Σαμαρείας)
1862 4665 1957 4718 καὶ

393 4761 485 4813 ἴνα
512 4761 610 4828 τὴν
641 4758 734 4812 τοῦ
777 4758 992 4830 Ἰσραὴλ
1024 4756 1434 4827 εἱδωλολατρίαν
1465 4755 1747 4827 περιελὼν,
1770 4756 1956 4810 λοιπὸν

394 4850 661 4921 ἀναπείσῃ
690 4850 1044 4920 προσκεῖσθαι
1091 4848 1229 4918 Θεῷ,
1275 4845 1395 4901 εἶτα
1435 4848 1626 4915 γέγονε
1670 4849 1764 4901 καὶ
1796 4848 1958 4911 αὐτὸς

394 4942 683 5013 δαμάλεων
712 4941 1121 5013 προσκυνητὴς,
1150 4938 1434 5002 δυσσεϐεῖς
1456 4940 1513 4992 δὲ
1542 4939 1694 4992 οὐδὲν
1718 4934 1880 5012 ἦττον
1907 4941 1958 4992 οἱ

394 5035 455 5102 ἐξ
495 5033 658 5087 αὐτοῦ
706 5034 961 5103 γεγόνασι
1004 5032 1212 5096 παῖδες,
1261 5048 1281 5083 ι
1330 5029 1655 5101 Ἐκδικήσω,
1696 5031 1857 5100 φησι,
1899 5030 1960 5084 τὸ

393 5122 536 5195 αἷμα
557 5124 652 5179 τοῦ
689 5122 925 5195 Ἰεζραὲλ
969 5122 1059 5176 ἐπὶ
1082 5121 1174 5175 τδν
1198 5115 1343 5175 οῐκον
1378 5118 1540 5190 Ἰηού.
1580 5137 1599 5171 ι
1633 5120 1744 5173 Καὶ
1770 5118 1959 5191 ὥσπερ

394 5218 504 5289 γὰρ
550 5216 896 5287 ἐκδεδίκηκεν
937 5216 1003 5269 ὲκ
1035 5212 1131 5267 τοῦ
1162 5214 1312 5267 οῐκου
1352 5212 1447 5265 τοῦ
1490 5211 1690 5283 Ἀχαάϐ
1735 5210 1825 5266 διὰ
1858 5212 1959 5282 τῆς

409 5308 548 5379 Ἰηοὺ
594 5305 890 5377 βασιλείας,
934 5303 1105 5368 οὕτως
1149 5303 1425 5372 ἐκδικήσει
1453 5302 1547 5356 καὶ
1575 5304 1640 5355 ἐκ
1678 5300 1773 5354 τοῦ
1807 5302 1956 5355 οἴκου

407 5399 567 5469 Ἰηού.
606 5399 696 5453 Ἑν
725 5398 836 5469 γὰρ
862 5398 981 5460 ταῖς
1011 5395 1245 5467 ήμέραις
1288 5392 1395 5447 τῶν
1434 5393 1563 5445 υἱῶν
1591 5391 1756 5445 αὑτοῦ
1789 5409 1958 5445 πεπο-

394 5493 635 5564 λέμηκεν
662 5491 861 5562 ’Δζαὴλ
893 5490 1145 5561 βασιλεὺς
1174 5489 1395 5560 Συρίας,
1439 5486 1534 5540 καὶ
1563 5486 1744 5557 μέντοι
1773 5486 1956 5557 Ἄδερ,

398 5585 492 5639 καὶ
522 5587 838 5655 νενικήκασι
857 5581 948 5635 τὸν
982 5578 1216 5652 Ἰσραὴλ,
1243 5578 1502 5643 πλείστας
1530 5577 1587 5630 δὲ
1614 5578 1745 5640 ὅσας
1766 5576 1876 5631 τῶν
1902 5578 1960 5628 έν

398 5675 683 5747 Σαμαρείᾳ
731 5673 1107 5745 πεπορθήκασι
1138 5672 1342 5736 πόλεις.
1381 5670 1637 5724 Τίκτεται
1686 5669 1863 5722 τοίνυν
1884 5668 1960 5739 τῷ

2059 4664 2274 4735 guinem
2300 4661 2506 4716 Jezrael
2540 4676 2701 4730 super
2740 4664 2958 4715 dumttm
3008 4660 3166 4719 Jehu.
3218 4682 3236 4715 ι
3297 4663 3450 4718 Sicut
3488 4668 3631 4720 enim

2060 4755 2202 4808 ultus
2252 4762 2336 4807 est
2386 4754 2453 4806 de
2506 4752 2668 4805 domo
2713 4753 2898 4805 Achab
2933 4768 3027 4819 per
3071 4769 3293 4823 regnum
3340 4753 3509 4819 Jehu;
3555 4758 3634 4812 sic

2062 4845 2348 4899 ulciscetur
2373 4844 2536 4898 etiam
2566 4844 2631 4897 de
2660 4844 2819 4897 domo
2842 4842 2999 4897 Jehu.
3036 4844 3406 4911 Reguantibus
3451 4848 3626 4917 siqui-

2061 4937 2181 4989 dem
2216 4935 2340 4989 liliis
2368 4935 2505 5004 ejus,
2539 4934 2700 4989 Azael
2736 4947 2789 4987 et
2816 4937 2980 5003 Ader,
3023 4951 3117 4991 seu
3162 4937 3438 5001 Benedad,
3484 4957 3635 5011 reges

2067 5027 2239 5098 Syria:
2297 5027 2494 5082 bellum
2546 5027 2681 5096 ipsis
2740 5029 3006 5092 fecerunt,
3054 5039 3110 5083 et
3163 5031 3391 5085 subacto
3440 5032 3636 5087 Isracle

2068 5120 2228 5173 urbes
2250 5118 2513 5173 Samariae
2538 5119 2971 5190 quamplurimas
2994 5130 3330 5175 everterunt.
3378 5120 3636 5177 Nascitur

2065 5222 2195 5278 ergo
2224 5208 2495 5278 prOphetae
2532 5209 2810 5278 puerulus,
2844 5210 2928 5263 cui
2959 5220 3013 5263 et
3044 5225 3237 5266 nomen
3272 5211 3477 5265 inditur
3508 5212 3636 5267 .lez-

2069 5300 2200 5362 rael,
2260 5301 2422 5353 veluti
2463 5298 2573 5355 Deo
2609 5301 2959 5355 commissum
3004 5302 3055 5355 in
3097 5300 3306 5356 Naboth
3350 5316 3633 5370 peceatum

2068 5393 2402 5447 recordante.
2440 5391 2566 5447 Viro
2592 5408 2823 5461 namque
2864 5394 3014 5462 iusto
3043 5402 3096 5448 et
3137 5394 3388 5463 religioso
3434 5395 3635 5465 injuSIe

2071 5486 2339 5540 trucidato
2365 5524 2381 5550 ,
2438 5486 2711 5553 quomodo
2746 5485 3019 5553 justorum
3064 5496 3212 5540 tutor
3254 5502 3317 5541 ac
3371 5496 3636 5556 patronus

2068 5576 2411 5645 quievisset?
2462 5576 2834 5632 Cuntriturum
2894 5577 3062 5647 igitur
3124 5580 3392 5650 promittit
3448 5596 3634 5635 arcum

2067 5669 2228 5727 Israel
2263 5672 2315 5727 in
2349 5670 2487 5727 valle
2508 5669 2738 5727 Jezrael.
2784 5670 2957 5728 Victa;
3006 5682 3133 5729 sunt
3186 5673 3332 5731 enim
3354 5712 3372 5739 ,
3410 5683 3467 5730 ut
3495 5674 3635 5743 dixi,

471 5857 514 5888 "
548 5856 611 5911 ιγ
640 5857 773 5930 Reg.
804 5873 913 5924 ινι,
953 5857 1039 5913 12.
1116 5856 1160 5891 ⁸⁸
1192 5852 1255 5909 ιγ
1291 5853 1424 5924 Reg.
1460 5868 1583 5921 aut,
1621 5851 1676 5906 2.
1757 5851 1803 5883 "
1838 5849 1968 5906 ibid.
2005 5849 2057 5904 5.
