4046 6376
469 441 544 504 33
1483 435 1548 488 S.
1588 428 1863 487 υἵιιιιιι
1903 428 2038 484 ALE

2145 424 2377 482 NDR'INI
2415 423 2737 481 ARCHIEP.
3657 412 3728 468 ιθ

474 567 543 619 ab
570 564 770 620 Azaele
815 571 873 619 et
903 562 1048 616 Adet
1094 561 1269 616 tribus
1329 558 1517 612 Israel.
1563 555 1630 610 Et
1657 556 1774 610 haec
1824 553 2038 620 quidem

2145 553 2397 622 προφήτῃ
2450 550 2680 614 παιδίον,
2731 540 2777 617 ᾦ
2821 546 2916 604 καὶ
2947 546 3119 617 ὖνομα
3159 542 3221 598 τὸ
3275 536 3533 610 Ἰεζραέλ.
3566 533 3730 588 οἱονεί

476 657 756 711 historice.

2146 658 2264 704 πως
2293 639 2431 693 Θεοῦ
2457 641 2556 710 τὴν
2577 640 2674 693 ἐπὶ
2705 637 2785 709 τῷ
2812 636 3092 691 Ναϐουθαὶ
3117 631 3418 703 γενομένην
3448 627 3728 697 ἁμαρτίαν

473 749 1003 821 ἀναμιμνήσκοντος.
1047 744 1265 815 ’Δνδρὸς
1291 743 1396 813 γὰρ
1416 742 1628 796 δικαίου
1684 741 1778 795 καὶ
1839 739 2101 802 εὐλαϐοῦς
2139 738 2340 800 ἀδίκως
2405 737 2771 808 ἀνῃρημένου,
2820 733 2940 798 πῶς
2985 733 3051 788 ἂν
3101 731 3380 803 ἠρέμησεν
3424 723 3618 821 ὁῃτῶν-
3647 723 3731 821 δια

475 816 660 897 καίων⁷
707 816 1051 913 προστάτης-ς
1089 839 1412 911 Συντρίψειν
1481 833 1575 891 οὖν
1614 836 2008 905 ἐπαγγέλλεται
2068 834 2220 900 τόξον
2263 833 2356 886 τοῦ
2396 831 2611 902 Ἰσραὴλ
2655 834 2714 885 ἐν
2786 833 2852 902 τῇ
2887 827 3091 882 κοιλάδι
3134 825 3232 879 τοῦ
3272 819 3528 892 Ἱεζραέλ.
3570 816 3728 913 βενε-

473 954 666 1007 κηνται
707 911 836 1009 γάρ,
870 937 946 1000 ὡς
982 936 1138 1006 ἔφην,
1169 933 1274 987 ὐπό
1317 949 1375 985 τε
1407 933 1499 986 τοῦ
1541 930 1761 1004 ’Δξαὴλ,
1808 932 1903 984 καὶ
1978 929 2160 1002 μέντοι
2238 928 2332 982 τοῦ
2360 928 2523 999 Ἀδερ
2545 930 2601 982 αἱ
2631 926 2795 997 φυλαὶ
2857 923 2952 978 τοῦ
2983 920 3217 994 Ἰσραήλ.
3241 918 3355 972 Καὶ
3378 918 3412 970 ὁ
3447 915 3547 986 μὲν
3569 911 3726 979 λόγος

472 1034 531 1084 ἐν
557 1030 766 1094 τούτοις
796 1029 906 1084 τῶν
941 1027 1229 1099 ίστορικῶς
1252 1026 1681 1099 πεπραγμένων.

541 1126 652 1194 Age
681 1140 862 1194 porro,
895 1124 1060 1178 etiam
1090 1123 1142 1176 in
1199 1120 1425 1174 alteram
1473 1121 1802 1190 scripturam
1840 1131 2041 1174 conve-

472 1216 675 1270 nientia
704 1215 968 1279 dicamus,
1005 1214 1072 1266 ad
1117 1211 1453 1282 spiritualem
1493 1209 2036 1275 commentationem,

469 1307 586 1362 sive
617 1319 836 1360 sensum
887 1319 917 1358 a
953 1304 1064 1358 Deo
1090 1303 1231 1358 dicta
1283 1311 1624 1357 revocantes.
1675 1299 1880 1356 Nobilis
1914 1315 2040 1370 pro-

479 1407 598 1462 pter
659 1395 893 1464 majores
956 1391 1264 1448 Iudaeorum
1353 1393 1660 1464 Synagoga.
1720 1392 2040 1448 Servierunt

471 1485 614 1540 enim
652 1486 948 1548 Abraham,
984 1493 1036 1538 et
1063 1483 1155 1537 ﬂlii
1193 1499 1257 1537 ac
1283 1493 1507 1553 nepotes
1539 1484 1656 1554 ejus
1685 1485 1796 1538 Deo
1839 1484 2040 1539 viventi

471 1586 525 1630 et
559 1591 688 1630 vero
717 1593 730 1641 ;
757 1574 888 1643 quin
925 1574 1090 1628 etiam
1128 1572 1354 1641 iustitiae
1397 1572 1623 1627 studiosi
1675 1572 1942 1635 cultores,
1987 1581 2043 1625 et

470 1667 720 1720 omnibus
753 1666 1013 1718 virtutum
1042 1655 1424 1732 germanarum
1450 1663 1755 1717 actionibus
1801 1663 2042 1731 insignes

2217 1113 2355 1185 Φέρε
2385 1111 2444 1165 δὲ
2475 1111 2572 1166 καὶ
2611 1112 2693 1174 εἰς
2717 1109 2816 1181 τὴν
2845 1108 3036 1176 ἐτέραν
3063 1102 3281 1176 γραφὴν
3304 1099 3375 1154 τά
3411 1098 3599 1154 εἰκότα
3635 1096 3722 1150 λέ-

2144 1223 2356 1278 γωμεν,
2401 1201 2826 1274 ἀνακομίζοντες
2863 1201 2966 1271 ήδη
2997 1199 3134 1269 πρὸς
3161 1195 3393 1266 θεωρίαν
3422 1207 3723 1262 πνευματι-

2146 1300 2246 1370 κὴν
2271 1299 2344 1352 τὰ
2373 1297 2640 1369 εἰρημένα
2669 1293 2820 1366 παρὰ
2853 1292 3010 1346 Θεοῦ*
3050 1289 3292 1358 Εὐγενης
3325 1286 3425 1358 μὲν
3467 1284 3557 1338 διὰ
3593 1283 3720 1343 τούς

2143 1392 2389 1462 πατέρας
2433 1392 2469 1461 ἡ
2517 1387 2626 1442 τῶν
2670 1384 2935 1440 Ἰουδαίων
2966 1382 3282 1451 Συναγωγή.
3317 1373 3718 1447 Λελατρεύκασι

2139 1485 2251 1554 γὰρ
2283 1485 2332 1538 oi
2361 1481 2505 1554 ἀμφὶ
2541 1481 2632 1534 τὸν
2664 1477 2955 1532 θεσπέσιον
2987 1473 3238 1546 Ἀϐραὰμ
3264 1469 3388 1540 Θεῷ
3415 1468 3581 1534 ζῶντι
3621 1467 3717 1519 καὶ

2138 1575 2399 1647 ἀληθινῷ,
2439 1575 2535 1628 καὶ
2580 1571 2685 1642 μὴν
2710 1570 2805 1624 καὶ
2834 1566 3182 1636 δικαιοσύνης
3207 1563 3495 1632 γεγόνασιν
3521 1560 3718 1628 ἐπιμε-

2138 1666 2301 1738 ληταὶ
2326 1708 2341 1731 ,
2393 1664 2490 1718 καὶ
2536 1662 2776 1725 ἀπάσαις
2825 1656 3245 1728 ἀγαθοεργείαις
3290 1651 3350 1706 εὖ
3396 1650 3550 1724 μάλα
3573 1665 3717 1738 ,κατα

467 1759 759 1813 admodum
799 1765 855 1810 et
891 1754 1022 1809 clari
1051 1754 1290 1816 fuerunt,
1338 1764 1394 1808 et
1420 1755 1471 1807 in
1503 1753 1604 1809 ﬁde
1639 1752 1960 1816 immobiles,
1990 1762 2042 1806 et

2147 1735 2490 1825 εστεμμένοι,
2512 1752 2608 1805 καὶ
2629 1748 2945 1819 γνησιότητι
2973 1743 3366 1816 διαπρέποντες
3389 1780 3405 1806 ,
3437 1738 3531 1792 καὶ
3559 1735 3713 1790 ἀκλό-

473 1848 526 1902 in
561 1846 710 1902 omni
741 1859 948 1915 genere
992 1845 1251 1898 bonitatis
1281 1845 1588 1899 exercitati.
1631 1845 1731 1898 Ast
1783 1844 1870 1898 ubi
1903 1841 2044 1897 fame

467 1937 731 2008 compulsi
757 1935 1028 2007 Egyptiis
1051 1951 1111 1990 se
1139 1937 1634 1998 commiscuerunt,
1663 1935 1844 2002 ibique
1885 1935 2042 2002 longo

470 2039 711 2100 tempore
738 2037 1174 2098 permanserunt,
1221 2043 1407 2082 eorum
1455 2027 1656 2096 posteri
1698 2027 1834 2080 alios
1865 2040 2043 2080 mores

472 2120 784 2183 induerunt,
833 2119 1080 2188 aliosque
1106 2133 1302 2173 sensus
1351 2127 1406 2171 et
1437 2118 1800 2186 cogitationes
1836 2131 2043 2170 assum-

470 2221 712 2276 pserunt.
745 2210 1027 2280 indigenas
1071 2211 1141 2264 de
1185 2218 1384 2263 cmtero
1437 2207 1635 2262 imitari
1687 2215 1989 2261 statuentes
2023 2246 2040 2272 ,

467 2308 848 2370 consuetaque
875 2300 1118 2370 patribus
1137 2338 1153 2362 ,
1198 2311 1253 2354 et
1285 2299 1544 2370 praeclare
1575 2299 1833 2369 praestita;
1862 2299 2038 2368 pieta-

473 2389 544 2444 tis
581 2405 802 2458 parvam
853 2390 1075 2443 omnino
1123 2389 1390 2443 rationem
1438 2389 1717 2444 ducentes.
1769 2390 2042 2444 Adoravc-

469 2489 596 2534 runt
618 2480 762 2534 enim
800 2498 819 2533 ι
856 2478 1173 2534 Creaturam
1219 2479 1401 2548 potius
1434 2494 1596 2548 quam
1623 2479 1934 2534 Creatorem
1957 2480 2038 2545 “,

469 2585 524 2625 et.
551 2586 717 2636 opera
752 2587 1010 2626 manuum
1037 2586 1259 2626 suarum
1300 2572 1366 2636 “,
1402 2590 1422 2622 ι
1465 2572 1610 2625 sicut
1637 2559 1897 2642 scriptum
1939 2580 2039 2626 est.

474 2663 550 2715 lio
580 2670 762 2715 autem
813 2661 1237 2715 abominationis
1293 2661 1545 2714 abierunt
1593 2669 1648 2714 et
1692 2662 1764 2714 ita
1821 2660 2044 2729 profane

474 2753 637 2806 vitam
678 2752 1030 2815 transierunt,
1063 2759 1124 2804 ut
1172 2750 1260 2804 vix
1308 2750 1475 2803 ullum
1531 2751 1890 2818 improbitatis
1937 2751 2046 2820 20

474 2843 689 2898 modum
743 2842 953 2896 discere
1001 2850 1057 2894 et
1104 2840 1406 2896 consectari
1452 2841 1916 2908 praetermiserim.
1966 2843 2045 2896 Ac

471 2933 602 2987 mibi
637 2947 768 2988 sane
797 2932 936 2992 idem
970 2931 1074 2986 illis
1125 2933 1337 2985 videtur
1385 2931 1692 2995 accidisse,
1745 2932 1889 3000 quod
1927 2947 2045 2986 mu-

471 3025 590 3078 lieri
621 3025 854 3090 sapienti
892 3035 992 3076 nec
1020 3022 1265 3092 ignobili,
1295 3037 1418 3091 qua:
1474 3021 1717 3078 moribus
1761 3024 1872 3078 suis
1914 3024 2042 3078 reli-

2144 1863 2294 1914 νητοι
2325 1845 2425 1915 τὴν
2459 1843 2673 1906 πίστιν,
2703 1841 2801 1895 καὶ
2835 1841 2944 1894 πᾶν
2973 1833 3112 1900 εἶδος
3137 1832 3440 1896 ἐπιεικείας
3468 1831 3713 1899 ἐπησκηο

2144 1939 2318 2000 κότες.
2379 1934 2595 2004 Ἐπειδὴ
2637 1933 2698 1986 δὲ
2747 1930 2910 2003 λιμοῦ
2975 1927 3392 1997 κατωθήσαντος
3448 1917 3714 1990 ἐπέμιξαν

2142 2029 2483 2098 Αἰγυπτίοις,
2516 2023 2636 2078 εἶτα
2669 2025 2915 2095 μακροὺς
2947 2023 3124 2076 ἐκεῖσε
3157 2014 3560 2072 διατετελέκασι
3586 2009 3715 2082 χρό-

2142 2138 2287 2186 νους,
2313 2116 2658 2190 ἐτερότροποί
2686 2133 2745 2170 τε
2801 2115 2895 2168 καὶ
2923 2109 3356 2183 ἐτερογνώμονες
3375 2107 3424 2158 οἱ
3449 2104 3508 2170 ἐξ
3532 2101 3713 2156 αὐτῶν

2142 2213 2419 2283 γεγόνασι,
2453 2213 2567 2274 τοῖς
2589 2208 2699 2262 τῶν
2722 2205 3078 2262 ἐνοικούντων
3113 2201 3294 2254 ἔθεσιν
3323 2195 3551 2252 ἔπεσθαι
3573 2196 3712 2266 ᾑρη-

2147 2304 2299 2374 μένοι
2321 2302 2529 2366 λοιπὸν,
2564 2301 2660 2355 καὶ
2691 2299 2850 2367 ὀλίγα
2876 2294 3153 2357 παντελῶς
3177 2293 3278 2363 τῆς
3299 2294 3412 2355 τοῖς
3440 2288 3714 2358 πατράσιν

2144 2392 2425 2466 ἐντριϐοὖς
2468 2394 2563 2446 καὶ
2593 2389 2888 2461 ἐξαιρέτως
2937 2383 3380 2454 κατορθουμένης
3431 2376 3713 2438 εὐσεϐείας

2147 2484 2589 2557 πεφροντικότες.
2644 2477 3133 2551 Προσκεκυνήκασι
3179 2472 3289 2543 γάρ
3343 2489 3367 2523 ι
3399 2470 3479 2541 Τῇ
3537 2466 3713 2522 κτίσει

2143 2576 2298 2647 παρά
2322 2575 2416 2628 τὸν
2439 2573 2720 2639 κτίσαντα,
2747 2571 2843 2626 καὶ
2887 2571 3000 2632 τοῖς
3027 2567 3214 2639 ἔργοις
3237 2562 3346 2618 τῶν
3377 2559 3576 2633 χειρῶν
3611 2558 3712 2612 αὐ-

2142 2671 2276 2735 τῶν,
2316 2688 2334 2722 ι
2379 2669 2523 2723 καθά
2573 2667 2905 2738 γέγραπται.
2953 2659 3279 2730 Κατῲχοντο
3329 2656 3388 2710 δὲ
3433 2651 3712 2725 βδελυρίας

2146 2764 2226 2824 είς
2249 2759 2410 2814 τοῦτο
2460 2759 2556 2812 καὶ
2586 2757 2815 2830 βεϐήλου
2849 2755 3016 2824 ζωῆς,
3048 2753 3123 2815 ὡς
3149 2751 3290 2820 τάχα
3313 2765 3417 2802 που
3449 2745 3714 2816 φαυλότη-

2142 2872 2234 2917 τος
2277 2853 2480 2922 τρόπον
2521 2851 2665 2921 ἐχειν
2713 2845 3133 2919 ἀνεπιτήδευτον
3177 2839 3458 2903 παντελῶς
3501 2838 3710 2892 οὐδένα.

2145 2944 2255 2999 Καί
2290 2944 2380 3016 μοί
2425 2961 2480 2996 τι
2519 2942 2714 2996 παθεῖν
2753 2939 2969 2994 δοκοῦσι
3019 2937 3249 2997 τοιοῦτο,
3280 2937 3420 3004 ὅπερ
3451 2933 3519 2986 ἂν
3549 2929 3715 2984 πάθοι

2145 3035 2283 3106 γυνὴ
2323 3038 2462 3104 σοφή
2493 3051 2554 3087 τε
2587 3033 2682 3087 καὶ
2713 3030 2960 3101 εὐγενὴς,
2996 3029 3089 3082 τὸν
3123 3029 3221 3098 μὲν
3248 3026 3446 3095 ἐαυτῆς
3486 3020 3716 3094 μεθεῖσα

467 3116 596 3178 ctis,
657 3125 712 3169 et
749 3114 1052 3171 honestatis
1087 3129 1149 3168 ac
1181 3115 1461 3169 modestiae
1503 3115 1696 3169 studiis
1727 3115 1890 3170 etiam
1949 3129 2043 3168 va-

2149 3127 2371 3198 τρόπον,
2400 3127 2566 3196 μόνον
2593 3124 2651 3178 δέ
2691 3123 2813 3193 οὐχὶ
2862 3122 2957 3176 καὶ
2997 3117 3274 3191 ἐρρῶσθαι
3307 3115 3563 3186 φράσασα
3599 3115 3714 3174 τοῖς

473 3207 585 3262 lere
638 3205 826 3275 jussis,
875 3206 1052 3274 potius
1112 3206 1165 3258 in
1207 3206 1386 3275 specie
1428 3215 1483 3260 et
1517 3207 1758 3261 vestibus
1806 3207 2048 3261 meretri-

465 3298 571 3354 c‘iis
609 3298 843 3366 conspici
867 3296 1127 3352 instituit.
1166 3296 1286 3364 Quo
1321 3298 1465 3350 enim
1500 3299 1658 3352 modo
1710 3299 1905 3352 mulier
1925 3299 2046 3355 talis

468 3389 711 3443 omnium
767 3387 1138 3455 voluptatibus
1185 3387 1606 3455 servitjhomnis
1659 3390 1924 3444 molestiae
1959 3406 2046 3444 se-

479 3493 635 3544 cura,
656 3476 843 3531 eodem
885 3478 1046 3530 modo
1077 3477 1254 3530 anima
1288 3477 1520 3530 hominis
1548 3477 1708 3530 simul
1739 3493 1804 3532 ac
1835 3477 2048 3532 aratio-

475 3573 634 3625 m'bns
667 3569 887 3639 pietatis
912 3567 1210 3632 deﬂexerit,
1257 3570 1694 3639 cbaritatemqne
1724 3585 1850 3638 erga
1885 3571 2046 3624 Deum

468 3663 622 3718 ﬂocci
653 3662 920 3731 penderit,
957 3669 1012 3714 et
1071 3661 1138 3716 ad
1192 3661 1451 3730 Satanam
1509 3661 1875 3725 inclinaverit,
1932 3678 2045 3714 ma-

473 3755 738 3822 lignorum
761 3754 1047 3822 spirituum
1066 3753 1456 3819 cupiditatibus
1475 3753 1834 3820 obtemperat.
1860 3751 2046 3822 Itaque

471 3844 743 3898 fornicata
810 3853 892 3897 est
948 3842 1309 3911 spiritualiter
1361 3844 1415 3896 in
1461 3842 1700 3913 ngypIo
1741 3842 2044 3899 Iudaeorum

469 3939 786 4006 Synagoga.
828 3934 1120 3990 Prustabat
1158 3936 1324 4000 enim,
1360 3946 1420 3990 ut
1465 3936 1602 3997 dixi,
1638 3937 1936 3991 daemonum
1963 3938 2050 3992 de-

471 4030 710 4091 sideriis,
752 4038 806 4081 et
831 4029 896 4082 ad
930 4042 1093 4081 omne
1133 4029 1495 4096 quodcunque
1536 4027 1642 4080 illis
1677 4027 2038 4091 collibuisset,

471 4134 582 4174 non
638 4117 859 4173 dillicile
914 4117 1246 4187 rapiebatur.
1303 4116 1572 4172 Caeterum
1629 4119 1706 4171 ita
1749 4119 2045 4188 proiectam

473 4209 720 4265 visitavit
771 4208 1062 4262 miseratus
1088 4209 1251 4272 Deus,
1303 4217 1358 4262 et
1407 4209 1585 4262 denuo
1627 4209 1876 4277 pudicam
1929 4211 2049 4264 red-

473 4303 603 4355 dere
625 4299 842 4356 molitus
869 4307 974 4365 est,
990 4309 1044 4353 et
1060 4299 1458 4368 propemodum
1486 4300 1924 4354 contubernalem
1951 4302 2049 4354 im-

2147 3221 2229 3282 είς
2261 3217 2562 3288 εὐκοσμίαν
2585 3214 3014 3286 ἐπιτηδεύμασιν
3033 3228 3047 3241 ·
3081 3208 3399 3282 ἀνῃρημένη
3423 3207 3480 3260 δὲ
3510 3204 3713 3276 μᾶλλον

2146 3309 2209 3361 τὸ
2237 3310 2296 3362 ἐν
2328 3309 2457 3363 εἴδει
2515 3308 2609 3361 καὶ
2640 3308 2914 3377 σχήμασιν
2937 3302 3168 3373 ὁρᾶσθαι
3200 3297 3713 3372 πορνικοίς.’ονπερ

2145 3400 2255 3470 γάρ
2284 3399 2484 3470 τρόπον
2513 3400 2545 3468 ἡ
2587 3397 2767 3452 τοιάδε
2799 3395 2937 3466 γυνὴ
2972 3394 3072 3458 τὰς
3107 3394 3365 3448 ἀπάντων
3395 3389 3588 3459 ἡδονὰς
3625 3388 3713 3458 ἐφ’

2145 3493 2311 3562 ἑαυτῇ
2340 3491 2558 3560 πληροῖ,
2582 3488 2900 3560 δυσχερείας
2933 3485 3155 3557 ἀπάσης
3178 3482 3540 3557 ἐξῃρημένης,
3571 3478 3716 3536 οὕτω

2145 3585 2241 3637 καὶ
2275 3581 2560 3653 ἀνθρώπου
2595 3581 2762 3650 ψυχὴ,
2795 3580 2902 3632 τῶν
2933 3579 3034 3648 τῆς
3059 3574 3715 3638 εὐσεϐείαςιάπονεύσασα

2149 3676 2607 3745 σπουδασμάτων,
2627 3674 2722 3727 καὶ
2754 3674 2974 3742 ἀγάπης
2991 3671 3089 3740 τῆς
3118 3671 3196 3733 εἰς
3215 3669 3347 3722 Θεὸν
3375 3669 3711 3738 ἀλογήσασα.

2147 3771 2240 3821 καὶ
2274 3767 2723 3838 προσκεκλημένη
2756 3765 2834 3834 τῷ
2866 3765 3078 3832 Σατανᾷ
3098 3801 3113 3826 ,
3160 3762 3260 3825 τὰς
3304 3761 3412 3814 τῶν
3461 3758 3714 3828 πονηρῶν

2147 3862 2476 3932 πνευμάτων
2519 3859 2815 3928 ἐπιθυμίας
2865 3855 3190 3928 ἀποπληροῖ.
3243 3853 3453 3908 οὐκοῦν
3510 3851 3715 3921 πεπόρ-

2148 3971 2337 4007 νευκεν
2361 3955 2418 4005 ἐν
2440 3951 2700 4021 Αἰγύπτῳ
2726 3949 2934 4021 νοητῶς
2963 3951 2998 4019 ἡ
3023 3948 3132 4000 τῶν
3168 3945 3432 3998 Ἰουδαίων
3461 3946 3715 4012 Συναγω-

2148 4046 2251 4116 γή.⁶
2294 4043 2596 4115 Προύκειτο
2631 4043 2762 4112 γὰρ,
2810 4041 2886 4102 ὡς
2932 4039 3091 4109 ἔφην,
3126 4037 3248 4099 ταῖς
3274 4035 3382 4089 τῶν
3426 4034 3714 4104 δαιμονίων

2148 4137 2465 4208 ἐπιθυμίαις
2507 4138 2588 4200 είς
2641 4136 2749 4188 πᾶν
2791 4131 2971 4186 ὁτιοῦν
2998 4130 3108 4182 τῶν
3137 4129 3322 4191 αὐτοῖς
3365 4125 3486 4179 καθ’
3519 4123 3714 4195 ἡδονὴν

2147 4228 2534 4300 ἀποφερομένη
2575 4227 2829 4287 εὐκόλως.
2890 4222 3029 4275 Ἀλλ’
3081 4217 3450 4272 ἐπεσκέπτετό
3503 4233 3564 4270 τε
3620 4216 3716 4271 καὶ

2145 4319 2294 4390 ἠλέει
2339 4320 2469 4381 Θεὸς
2541 4317 2639 4388 τὴν
2685 4315 2825 4369 οὕτω
2868 4312 3280 4385 διεῤῥιμμένην,
3329 4309 3419 4362 καὶ
3464 4308 3714 4378 σώφρονα

467 4405 664 4458 puram
699 4390 868 4453 illam,
907 4389 999 4456 qui
1045 4399 1130 4444 est
1175 4390 1419 4444 omnium
1469 4391 1805 4446 castissimus
1851 4401 1906 4447 et
1942 4406 2043 4462 pu-

2149 4389 2312 4468 πάλιν
2361 4411 2529 4482 αὐτὴν
2571 4409 2886 4479 ἀποφαίνειν
2925 4405 3118 4476 ἠθελεο
3151 4403 3312 4474 μόνον
3350 4401 3408 4453 δὲ
3433 4399 3576 4470 ὀὐχὶ

475 4483 767 4547 τίεεὶιιιυε,
805 4490 860 4536 et
915 4489 1145 4534 matrem
1189 4481 1426 4535 ﬁliorum
1470 4481 1624 4546 fecit,
1680 4491 1734 4536 et
1776 4485 2043 4540 cbaritate

2151 4506 2395 4560 σύνοικον
2443 4481 2613 4556 ἐποίει
2657 4501 2756 4571 τὴν
2805 4497 3030 4568 βέϐηλον
3091 4494 3121 4546 ὁ
3176 4491 3450 4561 πάναγνός
3513 4506 3573 4542 τε
3619 4489 3714 4544 καὶ

472 4574 724 4642 dignatus
757 4581 862 4635 est,
900 4585 1122 4643 propter
1155 4583 1338 4628 uatum
1393 4589 1461 4628 ex
1503 4590 1569 4628 ea
1601 4577 2040 4645 primogenitum,

473 4665 577 4718 boc
607 4672 693 4718 est
725 4661 961 4730 Jezrael,
1023 4665 1164 4732 quod
1213 4663 1407 4720 Latine
1449 4677 1626 4730 sonat,
1687 4685 1861 4723 tamen
1917 4668 2039 4724 Dei.

470 4755 616 4825 Ergo
655 4753 850 4811 Oscam
890 4757 942 4810 in
979 4756 1294 4825 imaginem,
1320 4765 1376 4810 et
1416 4767 1598 4829 typqu
1625 4761 2040 4828 sapientissime:

473 4849 632 4917 bujus
665 4849 1161 4902 administrationis
1195 4847 1288 4902 Dei
1342 4850 1610 4904 delectum
1660 4852 1894 4907 intuere.
1934 4853 2044 4908 Co-

464 4941 692 5010 pulatur
719 4939 926 4994 Gomer
955 4940 1165 4994 mulieri
1195 4943 1470 4995 meretrici
1501 4943 1760 5012 praplteta
1786 4954 2040 5012 sanctus;

471 5034 562 5087 illa
594 5034 643 5087 ei
677 5032 886 5102 peperit
920 5031 1152 5088 Jesrael.
1179 5031 1256 5086 Ita
1286 5033 1424 5088 Deus
1455 5049 1550 5102 per
1576 5035 2040 5102 sapientissimum

473 5123 691 5194 Moysen
743 5122 1053 5176 Judteorum
1115 5120 1461 5194 Synagogam
1525 5124 1594 5177 ad
1645 5125 1945 5180 amicitiam
1984 5137 2047 5180 et

471 5215 910 5271 communionem
963 5215 1305 5283 spiritualem
1364 5216 1622 5278 vocabat,
1681 5227 1904 5287 propter
1949 5233 2048 5271 na-

469 5307 739 5360 sciturum
775 5319 842 5359 ex
875 5304 1419 5374 ett-primogenitum,
1469 5307 1717 5362 videlicet
1743 5306 2045 5372 Christum,

465 5397 562 5464 qui
587 5411 774 5450 revera
807 5405 891 5450 est
919 5409 1106 5451 semen
1139 5395 1254 5449 Dei.
1290 5392 1464 5454 Natus
1491 5405 1576 5454 est
1613 5399 1758 5454 enim
1787 5413 1854 5454 ex
1888 5398 2047 5454 Patre

473 5487 668 5556 Filius,
693 5488 945 5557 quamvis
965 5501 1096 5544 caro
1110 5485 1296 5544 factus
1317 5489 1408 5544 sit.

540 5868 592 5901 θ’
619 5867 774 5923 Rom.
801 5885 842 5937 ι,
871 5868 962 5925 ‘25.
1040 5870 1084 5904 ⁸⁵
1124 5866 1284 5925 Mit'b.
1324 5883 1375 5936 v,
1415 5869 1498 5924 12.

2147 4597 2405 4668 καθαρὸς,
2456 4596 2550 4649 καὶ
2598 4595 2804 4648 τέκνων
2849 4591 3019 4644 ἐποίει
3073 4587 3303 4659 μητέρα,
3350 4584 3442 4638 καὶ
3491 4583 3711 4652 ἀγάπης

2146 4689 2318 4760 ἠξίου,
2351 4688 2441 4742 διὰ
2465 4689 2556 4742 τὸν
2583 4687 2642 4751 ἐξ
2671 4685 2841 4754 αὐτῆς
2869 4683 3157 4753 γενόμενον
3181 4677 3541 4751 πρωτότοκον,
3559 4691 3716 4726 τουτ-

2149 4786 2263 4838 έστι
2295 4783 2385 4836 τὸν
2461 4779 2724 4851 Ἰεξραὲλ,
2769 4779 2830 4842 ὸς
2897 4773 3256 4846 ἑρμηνεύεται
3298 4767 3496 4838 σπορὰ
3540 4764 3709 4820 Θεοῦ.

2149 4879 2290 4946 Ὀρα
2331 4876 2395 4946 δὴ
2432 4869 2525 4926 οὐν
2559 4874 2638 4936 είς
2671 4871 2854 4924 εἰκόνα
2897 4869 2992 4921 καὶ
3034 4864 3202 4920 τύπον
3246 4861 3354 4916 τῶν
3395 4859 3538 4914 οὕτω
3577 4875 3715 4910 παν-

2147 4969 2324 5037 σόφως
2365 4962 2830 5035 οίκονομηθέντων
2873 4957 3024 5030 παρὰ
3073 4953 3210 5009 Θεοῦ
3258 4949 3568 5021 τεθειμένον
3620 4948 3713 4999 τὸν

2159 5060 2334 5130 Ὠσηέ.
2389 5057 2721 5111 Συνάπτεται
2761 5056 2827 5124 τῇ
2858 5051 3059 5122 Γόμερ,
3096 5047 3270 5119 πόρνῃ
3298 5041 3538 5112 γυναικὶ,
3579 5055 3714 5130 προ-

2145 5127 2318 5219 φήτης
2347 5146 2519 5216 ἅγιος.
2538 5145 2602 5197 Ἥ
2630 5144 2686 5197 δὲ
2715 5143 2935 5196 τέτοκεν
2959 5136 3109 5208 αὐτῷ
3137 5135 3230 5190 τὸν
3269 5131 3528 5204 Ἰεζραέλ.
3555 5127 3714 5184 Οὕτω

2145 5241 2236 5293 καὶ
2261 5239 2392 5303 Θεὸς
2423 5236 2606 5292 ἐκάλει
2637 5234 2774 5307 πρὸς
2822 5229 3130 5300 οἰκειότητα
3173 5225 3260 5281 διὰ
3303 5223 3396 5278 τοῦ
3437 5219 3710 5287 πανσόφου

2144 5333 2407 5397 Μωσέως,
2472 5331 2572 5401 τὴν
2619 5327 2729 5381 τῶν
2767 5324 3039 5378 ’Ἰουδαίων
3091 5316 3437 5388 Συνανωγὴν,
3487 5312 3581 5367 καὶ
3629 5311 3712 5372 είς

2145 5425 2432 5481 κοινωνίαν
2471 5418 2870 5492 πνευματικὴν,
2913 5415 3002 5470 διὰ
3050 5412 3142 5468 τὸν
3169 5411 3227 5479 ἐξ
3258 5408 3428 5479 αὐτῆς
3457 5405 3712 5475 ἐσόμενον

2147 5519 2507 5592 πρωτότοκον,
2533 5514 2798 5579 τουτέστι,
2829 5508 3086 5584 Χριστὸν,
3117 5509 3176 5571 ὃς
3208 5507 3322 5558 ἐστι
3371 5498 3548 5570 σπορά
3562 5493 3710 5592 ⁸Θεοῦ

2148 5587 2290 5666 κᾷτδι
2331 5610 2393 5664 τδ
2421 5608 2639 5679 ἀληθές.
2685 5604 2978 5675 Γεγένηται
3023 5601 3132 5673 γὰρ
3162 5599 3224 5652 ἐκ
3267 5592 3533 5665 Πατρὸςό
3561 5587 3710 5653 nec.

2149 5706 2242 5760 καὶ
2272 5706 2318 5758 εί
2347 5702 2540 5774 γέγονε
2573 5701 2728 5771 σάρξ.
