4046 6376
275 356 347 410 λιι
1208 350 1760 408 COMMENTARIUS
1801 348 1867 403 IN
1908 348 2143 403 OSEAM
2181 349 2623 404 l’ROPllETAM.
3471 359 3543 406 42

368 469 587 539 Ἐπειδὴ
614 469 671 523 δὲ
700 470 800 523 οὐκ
826 468 892 523 ἂν
922 470 1123 542 ἑτέρως
1154 471 1363 539 γένοιτο
1413 471 1591 541 σαφὴς
1653 471 1747 523 καὶ
1776 470 1865 522 εὐο

2038 468 2303 534 Quoniam
2349 482 2473 521 vero
2503 466 2797 536 spiritualis
2836 465 3285 521 consiilerationis
3328 464 3545 518 collatio

280 563 614 635 Δκρινεστάτη
644 562 746 633 τῆς
796 563 1172 633 πνευματικῆς
1201 564 1434 634 θεωρίας
1467 567 1500 633 ή
1538 562 1861 633 παράθεσις,

295 655 367 725 μὴ
384 653 822 724 παρενεχθέντων
834 654 917 716 εἰς
934 654 1098 723 μέσον
1121 653 1220 708 τῶν
1239 654 1526 726 ίστορικῶς
1542 654 1863 723 γεγονότων,

293 745 445 815 φέρε,
478 743 639 797 πάλιν
674 744 863 797 αὐτῶν
885 746 1279 816 ἐπιμνήσομαι.
1309 745 1435 799 Ὀτι
1468 746 1565 816 μὲν
1597 740 1690 798 οὖν
1712 744 1865 807 πόλις

291 836 324 903 ἡ
368 832 627 905 Ἰεζραὲλ,
664 834 1124 904 προαπήγγελκεν
1171 837 1304 907 ἡμῖν
1351 835 1600 907 ἐναργῶς
1640 834 1863 903 όλόγος.

304 925 450 975 Ἀλλ’
480 924 554 987 ὼς
582 927 645 977 ἐκ
684 924 893 986 πόλεως
920 926 1020 995 τῆς
1057 925 1295 997 Ἰεζραὲλ
1354 926 1603 997 σημαίνει
1635 926 1726 979 τὸν
1760 927 1868 980 Να-

292 1017 504 1081 ϐουθαὶ,
528 1017 693 1079 τύπος
725 1017 771 1071 δ’
806 1018 872 1070 ἂν
898 1018 1111 1086 γένοιτο
1139 1019 1234 1070 καὶ
1254 1018 1415 1081 αὐτὸς
1442 1019 1545 1089 τῆς
1572 1020 1629 1072 ἐν
1647 1017 1866 1089 Χριστῷ

293 1107 585 1176 νοουμένης
625 1106 963 1177 οἰκονομίας,
1011 1107 1410 1178 Ἐρμηνεύεται
1441 1107 1497 1160 δὲ
1542 1108 1636 1187 καὶ
1681 1108 1863 1172 αὐτὸς,

293 1198 615 1268 ἐρχόμενος·
645 1198 870 1269 ὀνόματι
919 1199 978 1251 δὲ
1025 1199 1104 1269 τῷ
1143 1199 1331 1269 τοιῷδε
1378 1200 1469 1254 τὸν
1522 1200 1866 1272 Ἐμμανουήλ

296 1290 550 1360 σημαίνει
594 1290 912 1354 πλειστάκις
941 1290 1002 1343 τὸ
1033 1291 1274 1361 Γράμμα
1317 1291 1379 1344 τὸ
1427 1292 1588 1362 ἱερόν.
1637 1290 1866 1363 Εἴρηται

296 1381 393 1450 μὲν
429 1376 523 1434 οὗν
562 1382 698 1451 πρὸς
745 1382 835 1434 τὸν
867 1382 1135 1453 μακάριον
1169 1385 1457 1454 προφήτην
1514 1385 1863 1456 Ἀδϐακούμ’

298 1473 451 1524 «Ἔτι
488 1473 701 1543 μικρὸν,
748 1475 776 1526 6
825 1473 1120 1544 ἐρχόμενος
1159 1474 1301 1545 ἥξει,
1342 1476 1437 1530 καὶ
1474 1476 1535 1529 οὐ
1582 1479 1804 1547 χρονιεῖ.
1842 1496 1860 1529 ι

292 1560 498 1614 Ψάλλει
520 1563 575 1614 δέ
599 1580 701 1615 που
747 1564 840 1616 καὶ
864 1565 893 1615 6
918 1564 1101 1629 Aa6‘t6,
1133 1584 1151 1615 ι
1178 1566 1557 1636 Εὐλογημένος
1576 1570 1605 1621 6
1640 1568 1868 1639 ἐρχόμε-

292 1669 381 1714 νος
412 1655 470 1706 ἐν
495 1654 719 1723 ὀνόματι
750 1655 975 1724 Κυρίου.
1017 1674 1035 1705 ι
1091 1658 1203 1709 Καὶ
1230 1657 1338 1727 μὴν
1386 1658 1483 1710 καὶ
1528 1659 1691 1723 αὐτὸς
1712 1661 1741 1712 6
1785 1660 1865 1713 θε-

298 1748 518 1809 σπέσιος
541 1747 847 1818 Βαπτιστὴς
876 1748 1197 1804 ἀποστέλλει
1228 1752 1382 1813 τινὰς
1402 1752 1511 1804 τῶν
1538 1753 1730 1806 ἑαυτοῦ
1758 1771 1862 1825 μα-

295 1835 472 1904 θητῶν
501 1837 638 1906 πρὸς
680 1838 769 1891 τὸν
805 1813 1007 1908 Κύριον
1032 1839 1193 1909 ἡμῶν
1228 1841 1433 1910 Ἰησοῦν
1476 1844 1731 1912 Χριστὸν,
1758 1813 1867 1898 ’καὶ
1898 1813 1940 1869 Β

293 1927 357 1998 δὴ
388 1928 771 1982 διεπυνθάνετο
800 1929 995 1998 λέγων,
1058 1951 1076 1983 ι
1107 1933 1178 1985 Σὺ
1208 1929 1261 1985 εἴ
1285 1935 1313 1986 ὁ
1346 1933 1659 2004 ἐρχόμενος,
1688 1936 1720 2006 ἦ
1753 1938 1870 1991 ἓτε-

298 2035 387 2087 ρον
415 2019 840 2090 προσδοκῶμεν;
875 2040 893 2073 ι
930 2022 1054 2075 Ὅτι
1099 2023 1157 2076 δὲ
1186 2019 1253 2095 ἦν
1286 2025 1367 2087 είς
1401 2027 1583 2079 εἰκόνα
1607 2026 1866 2097 Χριστοῦ,

293 2111 562 2164 καὶτοῦτο
583 2112 770 2180 σαφῶς
794 2114 857 2165 ἐκ
878 2113 987 2166 τῶν
1006 2116 1093 2167 ἐπ’
1116 2114 1266 2186 αὐτῷ
1288 2118 1692 2188 γεγραμμένων
1724 2121 1868 2173 εἰσό-

297 2202 456 2271 μεθα.
498 2204 795 2274 Ἐπεθύμει
834 2205 932 2275 μὲν
962 2206 1071 2276 γὰρ
1097 2208 1125 2259 6
1169 2207 1374 2277 Ἀχαάὁ
1423 2212 1869 2281 κατακτήσασθαι

291 2292 383 2344 τὸν
414 2292 709 2361 ἀμπελῶνα
754 2292 950 2357 αὐτοῦ,
981 2294 1075 2345 καὶ
1108 2294 1187 2357 εἰς
1216 2295 1388 2364 κῆπον
1420 2296 1666 2366 λαχάνων
1705 2314 1869 2367 μετα-

305 2385 573 2437 σκευάσαι
615 2385 676 2437 τὸ
703 2384 874 2449 οὕτως
923 2386 1201 2456 ἐξαίρετον
1238 2387 1454 2457 χωρίον.
1497 2389 1553 2441 '0
1584 2388 1641 2440 δὲ
1700 2391 1872 2457 ἠγαν-

295 2475 451 2529 άκτει
485 2475 620 2544 πρὸς
635 2474 813 2539 τοῦτο,
833 2476 925 2530 καὶ
951 2476 1026 2540 ὡς
1046 2478 1145 2530 οὐκ
1170 2476 1236 2530 ἂν
1263 2479 1503 2547 προιεῖτό
1520 2495 1647 2532 ποτε
1672 2479 1761 2531 τὸν
1775 2478 1869 2531 τοῦ

293 2567 500 2637 πατρὸς
545 2567 879 2636 ἀμπελῶνα,
917 2569 1279 2640 διισχυρίζετο
1325 2571 1531 2639 σαφῶς.
1594 2589 1613 2622 ‹
1651 2572 1741 2642 Μή
1781 2588 1871 2641 μοι

294 2658 405 2729 γὰρ
434 2659 663 2726 γένοιτο,
695 2660 849 2729 φησὶ,
876 2660 1167 2731 προδοῦναι
1200 2660 1499 2730 ἀμπελῶνα
1532 2662 1741 2732 πατρός
1765 2662 1868 2732 μού

296 2765 401 2801 σοι.
437 2767 454 2799 ι
499 2750 716 2820 Ἐπειδὴ
753 2751 810 2803 δὲ
842 2752 999 2812 τοῦτο
1037 2751 1356 2822 μεμάθηκεν
1387 2754 1419 2822 ή
1448 2752 1704 2824 θεομισὴς
1777 2753 1873 2807 καὶ

298 2840 523 2909 βέϐηλος
563 2840 819 2904 Ἰεζάϐελ,
860 2843 892 2911 ή
944 2844 1070 2911 τοὺς
1104 2844 1391 2914 προφήτας
1432 2842 1724 2907 διώκουσα,
1777 2845 1873 2898 καὶ

292 2934 408 2994 τῶς
434 2932 655 2995 δικαίοις
681 2933 1125 2997 ἐπιϐουλεύουσα,
1155 2935 1475 3006 δυστρόφοις
1505 2938 1873 3009 ἐπιχειρήμα-

297 3041 383 3078 σιν
434 3025 807 3095 ἐξεμηχανᾶτο
842 3026 927 3096 τῷ
966 3026 1158 3098 δικαίῳ
1184 3029 1274 3083 τὸν
1301 3030 1478 3099 φόνον.
1532 3031 1643 3085 Καὶ
1682 3030 1747 3103 δὴ
1780 3033 1873 3086 καὶ

294 3116 641 3187 ἀναιρεθῆναι
690 3119 1181 3189 παρασκευάσασα,
1228 3120 1583 3192 κληρονομεῖν
1648 3122 1872 3176 ἐκέλευε
1901 3148 1942 3202 C

295 3208 374 3279 τῷ
418 3211 771 3279 συνῳκηκότι,
837 3212 978 3282 φημὶ
1017 3213 1080 3283 δὴ
1113 3212 1191 3283 τῷ
1231 3213 1454 3283 Ἀχαά6.
1504 3214 1627 3268 Ἐπί⁵
1665 3215 1874 3280 τούτοις

296 3300 521 3363 εἰκότως
550 3300 848 3370 ἠγανάκτει
878 3302 1029 3367 Θεὸς,
1061 3305 1155 3357 καὶ
1184 3304 1247 3375 δὴ
1295 3306 1389 3358 καὶ
1431 3306 1745 3375 ἐκδικήσειν
1778 3308 1875 3359 ἐπ-

295 3390 618 3459 αγγέλλεται
664 3391 724 3446 τὸ
771 3388 909 3463 αἷμα
950 3393 1045 3447 τοῦ
1089 3393 1347 3464 Ἰεζραέλ.
1412 3395 1703 3467 Ἀνῄρηται
1743 3395 1874 3464 γοῦν

310 3479 517 3548 Ἀχαάϐ
546 3480 650 3533 ὑπὸ
701 3482 862 3551 Ἰηοὺ,
901 3483 1153 3554 καθάπερ
1186 3484 1287 3554 ήδη
1318 3485 1678 3555 προείπομεν,
1703 3501 1874 3555 προσ-

296 3571 455 3643 ετέθη
488 3572 545 3625 δὲ
575 3573 725 3643 αὐτῷ
759 3574 853 3627 καὶ
878 3575 911 3644 ἡ
942 3576 1301 3646 παμπόνηρος
1348 3574 1604 3640 Ἰεζάϐελ.
1634 3575 1769 3647 Φέρε
1806 3576 1871 3647 δὴ

295 3658 412 3725 οὐν,
460 3664 539 3726 είς
583 3663 818 3733 Χριστὸν
843 3664 1202 3736 ἀναφέρωμεν
1245 3665 1314 3719 τὰ
1345 3666 1422 3729 ὡς
1467 3668 1525 3719 ἐν
1567 3667 1722 3736 τύπῳ
1760 3668 1873 3730 τοῖς

299 3752 469 3805 πάλαι
511 3754 872 3824 γεγενημένα.
924 3755 981 3808 '0
1012 3755 1110 3825 μὲν
1139 3755 1249 3827 γὰρ
1299 3756 1586 3827 προφήτης
1623 3757 1869 3819 Ἡσαΐας,

298 3844 383 3896 ὃτι
416 3862 435 3894 ι
483 3842 767 3913 Ἀμπελὼν
798 3843 1031 3915 ἐγενήθη
1061 3844 1139 3915 τῷ
1168 3845 1513 3915 ἠγαπημένῳ
1556 3846 1615 3898 ἐν
1658 3846 1869 3916 κέρατι,

300 3935 362 3986 ὲν
396 3934 545 4005 τόπῳ
573 3935 741 3988 πίονι.
778 3954 797 3987 ι
856 3936 966 3989 Καὶ
991 3932 1059 4007 ήν
1100 3936 1129 3988 ὁ
1169 3936 1427 4007 ἀμπελὼν
1461 3936 1745 4008 ἄνθρωπος
1776 3935 1870 3990 τοῦ

313 4026 505 4090 Ἰούδα,
537 4028 816 4097 νεόφυτον,
848 4029 1227 4099 ἠγαπημένον.
1268 4028 1407 4081 Ἀλλ’
1440 4029 1489 4081 oi
1518 4026 1613 4081 τοῦ
1660 4028 1874 4099 Ἰσραὴλ

298 4117 613 4189 ἡγούμενοι,
664 4113 738 4172 ὧν
790 4118 858 4172 ἂν
904 4119 989 4190 είη
1038 4121 1131 4174 καὶ
1172 4118 1341 4183 τύπος
1391 4120 1419 4171 6
1478 4119 1682 4190 Ἀχαάϐ
1718 4118 1871 4189 βασι-

298 4207 492 4273 λεύων,
524 4206 875 4277 ἐπεθύμησαν
903 4206 1044 4278 ἔχειν
1087 4208 1180 4262 τὸν
1222 4207 1519 4279 ἀμπελῶνα
1549 4208 1714 4262 αὐτοῦ
1734 4225 1747 4238 ’
1775 4208 1873 4279 οὐχ

298 4297 388 4352 ῐνα
486 4297 686 4369 κλῆρος
739 4297 1031 4368 ἐξαίρετος,
1077 4298 1377 4365 τουτέστιν,
1421 4298 1717 4369 ἀμπελών·
1756 4300 1871 4352 ἀλλ’

299 4390 388 4442 ἵνα
421 4390 765 4460 χερσωμένος
822 4391 996 4461 κῆπος
1023 4390 1234 4458 γένοιτο
1264 4390 1543 4461 λαχανίας,
1573 4390 1871 4458 τουτέστιν,

1969 560 2251 630 perspicua
2300 558 2702 628 dijudicatuque
2730 558 2981 612 facillima
3007 559 3165 613 aliter
3197 558 3311 612 ﬁeri
3339 559 3543 624 nequit,

1968 652 2072 707 nisi
2088 667 2267 706 rerum
2289 660 2561 721 gestarum
2581 650 2821 705 historia:
2841 650 2892 703 in
2910 650 3142 703 medium
3160 649 3543 718 producantur,

1968 758 2088 814 age,
2112 743 2306 797 iterum
2347 756 2534 795 earum
2582 740 2907 794 mentionem
2940 739 3222 795 faciamus.
3248 737 3544 793 Jezraelem

1968 832 2134 889 fuisse
2156 833 2458 896 civitatem,
2482 840 2640 885 antea
2669 832 2817 886 clare
2854 830 3158 887 docuimus.
3188 830 3293 885 Sed
3315 833 3457 898 quod
3478 846 3541 883 ex

1968 931 2188 987 civitate
2229 929 2442 986 Jezrael
2478 927 2690 983 Naboth
2739 928 3029 996 signiﬁcat,
3061 927 3225 981 etiam
3262 927 3349 981 hic
3390 935 3545 996 typus

1967 1037 2089 1079 esse
2109 1032 2272 1093 queat
2292 1020 2631 1084 oeconomiae,
2658 1034 2817 1088 quam
2848 1018 2898 1071 in
2931 1018 3148 1073 Christo
3179 1018 3542 1086 intelligimus.

1968 1114 2101 1168 Nam
2141 1121 2196 1169 et
2262 1113 2377 1182 ipse
2423 1111 2635 1165 Naboth
2707 1110 2950 1163 redditur
3018 1109 3210 1163 Latine
3259 1118 3539 1167 venturus,

1968 1220 2072 1274 quo
2093 1204 2312 1259 nomine
2328 1203 2734 1257 Emmanuelem
2761 1200 2917 1255 toties
2941 1198 3222 1269 Scriptura
3251 1211 3433 1253 sancta
3472 1199 3547 1250 in-

1969 1296 2111 1349 dicat
2134 1295 2198 1349 “.
2222 1294 2432 1347 Dictum
2461 1303 2545 1348 est
2573 1306 2701 1361 ergo
2731 1291 2796 1345 ad
2818 1291 3035 1345 beatum
3067 1289 3346 1344 liahacuc:
3388 1305 3406 1338 ι
3438 1290 3547 1339 Λιι-

1970 1386 2073 1439 huc
2094 1385 2386 1450 modicum,
2411 1393 2465 1439 et
2489 1384 2707 1437 veniens
2730 1383 2926 1446 veniet,
2954 1390 3007 1434 et
3030 1396 3131 1434 non
3159 1380 3388 1433 tardabit
3416 1379 3479 1431 ⁸⁷.
3522 1397 3541 1430 ι

1967 1477 2153 1531 Psallit
2172 1488 2225 1532 et
2249 1476 2416 1530 David
2438 1476 2669 1544 quodam
2694 1476 2809 1529 loco
2840 1490 2853 1526 :
2889 1492 2908 1523 ι
2939 1472 3262 1527 Benedictus
3281 1471 3370 1540 qui
3397 1471 3548 1525 venit

1968 1566 2021 1619 in
2052 1568 2269 1621 nomine
2295 1566 2506 1620 Domini
2533 1566 2598 1618 ⁸⁸.
2643 1585 2662 1617 ι
2697 1565 2836 1632 Quin
2870 1574 2925 1618 et
2959 1566 3071 1633 ipse
3110 1564 3263 1617 divus
3308 1563 3545 1631 Baptista

1969 1659 2225 1724 quosdam
2258 1671 2287 1709 e
2313 1656 2594 1726 discipulis
2625 1656 2736 1710 suis
2768 1656 2871 1724 21
2893 1657 2958 1708 ad
2992 1654 3275 1709 Dominum
3298 1663 3545 1708 nostrum

1968 1743 2151 1801 Jesum
2171 1744 2449 1800 Christum
2476 1745 2597 1800 ideo
2627 1746 2795 1798 mittit
2817 1753 3223 1814 percunctatum
3256 1757 3273 1796 :
3317 1760 3336 1794 ι
3380 1741 3459 1796 Τιι
3488 1757 3548 1796 es

1969 1838 2058 1905 qui
2088 1846 2345 1891 venturus
2376 1851 2457 1897 es.
2490 1851 2559 1891 an
2599 1836 2761 1890 alium
2793 1847 3171 1904 exspectamus
3194 1834 3279 1889 ⁸⁸2
3308 1854 3326 1887 ι
3354 1833 3549 1890 Fuisse

1970 1939 2147 1983 autem
2165 1939 2217 1982 et
2238 1928 2373 1982 hanc
2403 1930 2626 1998 liguram
2651 1927 2872 1992 Christi,
2894 1927 3045 1996 plane
3070 1941 3133 1980 ex
3164 1926 3231 1980 iis
3252 1940 3369 1994 quae
3391 1927 3458 1979 de
3482 1940 3547 1980 eo

1970 2022 2172 2089 Scripta
2196 2029 2320 2074 sunt
2349 2023 2652 2089 perspicere
2678 2021 2823 2075 licet.
2843 2018 3164 2087 Coucupivit
3189 2018 3332 2073 enim
3360 2019 3547 2072 Achab

1972 2112 2249 2179 possidere
2296 2114 2509 2166 vineam
2550 2110 2686 2179 ejus,
2739 2121 2793 2165 et
2829 2113 3003 2165 locum
3047 2120 3155 2163 tam
3195 2110 3452 2164 eximium
3493 2111 3545 2163 in

1972 2210 2184 2259 hortum
2206 2204 2477 2259 olitorimu
2500 2217 2837 2259 convertere.
2859 2202 3067 2257 Nabotb
3098 2204 3315 2272 indigne
3343 2203 3544 2265 ferens,

1973 2312 2076 2349 non
2109 2311 2169 2349 se
2191 2297 2397 2349 vineam
2421 2296 2589 2365 patris
2614 2296 2695 2350 sui
2721 2296 3073 2350 dimissurum
3098 2310 3354 2364 expresse
3385 2297 3548 2366 proii-

1973 2394 2147 2439 tetur:
2190 2404 2207 2437 ι
2239 2383 2511 2454 Propitius
2535 2386 2605 2439 sit
2628 2384 2759 2439 mihi
2789 2384 2951 2450 Deus,
2985 2385 3180 2454 inquit,
3217 2402 3284 2440 ne
3326 2390 3545 2453 prodam

1971 2476 2180 2528 vineam
2210 2476 2376 2545 patris
2402 2475 2506 2529 mei
2536 2474 2653 2530 tibi.
2700 2495 2719 2528 ι
2757 2474 2811 2529 Id
2836 2485 3120 2545 postquam
3152 2477 3378 2531 rescivit
3425 2475 3538 2531 Deo

1980 2567 2198 2633 invisa,
2247 2575 2301 2621 et
2351 2567 2513 2635 impia
2558 2566 2796 2632 Jezabcl,
2850 2568 3232 2637 prophetarum
3285 2583 3546 2638 persecu—

1976 2659 2083 2711 trix
2114 2667 2169 2711 et
2192 2657 2465 2725 justorum
2505 2658 2835 2721 insidiatrix,
2869 2658 3147 2728 perversis
3178 2658 3548 2715 molitionibus

1965 2751 2115 2822 justo
2149 2753 2348 2807 caedem
2378 2762 2461 2806 est
2490 2752 2817 2807 machinata.
2874 2752 3045 2820 Quem
3080 2768 3201 2807 cum
3232 2753 3405 2808 occidi
3448 2768 3549 2808 cu-

1973 2849 2149 2895 rasset
2173 2881 2187 2908 ,
2228 2842 2481 2894 maritum
2513 2842 2700 2895 Achab
2723 2842 3001 2911 possidere
3045 2843 3256 2908 vineam
3280 2840 3444 2910 jussit
3467 2843 3539 2897 ⁷ο.

1973 2931 2153 2998 Quare
2193 2933 2384 2987 merito
2433 2932 2747 3003 indignatus
2806 2933 2973 2997 Deus,
3026 2934 3265 2988 ulturum
3323 2948 3383 2987 se
3422 2949 3550 2989 san-

1973 3026 2190 3092 guinem
2228 3022 2491 3077 Jezraelis
2521 3024 2788 3091 promisit.
2830 3023 3059 3080 Occisus
3098 3034 3336 3103 estergo
3362 3024 3549 3078 Achab

1977 3132 2004 3168 a
2035 3113 2196 3179 Jehu,
2226 3124 2285 3168 ut
2328 3115 2588 3180 diximus,
2641 3125 2696 3170 et
2727 3116 2889 3170 simul
2936 3116 3093 3186 longe
3134 3116 3535 3183 improbissima

1984 3202 2226 3258 Jezabel.
2259 3203 2376 3272 Age
2405 3203 2586 3275 igitur,
2636 3204 2703 3259 ad
2741 3202 3017 3259 Christum
3053 3203 3550 3265 accommodemus,

1977 3312 2098 3364 quae
2131 3296 2408 3351 veteribus
2443 3295 2589 3349 velut
2628 3297 2678 3350 in
2728 3304 2857 3367 typo
2896 3306 3047 3366 gesta
3087 3303 3234 3351 sunt.
3282 3292 3547 3363 Propheta

1976 3388 2120 3443 enim
2156 3388 2327 3443 Isaias
2352 3389 2425 3441 ait
2458 3406 2472 3441 :
2506 3405 2524 3439 ι
2556 3387 2727 3442 Vinea
2750 3387 2894 3441 facta
2918 3394 3001 3441 est
3048 3384 3244 3439 dilecto
3268 3384 3319 3438 in
3352 3398 3545 3448 cornu,

1979 3488 2030 3540 in
2072 3487 2190 3542 loco
2216 3487 2401 3557 pingui
2430 3488 2499 3541 '“.
2553 3506 2572 3539 ι
2603 3486 2670 3540 Ει
2695 3496 2814 3543 erat
2838 3486 2994 3540 vinea
3036 3486 3198 3541 homo
3221 3483 3380 3550 Juda,
3410 3501 3549 3540 nova

1973 3580 2189 3648 planta,
2252 3580 2473 3635 dilecta.
2530 3579 2729 3634 Verum
2807 3579 2975 3633 duces
3028 3577 3235 3641 Israel,
3315 3592 3547 3645 quorum

1975 3668 2145 3738 ﬁgura
2201 3682 2322 3722 esse
2372 3668 2547 3737 possit
2596 3666 2785 3721 Achab
2833 3680 3105 3735 regnans,
3174 3666 3553 3719 desiderarunt

1975 3758 2176 3814 habere
2207 3758 2420 3811 vineam
2447 3756 2584 3825 ejus,
2616 3771 2722 3811 non
2751 3763 2810 3810 ut
2838 3764 2984 3810 esset
3029 3754 3319 3810 haereditas
3356 3756 3548 3818 electa,

1983 3849 2038 3905 id
2078 3857 2195 3913 est,
2242 3849 2401 3903 vinea
2436 3866 2451 3904 :
2484 3849 2575 3903 sed
2623 3857 2681 3902 ut
2712 3849 2925 3902 deserta
2972 3854 3026 3900 et
3081 3845 3278 3900 inculta
3362 3846 3551 3900 hortus

1973 3940 2178 3995 olerum
2208 3941 2378 4001 ﬁeret.
2397 3940 2497 3995 hoc
2517 3948 2620 4004 est,
2638 3948 2854 4008 propter
2882 3938 3243 3992 conditionem
3271 3937 3385 3991 sine
3401 3953 3551 3991 cum-

1975 4036 2259 4105 paratione
2291 4035 2603 4088 inferiorem
2630 4034 2990 4102 dejiceretur:
3024 4031 3223 4084 etenim
3294 4029 3445 4083 vinea
3487 4030 3554 4082 ab

1977 4126 2133 4179 horto
2158 4124 2373 4179 olitorio
2413 4124 2643 4177 nimium
2676 4130 2940 4191 quantum
2976 4119 3175 4175 diﬂ‘crt.
3228 4118 3293 4173 Et
3329 4119 3471 4188 quod
3499 4120 3551 4172 iu

1977 4215 2060 4270 his
2087 4217 2265 4269 adhuc
2312 4217 2535 4282 eminet,
2581 4231 2688 4269 non
2737 4227 2823 4269 est
2869 4215 3183 4270 obscurum.
3224 4212 3339 4268 Sub
3393 4212 3553 4267 Chri-

1976 4315 2117 4361 stum
2145 4307 2344 4376 quippe
2403 4307 2610 4362 redacti
2646 4305 2954 4360 Judazorum
2999 4305 3183 4375 papuli
3214 4345 3229 4370 ,
3287 4306 3554 4373 quomodo

1978 4413 2087 4452 non
2121 4397 2293 4451 vineis
2333 4397 2616 4465 palmitum
2677 4398 2833 4468 copia
2872 4397 3192 4452 ﬂorentibus
3234 4406 3289 4452 et
3334 4396 3553 4450 fertilis-

299 4481 395 4534 ἐπὶ
446 4481 525 4551 τῷ
569 4482 885 4553 ἅσυγκρίτῳ
933 4481 1152 4535 ἔλαττον
1202 4484 1588 4554 καταφέροιτο⁶
1642 4484 1869 4556 πλείστη

1976 4486 2130 4540 simis
2163 4486 2372 4541 similes
2401 4497 2558 4541 erant
2588 4486 2774 4551 futuri,
2808 4486 3144 4553 habendique
3171 4485 3238 4538 ah
3264 4484 3553 4538 omnibus?

299 4572 411 4641 γὰρ
453 4573 553 4642 ὅση
598 4574 777 4644 κήπου
833 4572 1080 4643 λαχάνων
1113 4572 1248 4643 πρὸς
1281 4574 1580 4645 ἀμπελῶνα
1618 4575 1868 4645 διαφορά.

300 4663 414 4715 Καὶ
470 4664 529 4717 τὸ
581 4662 662 4717 ἔτι
723 4664 907 4734 μεῖζον
959 4666 1018 4718 ἐν
1100 4664 1310 4728 τούτοις
1377 4666 1478 4719 οὐκ
1529 4666 1871 4735 ἀσυμφανές.

305 4754 595 4822 Γεγονότες
641 4756 739 4826 μὲν
788 4758 895 4826 γὰρ
944 4755 1051 4810 ὐπὸ
1097 4756 1319 4828 Χριστῷ
1362 4756 1470 4813 τῶν
1520 4758 1788 4811 Ἰουδαίων
1822 4759 1874 4811 oi.

301 4844 484 4915 δῆμοι,
534 4845 650 4909 πῶς
685 4847 785 4899 οὐκ
816 4845 1039 4915 ἔμελλον
1079 4845 1145 4899 ἂν
1187 4846 1661 4917 εὐκληματούσαις
1690 4847 1873 4917 ἀμπέο

1979 4573 2239 4630 Viventes
2271 4584 2450 4629 autem
2480 4573 3162 4629 Pharisazoruminstitutis
3201 4581 3255 4625 et
3288 4571 3553 4633 moribus,

1982 4666 2365 4735 discentesque
2393 4665 2670 4719 doctrinas
2701 4680 2765 4719 ac
2789 4665 3043 4720 mandata
3074 4663 3379 4728 hominum,
3420 4662 3554 4715 nihil

1979 4769 2203 4824 prorsus
2256 4755 2548 4811 dissimiles
2596 4756 2780 4812 herbis
2829 4758 2997 4811 humo
3039 4752 3510 4825 pr0pinqnissimis
3538 4789 3554 4815 ,

1981 4862 2102 4916 quae
2134 4854 2186 4900 et
2216 4844 2372 4900 facile
2399 4848 2761 4902 succumbunt
2788 4857 2951 4917 atque
2985 4853 3351 4901 marcescunt.

266 4940 436 5003 long,
486 4940 580 4993 καὶ
624 4940 730 5011 μὴν
780 4944 874 4995 καὶ
918 4943 1318 5012 γονιμωτάταις
1394 4944 1453 4995 ἐν
1499 4942 1599 5012 ῐσῳ
1640 4959 1700 4996 τε
1741 4940 1882 4995 εἶναι
1983 4941 2074 4995 καὶ
2122 4939 2443 5009 φαίνεσθαι;
2496 4939 2801 5004 Διαζῶντες
2842 4940 2897 4993 δὲ
2938 4942 3053 5002 τοῖς
3097 4937 3205 4991 τῶν
3252 4934 3556 5005 Φαρισαίων

301 5033 452 5087 ἔθεσί
499 5050 559 5084 τε
641 5034 737 5088 καὶ
782 5034 1036 5105 τρόποις,
1084 5037 1177 5089 καὶ
1225 5034 1590 5106 μανθάνοντες
1678 5033 2066 5100 διδασκαλίας,
2124 5032 2431 5103 ἐντάλματα
2519 5030 2853 5103 ἀνθρώπων,
2906 5030 3028 5083 κατ’
3086 5027 3277 5082 οὐδένα
3356 5025 3555 5093 τρόπον

300 5126 600 5191 διενεγκεῖν
645 5124 755 5177 τῶν
802 5125 1240 5196 χθαμαλωτάτων
1289 5126 1560 5195 λαχάνων,
1586 5125 1621 5177 ἃ
1654 5126 1749 5178 καὶ
1787 5123 1910 5178 λίαν
1946 5123 2183 5186 εὐκόλως
2250 5124 2440 5176 πίπτει
2477 5124 2573 5176 καὶ
2609 5121 2949 5194 μαραίνεται.

376 5218 586 5273 Οὐκοῦν
623 5219 896 5290 ἐγλίχοντο
922 5222 1019 5291 μὲν
1046 5222 1096 5273 οί
1116 5220 1223 5273 τῶν
1267 5220 1536 5273 Ἰουδαίων
1566 5219 1878 5291 καθηγηταί.

302 5310 397 5363 τὸν
424 5310 724 5380 ἀμπελῶνα
752 5312 988 5380 Χριστοῦ
1018 5312 1217 5383 κλῆρον
1250 5309 1382 5364 ίδιον
1435 5310 1600 5381 ἔχειν,
1651 5311 1746 5363 καὶ
1798 5311 1880 5371 είς

305 5402 483 5472 κῆπον
536 5401 818 5477 λαχανίας⁸
866 5403 979 5456 ἀλλ’
1031 5406 1132 5457 οὐκ
1182 5403 1397 5457 ἔπειθον
1445 5401 1878 5473 καταπροδοῦναι

308 5494 460 5562 σφίσι
487 5494 580 5547 τὸν
598 5495 693 5547 τοῦ
723 5495 935 5566 Πατρδς
962 5495 1284 5567 ἀμπελῶνα.
1328 5490 1484 5563 Εἶτα,
1513 5495 1567 5548 τί
1617 5494 1875 5565 δέδρακεν

308 5763 351 5794 η
378 5693 423 5817 ‘l‘
461 5693 558 5746 lsa.
597 5708 689 5817 vin,
714 5692 808 5756 H;
841 5693 1026 5747 Matth.
1062 5693 1213 5759 t,23.
1294 5695 1336 5725 ⁶⁷
1382 5694 1577 5749 llalac.
1610 5709 1666 5757 ιι,
1706 5692 1758 5746 5.

412 5781 489 5817 SH.
530 5780 581 5817 ν.
656 5803 666 5817 ι

412 5781 489 5817 δη.
530 5780 581 5825 ν,
624 5780 666 5817 Ι.

554 5858 821 5919 Parnm.
878 5859 988 5919 Gn.
1033 5858 1178 5917 LX.\
1194 5858 1235 5915 ῐ.

2054 5218 2317 5285 Quocirca
2341 5220 2665 5286 appetebant
2688 5216 2902 5286 quidem
2940 5213 3248 5269 Iudaeorum
3286 5211 3556 5282 primores

1982 5310 2193 5364 vineam
2221 5308 2443 5375 Christi,
2476 5319 2534 5362 ut
2559 5318 2762 5363 sortem
2805 5308 3105 5379 propriam,
3135 5314 3191 5360 et
3230 5304 3284 5357 in
3341 5305 3556 5356 hortum

1981 5402 2187 5456 olerum
2218 5419 2233 5456 :
2271 5416 2459 5457 verum
2502 5401 2828 5472 persuadere
2863 5400 2941 5454 illi
2988 5414 3092 5453 nou
3148 5404 3463 5465 potuerunt,
3500 5403 3558 5448 ut

1983 5493 2158 5548 Patris
2182 5493 2264 5548 sui
2283 5492 2500 5548 vineam
2537 5492 2667 5564 ipsis
2687 5495 2959 5563 proderet.
2984 5489 3125 5558 Quid
3155 5488 3349 5544 deinde
3362 5484 3558 5557 occipit

1838 5690 1882 5723 ’⁸
1918 5689 2058 5745 Psal.
2093 5705 2255 5757 cxvn,
2281 5689 2370 5746 26.
2450 5692 2492 5725 ⁸⁵
2518 5690 2703 5746 Matth.
2744 5706 2816 5755 χι,
2848 5689 2903 5744 5.
2978 5689 3024 5723 ⁷ο
3049 5688 3112 5743 ιιι
3142 5688 3275 5757 Reg.
3318 5700 3434 5749 rm,
3469 5683 3557 5742 l5.

3134 5845 3169 5907 2
