4046 6376
515 346 590 404 43

1539 341 1596 396 S.
1639 339 1913 397 CYRILLI
1953 341 2420 395 ALEXANDRINI
2460 343 2783 401 ARCIIIEP.

3706 359 3774 415 44

516 465 627 522 Deo
648 479 808 520 exosa
841 461 1076 529 Jezahel,
1094 465 1195 518 hoc
1217 469 1321 526 est,
1359 461 1604 531 gregaria
1626 461 1930 529 multitudo,
1959 465 2054 519 sub

2157 503 2167 532 γ
2198 462 2510 533 ὴθεομισὴς
2557 463 2824 530 Ἰεζάϐελ;
2860 465 3156 532 τουτέστιν,
3200 471 3233 538 ή
3281 469 3512 532 ἀγελαία
3542 472 3770 544 πληθὺς,

517 560 627 614 dita
665 559 1018 628 principibus,
1057 557 1110 610 id
1136 566 1242 622 est,
1275 555 1594 626 Synagoga?
1631 554 1765 611 Cum
1789 555 2092 627 principum

515 649 752 718 nequitia
775 657 827 702 et
853 648 972 702 dolo
996 647 1335 716 conspirans,
1387 646 1587 715 justum
1609 657 1665 704 et
1687 655 1933 703 sanctum
1985 649 2093 704 Na-

515 739 641 794 both
689 739 1053 808 persequitur,
1087 737 1190 791 hoc
1225 748 1329 810 est,
1369 754 1388 790 ι
1429 738 1522 806 qui
1571 738 1740 803 venit,
1770 757 1790 790 ›
1821 738 2092 810 eﬁicitque

513 840 572 885 ut
608 839 784 884 morte
815 828 1089 885 multetur.
1119 830 1226 899 22
1274 808 1606 884 litterﬁcitur
1626 829 1770 883 enim
1807 827 2090 888 calumniis

511 921 778 991 appetitus
810 919 1144 975 Emmanuel.
1175 921 1306 973 Eam
1339 934 1454 974 rem
1496 919 1605 974 Deo
1635 919 1804 974 visam
1833 920 2089 975 intolera-

509 1013 690 1078 bilem,
723 1011 930 1082 liquere
961 1022 1139 1082 potest
1170 1013 1316 1077 inde,
1345 1011 1489 1082 quod
1518 1010 1670 1068 Oscae
1693 1012 1969 1083 propheta:
2001 1013 2083 1067 dio

506 1106 680 1158 citur:
708 1122 726 1154 ι
757 1101 966 1158 Idcirco
1005 1103 1183 1157 adhuc
1216 1104 1505 1167 modicum,
1529 1111 1583 1158 et
1617 1103 1849 1160 ulciscar
1867 1106 2086 1175 sangui-

505 1209 626 1249 nem
654 1193 866 1249 .lezrael
900 1209 1059 1262 super
1090 1193 1306 1247 domum
1328 1191 1555 1260 Juda,et
1579 1195 1858 1263 quiescere
1888 1193 2082 1250 faciant

505 1300 724 1355 regnum
751 1286 944 1339 domus
967 1284 1152 1339 Israel.
1188 1303 1207 1336 ι
1235 1283 1553 1340 Vindicatus
1577 1295 1660 1340 est
1679 1286 1919 1354 enim,ut
1945 1285 2082 1354 dixi,

501 1377 720 1445 sanguis
736 1374 938 1447 Christi
965 1391 1032 1430 ex
1061 1386 1170 1430 toto
1193 1375 1660 1441 Israel.Quoniam
1694 1391 1821 1430 vero
1842 1386 2081 1446 tempore

500 1469 613 1533 illo,
645 1485 750 1538 quo
773 1471 956 1523 datum
997 1479 1079 1523 est
1119 1470 1220 1523 hoc
1250 1469 1582 1533 vaticinium,
1621 1468 1871 1522 distincte
1899 1468 2079 1522 nomi-

499 1561 787 1626 nabantur,
817 1559 984 1615 Judas
1003 1560 1216 1630 quidem
1236 1561 1325 1629 qui
1359 1569 1672 1615 manserant
1703 1558 2074 1630 Jerosolymis,

497 1652 661 1707 Israel
687 1661 866 1706 autem
897 1652 988 1722 qui
1015 1661 1170 1706 erant
1199 1651 1252 1704 in
1282 1649 1567 1705 Samarl‘a:
1596 1662 1650 1705 ut
1678 1651 1926 1706 lsraelem
1957 1651 2071 1705 uni-

494 1758 652 1800 verse
674 1744 982 1812 signiﬁcare
1017 1741 1283 1804 videatur,
1327 1741 1508 1795 dicere
1537 1741 1722 1795 debuit
1747 1744 1984 1794 ulturum
2014 1754 2073 1794 se

495 1836 810 1905 sanguinem
835 1831 1041 1887 Jezrael
1065 1831 1130 1887 ex
1156 1833 1315 1886 domo
1341 1831 1568 1894 Juda,et
1595 1831 1754 1886 ﬁnem
1787 1833 2067 1902 impositu-

493 1943 614 1981 rum
659 1940 826 1996 regno
863 1925 1053 1980 domus
1097 1921 1281 1978 Israel.
1321 1920 1436 1976 Hoc
1484 1923 1610 1976 item
1654 1922 1866 1975 divinus
1902 1920 2068 1977 Jacob

492 2026 618 2073 ante
662 2017 948 2087 expressit,
991 2017 1074 2070 his
1114 2013 1378 2068 verbiszt
1409 2011 1525 2067 Non
1567 2013 1781 2068 deﬁciet
1818 2014 2068 2082 princeps

491 2125 560 2164 ex
586 2107 744 2176 Juda,
769 2119 826 2164 et
868 2110 974 2164 dux
1012 2109 1080 2163 de
1127 2106 1333 2162 femore
1377 2104 1514 2174 ejus,
1545 2105 1719 2159 donec
1758 2106 1940 2160 veniat
1983 2107 2064 2158 cui

489 2203 786 2271 repositum
814 2212 933 2269 est;
965 2211 1019 2258 et
1042 2201 1158 2270 ipse
1189 2201 1524 2270 exspectatio
1552 2199 1792 2268 gentium
1829 2200 1895 2252 ⁷³.
1919 2218 1937 2250 ι
1968 2199 2064 2254 Ubi

479 2293 632 2348 enim
659 2291 980 2346 Emmanuel
1001 2290 1193 2358 illuxit,
1215 2300 1360 2355 tunc,
1396 2299 1542 2357 tunc,
1571 2289 1814 2358 inquam,
1847 2290 2007 2343 etiaut
2035 2303 2066 2344 e

490 2383 668 2439 medio
698 2382 965 2440 sublatum
1003 2393 1087 2437 est
1123 2396 1347 2452 regnum
1385 2380 1569 2441 Israel.
1605 2379 1791 2451 Itaque
1826 2380 2065 2435 Herodes

483 2477 754 2545 Antipatri
783 2476 923 2530 ﬁlius
941 2476 1306 2541 Ascalonites,
1331 2474 1527 2531 Iudaea:
1542 2473 1762 2530 CltriSIo
1782 2485 1906 2527 nato
1924 2489 2062 2543 pra:-

477 2567 967 2622 -1‘uit.Cuntriturus
984 2567 1148 2622 etiam
1175 2567 1350 2636 ipsum
1370 2582 1555 2621 arcum
1581 2565 1744 2621 Israel
1767 2566 1820 2620 in
1848 2565 1934 2618 illa
1954 2569 2059 2632 die,

483 2660 588 2712 hoc
628 2666 732 2721 est,
774 2657 863 2712 illo
907 2666 1148 2726 tempore
1208 2657 1565 2727 promittitur.
1625 2674 1642 2706 ι
1673 2656 1872 2710 Arcum
1918 2659 2059 2708 enim

482 2748 705 2802 fortium
752 2748 1046 2802 inlirmavit
1081 2749 1169 2814 ⁷⁷³,
1204 2767 1221 2798 ι
1276 2757 1333 2802 ιιι
1362 2747 1623 2817 scriptum
1677 2758 1802 2814 est;
1849 2749 2058 2802 tametsi

482 2832 884 2894 Emmanuelem
939 2856 998 2894 se
1048 2841 1367 2895 subacturos
1419 2840 1879 2894 exiStimaveraut.
1945 2858 1962 2890 ι
1995 2840 2061 2893 Ει

479 2930 824 2983 inimicorum
849 2931 1064 2998 quidem
1092 2929 1252 3000 gladii
1289 2929 1606 2984 defecerunt
1646 2930 1698 2985 in
1745 2931 1902 2985 ﬁnem
1936 2930 2000 2994 ⁷⁸,
2034 2951 2052 2982 ι

480 3028 535 3071 ct
578 3019 898 3072 ιΙὶεδυΙιιιιιιιι
934 3031 1021 3073 est
1059 3020 1225 3073 robur
1260 3019 1608 3074 brachiorum
1653 3021 1910 3090 ipsorum.
1942 3021 2054 3076 Non

478 3109 625 3164 enim
661 3111 905 3164 vicerunt
935 3110 1661 3177 invictum.'Quodammodo
1688 3126 1865 3167 autem
1894 3116 2051 3184 spiri-

2197 554 2231 623 ή
2264 553 2371 604 ὑπὸ
2396 557 2552 624 χεῖρα
2575 555 2684 609 τῶν
2702 557 3044 626 ἡγουμένων,
3068 560 3234 629 ήγουν
3256 561 3286 629 ἡ
3313 561 3630 634 Συναγωγή,
3654 569 3775 629 ταῖς

2195 643 2304 697 τῶν
2333 646 2651 715 ἡγουμένων
2681 648 3084 718 συνδραμοῦσα,
3146 649 3256 722 [ϊσ.
3283 653 3628 726 κακονοίαις]
3679 657 3774 710 καὶ

2191 733 2346 804 δόλῳ.
2381 735 2607 788 Μέτεισι
2628 736 2720 789 τὸν
2748 736 2974 804 δίκαιον,
2997 739 3090 792 τὸν
3121 740 3266 793 ὅσιον
3283 741 3582 807 Ναϐουθαὶ,
3613 761 3771 797 τουτ-

2191 823 2326 890 έστι,
2371 844 2388 876 ι
2437 825 2531 879 τὸν
2597 828 2913 898 ἐρχόμενον,
2951 847 2969 880 ι
3022 830 3119 882 καὶ
3167 831 3231 901 δὴ
3279 832 3372 884 καὶ
3419 833 3769 905 ἀναιρεθῆναι

2189 917 2627 987 παρεσκεύασεν.
2676 918 2971 990 Ἀνῄρηται
3025 921 3134 992 γὰρ
3189 923 3691 995 συκοφαντούμενος
3740 929 3767 979 ὁ

2199 1006 2565 1078 Ἐμμανουήλ.
2614 1009 2751 1062 Ἀλλ’
2779 1012 2862 1063 ὅτι
2928 1011 3001 1082 μὴ
3044 1013 3266 1066 ἀνεκτὸν
3308 1014 3372 1066 τὸ
3414 1016 3600 1086 χρῆμα
3627 1016 3763 1083 Θεῷ,

2187 1099 2355 1168 σαφὲς
2376 1100 2440 1155 ἂν
2469 1102 2679 1168 γένοιτο
2725 1101 2803 1172 τῷ
2851 1101 3105 1172 λέγεσθαι
3163 1104 3241 1175 τῷ
3288 1107 3541 1178 προφήτῃ
3583 1108 3762 1176 Ὡσηέ·

2188 1207 2208 1242 ‹
2249 1191 2395 1244 Διότι
2423 1191 2504 1244 ἐτι
2541 1192 2757 1263 μικρὸν,
2793 1194 2888 1246 καὶ
2947 1194 3222 1265 ἐκδικήσω
3253 1196 3314 1249 τὸ
3345 1194 3482 1267 αίμα
3510 1197 3604 1250 τοῦ
3640 1197 3765 1262 Ἰεζ-

2185 1282 2314 1354 ραέλ
2339 1284 2432 1336 ἐπὶ
2453 1284 2544 1337 τὸν
2574 1283 2721 1337 οἷκον
2763 1285 2955 1347 Ἰούδα.
2985 1288 3079 1340 καὶ
3101 1289 3440 1342 καταπαύσω
3475 1289 3762 1359 ¹βασιλείαν

2179 1372 2328 1425 οίκου
2370 1373 2605 1445 Ἰσραήλ.
2641 1393 2660 1425 ι
2695 1374 3063 1446 Ἐκδεδίκηται
3091 1377 3221 1448 γὰρ,
3253 1379 3328 1442 ὡς
3351 1378 3508 1449 ἔφην,
3538 1381 3599 1432 τὸ
3620 1375 3761 1450 αἷμα

2178 1463 2415 1534 Χριστοῦ
2477 1467 2542 1518 ἐκ
2601 1467 2804 1530 παντὸς
2852 1468 3085 1538 Ἰσραήλ.
3148 1470 3364 1541 Ἐπειδὴ
3415 1474 3534 1524 κατ’
3585 1475 3760 1526 ἐκεῖνο

2177 1554 2398 1625 καιροῦ,
2438 1556 2562 1609 καθ’
2592 1556 2621 1609 ὂ
2674 1559 2769 1612 καὶ
2802 1559 2836 1629 ἡ
2878 1559 3185 1630 προφητεία
3243 1561 3486 1630 γέγονεν,
3526 1563 3755 1635 ιώνομά-

2176 1643 2333 1709 ζοντο
2377 1646 2743 1716 διῃρημένως,
2816 1649 3016 1712 Ἰούδας
3057 1650 3155 1720 μὲν
3182 1651 3233 1703 οἱ
3283 1654 3654 1724 μεμενηκότες
3699 1656 3756 1707 ἐν

2173 1737 2286 1799 τοῖς
2327 1736 2744 1809 Ἰεροσολύμοις,
2798 1739 3014 1810 Ἰσραὴλ
3063 1739 3121 1792 δὲ
3165 1741 3329 1796 πάλιν
3372 1744 3422 1796 οἱ
3463 1746 3522 1797 ἐν
3554 1748 3620 1815 τῇ
3646 1746 3752 1797 Σα-

2177 1826 2400 1898 μαρείᾳο
2436 1829 2523 1883 ἵνα
2550 1830 2611 1882 τὸ
2641 1833 2703 1884 ἐκ
2742 1832 2943 1894 παντὸς
2981 1833 3197 1903 Ἰσραὴλ
3223 1834 3396 1905 ὁρῷτο
3432 1837 3748 1907 σημαίνειν,

2173 1912 2341 1988 φηᾶὶν
2367 1919 2702 1987 ἀναγκαίως,
2760 1914 3070 1992 ἐκδικήσειν
3115 1925 3176 1977 τὸ
3223 1920 3362 1996 αἷμα
3407 1917 3643 1999 Ἰεζραέλ
3685 1931 3749 1983 ἐκ

2168 2008 2266 2062 τοῦ
2299 2010 2446 2063 οίκου
2485 2011 2679 2075 Ἰούδα,
2731 2013 3105 2068 καταπαύσειν
3145 2015 3200 2069 δέ
3227 2018 3322 2069 καὶ
3352 2017 3450 2089 τὴν
3477 2018 3748 2090 βασιλείαν

2167 2099 2260 2153 τοῦ
2288 2099 2436 2152 οἴκου
2499 2102 2742 2173 Ἰσραήλ..
2798 2103 2968 2156 Τοῦτο
3009 2105 3104 2158 καὶ
3146 2108 3175 2159 ό
3231 2106 3517 2172 θεσπέσιος
3553 2110 3748 2164 Ἰακάϐ

2168 2193 2726 2261 προκαταμεμήνυκε,
2756 2191 2931 2259 λέγων
2949 2208 2962 2222 ο
3000 2210 3020 2243 ι
3047 2193 3162 2246 Οὐκ
3193 2194 3434 2263 ἐκλείψει
3463 2197 3647 2269 ἄρχων
3687 2201 3744 2267 ἐξ

2180 2279 2369 2343 Ἰούδα,
2400 2282 2493 2334 καὶ
2526 2281 2824 2353 ἡγούμενος
2849 2285 2912 2335 ἐκ
2940 2282 3050 2338 τῶν
3092 2285 3282 2356 μηρῶν
3335 2286 3522 2350 αὐτοῦ,
3543 2289 3645 2354 ἕως
3678 2289 3744 2344 ἂν

2165 2369 2294 2442 ἔλθῃ
2419 2373 2732 2426 ἀπόκειται·
2789 2375 2884 2427 καὶ
2927 2375 3088 2440 αὐτὸς
3149 2378 3444 2448 προσδοκία
3492 2380 3679 2436 ἐθνῶν.
3717 2401 3737 2433 ι

2178 2461 2615 2533 Ἐπιλάμψαντος
2645 2465 2756 2536 γὰρ
2786 2468 2917 2537 ἡμῖν
2965 2469 3060 2521 τοῦ
3107 2469 3482 2542 Ἐμμανουήλ,
3510 2472 3632 2526 τότε
3675 2472 3742 2546 δή

2163 2551 2284 2604 τότε
2318 2553 2412 2604 καὶ
2442 2555 2506 2606 ἐκ
2547 2555 2714 2624 μέσου
2745 2557 2968 2626 γέγονεν
3013 2561 3046 2630 ἠ
3079 2559 3326 2629 βασιλεία
3354 2563 3464 2615 τῶν
3501 2564 3735 2636 Ἰσραήλ.

2162 2641 2274 2694 Καὶ
2312 2643 2443 2711 γοῦν
2471 2644 2718 2716 Ἡρώδης
2745 2647 3101 2720 Ἀντιπάτρου
3128 2655 3276 2717 παῖς,
3315 2653 3738 2725 Ἀσκαλωνίτης,

2159 2731 2257 2800 τῆς
2294 2733 2560 2787 Ἰουδαίων
2594 2738 2780 2806 ἠγεῖτο
2814 2738 3020 2809 χώρας,
3043 2743 3446 2814 γεγεννημένου
3471 2746 3734 2815 Χριστοῦ.

2161 2824 2476 2897 Συντρίψειν
2522 2831 2579 2884 δὲ
2645 2832 2740 2886 καὶ
2790 2834 2922 2887 αὐτὸ
2966 2835 3028 2908 τὸ
3073 2836 3228 2902 τόξον
3251 2838 3346 2892 τοῦ
3406 2841 3622 2914 Ἰσραὴλ
3675 2845 3735 2896 ὲν

2159 2915 2340 2988 ἐκείνῃ
2372 2922 2436 2989 τῇ
2468 2920 2671 2992 ήμέρᾳ,
2727 2927 3252 2995 κατεπαγγέλλεται,
3310 2933 3580 2998 τουτέστι,
3615 2936 3736 2988 κατ’

2158 3007 2330 3061 ἐκεῖνο
2354 3010 2448 3063 τοῦ
2480 3013 2697 3084 καιροῦ.
2731 3034 2754 3067 ί
2790 3017 2954 3083 Τόξον
2982 3018 3090 3091 γάρ
3117 3020 3356 3076 δυνατῶν
3384 3024 3681 3097 ἠσθένησε,’
3709 3047 3731 3078 ι

2158 3098 2302 3187 κατά
2324 3099 2382 3152 τὸ
2406 3105 2812 3175 γεγραμμένον,
2833 3109 3011 3162 καίτοι
3034 3113 3329 3184 κρατήσειν
3359 3114 3733 3187 ὑπειληφότων

478 3205 639 3260 tualis
668 3206 1124 3262 considerationis
1155 3207 1578 3276 profunditatem
1603 3225 1828 3278 parans,
1857 3213 1918 3265 ad
1978 3212 2052 3265 lti-

2157 3186 2249 3239 τοῦ
2297 3189 2662 3262 Ἐμμανουήλ.
2701 3213 2720 3245 ι
2749 3197 2857 3250 Καὶ
2906 3199 3000 3252 τοῦ
3034 3201 3132 3270 μὲν
3169 3202 3363 3275 ἐχθροῦ
3392 3186 3638 3270 ἐξέλιπον
3675 3211 3732 3262 ai

476 3299 675 3353 Storice
699 3309 847 3366 gesta
872 3315 993 3353 mox
1023 3299 1317 3364 descendit,
1346 3311 1400 3356 et
1434 3303 1540 3356 ait:
1571 3323 1588 3354 ι
1610 3304 1742 3369 Quia
1775 3315 2052 3358 conteram

476 3404 661 3442 arcum
697 3389 860 3444 Israel
902 3390 956 3443 itt
991 3390 1128 3444 valle
1149 3390 1388 3448 'Jezrael.
1419 3412 1438 3443 ι
1470 3395 1541 3448 Ibi
1579 3396 1848 3464 siquidem
1886 3398 2052 3450 Azacl

475 3475 652 3550 Syriae
683 3497 778 3535 rex
812 3481 1062 3536 lsraelem
1091 3486 1280 3538 contra
1310 3486 1493 3554 copias
1523 3488 1842 3542 educentent
1877 3490 2053 3542 dehcl-

473 3572 622 3626 lavit.
649 3573 714 3626 Et
742 3575 868 3642 quia
891 3575 1188 3630 convenire
1219 3577 1425 3645 judico,
1451 3594 1480 3630 a
1517 3580 1780 3648 prmcipua
1814 3592 1865 3635 et
1889 3584 2047 3650 Spiri-

473 3663 604 3718 tuali
645 3669 1104 3726 commentatione
1134 3683 1442 3724 sermonem
1471 3687 1573 3726 non
1599 3674 1887 3740 abducere,
1921 3677 2047 3729 illud

474 3757 585 3824 aio,
619 3756 754 3810 nihil
795 3772 917 3812 esse
955 3759 1303 3828 incommodi,
1337 3779 1456 3817 mea
1498 3767 1785 3831 sententia,
1823 3767 2043 3837 intelligi

467 3862 565 3916 per
606 3847 796 3901 vallem
845 3846 1054 3904 Jezrael
1107 3851 1251 3921 (hoc
1306 3863 1425 3916 est,
1476 3856 1701 3911 seminis
1759 3858 1884 3925 Dei,
1933 3861 2046 3914 sive

467 3938 693 4007 ChriSIi)
726 3952 1127 3995 monumentum
1157 3945 1207 3996 in
1245 3945 1423 4007 horto.
1463 3949 1512 4000 in
1557 3964 1665 4017 quo
1691 3961 1743 4004 et
1795 3967 2042 4006 resurre-

464 4029 576 4084 ctio
605 4031 909 4100 passionem
931 4047 1246 4099 cansecuta,
1288 4039 1353 4091 de
1386 4041 1530 4093 OIIIIII
1557 4057 1759 4108 genere
1779 4045 2040 4098 malorum

463 4120 769 4185 facinorum
815 4138 844 4176 a
876 4122 1076 4179 Iudaeis
1116 4141 1491 4197 susceptorum
1539 4133 1908 4202 triumphavit.
1938 4133 2042 4190 Per

462 4216 918 4271 resurrectionem
946 4219 1210 4288 siquidem
1240 4237 1424 4276 eorum
1441 4237 1694 4294 prava,et
1716 4226 1824 4280 Deo
1853 4244 2036 4296 exosa,

458 4313 518 4359 et
541 4316 765 4363 cruenta
798 4310 1020 4364 consilia
1053 4311 1362 4367 adnihilum
1392 4316 2038 4386 reciderunt.Spcrabant

457 4397 602 4452 enim
619 4413 678 4454 se
691 4414 852 4468 posse
872 4416 904 4455 e
927 4403 1098 4457 medio
1120 4404 1308 4458 tollere
1348 4406 1562 4474 Filium,
1577 4418 1635 4462 ut
1649 4409 1808 4463 etiam
1821 4412 2033 4467 vineam

458 4488 574 4556 ejus
623 4491 726 4545 sibi
759 4495 1035 4563 propriam
1068 4507 1268 4551 sortem
1302 4498 1583 4555 haberent.
1606 4501 1721 4556 ‘Sed
1769 4504 1821 4556 in
1858 4506 2033 4573 sepul-

2161 3279 2425 3370 ῥομφαῖαι
2472 3285 2551 3348 είς
2607 3286 2778 3353 τέλος,
2824 3290 3098 3364 »ἐξελύθη
3153 3293 3208 3347 δέ
3237 3294 3404 3368 νεῦρα
3436 3297 3732 3370 βραχιόνων

2156 3367 2355 3423 αὐτῶν.
2399 3373 2474 3426 Οὐ
2542 3375 2651 3458 γὰρ
2705 3382 3022 3449 νενικήκασι
3065 3383 3157 3438 τὸν
3204 3367 3484 3458 ἀνίκητονξ
3545 3367 3732 3446 Κατα-

2155 3463 2436 3552 σκευάζων
2478 3455 2552 3520 δὲ.
2589 3468 2778 3542 ῶσπερ
2831 3475 2930 3543 τῆς
2980 3455 3360 3549 πνευματικῆς
3399 3479 3627 3552 θεωρίας
3670 3482 3732 3536 τὸ

2156 3551 2314 3621 βαθὺ,
2347 3556 2592 3612 κάτεισιν
2619 3561 2780 3626 εὐθὺς
2813 3563 2904 3617 ἐπὶ
2934 3567 3002 3618 τὰ
3023 3568 3315 3638 -ίστορικῶς
3346 3551 3726 3644 πεπραγμένα,

2149 3644 2350 3714 λέγων,
2386 3649 2468 3702 ὅτι
2528 3670 2551 3702 -ι
2578 3653 2857 3726 Συντρίψω
2911 3657 2972 3709 τὸ
3014 3659 3167 3725 τόξον
3204 3661 3297 3714 τοῦ
3333 3664 3547 3733 Ἰσραὴλ
3576 3667 3633 3720 ἐν
3661 3671 3725 3738 τῇ

2156 3738 2364 3792 κοιλάδι
2395 3740 2488 3793 τοῦ
2520 3743 2774 3814 Ἰεζραέλ.
2815 3765 2833 3798 ι
2881 3746 3030 3802 Ἐκεῖ
3062 3750 3170 3822 γὰρ
3207 3754 3488 3826 νενίκηκεν
3529 3757 3725 3830 ’Δζαὴλ

2145 3830 2186 3923 ιδΔ
2205 3828 2453 3898 βασιλεὺς
2474 3836 2674 3906 Συρίας
2710 3839 3073 3911 ἀντεξάγοντα
3092 3844 3183 3898 τὸν
3227 3847 3458 3918 Ἰσραήλ.
3509 3828 3724 3923 Ἐπειδὴ

2145 3918 2200 3971 δὲ
2225 3925 2523 3994 προσήκειν
2543 3927 2932 3997 ὑπολαμϐάνω,
2967 3933 3066 4003 τῆς
3094 3935 3398 4003 ἀναγκαίας
3435 3941 3528 3992 καὶ
3559 3959 3720 3995 πνευ-

2147 4011 2385 4081 ματικῆς
2412 4013 2644 4085 θεωρίας
2671 4019 2771 4071 οὑκ
2804 4021 3163 4092 ἀποκομίζειν
3197 4025 3289 4078 τὸν
3340 4027 3517 4096 λόγον,
3545 4031 3721 4084 ἐκεῖνό

2146 4117 2327 4171 φημι,
2357 4102 2419 4156 τὸ
2475 4105 2676 4161 λυποῦν
2711 4110 2883 4175 οὐδὲν,
2916 4113 3164 4184 καθάπερ
3217 4111 3452 4187 ἐγῷμαι,
3501 4111 3720 4176 κοιλάδα

2141 4193 2374 4246 νοεῖσθαι
2395 4195 2488 4247 τοῦ
2520 4197 2771 4267 Ἰεζραὲλ,
2794 4202 3060 4270 τουτέστι,
3083 4205 3184 4276 τῆς
3207 4208 3299 4260 τοῦ
3316 4209 3450 4263 Θεοῦ
3511 4215 3718 4284 σπορᾶς

2139 4280 2257 4350 ἦτοι
2288 4283 2547 4354 Χριστοῦ,
2571 4287 2632 4340 τὸ
2675 4291 2732 4343 ἐν
2763 4293 2838 4361 τῷ
2874 4295 3035 4366 κήπῳ
3075 4302 3358 4369 μνημεῖον,
3393 4304 3450 4355 ἐν
3481 4298 3526 4372 ᾧ
3559 4307 3652 4358 καὶ
3683 4309 3716 4376 ή

2138 4370 2433 4438 ἀνάστασις
2464 4379 2945 4453 ἐπακολουθήσασα
2965 4387 3042 4458 τῷ
3059 4388 3243 4454 πάθει,
3261 4393 3516 4464 νενίκηκε
3543 4399 3714 4450 πάντα

2138 4463 2338 4556 τρόπον
2377 4466 2682 4525 Ἰουδαϊκῶν
2707 4473 3090 4546 τολμημάτων.
3138 4481 3367 4535 Λέλυται
3395 4463 3504 4556 γάρ
3536 4487 3714 4540 αὐτῶν

485 4551 504 4556 -
759 4551 777 4561 ,
857 4551 877 4563 ,
1326 4551 1331 4552 ν
1616 4551 1721 4556 τη
1858 4551 2003 4573 --,._.

454 4595 550 4636 cro
599 4582 893 4640 collocatus
939 4587 1154 4653 revixit,
1199 4597 1255 4643 et
1304 4591 1593 4654 meditatas
1630 4594 1864 4662 ipsorum
1902 4598 2033 4650 insi-

2157 4554 2221 4606 itdt
2249 4556 2347 4625 τῆς
2373 4559 2726 4626 ἀναστάσεως
2755 4566 2822 4619 τὰ
2845 4566 3141 4640 δυστροπά,
3183 4573 3278 4625 καὶ
3303 4573 3588 4649 θεοστυγῆ,
3617 4582 3709 4633 καὶ

454 4673 570 4727 dias
606 4672 917 4730 inefﬁcaces
955 4679 1230 4744 .reddidit,
1283 4690 1335 4735 et
1377 4685 1530 4751 quasi
1581 4699 1738 4740 arcus
1781 4692 2034 4744 contrivit

453 4779 546 4830 per
571 4765 646 4831 id,
678 4769 819 4834 quod
851 4769 1082 4836 amplius
1112 4773 1221 4839 pati
1249 4773 1381 4825 nihil
1414 4785 1612 4842 potest.
1653 4776 1716 4830 Et
1745 4777 1888 4846 ipsos
1907 4781 2030 4849 qui-

451 4856 573 4909 dem
603 4873 633 4912 e
663 4860 839 4922 vinea,
877 4871 936 4914 ut
978 4859 1090 4916 Deo
1117 4866 1480 4932 detestandos,
1513 4867 1618 4937 23
1661 4879 1715 4924 et
1745 4873 2026 4942 scelestos,

448 4959 502 5000 et
523 4948 738 5004 Domini
778 4951 1155 5008 interfectores
1179 4954 1364 5023 ejicit,
1407 4971 1640 5026 eamque
1669 4960 1788 5016 aliis
1817 4963 2026 5032 agrico-

447 5038 538 5102 lis,
565 5039 1001 5111 bonisetgratis,
1047 5057 1101 5099 et
1140 5048 1321 5116 Operis
1365 5047 1593 5102 faciendi
1637 5053 2022 5120 cupidissimis,

437 5127 591 5198 juxta
630 5133 939 5200 parabolam
975 5137 1338 5206 evangelicam
1361 5137 1450 5204 π’,
1484 5140 1644 5194 locat.
1716 5139 1718 5141 ’

443 5249 535 5301 καὶ
594 5254 997 5323 κυριοκτόνουςο
1023 5259 1272 5312 ἐκδίδωσι
1315 5261 1371 5313 δὲ
1437 5266 1704 5334 γεωργοῖς
1751 5265 1962 5338 ἑτέροις

440 5342 580 5397 κατά
605 5346 703 5414 τήν
732 5345 825 5399 τοῦ
859 5347 1191 5417 Εὑαγγελίου
1226 5353 1563 5422 παραϐολήν.

515 5433 674 5491 Vens.
704 5437 756 5502 6,
783 5437 837 5490 7.
871 5439 936 5492 Et
969 5445 1202 5510 concepit
1226 5443 1420 5507 adhuc,
1456 5457 1502 5499 et
1528 5449 1724 5515 peperit
1747 5448 1938 5519 ﬁliam,
1966 5467 2016 5508 et

435 5524 574 5580 dixit
617 5530 660 5582 ei
693 5544 712 5582 :
746 5528 890 5584 Voca
940 5548 1128 5587 nomen
1185 5536 1300 5602 ejus
1359 5538 1576 5607 Absque
1613 5541 2008 5613 misericordia,

433 5619 557 5688 quia
591 5637 916 5692 nequaquam
942 5628 1137 5680 addam
1163 5629 1302 5682 ultra
1331 5632 1568 5684 misereri
1593 5633 1773 5687 domui
1802 5635 1973 5691 Israel
1989 5658 2009 5705 ,-

499 5791 547 5824 "
575 5794 709 5850 Gen.
744 5814 891 5864 xux,
927 5802 1010 5857 l0.
1087 5804 1132 5836 ⁷³
1170 5807 1188 5859 I
1230 5805 1362 5876 Reg.
1395 5825 1453 5872 ll,
1483 5810 1535 5866 4.
1613 5812 1658 5843 ⁷⁵
1691 5812 1832 5870 Psal.
1868 5832 1944 5882 Ix,
1982 5817 2032 5870 7.

2138 4648 2398 4736 μιαιφόνα
2430 4653 2767 4722 τολμήματα.
2790 4659 2977 4728 ᾬοντο
3001 4662 3100 4731 μὲν
3128 4663 3235 4734 γὰρ
3255 4667 3319 4717 ἐκ
3349 4668 3514 4736 μέσου
3538 4648 3710 4723 ποιεῖν

2133 4735 2390 4794 δύνασθαι
2426 4743 2516 4795 τὸν
2571 4747 2705 4814 υίὺν,
2743 4749 2830 4803 ἵνα
2875 4753 2968 4805 καὶ
3001 4753 3200 4824 κλῆρον
3257 4757 3386 4810 ἴδιον
3421 4760 3594 4830 ἔχοιεν
3622 4764 3712 4815 τὸν

2131 4826 2429 4896 ἀμπελῶνα
2458 4835 2644 4891 αὑτοῦ.
2684 4840 2822 4893 Ἀλλ’
2860 4843 2918 4894 ἐν
2971 4846 3221 4916 μνημείῳ
3269 4826 3482 4918 τεθεὶς,
3512 4853 3710 4906 ἀνεϐίω

2129 4919 2316 4988 πάλιν,
2351 4925 2610 4996 ἄπρακτα
2660 4931 2758 5000 τῆς
2799 4933 3021 4987 ἐκείνων
3061 4937 3354 5008 ἐπιϐουλῆς
3393 4943 3708 5011 ἀποφαίνων

2128 5009 2197 5063 τὰ
2231 5014 2544 5086 σκέμματα,
2581 5022 2674 5074 καὶ⁴
2697 5027 2978 5095 μονονουχὶ
3004 5029 3304 5099 συντρίϐων
3329 5032 3397 5086 τὰ
3423 5009 3571 5099 τόξα,
3617 5036 3708 5090 διά

2129 5102 2224 5154 τοῦ
2262 5107 2428 5176 μηδὲν
2459 5109 2537 5162 ἔτι
2591 5112 2851 5167 δύνασθαι
2908 5118 3119 5173 παθεῖν.
3151 5121 3262 5172 Καὶ
3309 5123 3559 5178 ἐκϐάλλει
3605 5127 3704 5197 μὲν

2132 5192 2331 5260 αὐτοὺς
2361 5200 2456 5252 τοῦ
2484 5202 2806 5270 ἀμπελῶνος
2831 5205 2907 5270 ὼς
2937 5206 3234 5279 θεομισείς,
3270 5213 3365 5267 καὶ
3395 5217 3664 5287 πονηροὺς
3684 5260 3698 5281 ,

2027 5278 2209 5350 αὐτὸν,
2283 5289 2508 5357 ἀγαθοῖς
2560 5294 2655 5348 καὶ
2696 5278 3042 5368 εὐγνώμοσι,
3073 5302 3166 5354 καὶ
3221 5278 3699 5375 φιλεργεστάτοις

2152 5463 2304 5568 τΚαὶ
2337 5469 2677 5525 συνέλαϐεν
2699 5474 2808 5540 ἔτι,
2861 5478 2960 5531 καὶ
2999 5479 3207 5535 ἔτεκεν
3259 5485 3571 5552 θυγατέρα,
3600 5485 3699 5542 καὶ

2117 5558 2288 5644 εἶπεν
2349 5558 2547 5624 αὐτῷ’
2609 5563 2888 5622 Κάλεσον
2951 5571 3015 5623 τὸ
3087 5573 3272 5642 ὄνομα
3339 5575 3530 5644 αὐτῆς
3576 5582 3699 5633 Οὐκ

2115 5643 2432 5716 ἠλεημένοι]-
2505 5651 2653 5706 διότι
2713 5661 2786 5712 οὐ
2818 5661 2905 5729 μὴ
2963 5665 3287 5731 προσθήσω
3329 5667 3414 5721 ἔτι
3445 5667 3698 5736 ἐλεῆσαι

2111 5822 2178 5851 ⁷³⁸
2216 5822 2404 5880 Matth.
2432 5845 2539 5894 xxi,
2585 5833 2677 5886 ‘25.
