4046 6376
1745 266 1855 282 -.ρο-η

400 393 474 453 49
1354 388 1906 447 COMMENTARIUS
1948 387 2014 442 IN
2052 386 2288 444 OSEAM
2321 387 2776 445 PROPHETA‘M.
3608 399 3678 454 46

403 514 513 569 τὸν
542 508 712 568 οἶκον
747 511 1020 581 Ἰσραὴλ,
1048 513 1186 568 ἀλλ’
1223 510 1261 578 ἢ
1288 511 1804 578 ἀντιτασσόμενος
1835 509 1996 562 ἀντι-

2114 509 2190 562 ιεά
2238 518 2519 563 adversam
2572 508 2887 563 adversabor
2937 511 3032 564 eis.
3071 509 3336 567 Filiorum
3375 532 3492 570 vero
3534 515 3678 571 Iuda

401 608 656 677 τάξομαι
716 608 943 674 αὐτοῖς.
997 607 1149 673 Τοὺς
1183 606 1252 660 δὲ
1280 606 1451 671 υἱοὺς
1521 604 1708 659 Ἰούδα
1734 603 1997 669 ἐλεήσει),

400 700 501 754 καί
526 698 706 754 σώσω
735 698 959 764 αὐτοὺς
986 699 1056 752 ἐν
1108 698 1304 768 Κυρίῳ
1352 696 1475 762 Θεῷ
1512 694 1735 759 αὐτῶν,
1781 696 1880 749 καὶ
1931 695 2002 747 οὺ

403 792 585 847 σώσω
622 790 849 857 αὐτοὺς
887 791 958 843 ἐν
994 790 1169 855 τόξῳ,
1196 790 1335 843 οὔτε
1376 788 1446 843 ἐν
1486 787 1751 856 πολέμῳ,
1775 787 1914 841 οὔτε
1935 786 2006 839 ἐν

405 883 693 953 ἅρμασιν,
735 883 875 936 οὔτε
907 882 975 935 ἐν
1003 883 1232 948 ἵπποις,
1256 881 1395 935 οὔτε
1422 882 1491 933 ἐν
1513 880 1824 933 ἱππεῦσιν.

476 977 554 1028 E'.
596 975 757 1030 Μετά
802 975 865 1028 τὸ
882 974 1146 1045 τεχθῆναι
1202 972 1294 1026 τὸν
1336 972 1577 1042 Ἰεζραὲλ
1608 971 1900 1041 γεγένηται
1926 968 2004 1039 τῷ

410 1068 661 1139 προφήτῃ
693 1067 875 1138 κόριον
905 1068 969 1119 ἐκ
990 1066 1091 1134 τῆς
1128 1065 1332 1137 Γόμερ,
1371 1059 1415 1132 ᾧ
1458 1064 1553 1117 καὶ
1596 1063 1767 1133 ὄνομα
1791 1061 2004 1115 κεῖσθαι

408 1160 518 1214 δεῖν
554 1158 915 1230 προστέταχε,
968 1158 1051 1221 τὸ,
1082 1175 1100 1208 ι
1128 1157 1244 1210 Οὐκ
1276 1154 1575 1227 ἡλεημὲνη.
1620 1153 1897 1222 Ἐπιφέρει
1949 1152 2005 1205 δὲ

409 1251 754 1324 παραχρῆμα
781 1249 876 1304 τοῦ
931 1248 1139 1303 τοιοῦδε
1183 1249 1285 1318 τὴν
1328 1248 1628 1319 πρόφασιν,
1665 1245 1759 1299 καὶ
1794 1243 1892 1315 τὴν
1918 1244 2004 1296 αἰ-

407 1345 531 1398 τίαν
567 1343 731 1406 εὐθὺς
758 1341 1079 1411 καθίστησιν
1120 1339 1348 1409 ἐναργῆ,
1392 1338 1647 1408 οὐδεμιᾶς
1678 1336 1756 1388 ἔτι
1791 1332 2006 1403 φειδοῦς

409 1435 812 1507 ἀξιωθήσεσθαι
855 1433 1030 1501 λέγων
1086 1432 1177 1484 τὸν
1223 1429 1471 1500 Ἰσραήλ·
1500 1426 1896 1495 ἀνταναστῆναι
1949 1423 2005 1476 δὲ

410 1527 601 1599 ὥσπερ
618 1525 941 1591 αὺτοῖς,νκα“ι
974 1526 1031 1577 ἐν
1060 1524 1212 1587 τάξει
1244 1520 1499 1591 γενέσθαι
1523 1519 1631 1572 τῶν
1659 1520 1739 1572 ὅτι
1772 1517 2005 1588 μάλιστα

412 1616 862 1689 πολεμιωτάτων,
896 1615 990 1669 καὶ
1032 1616 1153 1676 ταῖς
1186 1611 1513 1682 εὐπραγίαις
1569 1608 1751 1663 αὐτῶν
1786 1609 2007 1660 ἀντιπε-

419 1709 630 1763 σεῖσθαι
668 1706 953 1778 γεννικῶς,
987 1706 1062 1770 ὼς
1090 1708 1170 1768 εἰς
1218 1704 1457 1774 ἐσχάτην
1490 1702 1686 1765 αὐτοὺς
1716 1699 2005 1768 ἀθλιότητα

419 1798 874 1861 κατολισθαίνειν,
937 1796 1033 1850 καὶ
1089 1795 1372 1850 δύσοιστον
1434 1792 1651 1863 άληθῶς
1710 1790 2004 1858 ἀνατλῆναι

418 1893 726 1963 συμφοράν.
756 1890 891 1945 Θεοῦ
944 1890 1052 1961 γάρ
1105 1885 1523 1958 ἀνθεστηκότος,
1584 1882 1882 1953 οὐδαμόθεν
1933 1880 2000 1935 ἂν
2032 1871 2074 1926 Β

415 1986 632 2055 γένοιτο
663 1984 778 2047 τοῖς
818 1980 1087 2037 παθοῦσιν
1114 1983 1148 2051 ἡ
1208 1979 1415 2051 ὄνησις.
1465 1998 1483 2029 ι
1519 1976 1647 2028 Ἐὰν
1675 1975 1782 2047 γὰρ
1810 1973 2003 2047 κλείσῃ

416 2078 561 2135 κατά
579 2077 894 2149 ἀνθρώπου,
929 2075 1017 2139 τίς
1047 2072 1280 2140 ἀνοίξει;
1318 2091 1336 2123 ›
1369 2070 1552 2141 φησίν.
1588 2070 1700 2123 Καὶ
1783 2084 1947 2138 φησιν
1975 2068 2004 2120 ὁ

418 2170 727 2243 προφήτης,
756 2188 775 2221 ι
808 2168 920 2239 Τὴν
942 2169 1101 2238 χεῖρα
1116 2166 1213 2237 τὴν
1237 2163 1468 2235 ὑψηλὴν,
1496 2161 1579 2223 τίς
1597 2157 1930 2229 ἀποστρέψει
1950 2174 1999 2223 ς)

417 2263 451 2334 ἢ
480 2264 563 2326 τίς
597 2262 811 2332 ἐλεήσει
850 2260 942 2313 τὸν
993 2259 1082 2312 διὰ
1116 2258 1218 2327 τῆς
1250 2254 1455 2312 ἄνωθεν
1509 2253 1690 2324 ψήφου
1724 2250 2005 2305 καταδεδι-

417 2355 732 2427 κασμένονς
767 2354 954 2407 Πάντα
983 2351 1094 2423 γὰρ
1143 2351 1256 2413 τοῖς
1311 2348 1477 2411 θείοις
1520 2347 1713 2399 ἕπεται
1740 2343 2004 2414 νεύμασι,

419 2449 514 2501 καὶ
562 2448 700 2519 ὅπερ
745 2446 812 2499 ἂν
862 2444 1039 2497 ἕλοιτο
1098 2439 1400 2514 κατορθοῦν
1437 2442 1466 2492 ὁ
1513 2438 1813 2506 Δεσπότης,
1853 2433 2006 2487 τοῦτο

419 2540 688 2612 ἀμελλητὶ
765 2539 945 2608 πάντη
1001 2553 1062 2590 τε
1122 2535 1217 2589 καὶ
1294 2534 1513 2593 πάντως
1564 2525 2004 2598 διαπεραίνεται,

422 2630 899 2704 συνεργαζομένης
920 2627 1070 2699 αὐτῷ
1096 2627 1196 2695 τῆς
1218 2625 1469 2686 κτίσεως,
1493 2623 1589 2674 καὶ
1609 2621 1729 2681 ταῖς
1748 2615 1843 2670 τοῦ
1872 2632 2010 2687 κρα-

420 2722 644 2787 τοῦντος
700 2719 1105 2789 ἀκολουθούσης
1133 2718 1356 2787 ψήφοις.
1394 2713 1550 2767 Οῦτω
1591 2709 1886 2764 κεκόλακεν
1916 2707 2011 2760 Al-

423 2814 709 2883 γυπτίους,
730 2809 1321 2884 μεταστοιχειουμένων
1349 2807 1457 2859 τῶν
1502 2802 1711 2857 ὑδάτων
1739 2804 1818 2864 εἰς
1847 2795 2007 2871 αἷμα,

423 2907 518 2959 καὶ
552 2905 651 2975 τῆς
691 2904 920 2976 αἱθάλης
944 2905 1021 2966 εἰς
1047 2902 1304 2962 σκνῖπας,
1327 2898 1424 2951 καὶ
1470 2896 1746 2966 ἀφορήτου
1770 2890 2011 2964 χαλάζης

425 2997 583 3052 καθιε
594 2997 789 3068 μένης,
834 2994 1047 3066 μακροῦ
1076 2994 1131 3047 δὲ
1161 2993 1256 3045 καὶ
1277 2990 1577 3062 τριημέρου
1605 2986 2009 3057 καταχεόμενου

426 3088 675 3154 σκότους,
698 3088 793 3142 καὶ
820 3086 930 3140 τῶν
953 3086 1127 3140 ἄλλων
1153 3084 1407 3139 ἁπάντων
1435 3082 1618 3144 αὐτοῖς
1644 3077 2011 3146 ἐπενηνεγμέ-

426 3198 555 3235 νων.
592 3179 803 3233 Οὐκοῦν
819 3178 991 3249 ὄνομα
1010 3178 1089 3246 τῷ
1103 3176 1295 3247 κορίῳ,
1323 3176 1385 3227 τὸ
1407 3173 1519 3226 Οὐκ
1545 3169 1842 3240 ὴλεημένη,
1874 3185 2010 3239 χρη-

428 3273 603 3344 σίμως
619 3287 681 3324 τε
706 3271 804 3326 καὶ
828 3268 1167 3337 ἀναγκαίως,
1200 3266 1287 3319 ἵνα
1302 3265 1403 3335 τὴν
1429 3264 1610 3317 αἰτίαν
1635 3261 1730 3315 τοῦ
1757 3259 2010 3332 πράγμα-
2036 3256 2079 3314 C

426 3380 518 3427 τος
539 3360 1023 3432 φιλοπευστοῦντες
1048 3359 1155 3425 ἀεὶ,
1186 3359 1279 3411 καὶ
1308 3356 1372 3428 δὴ
1428 3356 1521 3410 καὶ
1574 3353 1939 3426 μανθάνοντες
1961 3354 2011 3407 οἱ

427 3457 490 3511 τὸ
517 3455 770 3527 τηνικάδε
800 3453 887 3507 διὰ
918 3455 1016 3523 τῆς
1043 3450 1307 3505 πολυθέου
1332 3450 1540 3522 πλάνης
1572 3447 2009 3520 προσκεκρουκό-

427 3568 519 3615 τες
579 3549 722 3620 Θεῷ,
782 3549 1001 3618 φρονεῖν
1063 3563 1123 3599 τε
1200 3545 1295 3598 καὶ
1338 3543 1470 3614 δρᾷν
1520 3540 1896 3596 ἀναπείθοιντο
1943 3538 2014 3592 τὰ

431 3643 642 3715 ἀμείνω
688 3642 785 3696 καὶ
806 3638 1253 3711 πρεπωδέστερα,
1272 3635 1459 3689 λοιπόν
1481 3652 1540 3687 τε
1560 3632 2014 3705 μεταφοιτήσειαν

433 3735 569 3807 πρὸς
598 3734 661 3787 τὸ
685 3731 901 3787 ἑλέσθαι
933 3729 1246 3802 σωφρόνως,
1284 3728 1384 3782 κᾶν
1423 3727 1557 3797 γοῦν
1587 3728 1700 3789 τοῖς
1742 3724 2015 3794 δευτέροις

431 3826 787 3881 ἀποσείεσθαι
814 3826 912 3896 τὴν
939 3824 1127 3896 ὀργὴν,
1147 3822 1350 3893 εὐμενῆ
1375 3821 1468 3874 καὶ
1494 3821 1666 3891 πρᾶον
1693 3817 1778 3887 ἐφ’
1806 3818 2015 3878 ἑαυτοῖς

433 3918 875 3987 καταστήσαντες
902 3913 1276 3985 λελυπημένον
1327 3912 1421 3965 τὸν
1476 3910 1613 3964 ὅλων
1646 3909 1797 3963 Θεόν.
1831 3908 2014 3961 Ἐοικε

431 4011 493 4065 δὲ
520 4011 682 4064 πάλιν
710 4012 739 4063 ὁ
761 4007 1098 4081 προφητικὸς
1120 4008 1255 4077 ἡμῖν
1281 4006 1338 4058 ἐν
1363 4004 1572 4067 τούτοις
1604 4001 1899 4073 ὑποδηλοῦν
1925 3999 2015 4051 λό-

433 4120 527 4172 γος
559 4103 658 4166 τὰς
690 4100 1065 4171 γεγενημένας
1098 4095 1478 4168 αἰχμαλωσίας
1511 4093 1605 4148 τοῦ
1640 4092 1875 4163 Ἰσραὴλ,
1909 4087 2015 4142 ὑπό

432 4213 495 4249 τε
522 4195 614 4249 τοῦ
636 4190 1096 4262 Θεγλαφαλασάρ,
1134 4189 1230 4243 καὶ
1268 4188 1449 4259 μέντοι
1501 4184 1865 4256 Σαλμανασάρ
1918 4182 2017 4253 βα-

436 4286 629 4341 σιλέων
674 4284 997 4355 ’Λσσυρίων,
1027 4282 1075 4335 οἳ
1114 4280 1439 4352 μετῴκησαν
1461 4279 1525 4331 ἐκ
1559 4276 1876 4347 Σαμαρείας
1926 4274 2016 4326 τὸν

448 4378 667 4451 Ἰσραὴλ
699 4379 777 4441 εἰς
805 4376 875 4430 τὰ
901 4377 1025 4447 δρια
1048 4373 1273 4446 Περσῶν
1318 4372 1412 4424 καὶ
1466 4370 1686 4440 Μήδωνο
1731 4369 1829 4432 τὰς
1863 4369 1921 4420 έν
1948 4368 2015 4437 τῇ

435 4472 724 4543 Σαμαρείᾳ
746 4468 1197 4541 καταδῃώσαντες
1227 4464 1432 4527 πόλεις.
1479 4462 1619 4516 Ἀλλ’
1649 4462 1749 4515 οὐκ
1796 4460 1862 4514 ἂν
1897 4461 2018 4522 ταῖς

435 4563 579 4617 οὓτω
600 4562 804 4624 δειναῖς
855 4556 1312 4630 περιπεπτώκασι
1354 4557 1681 4627 συμφοραῖς,
1717 4552 2016 4623 ἐπαμύνειν

435 4654 622 4709 αὐτοῖς
649 4651 925 4713 ἐθέλοντος
956 4648 1115 4712 Θεοῦ,
1144 4647 1344 4717 μᾶλλον
1374 4646 1449 4711 δὲ,
1475 4646 1551 4717 μὴ
1569 4645 1731 4698 οἱονεί
1777 4661 1895 4706 πως
1924 4643 2019 4696 καὶ

435 4744 844 4810 ἀντεξάγοντος,
874 4740 969 4795 καὶ
1002 4742 1058 4792 ἐν
1083 4738 1235 4802 τάξει
1289 4736 1564 4807 πολεμίων
1604 4734 2013 4805 ἀνθεστηκότος.

440 4836 583 4906 Ἐφη
610 4835 718 4904 γὰρ
745 4831 1010 4903 ἐναργῶς,
1038 4831 1121 4883 ὅτι
1194 4827 1675 4898 Ἀντιτασσόμενος
1740 4825 2015 4891 ἀντιτάξο-

439 4944 538 4998 μαι
604 4927 809 4989 αὐτοίς.
886 4925 1158 4994 Ἐλεήσειν
1196 4922 1254 4975 δὲ
1303 4922 1431 4984 τοὺς
1463 4920 1614 4983 υἱοὺς
1678 4917 1847 4971 Ἰούδα
1889 4934 2020 4969 κατ·-

434 5020 847 5089 ιτταγγὲλλεται,
878 5018 974 5070 καὶ
1000 5016 1194 5069 σώσειν
1228 5016 1447 5077 αὐτοὺς,
1475 5014 1536 5067 οὐ
1584 5010 1827 5079 πολέμου
1867 5009 2017 5079 νόμῳ

435 5111 632 5180 (τοῦτο
659 5109 768 5180 γὰρ
789 5109 870 5173 τὸ,
909 5109 1011 5162 οὐκ
1053 5110 1112 5162 ἐν
1145 5108 1408 5180 ἅρμασιν,
1457 5104 1578 5159 οὐδὲ
1622 5106 1679 5156 ἐν
1723 5103 1954 5169 ἵπποις)⁶
1989 5100 2017 5153 ὂ

431 5203 498 5274 δὴ
527 5202 623 5255 καὶ
675 5201 1005 5261 τετέλεσται,
1031 5200 1128 5253 τοῦ
1162 5201 1505 5271 Σεναχηρεὶμ
1553 5196 1897 5268 περιέχοντος
1928 5192 2017 5246 κύ-

434 5297 549 5367 κλῳ
585 5297 685 5365 τὴν
719 5295 1098 5367 Ἰερουσαλὴμ,
1134 5297 1224 5349 ὅτε
1261 5296 1482 5365 καὶτῆς
1521 5292 1671 5353 θείας
1702 5289 1858 5359 δόξης
1885 5305 2016 5340 κατ-

431 5388 694 5458 εφλυάρει
754 5387 1056 5459 Ῥαψάκης,
1098 5388 1173 5452 ὡς
1220 5387 1321 5441 οὐκ
1380 5386 1447 5439 ἂν
1530 5384 1800 5453 ἰσχύσειεν
1830 5379 2021 5445 εἰπὼν,

431 5480 715 5534 ἀνασῶσαι
735 5479 867 5543 Θεὸς
897 5482 994 5550 τήν
1016 5496 1077 5531 τε
1110 5476 1485 5550 Ἰερουσαλὴμ,
1505 5475 1599 5529 καὶ
1627 5476 1751 5536 τοὺς
1777 5477 1834 5527 ἐν
1862 5475 2022 5541 αὐτῇ,

436 5571 772 5641 προεκόμιζε
801 5571 857 5623 δὲ
891 5572 972 5634 εἰς
1027 5570 1298 5634 ἀπόδειξιν
1331 5568 1425 5621 τοῦ
1461 5567 1636 5637 πάντη
1665 5584 1725 5619 τε
1754 5565 1847 5617 καὶ
1886 5565 2025 5617 πάν-

431 5676 540 5725 τως
564 5659 873 5714 ἁλώσεσθαι
918 5663 1009 5714 καὶ
1054 5661 1272 5725 αὐτοὺς,
1304 5659 1365 5714 τὸ
1422 5659 1498 5730 μὴ
1530 5656 1848 5727 δεδυνῆσθαι
1900 5655 2025 5717 τοὺς

503 5839 548 5873 τε
579 5839 680 5897 lsa.
718 5857 851 5905 ml,
889 5842 977 5896 ‘22.
1057 5844 1102 5873 ⁷⁸
1142 5842 1238 5897 lsa.
1296 5860 1400 5905 sn,
1436 5842 1522 5897 Ξῖ.

2108 598 2411 663 miserebor,
2432 609 2479 653 et
2515 600 2727 654 salvabo
2755 618 2843 655 eos
2868 602 2923 656 in
2948 602 3172 659 Domino
3201 606 3310 661 Deo
3340 625 3459 677 suo,
3490 619 3538 664 et
3578 628 3679 665 non

2105 689 2315 745 salvabo
2350 706 2434 743 eo:
2467 690 2519 742 in
2554 706 2707 760 arcu,
2730 708 2892 761 neque
2932 694 2986 747 in
3023 695 3223 764 gladio,
3244 714 3415 768 neque
3443 699 3498 753 in
3527 700 3677 758 bello.

2106 797 2269 851 neque
2309 781 2362 834 in
2393 781 2655 847 curribus,
2704 799 2866 852 neque
2904 784 2959 838 in
3002 790 3169 855 equis,
3219 803 3379 858 neque
3409 788 3463 842 iu
3492 791 3652 858 equiti
3666 819 3681 829 ι

2107 872 2219 925 bus.

2178 963 2241 1020 V.
2280 964 2405 1020 Post
2427 976 2609 1020 natum
2640 966 3016 1034 Jezrael,nata
3040 977 3125 1025 est
3149 970 3429 1040 propheta:
3452 964 3683 1039 p'uellnla

2107 1073 2170 1111 ex
2191 1058 2413 1123 Gomer,
2432 1059 2517 1114 cui
2536 1068 2590 1114 et
2606 1074 2799 1115 nomen
2809 1060 2971 1128 jussit
2990 1060 3214 1132 imponi,
3233 1061 3501 1128 videlicet,
3515 1082 3532 1113 ‹
3546 1062 3684 1116 Alis:

2106 1164 2210 1218 que
2235 1150 2624 1205 misericordia.
2659 1169 2678 1203 ι
2715 1150 2977 1222 Adjungit
3004 1152 3184 1206 statim
3231 1154 3597 1219 occasionem,
3635 1164 3688 1204 «τι

2106 1257 2325 1297 causam
2355 1243 2498 1296 illico
2529 1242 2674 1297 clare
2703 1242 2899 1312 aperit,
2925 1243 3133 1308 dicens,
3160 1243 3303 1297 nulla
3336 1242 3570 1312 amplius
3605 1258 3689 1295 ve-

2107 1336 2194 1389 nia
2221 1350 2280 1389 se
2308 1335 2471 1390 Israel
2505 1335 2851 1405 dignaturum
2879 1374 2896 1400 ,
2935 1336 3028 1390 sed
3060 1336 3214 1405 quasi
3246 1346 3436 1390 contra
3482 1350 3575 1391 eos
3605 1336 3688 1389 in-

2107 1438 2501 1493 surrecturum,
2539 1438 2593 1481 et
2644 1427 2764 1482 loco
2810 1424 3158 1481 infensissimi
3214 1427 3385 1481 hostis
3426 1426 3685 1491 futurum,

2108 1522 2459 1589 ipsorumque
2496 1518 2742 1575 felicitati
2781 1519 3011 1573 viriliter
3053 1522 3496 1582 adversaturum,
3528 1529 3589 1573 ut
3634 1519 3685 1572 in

2108 1623 2408 1667 extremam
2457 1611 2731 1667 miseriam
2789 1612 3219 1682 praecipitentur,
3256 1620 3309 1666 et
3337 1626 3466 1666 vere
3497 1611 3689 1665 intole-

2110 1705 2334 1759 randum
2388 1705 2753 1761 calamitatem
2805 1705 3106 1777 perferant.
3168 1708 3279 1761 Deo
3325 1707 3528 1777 quippe
3563 1707 3690 1760 resi-

2109 1786 2312 1862 stente,
2343 1796 2558 1852 alllictis
2606 1798 3219 1868 nusquamrelinquitur
3264 1799 3546 1853 auxilium.
3584 1817 3603 1851 ι
3633 1798 3689 1852 Si

2104 1888 2247 1941 enim
2291 1888 2551 1944 clauserit
2583 1900 2773 1945 contra
2828 1890 3125 1956 hominem,
3155 1890 3277 1959 quis
3311 1890 3521 1959 aperiet
3548 1891 3636 1944 τιι
3666 1909 3683 1941 ι

2104 1980 2298 2049 inquit.
2333 1980 2396 2034 Et
2435 1990 2494 2035 ut
2522 1986 2598 2036 ait
2628 1982 2769 2037 idem
2800 1982 3058 2051 propheta
3083 2000 3135 2036 ει
3163 1982 3381 2037 Manum
3416 1982 3686 2037 excelsam

2105 2073 2228 2142 quis
2257 2084 2468 2128 avertet
2493 2075 2578 2127 ⁷³7
2615 2094 2633 2127 ι
2662 2085 2753 2128 aut
2785 2074 2992 2130 caelesti
3031 2074 3302 2131 sententia
3344 2075 3690 2129 condemnati

2105 2165 2229 2233 quis
2257 2166 2641 2221 miserebitur?
2675 2164 2866 2221 Omnia
2893 2167 3092 2236 quippe
3118 2175 3303 2221 nutum
3337 2167 3575 2221 divinum
3605 2180 3692 2220 se-

2106 2267 2438 2327 quuntur,et
2470 2272 2590 2326 quae
2626 2256 2888 2312 Dominus
2914 2258 3016 2312 rite
3046 2259 3228 2314 facere
3256 2257 3504 2321 voluerit,
3531 2258 3582 2312 id
3608 2250 3690 2312 δὶ-

2109 2360 2189 2403 tra
2238 2365 2441 2403 moram
2482 2350 2806 2405 omnimodis
2830 2351 3134 2419 perﬁcitur,
3185 2360 3437 2407 creatura
3479 2350 3554 2404 illi
3599 2365 3693 2405 co-

2107 2450 2387 2509 Operante,
2408 2442 2808 2495 etdominantis
2843 2441 3222 2497 auctoritatem
3252 2442 3569 2496 comitante.
3599 2440 3691 2497 Sic

2108 2532 2318 2602 punivit
2344 2531 2652 2604 1E3yptios,
2683 2536 2840 2604 aquis
2863 2536 2917 2589 in
2940 2535 3282 2605 sanguinem,
3307 2544 3363 2589 et
3391 2537 3573 2592 cinere
3597 2550 3690 2590 seu

2111 2626 2329 2695 pulvere
2353 2625 2407 2680 in
2443 2627 2687 2695 ciniphes
2705 2629 3073 2692 commutatis,
3099 2637 3156 2683 et
3183 2627 3391 2698 dejecta
3428 2630 3692 2699 grandine

2111 2718 2381 2783 horribili,
2409 2719 2800 2789 prepemodum
2835 2721 3000 2775 etiam
3025 2720 3297 2776 triduanis
3322 2722 3558 2775 tenebris
3593 2722 3694 2776 dir-

2112 2810 2270 2877 fusis,
2310 2819 2366 2866 et.
2398 2810 2526 2866 aliis
2559 2812 2812 2866 omnibus
2846 2811 3129 2882 suppliciis
3161 2811 3492 2869 inflictis".t
3513 2810 3693 2879 Quare

2112 2902 2301 2974 puellae
2332 2918 2526 2959 nomen
2562 2904 2811 2974 «Absque
2846 2904 3252 2960 misericordia»
3278 2905 3483 2960 utiliter
3507 2920 3573 2961 ac
3600 2923 3695 2960 ne-

2114 2996 2354 3051 cessario
2395 2996 2714 3066 imponitur,
2746 3007 2805 3050 ttt
2844 3012 3061 3052 causam
3096 2998 3173 3053 rei
3203 2998 3473 3053 curiosius
3505 2999 3692 3054 scisci-

2114 3097 2291 3143 tantes
2320 3102 2533 3158 semper
2589 3099 2645 3144 et
2682 3098 3071 3157 cognoscentes
3112 3090 3204 3159 qui
3238 3099 3363 3145 tunc
3401 3090 3565 3145 Deum
3598 3106 3695 3161 per

2115 3181 2485 3235 seductionem
2518 3181 2693 3236 cultus
2740 3181 3029 3237 multorum
3077 3181 3300 3236 deorum
3332 3180 3691 3246 olfenderant,

2113 3272 2179 3326 ad
2210 3273 2432 3327 meliora
2465 3284 2518 3327 et
2551 3273 2746 3328 rationi
2801 3273 2972 3343 magis
2995 3285 3360 3329 consentanea
3404 3276 3692 3342 cogitanda

2112 3366 2469 3436 faciendaqne
2508 3366 2872 3427 inducantur,
2921 3377 2977 3422 et
3023 3367 3090 3421 de
3136 3376 3333 3422 caetero
3378 3379 3690 3436 [rudentem

2112 3455 2304 3509 saltem
2352 3455 2748 3524 posterioribus
2799 3456 3218 3526 cogitationibus
3265 3458 3401 3511 iram
3457 3457 3692 3511 divinam

2116 3547 2325 3601 amoliri
2358 3547 2997 3619 cupiant,universorunt
3018 3549 3185 3602 Deum
3220 3546 3504 3614 oﬂ‘ensum,
3534 3550 3699 3603 bene-

2116 3641 2297 3695 volum
2347 3641 2448 3695 sibi
2511 3656 2575 3694 ac
2630 3641 2814 3695 mitem
2873 3640 3188 3695 efﬁcientes.
3242 3642 3467 3697 Videtur
3514 3652 3693 3697 autem

2116 3732 2378 3799 propheta
2410 3747 2596 3784 rursus
2626 3730 2780 3785 nobis
2812 3733 2912 3785 hoc
2942 3732 3061 3784 loco
3089 3730 3343 3787 lsraeletn
3375 3749 3404 3786 a
3440 3733 3697 3804 Theglat-

2115 3823 2368 3890 phalasar
2395 3833 2450 3875 et
2490 3822 2839 3876 Salmanasar
2864 3823 3208 3893 Assyriorum
3242 3824 3458 3894 regibus
3478 3837 3693 3893 captum

2117 3914 2483 3979 subindicare,
2520 3913 2629 3986 24
2660 3916 2749 3983 qui
2778 3929 2808 3969 e
2839 3915 3111 3980 Samaria,
3143 3915 3260 3986 ejus
3284 3918 3512 3971 urbibus
3548 3920 3693 3971 illata

2116 4004 2470 4069 vastitudine,
2499 3988 2747 4060 eumdem
2780 4006 2845 4059 ad
2875 4017 3083 4061 tuentes
3121 4006 3405 4061 Persarum
3436 4016 3489 4062 et
3520 4007 3697 4063 Medo-

2119 4113 2237 4150 rum
2275 4097 2690 4151 transtulerunt.
2716 4098 2894 4166 Atque
2920 4098 2972 4152 in
2999 4112 3102 4151 tam
3135 4115 3327 4168 graves
3361 4102 3698 4156 calamitates

2118 4204 2225 4244 non
2276 4190 2611 4255 incidissent,
2664 4191 2709 4245 si
2757 4190 2895 4246 Deus
2939 4192 3229 4247 defendere
3257 4209 3349 4247 eos
3406 4196 3696 4259 voluisset;

2119 4280 2228 4333 imo
2275 4280 2374 4335 nisi
2415 4281 2816 4351 quodammodo
2862 4282 3035 4335 aciem
3086 4293 3273 4336 contra
3316 4284 3613 4350 eduxisset,
3645 4299 3693 4341 et

2120 4371 2291 4426 instar
2319 4372 2489 4426 hostis
2518 4372 2838 4428 adversatus
2864 4383 3028 4427 esset.
3056 4374 3141 4426 Ait
3175 4376 3318 4428 enim
3356 4380 3691 4445 aperte:Ad-

2121 4478 2347 4518 versans
2381 4465 2714 4518 adversabor
2781 4464 2909 4519 illis.
2961 4466 3385 4521 Misericordinm
3418 4481 3594 4523 autem
3633 4472 3693 4525 li-

2122 4555 2208 4611 liis
2259 4555 2409 4610 ludat
2464 4557 2794 4612 tributurum
2833 4574 2891 4613 se
2922 4560 3227 4627 pollicetur,
3270 4570 3324 4614 et
3367 4562 3697 4619 s:tlv:tltlrtttn

2122 4664 2240 4712 eos,
2277 4664 2380 4703 non
2418 4648 2535 4717 lege
2570 4665 2634 4705 ac
2662 4666 2814 4705 more
2853 4653 3096 4718 militari,
3132 4654 3231 4708 hoc
3266 4655 3408 4707 enim
3442 4669 3525 4709 est
3558 4661 3703 4726 quod

2128 4742 2285 4803 dicit,
2334 4758 2438 4797 non
2464 4744 2519 4798 in
2562 4745 2835 4811 curribus,
2867 4761 2967 4801 nec
3033 4746 3083 4798 in
3115 4748 3290 4815 equis,
3342 4732 3696 4818 quodetiam

2128 4835 2426 4904 prtestitum
2458 4844 2562 4901 est,
2596 4836 2946 4891 Senacherim
2994 4836 3387 4909 Jerosolymam
3422 4841 3701 4895 obsidione

2128 4926 2757 4996 circumdante,quando
2784 4937 2837 4982 et
2875 4930 3139 4984 adversus
3171 4932 3259 4984 Dei
3292 4932 3517 5000 gloriam
3560 4932 3675 4986 Ral.

2128 5034 2282 5073 saces
2317 5019 2641 5088 hlaterabat,
2662 5021 2982 5092 dicebatque
3012 5039 3117 5077 non
3180 5039 3333 5093 posse
3355 5024 3520 5078 Deum
3549 5026 3699 5080 Jem-

2126 5108 2388 5179 solymam
2424 5120 2479 5164 et
2511 5111 2717 5165 incolas
2735 5111 2849 5179 ejus
2875 5114 3455 5185 tueri,addncebatque
3486 5132 3583 5186 pro
3614 5136 3702 5171 ar-

2124 5208 2379 5268 gumento
2409 5200 2739 5270 firmissimo,
2769 5203 2924 5271 plane
2955 5205 3101 5273 ipsos
3127 5220 3341 5273 quoque
3374 5206 3427 5258 in
3460 5216 3697 5275 potesta-

2126 5303 2231 5346 tem
2264 5296 2707 5364 venturos,quod
2735 5296 2807 5350 dii
2838 5297 2890 5349 in
2928 5296 3173 5350 Samaria
3209 5312 3338 5351 suos
3364 5298 3577 5368 eripere
3606 5317 3699 5355 ne-

2124 5384 2566 5453 quivissent.Sed
2593 5390 2736 5443 enim
2768 5400 3015 5444 servatus
3044 5399 3129 5444 est
3161 5388 3330 5444 Judas
3359 5391 3696 5454 mirabiliter,

2124 5476 2229 5530 hoc
2264 5486 2369 5544 est,
2403 5477 2707 5535 Jerusalem
2747 5481 3053 5536 habitantes
3097 5482 3216 5535 dua:
3252 5480 3443 5538 tribus.
3477 5500 3496 5534 ι
3523 5481 3702 5537 Exivit

2123 5569 2267 5622 enim
2317 5570 2540 5642 angelus
2569 5572 2808 5639 Domini,
2841 5572 3035 5642 inquit,
3080 5581 3134 5628 et
3154 5573 3353 5629 occidit
3402 5590 3469 5630 ex
3506 5576 3705 5631 castris

2125 5658 2470 5731 Assyriorum
2521 5679 2626 5720 una
2676 5676 2835 5722 nocte
2882 5674 3098 5722 centum
3150 5666 3422 5738 octoginta
3460 5668 3703 5740 quinque

1602 5842 1643 5873 7'
1682 5840 1849 5894 Exod.
1884 5854 1978 5905 vn,
2012 5855 2129 5906 vm,
2166 5854 2213 5893 tt
2248 5843 2471 5911 passim.
