4046 6376
386 333 456 387 Π
1412 331 1467 386 S.
1510 332 1782 397 CYRILLI
1820 331 2295 389 ALEXANDRINI
2334 331 2654 389 ARCIHEP.
3579 337 3648 392 68

388 451 555 508 millia
587 450 654 502 ⁷⁸.
685 469 704 502 ι
766 448 970 504 Salvati
1023 456 1135 503 tum
1177 448 1498 516 cantabant,
1524 461 1578 507 et
1621 451 1835 506 modum
1881 468 1944 507 re

2062 455 2119 506 ἐν
2165 452 2455 524 Σαμαρείᾳ
2501 452 2654 516 θεοὺς
2712 450 2992 519 ἐξελέσθαι
3036 452 3164 516 τοὺς
3218 453 3448 509 ἑαυτῶν.
3510 457 3648 512 Ἀλλ’

383 554 494 600 tam
530 543 767 614 ingentis
789 542 842 597 in
881 555 942 597 se
970 550 1290 610 perpetratae
1321 543 1638 608 narrabant,
1673 543 1913 596 dicentes
1942 562 1954 596 :

387 656 406 689 ι
433 636 497 690 Hi
546 635 600 689 in
643 634 913 700 curribus,
943 641 999 688 et
1031 633 1085 687 hi
1113 633 1169 688 in
1197 633 1372 704 equis,
1424 649 1523 690 nos
1551 643 1732 689 autem
1769 634 1823 687 in
1863 648 1959 687 no-

383 731 526 783 mine
551 728 642 782 Dei
668 725 839 782 nostri
875 725 1482 798 magnilieabimur.lpsi
1507 727 1652 781 velut
1681 725 1959 795 compedi-

380 821 478 876 bus
501 818 756 890 implicati
786 829 932 880 sunt,
957 825 1014 871 et
1043 817 1389 881 ceciderunt;
1431 833 1528 871 nos
1558 828 1740 872 autem
1781 831 1956 870 resur-

378 912 640 978 reximus,
687 918 742 966 et
774 911 943 966 erecti
979 923 1165 962 sumus
1185 909 1252 962 ⁷⁸.
1286 926 1305 960 ι
1343 909 1536 963 Verum
1591 909 1688 963 ista
1721 923 1750 960 a
1799 907 1953 962 nobis

375 1003 630 1057 historice
660 1002 804 1057 dicta
836 1009 1018 1054 sunto.

2067 542 2304 607 ἐσώζετο
2356 542 2676 614 παραδόξως
2734 544 2763 596 6
2827 543 3049 608 Ἰούδας,
3085 544 3397 617 τουτέστιν,
3458 549 3515 601 al
3552 549 3650 620 τὴν

2069 634 2423 706 Ἰερουσαλὴμ
2443 633 2690 688 οἰκοῦσαι
2719 634 2812 689 δύο
2844 635 3029 704 φυλαί.
3082 656 3101 688 ι
3143 635 3368 708 Ἐξῆλθε
3407 637 3517 710 γὰρ
3547 639 3646 708 ἀγ-

2055 727 2212 795 γελος
2235 727 2465 797 Κυρίου,
2503 728 2692 796 φησὶν,
2727 726 2820 780 καὶ
2842 725 3054 781 ἀνεῖλεν
3072 729 3136 781 ὲκ
3161 727 3263 798 τῆς
3293 729 3648 800 παρεμϐολῆς

2051 818 2164 872 τῶν
2206 818 2503 891 Ἀσσυρίων
2548 821 2646 890 μιᾷ
2687 819 2860 883 νυκτὶ,
2885 819 3078 873 ἑκατὸν
3115 821 3442 892 ὀγδοήκοντα
3483 822 3645 876 πέντε

2060 906 2326 976 χιλιάδας.
2365 926 2382 958 ι
2419 902 2587 978 τῌδόν
2620 925 2679 961 τε
2701 906 2873 971 οὕτως
2898 909 2948 961 οἱ
2985 911 3355 981 σεσωσμένοι·
3407 912 3501 965 καὶ
3544 911 3644 978 τῆς

2061 995 2151 1048 ἐπ’
2181 996 2365 1059 αὐτοῖς
2399 988 2775 1068 γεγενημένης
2803 999 3205 1070 μεγαλουργίας
3247 1000 3378 1064 τοὺς
3410 1002 3642 1072 τρόπους

373 1093 696 1166 ἀφηγοῦντο,
723 1092 990 1160 λέγοντες·
1026 1109 1045 1142 ι
1082 1085 1322 1146 Οῦτοιέν
1366 1091 1597 1162 ἅρμασι,
1656 1089 1751 1142 καὶ
1787 1081 1930 1142 οὗτοι
1969 1088 2026 1140 έν
2092 1088 2304 1151 ἵπποις·
2348 1089 2508 1158 ἡμεῖς
2557 1088 2612 1140 δὲ
2643 1089 2702 1139 έν
2766 1089 2994 1160 ὀνόματι
3039 1089 3246 1161 Κυρίου
3302 1089 3437 1143 Θεοῦ
3483 1087 3640 1160 ἡμῶν

373 1183 916 1256 μεγαλυνθησόμεθα.
937 1184 1100 1236 Αὐτοὶ
1114 1184 1704 1253 συνεποδίσθησαν,καὶ
1727 1181 1944 1235 ἒπεσοψ
1986 1183 2149 1252 ἡμεῖς
2178 1181 2236 1234 δὲ
2299 1181 2623 1252 ἀνέστημεν,
2647 1182 2740 1236 καὶ
2803 1181 3226 1255 ἀνωρθώθημεν.
3253 1202 3272 1235 ι
3321 1184 3459 1238 Ἀλλ’
3495 1185 3640 1246 ίστο,

371 1278 538 1350 ρικῶς
560 1278 657 1348 μὲν
688 1277 817 1347 ἡμῖν
841 1277 1081 1348 εἰρήσθω
1104 1278 1280 1342 ταυτί,

437 1372 801 1426 Procedamus
819 1371 884 1426 ad
916 1371 1048 1426 alios
1076 1372 1371 1436 sensus,ad
1393 1370 1690 1435 Christum,
1710 1371 1949 1441 inquam.

371 1465 495 1522 Post
530 1475 714 1520 natum
739 1465 938 1536 quippe
977 1463 1298 1528 Jezraelem,
1345 1465 1398 1520 id
1445 1475 1549 1529 est,
1597 1463 1692 1520 Dei
1745 1480 1950 1530 semen,

370 1561 452 1630 (ut
484 1559 756 1626 intelligas
784 1558 1216 1621 Emmanuelem,
1253 1555 1408 1626 cujus
1454 1568 1510 1612 et
1533 1557 1851 1627 sanguinem
1884 1572 1946 1612 se

2136 1370 2337 1438 Ἴωμεν
2369 1366 2424 1420 δὲ
2448 1362 2515 1421 αὖ
2541 1367 2636 1420 καὶ
2659 1366 2746 1435 ἐφ’
2775 1365 2968 1437 ἐτέρας
3009 1367 3238 1434 ἐννοίας,
3268 1369 3412 1440 φημὶ
3449 1370 3505 1423 δὲ
3536 1373 3641 1426 πά-

2059 1459 2143 1512 λιν
2175 1459 2274 1523 τάς
2321 1461 2406 1512 ἐπ’
2435 1457 2582 1529 αὐτῷ
2609 1457 2688 1529 τῷ
2717 1457 2961 1529 Χριστῷ.
2989 1459 3145 1513 Μετὰ
3192 1460 3299 1531 γάρ
3346 1478 3428 1514 τοι
3458 1462 3520 1515 τὺ
3550 1480 3640 1515 τε·

2059 1551 2253 1622 χθῆναι
2288 1551 2378 1605 τὸν
2421 1549 2680 1622 Ἰεζραὲλ,
2739 1549 3004 1620 τουτέστι,
3067 1550 3169 1619 τὴν
3213 1550 3304 1604 τοῦ
3336 1551 3471 1605 Θεοῦ
3505 1570 3638 1606 σπο-

369 1650 604 1705 ulturum
637 1649 950 1718 promittit),
987 1650 1131 1719 parit
1163 1648 1366 1705 Camer
1399 1649 1522 1720 (hoc
1545 1657 1648 1713 est,
1683 1648 1943 1704 fornicata

2060 1645 2195 1714 ράν,
2264 1643 2354 1698 ἵνα
2389 1646 2516 1714 νοῇς
2543 1643 2635 1695 τὸν
2697 1641 3066 1713 Ἐμμανουὴλ,
3105 1635 3166 1694 οὗ
3215 1642 3309 1696 καὶ
3331 1643 3637 1714 ὲκδικήσειν

368 1740 671 1798 Iudaeorum
698 1739 1008 1812 Synagoga)
1027 1740 1214 1803 tiliam,
1243 1740 1359 1795 sive
1390 1739 1945 1811 multitudinem,quaa

369 1835 623 1890 decenter
679 1833 864 1888 vocari
912 1834 1086 1902 possit
1123 1833 1342 1901 Absque
1391 1832 1790 1887 misericordia.
1827 1832 1944 1902 Ipsa

368 1926 563 1996 quippe
590 1924 788 1980 occidit
807 1922 1042 1989 Jezrael,
1068 1925 1343 1981 Christum
1368 1923 1796 1994 puta.Quocirca
1821 1923 1944 1994 jure

367 2013 644 2069 inimicum
672 2023 726 2068 et
777 2013 1203 2070 infensissimum
1241 2015 1342 2069 sibi
1381 2015 1544 2068 Deum
1576 2015 1802 2081 invenit,
1831 2024 1945 2070 sta-

368 2106 570 2174 timque
597 2103 937 2160 calamitates
963 2105 1411 2169 immedicabiles,
1439 2124 1466 2158 a
1495 2106 1758 2160 Romanis
1781 2118 1942 2160 exer-

367 2197 565 2252 citibus
595 2196 896 2263 devastata,
931 2204 987 2251 et
1035 2194 1232 2250 bellum
1260 2194 1420 2266 longe
1459 2197 1671 2265 lateque
1699 2195 1940 2249 auditum

365 2303 614 2359 perpessa
645 2287 921 2351 sustinuit,
959 2286 1174 2356 quando
1199 2297 1259 2342 et
1289 2286 1544 2342 mulieres
1567 2286 1798 2341 infantes
1815 2301 1943 2342 suos

365 2381 739 2445 comederunt,
779 2386 834 2432 et
873 2387 930 2431 ut
965 2387 1049 2433 est
1091 2377 1231 2443 apud
1264 2377 1583 2448 prophetam
1627 2376 1940 2441 Jeremiam,

369 2471 604 2527 «Manus
654 2472 941 2526 mulierum
1001 2469 1434 2526 misericordium
1483 2479 1747 2525 coxerunt
1801 2471 1942 2527 lilios

363 2579 490 2619 suos
510 2565 578 2630 ⁸ο,
613 2582 632 2615 ι
664 2575 718 2617 et
754 2564 902 2632 leges
932 2571 1140 2617 natura:
1176 2563 1425 2616 humanae
1455 2573 1796 2631 spreverunt,
1816 2578 1940 2626 cum

355 2653 535 2709 fames
571 2671 664 2708 eas
707 2654 1142 2724 philostorgiam,
1187 2653 1390 2722 alioqui
1448 2653 1939 2723 inexpugnabilem,

359 2745 634 2815 negligere
668 2745 1038 2815 compelleret.
1087 2743 1256 2798 Porro
1289 2745 1402 2798 haec
1439 2746 1620 2798 omnia
1644 2747 1716 2800 ob
1749 2746 1944 2814 impie-

363 2848 505 2892 tates
536 2837 843 2906 designatas
877 2835 984 2890 illis
1002 2845 1323 2890 evenerunt.
1346 2834 1454 2905 25
1474 2834 1714 2904 Spondet
1763 2845 1941 2892 autem

355 2943 423 2983 se
440 2927 815 2981 misericordia
850 2926 990 2980 ﬁlios
1039 2924 1175 2978 Juda
1217 2937 1654 2994 prosecuturum,
1691 2928 1792 2983 hoc
1835 2937 1939 2990 est,

2051 1734 2114 1787 τὸ
2133 1729 2272 1805 αἷμα
2297 1733 2789 1804 κατεπηγγέλλετο,
2803 1734 3046 1787 τίκτεται
3065 1735 3132 1804 τῇ
3151 1734 3351 1804 Γόμερ,
3369 1736 3634 1799 τουτέστι,

2049 1829 2117 1897 τῇ
2149 1825 2562 1897 πεπορνευμένη
2593 1825 2700 1879 τῶν
2725 1823 2992 1878 Ἰουδαίων
3021 1827 3346 1897 Συναγωγῇ,
3365 1825 3633 1899 Θυγάτηρ,

2049 1919 2169 1988 ἢτοι
2207 1918 2438 1988 πληθὺς,
2543 1918 2635 1971 καὶ
2668 1918 2880 1989 πρέπον
2917 1916 2982 1970 ἂν
3016 1918 3100 1988 εἴη
3131 1902 3193 1969 τὸ
3218 1918 3500 1972 καλεῖσθαι
3522 1922 3635 1974 Οὐκ

2047 2008 2345 2080 ἡλεημένη.
2375 2007 2522 2079 Αὐτὴ
2543 2007 2651 2078 γὰρ
2679 2007 2966 2059 ἀπέκτεινε
2989 2005 3080 2059 τὸν
3109 2006 3370 2076 Ἰεζραὲλ,
3390 2007 3633 2063 τουτέστι

2049 2100 2308 2172 Χριστόν.
2333 2100 2603 2172 Ταύτῃτοι
2625 2099 2852 2162 δικαίως
2876 2098 3068 2169 ἐχθρὸν
3110 2098 3205 2152 καὶ
3231 2097 3634 2170 πολεμιώτατον

2049 2193 2295 2266 εὑρίσκει
2333 2193 2490 2255 Θεὸν,
2526 2192 2624 2246 καὶ
2669 2191 3001 2262 ἀνηκέστους
3035 2189 3198 2254 εὐθὺς
3245 2190 3632 2261 ύπομεμένηκε

2050 2284 2356 2356 συμφορὰς,
2403 2285 2524 2347 ταῖς
2573 2283 2865 2353 Ῥωμαίων
2898 2282 3193 2352 δυνάμεσιν
3215 2281 3633 2352 ἐκπεπορθημέ-

2048 2394 2175 2440 νων,
2215 2376 2310 2429 καὶ
2340 2375 2431 2427 τὸν
2465 2373 2749 2444 διαϐόητον
2787 2358 3083 2426 ὑποστᾶσαί
3119 2373 3377 2443 πόλεμον,
3416 2374 3504 2426 ὅτε
3538 2373 3632 2426 καὶ

2048 2471 2305 2538 γυναῖκες
2355 2467 2464 2521 τῶν
2519 2467 2663 2521 ἰδίων
2694 2465 2904 2537 ἥψαντο
2930 2466 3157 2528 τέκνων,
3211 2465 3304 2518 καὶ
3411 2484 3576 2536 φησιν
3603 2466 3633 2517 ὁ

2049 2563 2334 2635 προφήτης
2377 2559 2667 2631 Ἱερεμίας,
2698 2579 2716 2610 ι
2745 2561 2940 2630 Χεῖρες
2979 2557 3250 2627 γυναικῶν
3270 2559 3629 2629 οίκτιρμόνων

2047 2655 2265 2726 ἥψησάν
2297 2654 2365 2707 τά
2387 2653 2580 2708 παιδία
2604 2651 2834 2718 ἑαυτῶν,
2857 2671 2878 2704 ι
2920 2651 3015 2704 καὶ
3040 2650 3254 2721 φύσεως
3279 2651 3631 2723 ἀνθρωπίνης

2046 2746 2386 2816 ἀλογήσασαι
2417 2745 2620 2815 νόμων,
2672 2743 2766 2797 καὶ
2808 2741 3189 2814 φιλοστοργίας
3223 2743 3435 2814 ἀμάχου
3462 2742 3630 2814 ρᾳθυ-

2051 2840 2171 2908 μεῖν
2202 2837 2369 2901 αὐτάς
2400 2835 2799 2905 ἀναγκάζοντος
2823 2833 2915 2888 τοῦ
2947 2833 3129 2904 λιμοῦ.
3164 2835 3326 2889 Ἀλλά
3347 2835 3441 2888 καὶ
3471 2833 3631 2888 ταυτὶ

2052 2931 2150 3000 μὲν
2178 2931 2393 2984 ἅπαντα
2420 2931 2535 2991 τοῖς
2570 2927 2874 2998 ἠσεϐηκόσι
2922 2927 3289 2999 συμϐέϐηκεν.
3356 2927 3630 2998 Ἐλεήσειν

364 3018 478 3086 qui,
504 3015 799 3071 secundum
870 3013 1210 3085 disciplinam
1251 3025 1306 3069 et
1342 3019 1806 3085 regenerationem
1851 3031 1944 3086 per

2050 3020 2105 3073 δὲ
2139 3020 2265 3083 τοὺς
2289 3021 2440 3083 υἱοὺς
2478 3017 2648 3071 Ἰούδα
2674 3016 3195 3084 κατεπαγγέλλεται,
3220 3016 3486 3079 τουτέστι,
3504 3019 3631 3082 τοὺς

362 3108 646 3176 Spiritum,
680 3105 882 3162 Christi
928 3107 1022 3161 ﬁlii
1074 3117 1388 3174 evaserunt,
1414 3109 1508 3178 qui
1541 3108 1606 3162 de
1639 3108 1778 3162 tribu
1808 3107 1944 3162 Juda

364 3199 482 3252 fuit.
510 3198 564 3251 Si
596 3198 740 3252 enim
775 3211 873 3267 per
901 3197 1256 3268 Evangelium
1285 3199 1502 3268 quidam
1553 3198 1754 3254 sanctis
1814 3215 1946 3267 apo-

363 3290 514 3345 stolis
541 3291 594 3345 in
621 3289 842 3345 Christo
862 3294 1494 3360 generantur,quomodo
1514 3307 1618 3346 non
1653 3293 1824 3362 magis
1852 3309 1948 3360 per

363 3382 639 3436 Christum
681 3380 898 3451 ipsum?
933 3381 1000 3435 de
1030 3380 1224 3449 quibus
1264 3381 1429 3435 etiam
1477 3382 1586 3435 ait:
1625 3398 1643 3432 ι
1674 3380 1815 3436 Ecce
1847 3397 1947 3448 ego

360 3483 418 3526 et
447 3472 598 3541 pueri
633 3487 774 3540 quos
814 3471 962 3526 dedit
989 3471 1120 3525 mihi
1141 3470 1362 3526 Deus“.
1393 3489 1412 3521 ›
1441 3470 1732 3526 Salvantur
1768 3471 1947 3540 itaque

363 3566 416 3618 in
451 3563 668 3618 Christo
707 3563 932 3617 Domino
980 3573 1035 3617 et
1067 3563 1176 3617 Deo
1209 3563 1613 3628 universorum,
1653 3580 1758 3619 non
1794 3579 1944 3618 arma

363 3662 640 3706 moventes
693 3652 969 3707 terrestria
1027 3661 1082 3707 et
1145 3652 1383 3706 carnalia
1413 3652 1502 3720 3’;
1565 3652 1658 3708 sed
1721 3653 1774 3706 in
1834 3654 1946 3708 vir-

366 3753 481 3799 tute
516 3743 795 3810 salvantis,
845 3752 898 3797 et
921 3744 1268 3798 concutiente
1327 3743 1543 3813 quidem
1611 3744 1944 3814 principatus

365 3845 421 3890 et
450 3834 672 3889 thronos
693 3833 762 3898 ⁸³,
813 3834 1178 3902 triumphante
1210 3845 1390 3888 autem
1424 3849 1584 3888 cruce
1610 3850 1705 3888 sua
1752 3835 1942 3890 adver-

365 3929 634 3983 sariorum
669 3935 940 3988 catervas,
969 3934 1019 3977 et
1046 3924 1312 3992 malignas
1333 3933 1625 3994 potestates
1644 3937 1944 3993 evertente,

363 4027 419 4072 et
446 4018 606 4072 dante
659 4016 1004 4085 diligentibus
1046 4030 1106 4070 se
1144 4036 1162 4066 ι
1191 4016 1400 4071 calt-are
1444 4031 1606 4085 super
1644 4030 1942 4086 serpentes,

363 4117 420 4163 et
439 4107 776 4176 srorpiones,
801 4115 852 4160 et
887 4121 1048 4172 super
1067 4119 1280 4158 omnem
1307 4104 1558 4158 virtutem
1596 4106 1800 4159 inimici
1821 4105 1888 4159 ⁸⁸.
1920 4126 1938 4158 ι

364 4199 782 4270 Appositissime
827 4207 1006 4251 autem
1047 4195 1381 4249 incredulum
1410 4237 1424 4258 ,
1467 4205 1521 4249 et
1556 4195 1812 4251 ell‘renem
1837 4238 1852 4260 ,
1893 4209 1946 4252 et

364 4293 576 4348 Domini
631 4290 1033 4345 interfectorem
1080 4286 1333 4356 populum
1377 4284 1684 4340 Iudaeorum
1733 4289 1942 4343 mulieri

2050 3113 2191 3165 κατά
2215 3110 2452 3183 μάθησίν
2478 3127 2540 3162 τε
2585 3109 2680 3163 καὶ
2706 3106 3173 3178 ἀναγέννησιντὴν
3208 3107 3296 3161 διὰ
3330 3107 3424 3159 τοῦ
3454 3109 3629 3161 Πνεύ-

2053 3221 2220 3272 ματος
2243 3204 2394 3266 υἱοὺς
2423 3202 2718 3271 γεγονότας
2743 3198 3113 3270 Χριστοῦ,τοῦ
3139 3201 3204 3252 ἐκ
3230 3199 3402 3269 φυλῆς
3438 3199 3627 3255 Ἰούδα.

2049 3294 2113 3347 Εἰ
2135 3295 2244 3364 γάρ
2273 3292 2362 3346 διά
2393 3291 2486 3345 τοῦ
2527 3289 2864 3360 Εὐαγγελίου
2902 3289 3197 3359 γεννῶνται
3229 3307 3374 3354 τινες
3405 3292 3462 3344 ἐν
3497 3292 3632 3363 Χρισ-

2050 3385 2159 3456 στῷ
2192 3386 2308 3447 τοῖς
2345 3383 2520 3452 ἁγίοις
2549 3382 2900 3446 ἀποστόλοις,
2923 3381 3039 3444 πῶς
3069 3382 3189 3452 οὐχὶ
3222 3382 3422 3452 μᾶλλον
3445 3382 3510 3436 δι’
3534 3384 3631 3437 αὑ-

2046 3475 2140 3528 τοῦ
2164 3474 2257 3529 τοῦ
2290 3472 2560 3546 Χριστοῦ;
2590 3474 2716 3544 περὶ
2740 3465 2813 3526 ὧν
2839 3471 2933 3526 καί
2964 3488 3119 3542 φησιο
3157 3491 3176 3524 ι
3212 3472 3346 3525 Ἰδοὺ
3381 3471 3512 3540 ἐγὼ,
3537 3471 3630 3526 καὶ

2045 3565 2115 3620 τά
2144 3565 2334 3622 παιδία
2357 3565 2393 3620 ἃ
2429 3563 2734 3635 μοιέδωκεν
2763 3565 2790 3615 6
2819 3561 2972 3626 Θεός.
3011 3580 3029 3612 ›
3066 3560 3336 3625 Σὼζονται
3365 3563 3542 3615 τοίνυν
3572 3566 3630 3616 ὲν

2046 3656 2267 3731 Χριστῷ
2311 3656 2389 3728 τῷ
2417 3656 2608 3726 Κυρίῳ
2670 3655 2765 3709 καὶ
2813 3653 2932 3724 Θεῷ
2979 3653 3088 3706 τῶν
3143 3653 3302 3719 ὅλων,
3342 3655 3440 3724 οὐχ
3491 3653 3629 3708 ὅπλα

2046 3750 2322 3812 κινοῦντες
2349 3747 2571 3816 ὲπίγειά
2615 3763 2675 3799 τε
2727 3746 2827 3812 ,καὶ
2856 3744 3114 3816 σαρκικὰ,
3163 3744 3278 3799 ἀλλ’
3314 3746 3370 3798 ἐν
3401 3745 3628 3816 δυνάμει

2045 3839 2140 3893 τοῦ
2171 3838 2455 3903 σώζοντος,
2489 3838 2584 3900 καὶ
2607 3835 2991 3898 κατασείοντος
3035 3834 3134 3904 μὲν
3173 3834 3347 3904 ἀρχὰς
3377 3836 3471 3889 καὶ
3501 3834 3628 3906 θρό-

2047 3947 2194 3992 νους,
2219 3925 2645 3999 θριαμϐεύοντος
2671 3923 2728 3977 δὲ
2754 3923 2831 3994 τῷ
2865 3924 2978 3994 ἰδίῳ
3018 3922 3235 3994 σταυρῷ
3264 3923 3372 3976 τῶν
3396 3925 3628 3976 ἀντικει-

2050 4020 2227 4091 μένων
2265 4018 2335 4072 τὰ
2375 4017 2558 4088 στίφη,
2589 4017 2683 4070 καὶ
2723 4016 2983 4086 δυνάμεις
3031 4017 3500 4086 καταστρέφοντος
3527 4033 3628 4068 πο-

2047 4111 2242 4182 νηράς,
2266 4111 2360 4164 καὶ
2410 4109 2644 4172 διδόντος
2703 4109 2816 4170 τοῖς
2860 4107 3145 4177 ἀγαπῶσιν
3183 4107 3346 4160 αὐτὸν
3380 4126 3398 4158 ι
3437 4109 3627 4160 πατεῖν

2045 4204 2230 4258 ὲπάνω
2249 4202 2423 4272 ὄφεων
2485 4200 2578 4254 καὶ
2612 4197 2910 4269 σκορπίων,
2937 4198 3030 4251 καὶ
3071 4198 3166 4252 ἐπὶ
3200 4200 3380 4252 πᾶσαν
3408 4200 3506 4268 τὴν
3534 4197 3627 4251 δύ-

2047 4313 2212 4366 ναμιν
2249 4293 2343 4347 τοῦ
2372 4291 2587 4363 ἐχθροῦ.
2628 4310 2646 4342 ι
2687 4286 2760 4344 Εῦ
2793 4289 2849 4342 δὲ
2903 4289 2967 4359 δὴ
3026 4289 3228 4360 σφόδρα
3278 4289 3375 4358 τὴν
3429 4289 3627 4360 ἀπειθῆ

364 4383 716 4454 comparavit,
778 4381 877 4446 illi,
931 4381 1178 4450 inquam,
1229 4395 1349 4450 qua:
1391 4379 1536 4436 dicta
1599 4391 1682 4436 est
1726 4381 1944 4453 Absque

2053 4387 2148 4439 καὶ
2178 4383 2407 4454 ὲξήνιον,
2439 4383 2533 4435 καὶ
2578 4379 2924 4450 κυριοκτόνον
2971 4379 3078 4432 τῶν
3123 4379 3392 4433 Ἰουδαίων
3418 4379 3627 4449 πληθὺν
3704 4403 3708 4405 ·

365 4475 759 4531 misericordia.
804 4472 1060 4527 Indicium
1093 4471 1238 4526 enim
1297 4470 1682 4528 imbecillitatis
1704 4482 1787 4529 est
1819 4491 1941 4531 mu-

367 4565 488 4627 lier,
521 4571 575 4617 et
609 4562 774 4616 animi
808 4560 952 4615 haud
1001 4560 1175 4614 virilis
1227 4571 1389 4630 atque
1439 4559 1596 4615 fracti
1639 4563 1940 4632 symbolum

369 4655 652 4724 aptissime
679 4651 900 4721 intelligi
923 4661 1107 4721 queat.
1140 4649 1299 4706 Tales
1324 4661 1450 4707 sunt
1485 4667 1698 4721 omnes,
1738 4656 1829 4724 qui
1862 4657 1945 4711 in-

365 4744 698 4801 stitutionem
729 4756 825 4812 per
839 4741 1112 4796 Christum
1134 4758 1239 4796 non
1275 4755 1650 4814 susceperunt,
1674 4747 1839 4800 necin
1858 4748 1941 4802 di-

367 4834 508 4888 vinis
543 4842 602 4886 ετ
627 4831 833 4886 sanctis
857 4831 1122 4886 mandatis
1150 4831 1265 4900 ejus
1303 4833 1509 4903 ingredi
1549 4835 1940 4892 sustinuerunt.

369 4925 730 4992 Quamobrem
765 4921 933 4978 Oseas
991 4923 1252 4993 propheta
1294 4923 1506 4992 inquit:
1544 4943 1563 4976 ι
1595 4928 1940 4995 Convertere,

365 5013 551 5077 Israel,
574 5014 640 5068 ad
664 5013 948 5067 Dominum
973 5010 1134 5065 Deum
1163 5021 1334 5077 tuum,
1356 5015 1480 5083 quia
1504 5000 1772 5070 inﬁrmata
1795 5032 1854 5072 es
1887 5019 1940 5072 in

367 5105 745 5176 iniquitatibus
765 5103 874 5158 tuis
894 5101 963 5160 ⁸⁵.
995 5122 1016 5157 ι
1037 5103 1104 5158 ΕΙ.
1122 5105 1315 5158 iterum
1363 5106 1433 5159 de
1461 5108 1726 5162 mandatis
1752 5108 1943 5163 Salva-

368 5197 500 5250 toris
532 5196 672 5252 idem
700 5211 716 5250 :
745 5211 764 5246 ι
784 5193 921 5262 Quia
955 5204 1116 5248 recta:
1134 5194 1231 5247 vim
1259 5194 1489 5259 Domini,
1512 5204 1566 5251 et
1593 5198 1724 5266 justi
1758 5199 1944 5255 ambu-

367 5286 554 5340 labunt
587 5287 639 5340 in
663 5286 782 5351 eis;
810 5285 959 5356 impii
985 5295 1163 5342 autem
1203 5283 1687 5342 inﬁrmabunturin
1723 5290 1803 5345 eis
1818 5291 1886 5345 ⁸⁸.
1919 5310 1938 5344 ι

368 5379 512 5432 Idem
557 5378 754 5433 alicubi
786 5380 854 5432 de
895 5377 962 5433 iis
993 5377 1414 5446 quiocciderunt
1449 5375 1690 5444 Jezrael,
1744 5382 1796 5436 id
1835 5393 1940 5452 est,

367 5467 666 5536 Christum,
707 5488 726 5522 ι
751 5469 818 5523 Et
836 5467 1210 5524 hutniliabitur
1234 5467 1485 5539 superbia
1524 5468 1690 5528 Israel
1724 5474 1777 5529 in
1805 5473 1943 5533 faeie

442 5663 488 5694 ⁷⁸
515 5660 627 5716 lV.‘
649 5661 923 5734 Reg.irxu_x,
948 5663 1038 5716 '55.

1133 5661 1179 5734 "_’
1222 5659 1364 5734 Psal.
1395 5679 1468 5724 1x,
1505 5663 1538 5717 8
1571 5707 1585 5728 ,
1629 5664 1681 5720 9.
1759 5668 1804 5699 ⁸ο
1843 5667 1944 5722 Thr

2083 5684 2153 5730 tv.
2181 5669 2266 5722 10.
2343 5668 2384 5698 ⁸¹
2419 5666 2517 5723 lsa.
2559 5681 2674 5734 vm,
2706 5669 2789 5723 18.
2868 5666 2913 5698 ⁸²
2950 5665 2987 5721 Il
3033 5665 3159 5721 Cor.
3190 5681 3242 5732 κ,
3273 5665 3327 5720 4.

2048 4472 2268 4541 γυναικὶ
2303 4470 2646 4542 παρεικάζει,
2679 4471 2822 4541 φημὶ
2848 4469 2911 4540 δὴ
2937 4472 3005 4541 τῇ
3058 4469 3158 4523 οὐκ
3204 4469 3498 4542 ἠλεημένῃ.
3524 4470 3630 4538 Ση-

2054 4565 2203 4634 μεῖον
2237 4563 2335 4634 μὲν
2361 4562 2470 4634 γὰρ
2495 4563 2528 4633 ἡ
2549 4561 2688 4632 γυνὴ
2719 4560 2812 4614 καὶ
2838 4561 3186 4632 φρονήματος
3207 4561 3492 4630 ἀνάνδρου,
3533 4560 3629 4613 καὶ

2051 4657 2426 4726 κεκλασμένου
2479 4654 2648 4719 τύπος
2706 4655 2772 4708 ἂν
2822 4657 2994 4708 νοοῖτο
3019 4695 3034 4717 ,
3093 4653 3185 4707 καὶ
3223 4653 3366 4723 μάλα
3417 4653 3618 4723 σαφῶς.

2049 4749 2254 4803 Τοιοίδε
2279 4748 2337 4802 δὲ
2365 4747 2585 4810 πάντες,
2617 4748 2732 4800 ὅσοι
2755 4744 2852 4816 τὴν
2888 4744 2976 4798 διὰ
3020 4743 3255 4815 Χριστοῦ
3286 4743 3361 4812 μὴ
3395 4741 3626 4812 παρεδέο

2051 4842 2207 4907 ξαντο
2240 4841 2549 4906 παίδευσιν,
2605 4839 2744 4910 μήτε
2789 4837 2893 4909 μὴν
2921 4837 3206 4906 ἠνέσχοντο
3236 4835 3463 4888 κατόπιν
3490 4834 3624 4887 ἰέναι

2047 4930 2156 4984 τῶν
2182 4930 2341 4984 θείων
2365 4928 2530 4982 αὑτοῦ
2599 4928 2692 4981 καὶ
2714 4927 2884 4993 ἁγίων
2914 4924 3321 4994 θεσπισμάτων.
3359 4923 3468 4976 Καὶ
3496 4921 3626 4991 γοῦν

2049 5025 2077 5077 6
2116 5025 2400 5093 προφήτης
2443 5020 2625 5089 Ὠσηὲ,
2666 5037 2683 5069 ι
2724 5014 3356 5086 Ἐπιστράφηθι,ηφησὶν,
3389 5013 3624 5085 Ἰσραὴλ,

2051 5112 2188 5182 πρὸς
2221 5110 2426 5180 Κύριον
2462 5111 2552 5162 τὸν
2585 5108 2718 5160 Θεόν
2748 5123 2840 5158 σου
2863 5144 2878 5170 ,
2903 5105 3037 5158 διότι
3085 5104 3390 5174 ἠσθένησας
3425 5105 3482 5156 έν
3510 5107 3629 5167 ταῖς

2050 5203 2286 5266 ἀδικίαις
2318 5219 2434 5256 σου.
2471 5221 2489 5254 ι
2522 5200 2632 5254 Καὶ
2663 5199 2826 5253 πάλιν
2853 5196 2981 5267 περὶ
2997 5194 3105 5249 τῶν
3123 5194 3219 5248 τοῦ
3254 5196 3506 5266 Σωτῆρος
3539 5199 3627 5248 ὲνο

2049 5295 2391 5366 ταλμάτωνό
2419 5292 2600 5357 αὐτὸς,
2659 5312 2677 5343 ι
2714 5291 2860 5344 Διότι
2909 5287 3136 5353 εὐθεῖαι,
3187 5287 3373 5358 φησὶν,
3411 5288 3469 5341 αἱ
3517 5286 3629 5341 ὁδοὶ

2049 5387 2143 5440 τοῦ
2167 5386 2397 5457 Κυρίου,
2434 5385 2530 5438 καὶ
2563 5384 2762 5438 δίκαιοι
2815 5379 3171 5453 πορεύσονται
3199 5381 3256 5432 ὲν
3305 5379 3518 5441 αὐταῖς,
3576 5378 3628 5430 οἱ

2048 5479 2105 5533 δὲ
2124 5477 2338 5542 ἀσεϐεῖς
2360 5476 2749 5547 ἀσθενήσουσιν
2769 5474 2825 5528 ἐν
2842 5473 3048 5536 αὑταῖς.
3064 5491 3082 5524 ι
3099 5471 3209 5525 Καὶ
3228 5473 3254 5524 ό
3270 5470 3430 5534 αὐτὸς
3448 5470 3504 5524 δέ
3521 5486 3624 5524 που

3435 5662 3482 5698 ⁸³
3516 5661 3623 5720 Cu-

369 5731 500 5789 loss.
528 5748 587 5797 ll,
621 5734 707 5786 ll).
736 5731 753 5734 ἡ
782 5733 827 5764 δ”
849 5731 979 5788 Luc.
1011 5748 1065 5798 ι,
1106 5732 1190 5785 l9.
1267 5732 1312 5763 ⁸⁵
1342 5735 1480 5790 Osee
1510 5751 1619 5802 Juv,
1653 5737 1706 5792 ‘2.
1783 5740 1828 5770 ⁸⁸
1863 5740 1992 5793 ihid.
2031 5739 2117 5792 lt).
