4046 6376
443 503 513 550 49
1367 497 1919 558 COMMENTARIUS
1954 503 2010 558 IN

2113 502 2299 558 SEAM
2332 503 2560 558 PROPII
2571 503 2778 558 ETAM.
3625 509 3700 566 Ῑὶο

441 606 608 678 φησιν
655 607 815 677 Ὠσηὲ
873 608 1003 680 περὶ
1049 610 1157 664 τῶν
1203 611 1580 670 ἀπεκτονότων
1626 618 1718 672 τὸν
1754 618 2010 692 Ἱεζραὲλ.

2128 619 2265 690 ejus.
2302 620 2368 674 Et
2397 618 2580 681 Israel,
2606 631 2661 676 et
2688 619 2945 690 Ephraim
2975 619 3397 675 inﬁrmabuntur
3427 619 3479 674 in
3503 619 3701 693 iniqui-

439 696 684 753 τουτέστι
720 700 977 771 Χριστόν·
1004 720 1022 753 ι
1060 703 1173 757 Καὶ
1203 709 1730 781 ταπεινωθήσεταιη
1757 709 1914 782 ὕϐρις
1932 713 2026 766 τοῦ

451 790 667 860 Ἰσραὴλ
722 791 800 854 εἰς
870 792 1158 862 πρόσωπον
1215 797 1401 853 αὑτοῦ.
1487 800 1599 854 Καὶ
1665 801 1881 871 Ἰσραὴλ
1936 804 2028 856 καὶ

451 877 693 949 Ἐφραίμ
725 879 1113 952 ἀσϐενήσουσιν
1138 886 1197 938 ὲν
1222 889 1343 951 ταῖς
1358 887 1592 953 ἀδικίαις
1614 890 1846 946 αὐτῶν.»

511 970 620 1022 Καὶ
661 970 1110 1040 ἀπεταλώιτισε
1155 974 1273 1044 τὴν
1323 980 1448 1033 Οὐκ
1493 980 1869 1050 ἠλεημένην.
1915 983 2025 1040 Καὶ

443 1059 786 1117 συνέλαϐεν
817 1064 927 1130 ἔτι,
949 1066 1049 1120 καὶ
1087 1068 1296 1124 ἔτεκεν
1320 1072 1479 1125 υἱόν.
1504 1074 1613 1127 Kal
1640 1069 1793 1138 εἷπε,
1835 1075 2025 1130 Κάλε-

441 1169 559 1206 σον
590 1155 659 1208 τὸ
695 1155 884 1225 ὄνομα
900 1159 1107 1225 αὐτοῦ,
1135 1162 1219 1215 Οὐ
1244 1163 1396 1227 λαός
1423 1181 1562 1232 μου.
1581 1166 1737 1220 Διότι
1758 1167 1928 1236 ὑμεῖς
1953 1171 2026 1223 οὐ

439 1245 590 1312 λαός
609 1265 754 1316 μου,
775 1249 876 1302 καὶ
906 1248 1022 1318 ἐγὼ
1053 1252 1166 1305 οὐκ
1187 1252 1307 1321 εἰμὶ
1341 1254 1528 1322 ὑμῶν.

513 1425 570 1490 (ἶ
570 1430 604 1475 ⁸.
645 1425 900 1480 Τίκτεται
930 1429 1072 1482 κατὰ
1122 1431 1288 1496 πόδας
1323 1433 1419 1487 καὶ
1461 1433 1561 1487 οὐκ
1590 1437 1672 1499 εἰς
1707 1437 1925 1508 μακρὰν
1954 1441 2022 1508 τῇ

443 1513 621 1585 Γόμερ
647 1516 856 1571 παιδίον
872 1519 1080 1590 ἕτερον,
1097 1521 1127 1574 ὃ
1145 1521 1256 1576 δεῖν
1308 1523 1412 1595 ἔφη
1447 1525 1730 1580 καλεῖσθαι
1751 1527 1905 1592 Θεὸς,
1947 1529 2021 1581 Οὐ

442 1604 567 1669 λαός
601 1624 726 1676 μου.
786 1611 898 1663 Καὶ
929 1614 1126 1682 γείτων
1155 1615 1322 1678 εὐθὺς
1355 1618 1421 1686 τῇ
1441 1617 1780 1687 τοιᾷδελύσει
1812 1619 2022 1674 τίθεται

442 1698 604 1751 πάλιν
664 1699 961 1769 πρόφασις.
1019 1705 1210 1776 Ὑμεῖς
1241 1707 1374 1779 γὰρ,
1413 1711 1598 1779 φησὶν,
1633 1712 1692 1764 οὐ
1730 1710 1858 1776 λαός
1893 1729 2018 1782 μου,

444 1789 537 1841 καὶ
567 1789 679 1859 ἐγὼ
709 1793 810 1846 οὐκ
859 1797 976 1864 εἰμὶ
1025 1798 1200 1867 ὑμῶν.
1231 1800 1400 1870 Δῆλον
1439 1801 1484 1854 δ’
1510 1801 1575 1855 ἂν
1601 1802 1687 1874 εἴη
1719 1805 1827 1857 κάκ
1866 1804 2021 1858 τοῦδε

441 1877 645 1942 λοιπὸν,
677 1883 752 1945 ὡς
805 1886 886 1948 εἰς
929 1885 1150 1958 ἔλεγχον
1185 1889 1296 1942 τῶν
1345 1892 1762 1962 ἡμαρτηκότων,
1798 1896 1893 1947 καὶ
1938 1897 2020 1960 είς

2136 711 2334 766 tatibus
2357 712 2471 766 suis
2489 711 2556 764 ⁸⁷.
2581 732 2600 765 ι

2199 994 2362 1050 Vsus.
2435 996 2489 1059 8,
2544 995 2603 1054 9.
2659 995 2730 1050 Et
2785 995 3066 1050 oblectavit
3141 1012 3256 1050 eam
3311 1013 3428 1066 quae
3488 997 3697 1064 Absque

2128 1089 2494 1142 misericordia
2534 1090 2824 1142 dicebatur.
2862 1087 2927 1140 Et
2977 1089 3206 1155 concepit
3262 1089 3452 1150 adhuc,
3494 1099 3542 1140 et
3609 1104 3698 1155 pe-

2125 1181 2260 1244 perit
2277 1180 2465 1248 ﬁlium.
2491 1179 2556 1232 Et
2589 1180 2721 1232 dixit
2749 1201 2761 1229 :
2805 1177 2940 1233 Voca
2973 1194 3157 1231 nomen
3175 1177 3311 1247 ejus,
3334 1179 3454 1232 Non
3477 1177 3699 1246 populus

2126 1286 2290 1324 meus.
2339 1270 2476 1334 Quia
2506 1286 2594 1323 vos
2625 1287 2727 1324 non
2763 1268 2985 1338 populus
3019 1283 3184 1333 meus,
3217 1279 3264 1322 et
3296 1285 3386 1338 ego
3443 1284 3545 1321 non
3585 1284 3700 1322 sum

2125 1371 2309 1414 υεειετ.

2197 1449 2285 1506 Vl.
2349 1451 2600 1506 Nascitur
2655 1450 2855 1504 Gomer
2908 1452 3062 1520 quasi
3108 1451 3369 1520 evcstigio
3469 1465 3567 1505 nec
3626 1451 3699 1505 ita

2126 1540 2292 1596 multo
2325 1553 2448 1611 post
2478 1541 2655 1598 infans
2680 1542 2837 1606 alius,
2867 1538 3026 1612 quem
3105 1541 3248 1598 Deus
3299 1545 3478 1596 vocari
3539 1542 3699 1612 jussit

2123 1629 2241 1685 Non
2288 1631 2518 1701 populus
2581 1645 2751 1685 meus.
2819 1629 2920 1684 Rei
2987 1630 3202 1685 occasio
3257 1644 3378 1684 mox
3435 1628 3698 1684 solutione

2123 1721 2489 1790 hujuscemodi
2515 1723 2828 1792 eXponitur:
2897 1721 3002 1777 Vos
3052 1722 3221 1788 enim,
3246 1723 3437 1792 inquit,
3470 1736 3574 1776 non
3599 1736 3693 1790 po-

2122 1812 2278 1881 pulus
2312 1827 2482 1877 meus,
2500 1821 2554 1867 et
2583 1827 2683 1881 ego
2710 1826 2817 1866 nou
2845 1827 2964 1867 sum
2986 1821 3184 1867 vester.
3240 1810 3504 1867 Constare
3535 1811 3697 1880 igitur

2121 1904 2282 1958 etiam
2321 1903 2450 1958 hinc
2483 1912 2680 1973 potest,
2715 1903 2781 1957 ad
2807 1903 3279 1971 reprehensionem
3326 1910 3695 1971 peccatorum,

441 1971 810 2044 ἐπανόρθωσιν
843 1978 1060 2049 ἀσφαλῆ
1081 1980 1189 2036 τῶν
1215 1989 1573 2056 καταφρονεῖν
1593 1987 1902 2056 ᾑρημένων,
1926 1989 2010 2040 καῖ

2123 2004 2176 2048 et
2214 1995 2280 2049 ad
2304 2003 2508 2049 certam
2540 1995 2932 2050 correctionem
2958 2003 3416 2063 contemptorem,
3484 2007 3696 2046 errore-

440 2063 518 2125 εἰς
554 2064 820 2135 πλάνησιν
858 2070 1300 2125 ἀπονενευκότων
1340 2074 1643 2145 ἐπράττετο
1677 2078 1777 2147 μὲν
1817 2079 2018 2149 ἱστορι-

440 2152 550 2217 κῶς
582 2158 650 2207 τὰ
698 2159 896 2224 τοιάδε,
939 2161 1102 2214 τύποι
1143 2163 1199 2215 δὲ
1239 2160 1380 2234 ἦσαν
1424 2167 1534 2220 τῶν
1588 2159 2016 2239 συμϐησομένων

441 2246 578 2299 κατὰ
602 2252 828 2319 καιροὺς
857 2254 970 2315 τοῖς
998 2253 1057 2318 ἐξ
1086 2255 1324 2326 Ἰσραὴλ,
1359 2259 1881 2330 ὲνανΘρωπήσαντος
1914 2263 2013 2333 ἤδη

439 2335 530 2388 τοῦ
562 2338 922 2406 Μονογενοῦς,
952 2344 1048 2396 καὶ
1076 2344 1166 2397 τὸν
1188 2345 1369 2416 τίμιον
1404 2348 1542 2420 ὑπὲρ
1576 2351 1732 2420 ἡμῶν
1757 2351 2015 2406 ἀνατλάν-

437 2445 527 2493 τος
556 2433 806 2502 σταυρόν.
847 2435 911 2487 Εἰ
963 2435 1021 2488 δὲ
1069 2436 1132 2508 δὴ
1164 2440 1269 2508 χρὴ
1307 2439 1416 2511 πρὸ
1459 2442 1569 2495 τῶν
1627 2446 2014 2514 πνευματικῶν

436 2523 829 2594 ἀφηγήσασθαι
852 2527 918 2580 τὰ
950 2528 1218 2598 ἱστορικὰ,
1246 2532 1446 2602 φαμὲν,
1467 2535 1550 2588 ὃτι
1582 2536 2014 2606 μετοικισθέντος

433 2615 526 2667 τοῦ
564 2617 777 2689 Ἰσραὴλ
813 2623 878 2674 ὲκ
907 2622 1007 2692 τῆς
1039 2624 1377 2695 Σαμαρείας,
1398 2628 1481 2690 είς
1528 2629 1596 2682 τὰ
1621 2630 1744 2701 ὅρια
1786 2634 2013 2703 Περσῶν

437 2708 528 2760 καὶ
586 2709 786 2779 Μήδων
843 2712 948 2765 ὑπό
1003 2730 1064 2766 τε
1124 2715 1216 2768 τοῦ
1260 2716 1695 2794 Θεγλαφαλασὰρ
1747 2725 2014 2794 βασιλέως

446 2798 770 2870 Ἀσσυρίων,
791 2804 886 2856 καὶ
918 2805 1018 2874 μέν
1038 2823 1121 2859 τοι
1148 2808 1539 2884 Σαλμανασὰρ,
1563 2816 1612 2867 oi
1644 2817 2014 2887 περιλειφθέν-

431 2906 524 2954 τες
549 2891 650 2958 ἔτι,
700 2894 796 2946 καὶ
831 2895 942 2948 τῶν
967 2899 1462 2956 κεκινδυνευκότων
1494 2904 1556 2957 τὸ
1589 2905 1862 2976 λείψανον,
1906 2911 2012 2962 ὰπ-

431 2981 658 3039 ὡλισθον
678 2987 958 3052 παντελῶς
975 2991 1070 3044 τοῦ
1105 2994 1198 3046 καὶ
1226 2993 1351 3058 λαὸς
1373 2996 1507 3050 Θεοῦ
1519 2997 1902 3069 ὀνομάζεσθαι,
1921 3001 2010 3054 διὰ

431 3092 511 3130 τοι
541 3077 601 3130 τὺ
645 3079 756 3132 τῶν
803 3081 985 3136 αὐτῶν
1029 3083 1250 3154 ἔχεσθαι
1287 3088 1722 3158 σπουδασμάτων
1756 3093 1835 3155 εἰς
1876 3094 2008 3146 ἀπό-

431 3185 622 3223 στασιν
672 3171 771 3242 τὴν
823 3173 931 3226 ἀπὸ
974 3174 1128 3229 Θεοῦ.
1183 3177 1560 3233 Διαλελοίπασι
1609 3184 1717 3254 γὰρ
1754 3183 2004 3254 οὐδαμῶς

427 3264 550 3326 ταῖς
578 3267 1000 3337 μυσαρωτάταις
1050 3268 1160 3323 τῶν
1210 3270 1477 3340 δαιμόνων
1517 3273 1792 3344 λατρείαις
1839 3293 2006 3346 προσ-

430 3354 695 3424 κείμενοι.

501 3448 648 3520 Πρὸς
681 3449 922 3504 διάνοιαν
949 3451 1008 3506 δὲ
1039 3451 1138 3524 τὴν
1165 3454 1338 3526 ἀληθῆ
1360 3493 1375 3517 ,
1409 3456 1505 3509 καὶ
1547 3456 1642 3512 ἐπὶ
1665 3457 1889 3529 Χριστῷ
1924 3457 2012 3512 λό·

428 3557 524 3608 γον
554 3543 808 3612 συνήσεις
839 3541 1063 3612 ἑτέρως.
1090 3543 1246 3598 Μετὰ
1274 3545 1383 3615 γάρ
1403 3563 1486 3600 τοι
1515 3545 1614 3617 τὴν
1643 3546 1858 3601 ἀνόσιον
1877 3549 2016 3602 ὲκεί-

430 3651 528 3703 νην
561 3633 788 3703 πληθὺν,
823 3634 924 3706 τὴν
956 3635 1180 3699 δικαίως
1225 3637 1327 3690 οὐκ
1375 3639 1689 3709 ὴλεημένην
1727 3643 2015 3711 (κεκυριο-

430 3726 663 3796 κτὸνηκε
697 3726 868 3798 γὰρ),
898 3727 947 3780 οἱ
975 3727 1092 3799 μετ’
1125 3727 1365 3792 ἐκείνους
1388 3729 1676 3800 εὐθὺςυίοὶ
1705 3732 2010 3800 γεγονότες,

432 3815 464 3885 ἢ
487 3817 579 3868 καί⁵
608 3817 761 3882 ὄντες
789 3817 890 3888 ἠδη
910 3821 1010 3890 τῆς
1033 3836 1306 3890 πεπορνευ
1315 3821 1483 3890 μένης
1502 3799 1855 3893 Συναγωγῆς,
1878 3824 2013 3877 ἀπο-

431 3908 787 3964 νεπτὼκασιν
819 3911 1070 3982 ἐναργῶς
1103 3910 1201 3966 τοῦ
1239 3907 1380 3966 εἷναί
1418 3929 1479 3966 τε
1533 3915 1626 3966 καὶ
1653 3914 2012 3985 ὀνομάζεσθαι

432 3999 558 4063 λαὸς
586 4000 743 4054 Θεοῦ.
797 4002 871 4056 Οὐ
904 4003 1012 4073 γὰρ
1043 4003 1187 4058 ἅπαν
1219 4004 1278 4057 τὸ
1311 4004 1422 4059 τῶν
1464 4005 1734 4060 Ἰουδαίων
1777 4007 2014 4062 δεδαπά-

429 4109 559 4162 νηκε
592 4093 795 4164 πλῆθος
825 4096 854 4148 ὁ
881 4095 1168 4166 Ῥωμαίων
1197 4097 1459 4167 πόλεμος’
1494 4098 1631 4152 ἀλλὰ
1656 4098 1881 4170 πλείστη
1911 4099 2012 4169 μὲν

426 4182 524 4251 ὅση
586 4183 678 4235 καὶ
702 4183 940 4255 ἀριθμοῦ
979 4185 1243 4256 κρείττων
1271 4186 1487 4242 διόλωλε
1511 4188 1721 4260 πληθύς
1744 4206 1757 4220 ⁸
1785 4192 1834 4245 οί
1863 4191 1920 4244 δὲ
1952 4190 2018 4256 ἐξ

427 4272 606 4325 αὐτῶν
635 4274 1095 4346 ἁνασεσωσμένοι,
1128 4277 1308 4331 καὶτὸ
1353 4279 1446 4333 τοῦ
1483 4281 1713 4335 θανάτου
1749 4283 2010 4352 φυγόντες

428 4365 592 4430 λίνον,
624 4367 1004 4442 διεσπάρησαν
1041 4372 1120 4434 είς
1161 4371 1342 4426 πάντα
1375 4374 1605 4444 ἄνεμον,
1639 4375 1780 4428 κατὰ
1816 4376 1877 4428 τὺ
1915 4393 2013 4445 γε·

426 4460 767 4530 γραμμένον,
801 4462 896 4515 καὶ
918 4463 977 4514 ὲν
1005 4465 1125 4526 ταῖς
1156 4463 1265 4518 τῶν
1297 4463 1468 4518 ἐθνῶν
1495 4467 2010 4538 κατεσκεδὰσθησαν

426 4550 652 4622 χώραις,
683 4553 865 4606 οὐκέτι
907 4553 1056 4620 λαὸς,
1091 4555 1168 4619 ὡς
1209 4555 1365 4627 ἔφην,
1392 4559 1824 4628 χρηματίζοντες
1849 4560 2004 4615 Θεοῦ.

400 4643 882 4716 ·Μεταπε‹ροίτηκε
921 4645 1028 4717 γὰρ
1056 4647 1136 4710 είς
1182 4647 1310 4712 τοὺς
1353 4649 1413 4716 ἐξ
1443 4649 1614 4705 ἐθνῶν
1645 4653 1679 4720 ὴ
1713 4651 1893 4724 χάρις,
1923 4648 2004 4717 οἷς

421 4734 689 4808 ἀνεμίχθη
721 4737 900 4791 καὶτὸ
929 4738 1280 4811 κατάλειμμα
1310 4741 1404 4795 τοῦ
1438 4743 1676 4816 Ἰσραὴλ,
1699 4745 1998 4813 τουτέστιν,

420 4830 470 4881 oi
503 4829 590 4882 διὰ
623 4830 853 4895 πίστεως
885 4831 987 4902 τῆς
1017 4833 1097 4896 εἰς
1127 4833 1362 4902 Χριστὸν
1401 4835 1863 4907 ἀνασεσωσμένοι.
1895 4839 2002 4891 Πε-

423 4922 749 4976 πιστεύκασι
767 4923 873 4993 γὰρ
889 4924 984 4978 καὶ
1012 4927 1078 4978 ἐκ
1095 4923 1287 4978 τούτου
1310 4926 1412 4980 οὐκ
1432 4927 1602 4996 ὀλίγοι
1627 4928 1716 4981 τὸν
1744 4927 1998 4999 ἀριθμόν.

422 5013 543 5067 Ὅτι
573 5014 629 5066 δὲ
658 5015 1120 5080 ἁπολακτίσαντος
1159 5016 1254 5069 τοῦ
1293 5017 1526 5089 Ἰσραὴλ,
1562 5020 1662 5091 τῆς
1694 5021 1774 5085 είς
1805 5022 2001 5096 αὐτοὺς

418 5104 745 5173 οἰκειότητος
763 5104 1175 5176 ἀποπεφοίτηκε
1201 5105 1296 5158 καὶ
1322 5105 1484 5169 αὐτὸς
1509 5106 1537 5158 ὁ
1557 5107 1664 5161 τῶν
1683 5107 1819 5161 ὅλων
1839 5107 1991 5174 Θεὸς,

417 5195 713 5264 ὑπέφηνεν,
744 5194 914 5249 εἰπὼν
935 5235 958 5260 ,
985 5196 1046 5248 οὐ
1088 5195 1270 5264 μόνον,
1306 5197 1386 5248 ὃτι
1422 5197 1516 5250 καὶ
1560 5197 1748 5267 Ὑμεῖς
1772 5200 1833 5252 οὐ
1866 5199 1995 5262 λαός

419 5302 546 5353 μου,
581 5285 1022 5355 προσεπαγαγὼν
1049 5286 1108 5339 δὲ
1138 5285 1349 5350 τούτοις
1381 5287 1720 5355 ἀναγκαίως,
1741 5289 1832 5353 τὸ,
1885 5290 1996 5342 Καὶ

416 5376 528 5452 ἐγὼ
591 5379 694 5430 οὐκ
736 5378 853 5448 εἰμὶ
893 5378 1066 5448 ὑμῶν.
1117 5377 1254 5430 Ἀλλ’
1287 5379 1444 5449 ὴμῶν
1475 5395 1540 5447 γε
1583 5379 1731 5449 πέρι,
1796 5381 1910 5436 τῶν,
1938 5382 1998 5435 ὲν

415 5467 636 5538 Χριστῷ
655 5468 1108 5538 δεδικαιωμένων,
1128 5469 1222 5521 καὶ
1247 5469 1593 5540 ήγιασμὲνων
1617 5472 1674 5524 ὲν
1693 5471 1994 5543 Πνεύματι,

412 5562 506 5612 καὶ
538 5560 636 5628 τὴν
685 5559 821 5628 πρὸς
855 5560 1018 5613 αὑτὸν
1050 5560 1360 5631 οἰκειότητα
1399 5563 1874 5633 πεπλουτηκότων,
1908 5563 1999 5618 διὰ

415 5649 600 5718 φωνῆς
645 5653 926 5720 προφήτου
962 5650 1120 5720 φησί·
1145 5667 1164 5700 ι
1203 5651 1314 5704 Καὶ
1343 5651 1456 5720 ἐγὼ
1483 5651 1680 5723 ἔσομαι
1707 5654 1890 5718 αὐτοῖς
1917 5656 1996 5719 είς

411 5742 568 5802 Θεὸν,
593 5741 686 5794 καὶ
712 5741 868 5794 αὐτοὶ
893 5741 1105 5796 ἔσονταί
1131 5758 1221 5810 μοι
1251 5744 1331 5806 εἰς
1367 5743 1516 5807 υἱοὺς
1550 5745 1643 5797 καὶ
1668 5744 1992 5817 Θυγατέρας,

483 5917 528 5949 ³⁷
557 5919 712 5975 Osee.
752 5937 848 5987 vn,
887 5923 968 5980 l0.
1046 5923 1092 5956 ⁸⁸
1124 5923 1288 5978 Zach.
1322 5938 1384 5989 ll,
1419 5925 1469 5976 ti.
1553 5924 1596 5955 ⁸⁸
1621 5921 1732 5977 Jcr.
1759 5935 1907 5986 xm,
1940 5923 2001 5976 l-

2119 2099 2225 2154 que
2257 2085 2612 2141 abductorum
2646 2086 2760 2140 haec
2785 2085 3042 2140 historice
3082 2086 3222 2141 facta
3284 2099 3442 2149 esse;
3502 2082 3693 2149 imagi-

2120 2193 2216 2233 nes
2244 2187 2424 2231 autem
2475 2185 2632 2232 erant
2686 2192 2896 2241 eorum,
2947 2191 3065 2245 qua:
3116 2175 3513 2246 Jerosolymitis
3567 2174 3694 2230 olim

2117 2279 2372 2323 eventura
2410 2267 2610 2333 forent,
2643 2267 2933 2339 Uuigeuito
2974 2271 3263 2322 humanam
3302 2275 3552 2321 naturam
3581 2267 3694 2336 jam

2117 2355 2327 2419 induto,
2362 2356 2472 2426 26
2499 2365 2554 2410 et
2583 2357 2831 2426 pretiosa:
2877 2358 3058 2412 crucis
3105 2367 3332 2411 mortem
3393 2370 3491 2425 pro
3541 2356 3695 2410 uobis

2115 2458 2393 2515 perpesso.
2426 2444 2579 2510 Quod
2624 2445 2668 2498 si
2697 2455 2823 2500 ante
2861 2444 3164 2513 spiritualia
3213 2445 3694 2499 commemoranda

2115 2546 2243 2593 sunt
2265 2536 2547 2603 historica,
2580 2536 2830 2601 dicimus,
2861 2535 3059 2591 lsraele
3077 2551 3144 2591 ex
3163 2535 3408 2591 Samaria
3440 2537 3505 2590 ad
3545 2550 3692 2590 ruon-

2116 2638 2197 2683 tes
2218 2628 2501 2683 Persarum
2525 2639 2579 2682 et
2604 2626 2879 2682 Medorum
2908 2642 2937 2680 a
2961 2626 3462 2699 Theglatphalasar,
3483 2634 3537 2680 et
3562 2623 3698 2679 Sal—

2114 2731 2372 2772 manasar
2406 2716 2757 2787 Assyriorum
2785 2713 3006 2784 regibus
3033 2713 3320 2776 translato,
3351 2712 3442 2782 qui
3471 2725 3690 2765 reman-

2113 2818 2318 2870 serant,
2355 2806 2782 2876 alllictorumque
2814 2804 3072 2874 reliquias
3099 2818 3129 2858 a
3166 2803 3407 2867 nomine,
3483 2810 3541 2855 ut
3591 2814 3713 2870 po-~

2113 2902 2271 2971 pulus
2303 2900 2396 2954 Dei
2443 2909 2788 2962 vocarentur,
2831 2898 3054 2951 omnino
3106 2896 3501 2966 degenerasse,
3551 2893 3695 2962 quod

2114 2995 2180 3048 iis
2199 2992 2392 3047 studiis
2415 2999 2596 3047 essent
2622 2989 2813 3051 dediti,
2843 3004 2939 3058 per
2962 3003 3081 3058 qua:
3104 3003 3135 3042 a
3166 2987 3274 3041 Deo
3306 2985 3690 3040 desciscerent.

2111 3083 2438 3153 Neutiquam
2493 3082 2637 3137 enim
2689 3081 2926 3134 maxime
3000 3079 3320 3134 detestaudo
3390 3078 3724 3132 daemonum-

2112 3173 2276 3230 cultui
2320 3173 2584 3227 inhaerere
2609 3172 3039 3226 intermiserunt.

2185 3461 2264 3516 Ad
2295 3475 2475 3514 veram
2513 3468 2694 3514 autem
2727 3457 3017 3520 rationem,
3049 3464 3104 3511 et
3127 3455 3192 3510 ad
3223 3453 3499 3511 Christum
3548 3455 3691 3526 quod

2115 3552 2328 3617 attinet,
2399 3551 2555 3605 aliter
2609 3548 2902 3618 intelliges.
2958 3545 3440 3601 P-ostsceleratam
3494 3546 3691 3616 quippe

2116 3643 2512 3699 multitudinem
2549 3641 2721 3704 illam,
2754 3650 2810 3695 et
2835 3640 3030 3694 merito
3101 3639 3531 3694 misericordiam
3583 3653 3696 3693 non

2115 3743 2486 3798 consecutam,
2514 3732 2638 3801 quia
2670 3732 2959 3786 Dominum
2992 3729 3287 3796 interfecit,
3325 3729 3508 3784 statim
3565 3728 3696 3784 illo-

2115 3844 2233 3883 rum
2263 3826 2356 3881 ﬁlii
2386 3834 2506 3896 post
2535 3839 2650 3887 eos,
2675 3832 2772 3878 aut
2802 3823 2892 3892 qui
2910 3821 3020 3891 jam
3062 3831 3220 3876 erant
3259 3821 3350 3875 ﬁlii
3381 3819 3689 3876 fornicaria:

2115 3918 2432 3989 Synagogtc,
2466 3915 2640 3986 palam
2671 3930 2728 3970 se
2757 3916 2827 3968 ita
2851 3921 3259 3986 gesserunt,,ut
3311 3911 3542 3983 populus
3593 3911 3688 3966 Dei

2113 4026 2214 4066 nec
2251 4019 2453 4073 essent,
2480 4023 2579 4063 nec
2613 4008 3043 4064 nominarentur.
3076 4004 3263 4076 Neque
3293 4005 3435 4059 enim
3468 4004 3688 4058 univer-

2112 4097 2575 4155 sam'Judzeorum
2609 4097 2882 4151 nationem
2912 4095 3114 4150 bellum
3147 4111 3176 4149 a
3249 4092 3505 4148 Romanis
3564 4092 3687 4146 illa-

2116 4201 2224 4245 tum
2293 4189 2632 4259 absumpsit;
2695 4187 2788 4243 sed
2859 4189 3091 4241 maxima
3189 4193 3244 4240 et
3309 4183 3688 4238 innumerabili

2112 4282 2457 4336 multitudine
2485 4279 2680 4355 deleta,
2713 4279 2779 4333 de
2808 4278 2940 4347 ipsis
2966 4275 3194 4342 servati,
3237 4284 3290 4330 ct
3335 4275 3426 4344 qui
3495 4274 3688 4329 mortis

2115 4374 2247 4428 retia
2285 4373 2604 4444 emtgeraut,
2661 4372 2729 4426 ad
2773 4386 2960 4425 omnes
2993 4379 3202 4432 ventos,
3229 4367 3386 4438 juxta
3442 4365 3687 4436 Scriptu-

2113 4483 2251 4532 ram,
2311 4465 2564 4535 dispersi,
2625 4473 2680 4517 et
2719 4477 2816 4531 per
2862 4462 3101 4532 gentium
3143 4461 3390 4530 regiones
3443 4459 3684 4526 dissipati

2111 4567 2238 4612 sunt
2260 4556 2327 4621 ⁸⁸,
2364 4571 2469 4611 non
2495 4554 2745 4624 amplius,
2770 4552 2988 4619 uttdixi,
3017 4550 3245 4622 populus
3280 4549 3372 4623 Dei
3403 4547 3678 4618 appellati.

2111 4648 2386 4704 Transivit
2413 4647 2556 4702 enim
2608 4647 2672 4700 ad
2722 4653 2907 4716 gentes
2955 4643 3151 4714 gratia,
3212 4641 3406 4712 quibus
3433 4638 3674 4709 reliquiae

2111 4740 2574 4810 lsraelpermistae
2601 4747 2748 4802 sunt,
2804 4739 2906 4792 hoc
2972 4743 3076 4801 est,
3129 4734 3222 4804 qui
3271 4747 3369 4802 per
3431 4731 3588 4786 ﬁdem
3631 4732 3683 4784 iu

2109 4832 2383 4888 Christqu
2413 4831 2604 4886 salvati
2628 4838 2771 4884 sunt.
2805 4827 3163 4882 Crediderunt
3213 4825 3357 4878 enim
3410 4823 3573 4876 etiam
3617 4837 3684 4874 ex

2109 4921 2194 4976 his
2229 4935 2334 4975 non
2357 4920 2512 4990 pauci
2545 4934 2794 4974 numero.
2833 4916 3070 4987 Repulsa
3097 4923 3278 4969 autem
3315 4909 3685 4966 fautiliaritate

2107 5011 2222 5080 ejus
2253 5011 2322 5065 ab
2354 5009 2890 5077 lsrael,abscessisse
2913 5007 3170 5064 etiamab
3203 5002 3680 5060 tea-universorum

2099 5105 2290 5170 Deum,
2308 5105 2441 5158 satis
2452 5103 2708 5166 ostendit,
2727 5118 2848 5156 cum
2867 5101 3025 5170 dixit,
3045 5115 3148 5155 non
3170 5098 3364 5160 solum,
3386 5094 3446 5148 Et
3468 5109 3559 5147 vos
3576 5108 3678 5146 non

2100 5197 2325 5267 papulus
2350 5211 2512 5254 meus
2528 5195 2672 5272 {sed
2686 5194 2846 5250 etiam
2864 5209 2985 5248 cum
3017 5189 3280 5259 adjunxit,
3300 5186 3441 5256 quod
3459 5183 3678 5237 ornuiuo

2099 5289 2448 5358 sequebatur,
2483 5289 2546 5341 Et
2571 5303 2671 5355 ego
2703 5303 2806 5342 nou
2835 5301 2955 5340 sum
2988 5293 3188 5339 vester.
3214 5281 3287 5334 De
3317 5276 3472 5332 uobis
3498 5285 3677 5330 autem

2103 5384 2155 5439 in
2194 5385 2408 5440 Christo
2439 5383 2750 5453 justiﬁcatis
2798 5393 2849 5438 et
2897 5383 2950 5437 in
2989 5381 3192 5452 Spiritu
3220 5375 3587 5436 sauctiﬁcatis,
3624 5383 3679 5427 et

2100 5477 2216 5547 ejus
2257 5476 2639 5545 conjunctione
2683 5475 3030 5545 pollentibus,
3058 5485 3157 5542 per
3193 5484 3255 5525 os
3285 5468 3561 5538 propheta:
3591 5466 3676 5519 di-

2101 5565 2213 5621 cit:
2252 5582 2270 5616 t
2305 5566 2371 5620 Et
2389 5581 2489 5635 ego
2527 5581 2620 5620 ero
2658 5565 2764 5620 illis
2795 5565 2847 5617 iu
2881 5563 3071 5628 Deum,
3107 5569 3161 5615 et
3189 5559 3288 5628 ipsi
3322 5566 3484 5614 erunt
3545 5555 3675 5609 mihi

2101 5658 2154 5711 in
2187 5656 2326 5718 ﬁlios
2369 5667 2422 5712 et
2471 5658 2631 5722 ﬁlias,
2678 5657 2807 5710 dicit
2845 5654 3102 5708 Dominus
3155 5651 3500 5720 omnipotens
3546 5646 3613 5700 ".
3649 5663 3671 5700 ι

2100 5749 2176 5804 Ac
2191 5746 2388 5805 Judacis
2409 5749 2622 5818 quidem
2640 5749 2816 5803 aiebat
2830 5746 3096 5811 Christus,
3120 5742 3407 5814 aliquando
3426 5739 3672 5810 quidem;
