4046 6376
395 319 499 417 53‘
1318 354 1868 413 COMMENTARIUS
1907 352 1973 408 IN
2017 351 2245 406 ossam
2287 351 2731 408 PltOPllE'l'ASl.

3590 355 3668 416 54

397 475 688 546 μέλλοντας
726 471 1054 526 ἀκούσεσθαι
1085 472 1276 541 λόγων,
1306 473 1426 526 ὅλον
1465 473 1661 527 εἰδέναι
1703 471 1886 540 σαφῶς
1909 470 1969 524 τὸ

2081 471 2245 538 probe
2290 471 2677 540 perspicueque
2707 486 3056 540 cognoscere,
3095 483 3149 528 et
3189 475 3384 530 divina:
3444 490 3664 536 oecono-

398 567 714 636 μυστήριον,
753 566 848 619 καὶ
874 565 1000 628 τοὺς
1024 566 1122 635 τῆς
1157 565 1308 628 θείας
1332 565 1643 635 οἰκονομίας
1677 564 1752 634 μὴ
1777 562 1977 632 ἀγνοῆ-

397 677 486 713 σαι
518 659 774 729 τρόπους.
829 658 1024 711 Ἔσται
1081 657 1282 720 τοίνυν,
1319 658 1504 729 φησὶν,
1540 660 1597 710 ἐν
1625 657 1704 728 τῷ
1741 657 1890 726 τόπῳ
1915 648 1976 709 οὗ

395 751 598 823 ἐρρέθη
623 751 824 814 αὐτοῖς,
855 751 928 803 Οὐ
960 750 1088 812 λαός
1129 766 1230 820 μου
1266 750 1442 820 ὑμεῖς,
1467 751 1562 803 καὶ
1591 749 1744 802 αὑτοὶ
1771 746 1978 818 κληθή-

397 861 582 898 σονται
611 836 720 895 uici.
756 842 892 896 Θεοῦ
922 842 1144 908 ζῶντος.
1180 843 1273 907 Τὸ,
1301 861 1320 893 ι
1349 843 1408 894 ἐν
1463 841 1543 912 τῷ
1585 841 1758 910 τόπῳ,
1786 859 1804 891 ι
1837 839 1889 891 τί
1910 837 1976 891 ἂν

402 935 640 1006 βούλοιτο
686 935 911 1006 δηλοῦν,
948 936 1081 1009 φέρε
1111 934 1360 1003 λέγωμεν
1401 933 1668 1004 ἀκριϐῶς.
1712 932 1976 1000 Γεγόνασι

401 1029 501 1099 μὲν
533 1028 642 1099 γὰρ
685 1029 736 1080 οί
789 1026 847 1091 ἐξ
894 1027 1112 1098 Ἰσραὴλ
1158 1028 1491 1100 αἰχμάλωτοι
1534 1025 1674 1078 κατὰ
1727 1025 1973 1094 καιροὺς,

397 1117 490 1169 καὶ
541 1117 621 1177 εἰς
685 1115 784 1187 τὴν
836 1117 945 1169 τῶν
993 1117 1295 1188 Ἀσσυρίων
1343 1114 1793 1184 ἀπεκομίσθησαν
1847 1112 1972 1181 γῆν.

411 1205 550 1257 Ἀλλ’
579 1201 718 1275 ἦσαν
748 1209 865 1259 ἐκεῖ
901 1207 1176 1271 κλαίοντες
1235 1209 1329 1260 καὶ
1367 1205 1695 1276 οἰμώζοντες
1724 1205 1852 1276 περὶ
1884 1206 1975 1258 τὸν

396 1296 581 1367 νόμον,
607 1299 703 1351 καὶ
737 1298 894 1352 τοῦτο
920 1301 1053 1370 ἡμῖν
1080 1301 1307 1371 ἐναργὲς
1329 1301 1503 1353 ἐποίει
1539 1300 1712 1368 λέγων
1735 1302 1763 1352 ὁ
1795 1301 1977 1368 μακά·-

398 1405 510 1459 ριος
531 1390 713 1443 Δαϐίδ’
744 1409 761 1440 ι
805 1391 928 1443 Ἐπὶ
949 1391 1040 1444 τὸν
1070 1392 1313 1462 ποταμὸν
1353 1392 1669 1453 Βαϐυλῶνος
1701 1393 1820 1444 ἐκεῖ
1847 1395 1976 1444 ἐκα-

394 1479 644 1548 θίσαμεν,
669 1482 764 1534 καὶ
797 1480 1138 1552 ἐκλαύσαμεν
1169 1485 1224 1535 ἐν
1258 1481 1335 1553 τῷ
1368 1483 1670 1553 μνησθῆναι
1695 1485 1842 1553 ἡμᾶς
1857 1485 1974 1554 *τὴν

395 1569 553 1624 Σιών.
588 1591 606 1623 ι
641 1572 786 1643 Ἔφη
818 1571 875 1624 δὲ
908 1573 1070 1626 πάλιν
1097 1591 1140 1623 ⁸(
1169 1571 1295 1636 Πῶς
1319 1573 1541 1644 ᾄσωμεν
1563 1573 1660 1642 τὴν
1689 1574 1832 1644 ᾠδὴν
1861 1575 1974 1626 Κυ-

399 1665 511 1736 ρίου
543 1664 637 1716 ἐπὶ
663 1667 767 1734 γῆς
800 1665 1118 1735 ἁλλιγιρίας;
1151 1684 1169 1716 ι
1211 1665 1351 1718 Ἀλλ’
1398 1667 1865 1736 ὑπονοστήσαντες
1894 1667 1974 1730 είς

404 1757 776 1829 Ἱεροσόλυμα,
801 1757 934 1810 Θεοῦ
962 1759 1446 1829 κατοικτείροντος,
1471 1759 1621 1813 οὐδὲν
1641 1755 1803 1830 ἦττον
1830 1755 1973 1830 ἦσάν

2080 561 2200 616 mite
2269 562 2454 615 modos
2531 579 2634 617 non
2697 565 2964 634 ignorare.
3029 565 3147 618 Erit
3222 567 3402 637 igitur,
3466 570 3660 639 inquit,

2079 654 2130 706 in
2173 651 2311 718 loco,
2353 654 2442 706 ubi
2478 654 2677 709 dictum
2726 665 2810 711 est
2855 657 2988 723 illis,
3043 657 3158 711 Non
3209 661 3440 729 populus
3507 678 3661 720 meus

2078 757 2194 804 vos.
2227 754 2287 821 et
2329 744 2429 812 ipsi
2469 746 2807 801 vocabuntur
2857 747 2951 801 filii
3018 748 3112 802 Dei
3168 750 3417 806 viventis.
3497 753 3654 821 Illud,

2083 852 2101 885 ι
2150 833 2203 888 in
2238 819 2378 898 loco,
2425 854 2444 886 ι
2480 837 2606 905 quid
2636 837 2737 892 sibi
2783 840 2930 905 velit,
2950 855 3049 908 age
3089 842 3457 899 cnucleemus.
3525 845 3661 900 Fue-

2079 935 2203 978 runt
2235 927 2378 980 enim
2409 926 2664 983 Israelitze
2709 930 3000 1000 aliquando
3038 935 3239 1002 captivi
3299 934 3450 1000 facti,
3503 948 3560 992 et
3604 939 3658 994 in

2075 1015 2351 1086 Assyriam
2415 1019 2684 1085 translati,
2721 1022 2812 1076 ubi
2863 1022 3063 1078 flebant
3112 1033 3164 1080 et
3218 1027 3661 1084 lamentabantur

2078 1105 2130 1158 in
2168 1108 2355 1176 pratis,
2389 1109 2441 1162 id
2467 1111 2608 1179 quod
2643 1112 2796 1168 nobis
2846 1115 3132 1172 manifeste
3192 1118 3397 1173 indicat
3468 1119 3659 1194 beatus

2081 1199 2300 1252 David:
2371 1218 2389 1251 ι
2429 1200 2602 1270 Super
2645 1201 2842 1258 ﬂumen
2896 1205 3186 1276 Babylonis
3257 1211 3366 1265 illic
3423 1213 3661 1270 sedimus

2076 1302 2129 1343 et
2161 1291 2430 1358 ﬂevimus,
2487 1295 2613 1346 dum
2661 1298 3076 1352 recordaremur
3112 1301 3210 1363 tui,
3255 1299 3386 1356 Sion
3421 1304 3490 1356 ³⁷.
3537 1323 3556 1355 ι
3592 1304 3662 1358 Et

2077 1380 2270 1433 iterum
2301 1401 2314 1436 :
2353 1403 2371 1433 ι
2402 1383 2682 1449 Quomodo
2732 1388 3071 1444 cantabimus
3109 1393 3377 1448 canticum
3449 1395 3656 1451 Domini

2077 1471 2129 1522 iu
2164 1481 2303 1524 terra
2343 1472 2518 1525 aliena
2551 1473 2636 1526 9°?
2669 1495 2687 1526 ι
2733 1475 2923 1530 Verum
2961 1480 3067 1534 Deo
3096 1484 3390 1537 miserante
3435 1484 3656 1540 Jeroso-

2076 1559 2273 1631 lymam
2310 1565 2535 1631 reversi,
2569 1581 2719 1635 mque
2763 1578 2818 1621 ut
2849 1570 2974 1624 olim
3006 1583 3164 1626 erant
3223 1584 3278 1628 et
3330 1580 3658 1634 \ocabautur

2075 1653 2301 1721 p0pulus
2348 1655 2463 1719 Dei,
2493 1657 2543 1709 in
2575 1658 2828 1713 continua
2857 1660 3116 1719 felicitate
3155 1665 3430 1732 vivebant,
3490 1669 3656 1724 libere

2077 1742 2244 1798 Deum
2289 1746 2548 1813 colentes,
2595 1749 2941 1821 legitimaque
2995 1756 3260 1811 sacrificia
3310 1771 3654 1830 peragenzes.

391 1865 451 1901 τε
500 1849 595 1903 καὶ
633 1849 976 1919 ὠνομάζοντο
1017 1850 1143 1913 λαὸς
1168 1850 1326 1915 Θεοῦ,
1356 1854 1450 1904 καὶ
1490 1853 1757 1905 διετέλουν
1807 1853 1865 1905 ἐν
1890 1853 1969 1904 εὑ-

2083 1834 2200 1891 Νοη
2253 1839 2395 1893 enim
2427 1839 2553 1894 alibi
2590 1843 2818 1908 uspiam,
2881 1856 3240 1916 praeterquam
3307 1848 3656 1923 Jerosolymis

392 1955 424 2008 η
435 1939 649 2009 μερίαις
672 1939 1027 2008 λατρεύοντες
1062 1940 1384 2011 ἐλευθέρως,
1405 1943 1499 1995 καὶ
1520 1943 1619 2004 τὰς
1645 1942 1786 1995 κατὰ
1813 1941 1975 2012 νόμον

389 2028 670 2094 τελοῦντες
703 2030 914 2093 θυσίας.
967 2031 1041 2083 Οὑ
1073 2031 1183 2102 γὰρ
1216 2030 1348 2102 ἐξῆν
1386 2033 1520 2097 ὅλως
1567 2034 1786 2104 ἐτέροσε
1837 2034 1975 2088 ἁπο-

391 2121 633 2192 πληροῦν
665 2123 733 2175 τὰ
766 2123 1118 2194 διωρισμένα,
1154 2123 1268 2177 ἀλλ’
1303 2126 1360 2180 ἐν
1393 2127 1575 2196 μόνοις
1602 2131 1714 2190 τοῖς
1751 2127 1976 2199 Ἱεροσο-

390 2211 604 2284 λύμοις,
629 2217 724 2269 καὶ
745 2216 804 2267 ἐν
829 2215 910 2287 τῷ
945 2215 1080 2286 ναῷ,
1112 2217 1299 2286 σαφῶς
1322 2219 1415 2272 τοῦ
1441 2219 1526 2272 διὰ
1558 2220 1804 2283 Μωσέως
1829 2237 1974 2290 παρ-

389 2308 927 2379 εγγυῶντοςινόμου·
967 2331 984 2362 ι
1019 2311 1260 2382 Πρόσεχε
1311 2312 1542 2381 σεαυτῷ,
1576 2312 1651 2383 μὴ
1680 2313 1974 2385 ἀνενέγκῃς

386 2399 458 2452 τὰ
501 2401 934 2472 ὁλοκαυτώματὰ
958 2422 1075 2468 σου,
1109 2404 1286 2476 ἀλλ’ἢ
1337 2406 1417 2466 εἰς
1458 2403 1550 2456 τὸν
1583 2404 1769 2466 τόπον,
1807 2403 1865 2456 ὃν
1906 2403 1973 2456 ἂν

389 2490 678 2560 ἐκλέξηται
721 2493 926 2563 Κύριος
973 2497 1002 2550 ὁ
1031 2495 1162 2559 Θεός
1208 2512 1325 2557 σου,
1373 2495 1492 2548 ἐκεῖ
1523 2495 1880 2565 ἐπικληθῆναι
1911 2495 1974 2549 τὸ

387 2581 565 2651 ὄνομα
581 2583 769 2646 αὑτοῦ,
787 2587 904 2638 ἐκεῖ
932 2585 1101 2649 οἴσεις
1121 2586 1189 2639 τὰ
1210 2583 1633 2656 ὁλοκαυτώματά
1656 2602 1768 2638 σου.
1783 2605 1802 2637 ›
1835 2587 1973 2639 Οὑκ-

393 2673 490 2726 οῦν
541 2675 979 2746 ὑποστρέφοντες
1009 2679 1150 2733 κατὰ
1185 2678 1413 2748 καιροὺς
1439 2680 1496 2732 ἐν
1523 2682 1636 2742 τοῖς
1675 2679 1971 2750 Ἰεροσολύ-

390 2777 534 2831 μοις,
567 2764 662 2816 καὶ
697 2765 796 2835 τὴν
826 2765 936 2818 τῶν
964 2766 1277 2835 ἀλλοφύλων
1313 2767 1814 2837 καταλιμπάνοντες
1843 2768 1966 2839 γῆν,

388 2848 550 2902 πάλιν
577 2851 848 2923 ἐπλήρουν
888 2853 960 2907 τὰ
995 2855 1358 2926 νενομισμένα
1397 2855 1486 2908 διὰ
1519 2857 1782 2922 Μωσέως,
1813 2860 1969 2939 ἐχρη-

388 2940 617 3010 μάτιςόν
642 2961 701 2995 τε
731 2943 858 3007 λαὸς
880 2945 1037 3001 Θεοῦ.
1071 2947 1230 3001 Μετὰ
1255 2947 1314 3000 δέ
1352 2964 1415 3018 γε
1453 2948 1545 3000 τὸν
1573 2948 1666 3001 τοῦ
1713 2949 1968 3020 Σωτῆρος

389 3031 642 3102 σταυρὸν,
669 3035 765 3087 καὶ
788 3036 886 3106 τήν
915 3037 1214 3108 γενομένην
1239 3040 1422 3102 αὐτοῖς
1445 3038 1757 3110 πολιορκίαν
1785 3057 1846 3092 τε
1872 3041 1966 3094 καὶ

2079 1931 2208 1984 etin
2241 1933 2441 2001 templo
2501 1936 2793 1988 constituta
2830 1946 3088 2004 praestare
3131 1940 3352 2011 licebat,
3399 1945 3516 2016 lege
3563 1963 3659 2016 per

2077 2020 2293 2092 Moysen
2339 2023 2514 2094 planis
2577 2026 2756 2081 verbis
2806 2028 3098 2086 hortante:
3145 2051 3164 2085 ι
3225 2034 3457 2092 Attende
3534 2040 3654 2102 tibi,

2077 2128 2146 2167 ne
2183 2113 2380 2169 oll‘eras
2443 2109 2881 2173 holocautoniata
2913 2130 3024 2189 tua,
3086 2123 3190 2180 nisi
3221 2125 3279 2180 in
3322 2127 3441 2183 loco
3492 2145 3653 2200 quem

2074 2206 2298 2275 elegerit
2334 2207 2590 2263 Dominus
2625 2208 2764 2264 Deus
2799 2218 2939 2278 tuus,
3001 2220 3060 2268 ut
3108 2215 3182 2270 ibi
3223 2217 3506 2288 invocetur
3557 2237 3654 2274 no-

2076 2313 2196 2352 men
2223 2299 2358 2366 ejus.
2407 2301 2482 2354 Eo
2510 2301 2761 2357 conferes
2791 2305 3111 2362 holocausta
3180 2317 3269 2363 tua
3322 2310 3390 2364 ’⁸.
3424 2329 3444 2362 ι
3497 2310 3654 2367 Unde

2073 2398 2314 2459 tempore
2352 2407 2471 2458 suo,
2511 2394 2935 2465 alienigenarum
2973 2401 3195 2469 regione
3244 2401 3457 2467 relicta,
3487 2402 3652 2459 Jero~

2072 2483 2334 2552 solymam
2366 2487 2591 2556 reversi,
2623 2504 2811 2546 rursus
2851 2506 2949 2560 per
2983 2491 3202 2564 Moysen
3229 2499 3438 2552 sancita
3493 2497 3652 2553 facti-

2073 2575 2277 2639 tabant,
2307 2586 2360 2630 et
2390 2580 2617 2646 populus
2663 2581 2754 2633 Dei
2812 2583 3167 2639 vocabantur.
3232 2586 3360 2642 l’ost
3428 2604 3647 2645 crucem

2070 2676 2249 2720 autem
2281 2667 2580 2727 Salvatoris
2613 2675 2806 2738 nostri,
2837 2674 3282 2747 obsidionemque
3311 2688 3366 2733 ct
3411 2681 3651 2737 eversio-

2071 2770 2214 2822 nem,
2245 2774 2341 2828 per
2363 2761 2602 2827 gentium
2637 2765 2796 2818 urbes
2843 2775 3007 2832 alque
3031 2769 3338 2835 provincias
3377 2757 3504 2825 tofis
3523 2786 3653 2826 cum

2071 2849 2289 2906 familiis
2315 2852 2544 2922 dispersi
2597 2865 2742 2910 sunt.
2776 2857 3056 2923 Quomodo
3121 2858 3286 2929 igitur
3333 2871 3494 2916 erunt
3546 2864 3650 2918 ali-
3691 2914 3693 2917 .

2067 2943 2279 3010 quando
2303 2945 2531 3013 populus
2577 2947 2710 3003 Dei?
2762 2947 2899 3003 Num
2926 2948 3317 3019 Jerosolymam
3351 2951 3530 3010 denuo
3561 2973 3651 3013 re-

2066 3035 2231 3100 versi,
2262 3037 2398 3090 etin
2437 3041 2635 3110 templo
2691 3051 3050 3120 congregati?
3107 3068 3175 3108 an
3239 3061 3520 3110 versantes
3592 3049 3649 3104 in

387 3121 677 3191 πόρθησιν,
704 3128 762 3178 ἐν
793 3129 916 3190 ταῖς
947 3127 1054 3180 τῶν
1081 3128 1255 3182 ἐθνῶν
1284 3129 1470 3182 πόλεσί
1505 3147 1563 3183 τε
1624 3133 1721 3184 καὶ
1756 3129 1964 3201 χώραις

2073 3125 2180 3180 illis
2229 3127 2391 3194 locis,
2422 3131 2473 3185 in
2501 3147 2622 3202 quae
2661 3135 2856 3207 singuli
2917 3141 3146 3211 dispersi
3196 3145 3449 3202 fuerint?
3511 3147 3650 3214 Quid

385 3213 612 3264 πανοικὶ
645 3214 1042 3287 διεσπάρησαν.
1088 3220 1213 3282 Πῶς
1240 3215 1332 3274 οὖν
1360 3219 1574 3274 ἔσονται
1604 3222 1745 3274 κατὰ
1779 3223 1968 3294 καιρὸν

384 3302 469 3364 εἰς
495 3301 622 3356 λαὸν
650 3303 785 3356 Θεοῦ
810 3322 825 3368 ;
855 3302 1004 3378 ⁴τΑρα
1046 3308 1110 3378 δὴ
1147 3308 1312 3363 πάλιν
1350 3311 1406 3363 ἐν
1435 3313 1546 3374 τοῖς
1578 3311 1972 3383 Ἰεροσολύμοις

387 3393 884 3465 ὑπονοστήσαντες,
959 3400 1055 3452 καὶ
1117 3401 1176 3453 ἐν
1237 3400 1316 3472 τῷ
1373 3401 1486 3472 ναῷ
1531 3404 1970 3476 συνηγερμένοι;

385 3486 557 3554 ἤγουν
588 3489 648 3539 ὲν
674 3488 906 3566 ἐκείνοις
929 3490 1083 3554 ὄντες
1105 3494 1222 3555 τοῖς.
1244 3492 1450 3557 τόποις,
1483 3493 1724 3566 ἔνθαπερ
1761 3491 1872 3549 εἷεν
1904 3497 1972 3552 ἂν

385 3574 609 3630 ἕκαστοι
653 3565 1192 3652 κατεσκευασμένοι;
1249 3582 1314 3635 Τί
1372 3601 1537 3654 φησιν
1577 3586 1605 3637 ὁ
1651 3565 1970 3658 προφήτης;

401 3667 492 3720 Ἐν
524 3668 601 3739 τῷ
631 3669 802 3741 τόπῳ,
823 3665 884 3724 οὗ
918 3672 1120 3743 ἐρρέθη
1156 3675 1340 3737 αὐτοῖς
1363 3676 1482 3739 ,οὑ
1509 3675 1635 3739 λαός
1666 3695 1769 3748 μου
1791 3679 1970 3749 ὑμεῖς,

386 3759 483 3811 καὶ
528 3761 683 3814 αὐτοὶ
715 3762 1084 3835 κληθήσονται
1133 3766 1241 3818 υἱοὶ
1279 3765 1414 3820 Θεοῦ
1467 3767 1690 3832 ζῶντος.
1739 3769 1969 3823 Ἀπώλι-

385 3849 516 3904 σθον
571 3852 670 3922 μὲν
728 3854 836 3926 γὰρ
873 3855 968 3909 τοῦ
1018 3852 1158 3911 εἶναι
1217 3857 1344 3922 λαὸς
1381 3859 1538 3923 Θεοῦ,
1592 3863 1686 3914 καὶ
1740 3862 1798 3914 ἐν
1853 3865 1973 3924 ταῖς

384 3938 495 3991 τῶν
538 3940 706 3994 ἐθνῶν
753 3941 1125 4016 διεσπάρησαν
1185 3945 1428 4017 χώραις,
1472 3947 1500 4000 ὃ
1541 3949 1636 4002 καὶ
1677 3951 1757 4012 είς
1815 3949 1973 4024 δεῦρο

386 4030 692 4101 σωζόμενον
749 4034 964 4087 κατίδοι.
995 4054 1081 4100 τις
1129 4037 1217 4092 ἄν.
1282 4037 1420 4090 Ἀλλ’
1459 4039 1517 4090 ἐν
1573 4039 1824 4110 ἐσχάτοις
1875 4040 1969 4095 τοῦ

382 4123 578 4187 αἰῶνος
611 4129 842 4200 καιροῖς,
877 4145 894 4178 t
924 4128 1054 4181 ὅταν
1109 4129 1171 4182 τὸ
1223 4129 1495 4202 πλήρωμα
1527 4131 1633 4186 τῶν
1665 4131 1833 4185 ἐθνῶν
1862 4134 1974 4186 εἰσ-

385 4216 539 4289 έλθῃ,
565 4237 582 4268 ι
609 4218 733 4271 τότε
761 4221 856 4272 καὶ
878 4220 1040 4286 αὐτὸς
1061 4223 1088 4274 ὁ
1111 4222 1418 4294 ἀπόϐλητος
1449 4223 1666 4294 Ἰσραὴλ
1715 4226 1796 4288 είς
1822 4227 1971 4290 υἱοὺς

383 4309 860 4382 παραδεχθήσεται
892 4312 1061 4378 Θεοῦ,
1106 4315 1283 4368 καίτοι
1321 4315 1614 4386 διατρίϐων
1658 4319 1716 4370 ἐν
1763 4318 1968 4384 τόποις,

381 4398 618 4472 ἔνθαπερ
643 4404 712 4455 ἂν
743 4397 852 4456 εἷεν
876 4405 969 4457 καὶ
991 4405 1328 4474 εὑρίσκοιντο
1353 4406 1533 4477 τυχόν.
1562 4407 1635 4460 Τὸ
1659 4406 1767 4479 γὰρ
1801 4409 1969 4476 ἀναγ-

2072 3217 2149 3269 ait
2187 3221 2486 3288 propheta?
2545 3223 2603 3277 In
2638 3224 2776 3291 loco,
2845 3230 2933 3284 ubi
2979 3233 3181 3288 dictum
3210 3245 3294 3291 est
3347 3237 3474 3300 illis,
3531 3239 3649 3294 Non

2071 3308 2300 3379 papulus
2331 3327 2493 3367 meus.
2516 3329 2634 3378 vos,
2682 3327 2736 3370 et
2767 3318 2874 3386 ipsi
2906 3324 3240 3380 vocabuntur
3278 3327 3371 3381 lilii
3418 3328 3510 3382 Dei
3566 3333 3650 3384 vi-

2071 3399 2264 3453 ventis.
2341 3399 2664 3457 Deciderunt
2716 3407 2860 3459 enim
2892 3409 2956 3462 de
2986 3412 3178 3480 gradu,
3203 3414 3264 3470 .iu
3327 3431 3437 3485 quo
3492 3431 3651 3472 erant

2071 3491 2298 3560 pupulus
2341 3492 2454 3560 Dei,
2504 3505 2689 3564 et-per
2739 3502 2980 3567 gentium
3014 3513 3186 3558 terras
3217 3507 3448 3576 dispersi
3502 3521 3650 3574 smn,

2072 3583 2214 3648 quod
2259 3583 2536 3654 hucusque
2573 3599 2844 3643 servatum
2899 3592 3252 3649 animadverti
3280 3608 3494 3666 potest..
3535 3600 3652 3655 Ca:-

2074 3681 2253 3729 terum
2325 3679 2586 3732 extremis
2657 3679 2841 3736 saeculi
2920 3687 3271 3754 temporibus,
3327 3707 3347 3741 ι
3434 3693 3648 3762 quando

2071 3763 2345 3834 plenitudo
2387 3769 2628 3836 gentium
2656 3771 2936 3827 intraverit
2986 3776 3025 3838 ι,
3064 3795 3090 3828 ›-
3142 3788 3269 3834 tunc
3345 3796 3478 3837 sane
3523 3793 3649 3840 tunc

2070 3860 2128 3906 et
2169 3853 2280 3923 ipse
2314 3855 2560 3925 abiectus
2586 3859 2764 3914 Israel.
2823 3859 2880 3914 in
2937 3861 3076 3920 filios
3135 3867 3230 3922 Dei
3285 3872 3645 3940 cooptabitur,

2070 3960 2379 4016 quanquam
2413 3953 2754 4009 commorans
2785 3954 2837 4011 in
2906 3954 3037 4011 locis
3078 3958 3165 4013 ubi
3213 3961 3409 4017 vixerit
3460 3974 3517 4019 et
3565 3967 3650 4019 in-

2071 4049 2261 4093 ventus
2293 4039 2433 4096 forte
2462 4041 2642 4098 fuerit.
2663 4045 2805 4102 Nihil
2835 4048 2977 4103 enim
2997 4061 3151 4119 coget
3171 4054 3462 4110 ascendere
3491 4055 3648 4111 ,ἰοβο-

2071 4129 2356 4201 solymam.
2423 4142 2478 4188 et
2533 4135 2801 4206 lapideum
2858 4141 3036 4196 adhuc
3087 4144 3340 4212 templum
3378 4161 3644 4215 quaerere.

2070 4219 2335 4286 Quoniam
2361 4241 2534 4295 neque
2565 4229 2804 4283 moribus
2851 4235 3124 4290 veteribus
3151 4236 3290 4290 colet
3316 4237 3503 4303 Deum,
3540 4239 3649 4309 29

2070 4312 2254 4378 boum,
2302 4316 2546 4385 inquam,
2577 4321 2864 4377 sacrificiis
2894 4334 2949 4378 et
2993 4325 3173 4380 ovium
3200 4328 3643 4398 mactationibus;

2070 4421 2256 4461 verum
2334 4411 2542 4466 modus.
2590 4413 2870 4484 religionis
2928 4417 3166 4486 ipsorum
3231 4421 3338 4474 erit
3383 4424 3514 4477 lides
3591 4425 3644 4478 in

381 4489 547 4553 κᾶζον
606 4493 758 4548 οὐδὲν
787 4495 1100 4548 ἀναϐαίνειν
1130 4498 1208 4560 είς
1240 4497 1608 4568 Ἱεροσόλυμα,
1659 4498 1756 4552 καὶ
1785 4499 1875 4552 τὸν
1907 4503 1965 4552 ὲν

2072 4499 2366 4566 Christum,
2408 4511 2462 4555 et
2495 4503 2610 4569 ejus
2643 4506 2824 4559 divina
2859 4509 3138 4573 mandata,
3180 4523 3238 4566 et
3281 4515 3646 4570 sanctificatio

379 4582 547 4646 λίθοις
566 4583 646 4637 ἔτι
667 4584 898 4657 ζητῆσαι
932 4588 1079 4641 ναόν.
1110 4588 1237 4641 Ὀτι
1264 4589 1397 4659 μηδέ
1416 4591 1530 4653 τοῖς
1551 4590 1800 4660 ἀρχαίοις
1816 4590 1963 4645 ἔθεσι

379 4676 599 4746 τιμήσει
619 4676 770 4740 Θεὸν.
805 4677 1112 4748 βουθυσίαις
1132 4679 1186 4732 δὲ
1205 4679 1347 4749 λέγω
1403 4680 1497 4732 καὶ
1517 4682 1802 4752 προϐάτων
1828 4699 1964 4751 σφα-

383 4767 529 4830 γαῖς,
560 4764 675 4818 ἁλλ’
707 4767 736 4819 ό
762 4770 860 4838 τῆς
885 4768 1143 4841 λατρείας
1178 4771 1358 4832 αὐτοῖς
1383 4770 1534 4824 ἔσται
1559 4772 1758 4841 τρόπος
1783 4773 1963 4837 πίστις

2073 4589 2125 4642 in
2165 4588 2391 4658 Spiritu,
2423 4600 2480 4646 et
2502 4608 2599 4660 per
2667 4609 2884 4648 sacrum
2943 4597 3211 4668 baptisma
3279 4607 3642 4672 regeneratio,

2070 4682 2376 4751 adoptionis
2413 4683 2647 4739 filiorum
2683 4687 2909 4757 gloriam
2957 4693 3167 4749 sanctis
3209 4694 3342 4764 ipsis
3364 4695 3432 4750 ad
3471 4697 3576 4752 hoc
3614 4715 3644 4750 a

2069 4772 2180 4826 Deo
2226 4775 2433 4828 vocalis
2472 4777 2792 4833 concilians.

384 4861 462 4920 εἰς
494 4859 745 4927 Χριστὸν,
789 4862 882 4915 καὶ
912 4862 981 4916 τὰ
1011 4863 1572 4937 αὑτοῦ-θεσπίσματα,
1608 4866 1702 4920 καὶ
1740 4867 2012 4936 ἁγιασμὸς
2074 4869 2102 4919 ὁ
2134 4868 2210 4920 ἐν-
2236 4867 2527 4938 πνεύματι,
2588 4870 2682 4924 καὶ
2743 4873 2776 4942 ή
2815 4872 2904 4926 διὰ
2939 4874 3033 4929 τοῦ
3071 4878 3227 4947 ἁγίου
3273 4881 3642 4953 βαπτίσματος

382 4950 756 5021 ἁναγέννησις,
783 4954 882 5024 τῆς
913 4955 1184 5020 υἱοθεσίας
1238 4959 1595 5029 περιποιοῦσα
1631 4960 1729 5032 τὴν
1775 4960 1932 5025 δόξαν
1965 4962 2077 5025 τοῖς
2109 4962 2292 5025 αὐτοῖς
2329 4962 2505 5030 ἁγίοις
2550 4965 2905 5037 κεκλημένοις
2935 4971 3016 5033 είς
3046 4972 3205 5026 τοῦτο
3235 4950 3384 5045 παρὰ
3409 4950 3634 5048 κυρίου.

352 5051 368 5105 l
451 5046 560 5098 Καὶ
583 5047 1076 5116 συναχθήσονται
1106 5053 1454 5119 υἱοὶ-Ἰούδα,
1493 5055 1590 5108 καὶ
1617 5057 1670 5107 οἱ
1699 5054 1816 5109 υίοὶ
1854 5056 1960 5109 Ἰσ-

375 5133 538 5202 ραὴλ
593 5137 940 5200 ἐπιτοαυτὸ,
981 5142 1077 5195 καί
1134 5142 1422 5210 θήσονται
1476 5145 1704 5211 ἑαυτοῖς
1763 5143 1958 5213 ἀρχὴν

373 5227 538 5298 μίαν,
578 5229 675 5280 καὶ
723 5230 1130 5298 ἀναϐήσονται
1161 5235 1229 5288 ἐκ
1285 5234 1395 5304 τῆς
1426 5234 1561 5304 γῆς,
1597 5236 1682 5290 ὅτι
1721 5235 1954 5306 μεγάλη

375 5315 413 5380 ἡ
440 5317 630 5385 ἡμέρα
662 5317 768 5372 τοῦ
812 5319 1074 5388 Ἱεζραὲλ.

359 5387 370 5466 ί
446 5407 509 5460 Θ.
553 5409 662 5462 Καὶ
689 5387 908 5474 τούτοις
929 5411 1102 5483 πέρας
1139 5413 1438 5484 ἐκϐεϐηκὸς
1471 5415 1772 5487 εὑρήσομεν
1810 5416 1954 5470 ἱστο-

377 5496 544 5568 ρικῶς
596 5514 656 5550 τε
700 5501 792 5552 καὶ
839 5504 1242 5572 πνευματικῶς.
1276 5500 1588 5577 τΗσανιμὲν
1616 5506 1727 5576 γὰρ
1755 5507 1812 5560 ἐν
1841 5510 1954 5571 τοῖς

369 5586 540 5660 ἐρίοις
567 5590 791 5661 Περσῶν
812 5609 873 5644 τε
908 5593 1002 5648 καὶ
1025 5595 1224 5665 Μήδων
1252 5596 1304 5650 οἵ
1325 5613 1384 5650 τε
1416 5598 1480 5651 ἐκ
1511 5601 1612 5669 τῆς
1644 5588 1954 5672 Σαμαρείας

443 5766 487 5798 ’τ
529 5765 669 5821 Psal.
705 5785 924 5834 cxxxvr,
975 5772 1019 5825 Ι.
1097 5775 1142 5805 ³⁸
1179 5775 1301 5830 ibid-
1338 5775 1387 5829 4.
1427 5777 1471 5808 ¹⁸⁹
1511 5777 1660 5831 Deut.
1697 5794 1790 5843 xu,
1833 5780 1884 5834 θ.

2141 5055 2302 5111 Vens.
2343 5057 2431 5111 11.
2476 5059 2545 5111 Et
2589 5063 3040 5130 congregabantur
3080 5067 3181 5133 ﬁlii
3224 5067 3402 5134 Judu,
3445 5081 3494 5124 et
3531 5074 3634 5140 ﬁlii

2062 5147 2235 5203 Israel
2280 5150 2457 5212 simul,
2489 5163 2536 5204 et
2578 5165 2766 5220 ponent
2811 5155 2911 5206 sibi
2957 5158 3312 5226 principatum
3347 5178 3545 5229 unum,
3588 5179 3635 5222 et

2058 5241 2338 5294 ascenderit
2370 5242 2433 5294 de
2463 5252 2622 5307 terra,
2654 5246 2908 5313 quoniam
2942 5263 3159 5317 magnus
3187 5249 3298 5303 dies
3331 5251 3562 5309 Jezrael.

2127 5418 2218 5476 1X.
2257 5418 2324 5474 Et
2367 5421 2482 5476 haec
2526 5424 2773 5478 evenisse
2828 5425 3089 5481 historice
3161 5439 3216 5485 et
3281 5433 3634 5502 spiritualiter

2057 5520 2289 5566 constat.
2326 5512 2489 5566 Erant
2517 5514 2660 5568 enim
2698 5515 2750 5569 in
2786 5514 2985 5573 ﬁnibus
3016 5516 3305 5578 Persarum
3349 5537 3402 5581 et
3448 5527 3631 5587 Medo-

2061 5616 2178 5655 rum
2208 5603 2410 5672 quique
2450 5619 2480 5658 e
2506 5604 2749 5660 Samaria
2785 5606 2923 5663 bello
2955 5614 3096 5679 capti
3127 5610 3365 5685 fuerant,
3397 5619 3506 5675 hoc
3520 5630 3626 5690 est,

1987 5779 2001 5808 ί
2036 5777 2188 5832 lion}.
2225 5794 2296 5844 ιιι,
2330 5779 2418 5832 9.5.
