4046 6376
469 399 542 456 55
1496 396 1555 452 S.
1596 394 1877 452 GYRILLI
1915 393 2386 450 ALEXANDRINI
2425 391 2748 453 ARCﬁiEi’.
3653 396 3727 458 56

430 519 656 583 -lsrael,
701 519 900 590 quique
943 534 1008 574 ex
1056 517 1428 590 Jerosolymis,
1467 518 1572 574 hoc
1617 525 1736 580 est,
1777 516 1944 572 Judas
1989 530 2020 572 e

2144 515 2466 586 δορύληπτοι
2484 520 2786 587 γεγονότες,
2818 517 3118 586 τουτέστιν,
3140 517 3169 571 6
3206 516 3439 590 Ἰσραὴλ,
3457 519 3550 573 καὶ
3568 520 3726 576 αὐτοὶ

470 610 773 678 Benjamin.
805 612 874 664 At
900 619 1182 680 postquam
1213 610 1391 682 Cyrus
1426 607 1711 678 Cambysae
1741 607 1907 674 ﬁlius,
1935 605 2037 660 Ba-

468 701 663 774 bylone
697 703 945 767 subacta,
969 702 1258 757 Persarum
1287 701 1572 771 imperium
1604 702 1849 771 adeptos,
1879 701 2040 753 liber-

471 800 581 846 tate
632 791 797 847 Israel
844 799 900 846 et
942 789 1133 846 Judam
1176 791 1423 856 donavit,
1493 790 1820 858 domumque
1862 788 2040 843 redire

469 895 571 934 una
600 895 722 934 cum
751 880 896 936 vasis
922 879 1093 934 sacris
1119 879 1303 948 jussit,
1326 877 1720 950 Jerosolymam
1750 886 2035 943 venerunt,

466 986 567 1026 nec
587 963 700 1037 jam
723 970 956 1039 dispersi
989 971 1326 1035 habitarunt,
1346 971 1486 1026 sicut
1517 981 1808 1039 antequam
1840 967 2038 1037 captivi

468 1060 901 1126 abducerentur;
947 1076 1046 1116 nec
1093 1060 1308 1128 utrique
1351 1073 1446 1113 sua
1501 1075 1664 1128 regna
1712 1059 2032 1113 habuerunt.

464 1151 665 1208 Omnes
698 1154 896 1223 quippe
925 1154 1271 1208 concorditer
1300 1153 1469 1208 solam
1502 1152 1802 1208 Jerusalem
1838 1153 2036 1208 incole-

463 1248 614 1313 bant,
647 1247 784 1301 duce
812 1262 877 1302 ac
910 1247 1151 1316 principe
1184 1255 1314 1301 tunc
1342 1245 1695 1311 Zorobabele,
1725 1244 2036 1300 Salathielis

461 1338 594 1402 lilio,
624 1339 714 1408 qui
748 1348 869 1392 orat
897 1339 964 1392 de
998 1338 1139 1393 tribu
1178 1335 1336 1402 Juda,
1373 1345 1428 1391 et
1471 1335 1778 1391 sacerdotio
1822 1349 2034 1390 summo

460 1428 716 1498 fungente
747 1415 874 1484 Iesu
921 1427 1030 1481 lilio
1072 1425 1373 1491 Josedech,
1411 1425 1627 1495 quando
1675 1435 1729 1479 et
1775 1423 2029 1492 templum

460 1518 699 1573 divinum
756 1519 1161 1580 instaurabant,
1210 1525 1265 1571 et
1311 1532 1424 1571 rem
1477 1515 1797 1570 familiarem
1843 1514 2030 1569 sedulo

458 1610 745 1682 curabant.
805 1608 986 1676 lnquit
1057 1610 1278 1678 igitur:
1361 1606 1848 1678 Congregabuntur
1932 1606 2028 1661 ﬁlii

457 1699 596 1756 Juda
657 1710 712 1756 et
748 1701 842 1756 lilii
873 1699 1173 1756 Jerusalem
1221 1701 1412 1764 simul,
1448 1709 1503 1754 et
1546 1700 1878 1755 constituent
1925 1698 2026 1753 sibi

459 1792 819 1860 principatum
872 1806 1076 1855 unum,
1153 1800 1210 1846 et
1262 1791 1559 1846 ascendeut
1602 1790 1669 1844 de
1714 1799 1888 1854 terra;
1970 1797 2028 1843 ut

2140 607 2200 662 δέ
2229 608 2367 678 πρὸς
2399 608 2629 676 τούτοις,
2672 610 2722 662 oi
2761 611 2827 662 ἐκ
2871 611 2971 681 τῆς
3027 609 3403 682 Ἰερουσαλὴμ,
3449 609 3724 664 τουτέστιν

2153 698 2350 764 Ἰούδας
2391 701 2486 754 καὶ
2518 700 2794 772 Βενιαμίν.
2850 701 3068 772 Ἐπειδὴ
3111 701 3169 754 δὲ
3206 700 3390 769 Κῦρος
3433 702 3463 753 ό
3494 701 3722 772 Καμϐύ-

2139 806 2235 844 σου
2255 790 2358 864 ’τὴν
2388 791 2680 846 Βαϐυλῶνα
2709 792 2868 858 ἐλὼν,
2905 792 3002 847 καὶ¹
3048 792 3108 846 τὸ
3152 790 3380 863 Περσῶν
3410 791 3612 863 κράτος
3643 795 3723 856 είς

2138 883 2332 938 ἑαυτὸν
2366 886 2731 956 μεταστήσας,
2771 885 2939 956 ἀνῆκε
2967 886 3066 958 τῆς
3117 884 3495 955 αἰχμαλωσίας
3535 884 3628 938 τόν
3661 902 3721 938 τε

2149 974 2364 1046 Ἰσραὴλ
2411 976 2506 1030 καὶ
2533 978 2625 1030 τὸν
2675 977 2895 1040 Ἰούδαν,
2925 977 3064 1030 οῖκοι
3093 993 3150 1029 τε
3187 976 3324 1029 ίέναι
3353 975 3719 1046 προστέταχεν

2135 1066 2270 1135 όμοῦ
2295 1069 2408 1130 τοῖς
2431 1067 2647 1122 σκεύεσι
2676 1069 2790 1130 τοῖς
2822 1069 3007 1138 ἱεροῖς,
3039 1066 3296 1135 ἀφίκοντο
3327 1067 3422 1136 μὲν
3445 1068 3523 1129 εἰς
3555 1067 3719 1138 Ἰερο-

2136 1156 2366 1228 σόλυμα,
2401 1161 2756 1230 κατῳκήσασι
2787 1158 2844 1212 δέ
2874 1157 3058 1210 λοιπὸν
3088 1157 3188 1210 οὐκ
3231 1156 3312 1209 ἔτι
3348 1156 3714 1228 διῃρημένως,

2135 1245 2277 1299 καθὰ
2301 1247 2397 1300 καὶ
2426 1247 2533 1318 πρὸ
2551 1248 2650 1318 τῆς
2673 1246 3055 1318 αἰχμαλωσίας
3077 1262 3091 1277 ο
3121 1244 3243 1299 οὔτε
3268 1245 3373 1316 μὴν
3411 1245 3573 1309 ἰδίους
3594 1245 3719 1299 ἔκα-

2135 1353 2250 1390 στοι
2279 1336 2532 1408 βασιλέας
2569 1340 2857 1410 ἐσχήκασι.
2895 1337 3091 1407 Διῆγον
3125 1336 3182 1389 δὲ
3230 1337 3429 1398 πάντες
3481 1337 3540 1389 ἐν
3589 1339 3718 1406 όμο-

2131 1427 2302 1500 ψυχίᾳ
2333 1429 2475 1482 κατὰ
2515 1429 2682 1500 μόνην
2741 1428 2841 1499 τὴν
2888 1427 3263 1498 Ἰερουσαλὴμ,
3315 1428 3618 1498 ἡγουμένου
3651 1428 3714 1481 τὸ

2129 1521 2382 1591 τηνικάδε
2437 1521 2740 1592 Ζοροϐάϐελ
2785 1520 2882 1576 τοῦ
2922 1520 3212 1592 Σαλαθιήλ,
3259 1520 3320 1582 ὃς
3347 1515 3415 1590 ἦν
3445 1521 3510 1572 ἐκ
3540 1520 3714 1589 φυλῆς

2141 1613 2328 1679 Ἰούδα,
2378 1615 2470 1668 καὶ
2521 1613 2890 1685 ίερατεύοντος
2944 1614 3120 1685 Ἰησοῦ
3164 1612 3260 1666 τοῦ
3317 1612 3584 1676 Ἰωσεδὲκ,
3614 1611 3710 1663 τοῦ

2129 1706 2387 1774 μεγάλου,
2435 1706 2525 1759 ὅτε
2557 1706 2652 1759 καὶ
2700 1706 2791 1760 τὸν
2830 1705 2972 1759 θεῖον
3018 1706 3370 1775 ἀνεδείμαντο
3418 1705 3577 1768 ναὸν,
3613 1705 3711 1758 καὶ

2127 1796 2236 1850 τῶν
2281 1799 2361 1860 είς
2427 1797 2519 1850 τὸν
2570 1794 2726 1851 οἷκον
2783 1799 2993 1868 εἴχοντο
3056 1797 3506 1868 σπουδασμάτων.
3576 1797 3710 1848 Συν-

459 1883 885 1952 alienigenarum
925 1885 1196 1953 regionem
1231 1882 1516 1951 intelligas,
1556 1882 1608 1935 in
1635 1895 1794 1950 quam
1828 1881 2020 1950 captivi

2126 1887 2450 1959 αχθήσονται
2471 1888 2672 1954 τοίνυν,
2703 1891 2890 1960 φησὶν,
2923 1891 2971 1942 οἱ
3006 1889 3115 1942 υἱοὶ
3157 1888 3352 1951 Ἰούδα,
3396 1889 3492 1941 καὶ
3521 1888 3572 1940 oi
3601 1887 3709 1940 υἱοὶ

457 1975 674 2030 abducti
703 1973 990 2030 suntJam
1017 1975 1164 2040 illud,
1204 1974 1330 2044 quia
1377 1989 1606 2043 magnus
1627 1973 1744 2028 dies
1791 1969 2022 2037 Jezrael,

457 2080 580 2119 cum
637 2066 860 2120 historia
916 2082 1020 2120 non
1077 2067 1365 2121 consentit.
1429 2067 1616 2136 Itaque
1671 2066 1743 2120 ibi
1794 2066 2026 2121 dicimus

456 2155 712 2212 lsraelem
742 2170 991 2212 vocatum
1020 2160 1083 2213 iri
1114 2159 1366 2229 populum
1394 2157 1510 2222 Dei,
1531 2159 1780 2226 quamvis
1806 2168 2027 2226 pr0pter

457 2251 788 2318 impietatem
852 2253 1010 2322 longe
1057 2253 1347 2306 maximam
1389 2263 1611 2307 vocatus
1652 2253 1724 2306 sit
1769 2249 1885 2305 Non
1933 2265 2025 2318 po-

457 2341 635 2408 pulus,
671 2353 727 2395 ut
749 2341 859 2409 jam
890 2344 1192 2397 docuimus.
1222 2343 1373 2397 Tune
1400 2344 1870 2412 congregabuntur
1899 2343 2022 2412 ipsi,

455 2441 511 2484 et
551 2431 641 2484 lilii
677 2431 838 2496 .Iuda,
874 2433 975 2487 hoc
1013 2444 1117 2497 est,
1152 2434 1328 2489 omnis
1370 2435 1624 2503 deinceps
1673 2436 1726 2487 iu
1761 2436 2024 2490 extremis

459 2522 792 2589 temporibus
815 2523 1125 2577 .Iudaeorum
1159 2525 1373 2577 inventa
1409 2521 1714 2576 multitudo.
1744 2521 1812 2577 Et
1833 2537 2023 2578 omnes

454 2611 555 2669 sub
589 2629 697 2667 uno
748 2615 1052 2684 principatu
1103 2624 1282 2678 erunt,
1326 2615 1431 2668 hoc
1475 2622 1578 2678 est,
1625 2611 1848 2669 Christi.
1893 2612 2024 2668 Tale

453 2706 581 2773 quid
612 2707 774 2759 etiam
812 2721 910 2775 per
945 2707 1279 2761 Ezechielem
1319 2705 1699 2775 praenuntiavit
1741 2707 2022 2761 universo-

455 2777 773 2874 rom'beus,
807 2797 873 2851 de
899 2797 1114 2851 Christo
1139 2797 1321 2851 dicens
1353 2815 1366 2851 :
1399 2815 1418 2848 ι
1458 2797 1526 2850 Et
1559 2797 1831 2852 suscitabo
1859 2811 2021 2864 super

454 2901 550 2940 eos
580 2898 850 2955 pastorem
878 2903 1063 2953 ultum,
1093 2896 1148 2942 et
1173 2899 1355 2956 pascet.
1380 2903 1496 2951 eos,
1526 2897 1582 2942 et
1605 2903 1816 2941 servum
1842 2903 2020 2942 meum

451 2974 645 3044 David,
675 2989 729 3032 et
767 2980 874 3031 erit
911 2993 1096 3032 eorum
1137 2989 1318 3049 pastor
1334 2981 1376 3035 ¹.
1401 2999 1419 3031 ι
1459 2977 1625 3033 David
1671 2979 1903 3048 appellat
1953 2994 2019 3034 ex

451 3070 660 3125 semine
692 3069 861 3123 David
905 3069 1179 3124 Christum
1224 3080 1409 3124 natum
1455 3069 1750 3127 secundum
1778 3085 2016 3126 carnem.

2140 1979 2352 2052 Ἰσραὴλ
2410 1981 2719 2045 ὲπιτοαυτὸ,
2775 1981 2872 2034 καὶ
2943 1981 3204 2051 θήσονται
3261 1983 3474 2044 ἑαυτοῖς
3532 1979 3711 2049 ἀρχὴν

2128 2073 2278 2144 μίαν,
2327 2074 2422 2127 καὶ
2466 2073 2835 2144 ἀναϐήσονται
2877 2075 2943 2126 ἐκ
2967 2073 3073 2143 τῆς
3111 2075 3234 2143 γῆς.
3301 2074 3416 2125 Ἵνα
3470 2072 3570 2143 τὴν
3600 2072 3709 2124 τῶν

2123 2164 2434 2234 ἀλλοφύλων
2467 2167 2674 2236 ἐννοῇς,
2697 2167 2777 2228 είς
2809 2165 2877 2235 ἣν
2909 2167 3001 2218 xui.
3043 2163 3496 2234 ἀπεκομίσθησαν
3540 2164 3706 2233 αἰχμ-

2125 2256 2320 2310 άλωτοι
2370 2257 2670 2325 γεγονότες.
2723 2257 2798 2310 Τὸ
2824 2257 2903 2319 δέ,
2946 2258 3029 2311 ὅτι
3065 2257 3274 2326 μεγάλη
3314 2257 3348 2324 ή
3401 2255 3584 2326 ἡμέρα
3613 2253 3706 2308 τοῦ

2136 2345 2392 2419 Ἰεζραὲλ,
2445 2346 2525 2417 τῷ
2557 2347 2657 2416 τῆς
2716 2347 2958 2418 ἱστορίας
2991 2347 3090 2417 οὐχ
3116 2346 3347 2416 ἁρμόζει
3373 2346 3537 2415 λόγῳ.
3565 2345 3707 2398 Ούκ-

2121 2440 2217 2494 οῦν
2237 2441 2353 2494 ἐκεῖ
2375 2456 2556 2509 φαμεν
2582 2439 2664 2492 ὅτι
2703 2439 3030 2509 κεκλήσεται
3069 2438 3197 2502 λαὸς
3228 2437 3362 2491 Θεοῦ
3391 2440 3419 2490 6
3469 2437 3703 2509 Ἰσραὴλ,

2123 2529 2301 2582 καίτοι
2352 2528 2442 2583 διὰ
2483 2527 2747 2597 πλείστην
2783 2529 2916 2598 ὅσην
2967 2528 3286 2582 δυσσέϐειαν
3320 2528 3706 2599 ὠνομασμένος

2122 2621 2195 2673 Οὐ
2216 2618 2362 2682 λαὸς,
2391 2617 2644 2690 καθάπερ
2662 2619 2762 2689 ήδη
2794 2619 3155 2691 προείπομεν.
3183 2620 3315 2672 Τότε
3345 2617 3707 2689 συναχθήσον-

2121 2725 2210 2762 ται
2244 2709 2396 2762 αὐτοί
2435 2727 2494 2762 τε
2531 2712 2625 2763 καὶ
2646 2711 2694 2762 οἱ
2723 2711 2829 2762 υίοὶ
2866 2710 3059 2776 Ἰούδα,
3091 2709 3363 2776 τουτέστι,
3405 2711 3554 2762 πᾶσα
3593 2709 3704 2763 λοι-

2121 2801 2222 2853 πὸν
2253 2803 2287 2872 ή
2309 2801 2368 2854 ὲν
2391 2803 2643 2872 ἐσχάτοις
2668 2804 2879 2872 καιροῖς
2908 2802 3019 2856 τῶν
3066 2802 3335 2858 Ἰουδαίων
3373 2802 3704 2873 εὑρισκομέ-

2120 2914 2184 2967 νη
2233 2896 2460 2967 πληθύς.
2492 2899 2631 2979 ,Καὶ
2680 2897 2786 2950 ὑπὸ
2835 2897 2966 2968 μίαν
3001 2897 3215 2952 ἔσονται
3261 2898 3464 2962 πάντες
3506 2897 3702 2970 ἀρχὴν,

2120 2989 2382 3053 τουτέστι,
2433 2989 2690 3061 Χριστόν.
2765 2989 2958 3042 Καίτοι
3007 2989 3250 3042 τοιοῦτον
3286 2988 3344 3042 δέ
3379 2989 3466 3042 διὰ
3523 2992 3704 3060 φωνῆς

2135 3079 2388 3152 Ἰεζεχιὴλ
2426 3079 2938 3151 προαναπεφώνηκε
2983 3080 3160 3149 λέγων
3192 3082 3221 3134 ὁ
3252 3082 3362 3134 τῶν
3393 3082 3530 3135 ὅλων
3571 3082 3705 3145 Θεὸς

449 3161 630 3228 Quare
679 3171 870 3215 vocato
913 3160 1026 3228 jam
1075 3162 1313 3230 gentium
1358 3177 1536 3232 grege,
1591 3162 1804 3215 tandem
1851 3161 2019 3216 Israel

2124 3173 2248 3243 napi.
2279 3171 2538 3243 Χριστοῦ·
2577 3193 2594 3224 ι
2637 3172 2752 3226 Καὶ
2795 3173 3088 3244 ἀναστήσω
3118 3175 3203 3226 ἐπ’
3225 3174 3423 3237 αὖτοὺς
3467 3173 3704 3244 ποιμένα

449 3255 846 3316 introducetur,
895 3261 951 3308 et
993 3268 1156 3306 unum
1207 3253 1565 3323 principatum
1613 3267 1804 3309 omnes
1851 3268 2018 3324 agno-

448 3357 622 3400 scent.
660 3345 772 3415 30
825 3345 889 3399 Et
938 3345 1232 3403 ascendant
1286 3345 1352 3400 de
1411 3355 1578 3410 terra,
1624 3346 1820 3415 inquit.
1865 3345 2016 3412 Quod

449 3451 596 3492 recte
660 3437 1120 3506 intelligentibus,
1185 3436 1401 3506 opinor,
1455 3436 1728 3506 signillcat
1784 3447 1877 3490 aut
1928 3438 2018 3506 qui

443 3532 629 3601 jugum
659 3529 960 3584 Salvatoris
985 3528 1346 3592 admiserunt,
1378 3528 1444 3582 de
1473 3529 2020 3584 caateroomnimodis

448 3623 718 3677 desituros
765 3632 978 3675 terrena
1027 3635 1242 3690 sapere,
1277 3629 1332 3675 et
1372 3622 1654 3689 prudentia
1691 3622 1872 3675 carnis
1921 3637 2016 3674 su-

447 3714 691 3784 periores
745 3715 879 3780 iure,
923 3712 1081 3784 (tales
1111 3713 1254 3766 enim
1303 3726 1519 3779 omnes,
1562 3714 1655 3780 qui
1707 3713 1924 3767 Christo
1960 3729 2017 3767 se

447 3807 826 3872 subiecerunt;
873 3814 926 3858 et
960 3806 1119 3858 tidem
1150 3801 1316 3857 faciet
1354 3803 1546 3858 beatus
1582 3803 1748 3858 David
1778 3820 1791 3856 :
1828 3821 1846 3854 ι
1880 3803 2012 3869 Quia

446 3897 541 3952 Dei
573 3897 741 3951 lortes
782 3906 938 3950 terrae
964 3896 1316 3950 vehementer
1354 3895 1548 3950 elevati
1595 3894 1790 3961 sunt';
1825 3913 1844 3948 ι
1878 3897 2010 3964 quin

446 3998 502 4042 et
526 3987 766 4041 Paulus:
807 4005 825 4037 ι
856 3987 954 4051 Qui
1005 3997 1180 4040 autem
1223 3994 1347 4040 sunt
1373 3986 1571 4042 Christi
1614 3985 1764 4053 Jesu,
1795 4002 2013 4042 carnem

445 4095 598 4134 suam
628 4080 1166 4140 crucilixeruntcum
1197 4079 1340 4133 vitiis
1366 4087 1422 4132 et
1447 4078 2011 4148 concupiscentiis‘p)

445 4183 538 4227 aut
568 4182 718 4227 certe
751 4180 807 4224 et
837 4173 983 4240 ipsos
1016 4172 1418 4226 resurrectione
1447 4181 1784 4226 mortuorum
1811 4171 2015 4240 potitu—

445 4281 556 4319 ros.
611 4265 753 4318 Dixit
804 4264 948 4318 enim
995 4263 1189 4319 alicubi
1247 4265 1408 4318 etiam
1451 4263 1747 4318 Christus:
1779 4281 1798 4316 ι
1842 4263 2012 4318 Amen

443 4356 565 4409 dico
605 4355 787 4419 vobis,
829 4356 954 4424 quia
986 4355 1165 4410 oumis
1206 4356 1298 4423 qui
1341 4355 1511 4408 credit
1553 4354 1607 4407 in
1651 4370 1759 4420 me,
1798 4355 2010 4409 etiamsi

443 4457 687 4500 mortuus
721 4447 901 4508 l'uerit,
937 4448 1078 4499 vivet
1100 4446 1141 4498 '.
1175 4463 1193 4496 ι
1225 4445 1376 4513 Quod
1417 4445 1463 4498 si
1503 4455 1724 4498 coactus
1764 4445 1837 4497 ita
1876 4445 2012 4512 obji-

2123 3264 2236 3330 ἕνα,
2267 3264 2361 3317 καὶ
2381 3266 2638 3334 ποιμανεῖ
2667 3265 2890 3330 αὐτοὺς,
2914 3263 3005 3319 τὸν
3037 3263 3222 3318 δοῦλόν
3253 3282 3355 3334 μου
3381 3263 3566 3327 Δαϐὶδ,
3605 3265 3702 3318 καὶ

2121 3356 2272 3410 ἔσται
2310 3357 2487 3411 αὐτῶν
2524 3358 2750 3428 ποιμήν.
2805 3376 2824 3408 ι
2873 3357 3159 3426 ὀνομάζει
3203 3356 3260 3409 δὲ
3306 3355 3471 3409 Δαϐὶδ
3512 3355 3602 3409 τὸν
3635 3358 3706 3408 ἐκ

2123 3450 2433 3520 σπέρματος
2465 3450 2631 3502 Δαϐὶδ
2677 3449 2940 3518 γεγονότα
3001 3449 3144 3502 κατὰ
3195 3448 3375 3517 σάρκα
3442 3449 3697 3519 Χριστόν.

2120 3541 2324 3595 Οὐκοῦν
2385 3540 2732 3611 κεκλημένης
2782 3541 2882 3612 ήδη
2940 3541 3040 3608 τῆς
3094 3541 3206 3594 τῶν
3265 3541 3434 3594 ἐθνῶν
3475 3540 3698 3608 ἀγέλης,

2119 3629 2594 3700 εἰσκομισθήσεται
2626 3630 2931 3694 τελευταῖος
2954 3631 2982 3683 ὁ
3022 3631 3256 3703 Ἰσραήλ,
3291 3632 3386 3684 καὶ
3432 3632 3538 3684 ὑπὸ
3568 3632 3702 3702 μίαν

2119 3718 2337 3771 ἔσονται
2367 3719 2566 3780 πάντες
2621 3719 2820 3790 ἀρχήν.
2879 3719 2988 3772 Καὶ
3011 3721 3389 3791 ἀναϐήσονται,
3428 3721 3610 3791 φησὶν,
3633 3722 3700 3773 ἐκ

2116 3805 2216 3874 τῆς
2245 3806 2370 3875 γῆς.
2410 3806 2571 3875 Δηλοῖ
2601 3807 2679 3872 δὲ,
2711 3803 2886 3877 οἶμαι,
2916 3808 3068 3861 τουτὶ
3111 3811 3224 3872 τοῖς
3258 3809 3468 3864 νοοῦσιν
3497 3809 3694 3880 ὀρθῶς,

2117 3897 2259 3968 ἦότι
2284 3898 2457 3968 πάντη
2511 3915 2571 3950 τε
2630 3898 2725 3951 καὶ
2773 3897 2996 3961 πάντως
3046 3899 3106 3960 ἐς
3160 3899 3250 3952 τὸν
3305 3899 3400 3952 τοῦ
3446 3901 3698 3970 Σωτῆρος

2119 3988 2528 4058 προσηκάμενοι
2565 3987 2749 4056 ζυγὸν,
2783 3988 3188 4058 ἀποστήσονται
3222 3989 3410 4044 λοιπὸν
3436 3989 3531 4042 τοῦ
3564 4007 3698 4062 φρο-

2116 4080 2225 4130 νεῖν
2259 4077 2326 4132 τὰ
2353 4078 2445 4130 ἐπὶ
2469 4078 2564 4148 τῆς
2590 4078 2714 4148 γῆς,
2752 4079 2844 4132 καὶ
2877 4079 3138 4148 ἀμείνους
3159 4079 3372 4134 ἔσονται
3408 4083 3690 4152 φρονήμαο

2114 4186 2204 4232 τος
2232 4167 2516 4240 σαρκικοῦ,
2547 4167 2800 4236 (τοιοῦτοι
2818 4168 2925 4238 γὰρ
2947 4169 3148 4233 πάντες
3166 4171 3216 4222 οἱ
3243 4170 3347 4223 ὑπὸ
3361 4170 3580 4242 Χριστῷ
3603 4187 3698 4239 γε-

2116 4261 2352 4326 γονότες,
2389 4261 2483 4314 καὶ
2527 4259 2859 4314 πιστώσεται
2889 4259 3064 4330 λέγων
3098 4263 3126 4314 ό
3176 4263 3450 4332 μακάριος
3497 4263 3692 4316 Δαϐίδ·

2121 4353 2278 4406 «Ὅτι
2310 4351 2403 4405 τοῦ
2427 4351 2560 4405 Θεοῦ
2592 4353 2639 4404 οἱ
2675 4353 2946 4422 κραταιοὶ,
2974 4353 3074 4421 τῆς
3103 4353 3208 4423 γῆς
3227 4355 3431 4425 σφόδρα
3458 4353 3701 4426 ἐπήρθη-

2117 4459 2235 4510 σαν,
2250 4463 2267 4495 ι
2297 4443 2507 4512 καὶμὴν
2524 4444 2618 4495 καὶ
2640 4444 2666 4496 ὁ
2689 4441 2916 4506 Παῦλοςο
2942 4459 2961 4494 ι
2991 4443 3053 4496 Οί
3072 4443 3128 4495 δὲ
3151 4441 3243 4495 τοῦ
3256 4443 3491 4514 Χριστοῦ
3522 4443 3696 4512 Ἰησοῦ

443 4541 556 4592 cias
581 4553 597 4590 :
624 4538 694 4590 At
725 4538 869 4591 enim
931 4553 1036 4591 non
1069 4538 1376 4599 credentes,
1405 4537 1491 4590 dic
1529 4536 1683 4602 mihi,
1716 4536 2012 4591 manebunt

2124 4536 2214 4603 τὴν
2247 4534 2423 4602 σάρκα
2459 4534 2809 4603 ἐσταύρωσαν
2855 4533 2950 4586 σὺν
2982 4535 3095 4596 τοῖς
3135 4533 3422 4603 παθήμασι
3456 4534 3550 4586 καὶ
3578 4536 3698 4596 ταῖς

444 4629 664 4693 mortui,
715 4643 815 4681 nec
867 4642 987 4681 cum
1043 4629 1166 4684 aliis
1210 4628 1544 4682 ascendent?
1590 4629 1703 4698 ipse
1739 4625 2008 4693 Salvator,

439 4722 568 4788 quid
603 4720 834 4788 amplius
868 4721 1099 4776 habituri
1137 4721 1268 4783 sint,
1309 4719 1399 4789 qui
1444 4719 1813 4783 crediderunt,
1853 4719 2011 4774 nobis

439 4815 852 4877 demonstravit,
888 4817 958 4866 ita
1007 4813 1271 4880 loquens:
1301 4831 1319 4863 ι
1356 4810 1466 4866 Fur
1499 4827 1606 4865 non
1635 4812 1786 4868 venit
1821 4812 1922 4866 nisi
1955 4820 2014 4865 ut

439 4908 673 4972 foretur,
712 4914 764 4961 et
803 4901 1012 4974 perdat.
1049 4903 1161 4974 Ego
1199 4905 1320 4959 veni
1356 4914 1414 4958 ut
1441 4905 1606 4958 vitam
1654 4905 1917 4970 habeant,
1949 4915 2006 4957 et

437 5001 806 5058 abundantius
862 5002 1098 5056 habeant
1140 4999 1183 5054 ⁸.
1247 5018 1271 5054 ι
1319 4999 1682 5068 Quamobrem
1728 5005 2012 5070 resurgeot

437 5095 655 5164 quidem
701 5108 910 5156 omnes,
951 5093 1102 5162 probi
1138 5102 1188 5147 et
1231 5092 1493 5162 improbi;
1533 5093 1626 5147 sed
1667 5106 1772 5146 non
1819 5106 2009 5146 omnes

438 5186 715 5240 habebunt
747 5185 876 5240 illud
915 5203 932 5236 ι
965 5185 1348 5239 abundantius.
1389 5203 1409 5237 ι
1439 5184 1539 5250 Qui
1571 5185 1714 5237 enim
1746 5198 1851 5237 non
1881 5195 2011 5238 sunt

436 5277 660 5342 Christi,
721 5293 856 5346 quos
895 5276 1227 5331 inﬁdelitatis
1262 5275 1558 5331 sceleribus
1588 5274 1859 5330 involutos
1888 5288 2010 5329 esse

435 5377 671 5431 constat,
732 5369 782 5422 in
828 5369 1090 5423 extremis
1119 5369 1284 5421 vitam
1331 5375 1505 5420 morte
1539 5365 1810 5420 duriorem
1844 5367 2006 5419 babe-

438 5459 590 5513 bont.
610 5454 893 5512 Rationem
918 5461 1059 5514 enim
1088 5469 1143 5513 et
1171 5457 1583 5513 commissorum
1600 5468 1654 5510 et
1670 5456 2008 5511 infidelitatis

437 5549 684 5602 reddent.
739 5547 840 5612 Qui
891 5560 1071 5602 autem
1121 5554 1250 5602 sunt
1294 5545 1442 5615 ejus,
1491 5548 1691 5616 quique
1739 5547 2004 5617 spirituali

433 5652 560 5696 cum
599 5639 710 5695 Deo
754 5639 991 5694 amicitia
1038 5638 1348 5709 locupletati
1395 5648 1540 5707 sunt,
1573 5650 1630 5697 et
1674 5655 1884 5696 morum
1927 5639 2008 5694 in-

514 5819 537 5853 ¹
575 5824 691 5876 Ιζῑυα
717 5826 766 5876 b.
805 5840 983 5887 xxxw,
1017 5823 1106 5876 9.3.

1187 5822 1205 5853 ³
1243 5821 1377 5875 Phill.
1419 5836 1562 5886 XLVI,
1595 5819 1681 5874 'IO.
1761 5819 1980 5876 ‘Gaial.
2010 5835 2063 5885 ν,
2095 5819 2186 5874 τι.
2265 5820 2283 5850 ⁵
2310 5817 2461 5872 Joatl.
2504 5833 2574 5882 Μ,

2119 4624 2513 4695 ἐπιθυμίαις»)
2533 4624 2718 4694 ήγουν,
2749 4625 2832 4678 ὅτι
2854 4623 3132 4688 τεύξονται
3158 4625 3252 4678 καὶ
3280 4625 3431 4678 αὐτοὶ
3459 4625 3555 4695 τῆς
3576 4626 3699 4679 ἁνα-

2120 4718 2362 4778 στάσεως
2381 4715 2488 4768 τῶν
2511 4715 2740 4786 νεκρῶν.
2775 4715 2922 4785 Ἔφη
2964 4716 3076 4786 γάρ
3109 4732 3212 4769 που
3240 4716 3335 4770 καὶ
3363 4718 3392 4770 ὁ
3422 4717 3656 4788 Χριστός
3677 4733 3692 4748 ’

2123 4831 2142 4864 ι
2196 4809 2368 4880 ’Δμὴν
2419 4809 2563 4875 λέγω
2611 4808 2761 4877 ὑμῖν,
2787 4808 2868 4861 ὅτι
2908 4809 3016 4871 πᾶς
3061 4810 3090 4861 6
3139 4807 3410 4861 πιστεύων
3450 4812 3530 4873 εἰς
3572 4809 3694 4877 ἐμὲ,

2113 4906 2216 4960 κᾶν
2237 4901 2507 4974 ἀποθάνῃ.
2562 4900 2810 4972 ζήσεται.
2849 4918 2868 4950 ι
2901 4899 3095 4954 Καίτοι
3124 4900 3240 4963 πῶς
3272 4901 3374 4953 οὐκ
3404 4901 3697 4968 ἀναγκαῖον

2116 4999 2311 5060 εἰπεῖν,
2367 4995 2432 5048 Οἱ
2495 4993 2603 5063 γὰρ
2630 4993 2705 5063 μὴ
2743 4991 3114 5058 πιστεύοντες,
3153 4991 3275 5045 εἰπὲ
3321 5009 3434 5062 μοι,
3475 4991 3695 5062 μενοῦσι

2115 5087 2320 5160 νεκροὶ,
2359 5087 2458 5140 οὐκ
2492 5085 2852 5156 ἀναϐήσονται
2881 5085 2938 5138 δὲ
2975 5087 3086 5147 τοῖς
3127 5084 3308 5148 ἄλλοις
3337 5083 3503 5155 ὁμοῦ;
3537 5084 3698 5137 Ποῖον

2114 5178 2207 5236 οὖν
2232 5181 2339 5252 ἄρα
2368 5181 2480 5241 τοῖς
2524 5176 2913 5230 πεπιστευκόσι
2960 5176 3021 5229 τὸ
3063 5177 3337 5246 περιττὸν,
3370 5173 3533 5237 αὐτὸς
3559 5175 3694 5244 ήμῖν

2115 5269 2393 5336 ὑπέδειξεν
2450 5271 2479 5324 6
2517 5267 2727 5338 Σωτὴρ,
2755 5267 2895 5320 οὕτω
2926 5266 3098 5334 λέγων
3119 5282 3133 5295 ·
3165 5283 3184 5316 ι
3228 5265 3287 5319 '0
3329 5265 3570 5334 κλέπτης
3597 5265 3699 5319 οὐκ

2117 5364 2358 5435 ἔρχεται,
2383 5363 2433 5415 εἰ
2465 5360 2540 5432 μὴ
2563 5361 2649 5413 ἵνα
2675 5359 2866 5429 κλέψῃ,
2895 5358 2990 5411 καὶ
3022 5357 3286 5427 ἀπολέσῃ.
3323 5356 3465 5424 Ἐγὼ
3507 5351 3694 5424 ἦλθον,

2116 5456 2203 5510 ἵνα
2261 5454 2408 5525 ζωὴν
2466 5452 2672 5522 ἔχωσι,
2719 5451 2812 5504 καὶ
2863 5449 3121 5520 περισσὸν
3176 5449 3391 5520 ἔχωσιν.
3429 5466 3447 5498 ι
3483 5444 3697 5501 Οὐκοῦν

2114 5547 2508 5617 ἀναστήσονται
2549 5543 2649 5612 μὲν
2683 5543 2944 5607 ἅπαντες,
2991 5542 3216 5612 πονηροί
3248 5558 3308 5593 τε
3347 5541 3441 5594 καὶ
3472 5538 3691 5608 ἀγαθοὶ,

2113 5639 2228 5693 ἀλλ’
2267 5639 2328 5691 ού
2355 5637 2553 5699 πάντες
2581 5635 2764 5707 ἔχουσι
2807 5652 2826 5686 ι
2865 5633 2925 5687 τὸ
2949 5632 3224 5706 περιττόν.
3280 5652 3298 5684 ι
3340 5633 3404 5685 Οἱ
3445 5631 3544 5703 μὲν
3582 5630 3696 5700 γὰρ

2781 5818 2798 5848 ⁸
2829 5813 2982 5870 Juno.
3024 5830 3073 5879 ς,
3109 5813 3186 5866 ιο.
