4046 6376
356 419 423 477 57
1266 419 1820 481 COMMENTARIUS
1855 426 1921 482 IN

2026 428 2134 484 ΒΕΑ
2146 429 2191 482 5|
2241 424 2688 484 PROPHETAM.
3539 422 3607 478 58

355 538 454 590 οὐκ
485 535 638 598 ὄντες
668 531 926 605 Χριστοῦ,
959 533 1048 588 διὰ
1072 532 1134 588 τὸ
1165 537 1274 600 τοῖς
1294 535 1394 606 τῆς
1421 535 1708 602 ἀπειθείας
1733 538 1921 610 ἐγκλή-

2037 543 2286 614 tegritate
2317 547 2600 610 praestant,
2631 544 2828 608 prater
2858 547 3206 591 communem
3245 537 3606 589 resurrectio-

360 643 522 699 μασιν
551 625 973 696 ἐνειλημμένους
992 627 1244 698 δρᾶσθαι,
1281 627 1511 683 θανάτου
1543 629 1931 700 χαλεπωτέραν

352 719 452 789 τὴν
481 719 540 770 ἐν
558 717 884 780 τελευταίοις
911 716 1098 782 ἕξουσι
1117 717 1286 790 ζωήν.
1325 719 1668 775 Ἀποτίσουσι
1697 720 1806 794 γὰρ
1845 722 1932 776 λό-

353 826 486 878 γους
512 809 607 863 καὶ
633 808 740 862 τῶν
768 809 1147 880 ὲπταισμένων
1203 810 1298 864 καὶ
1321 811 1421 882 τῆς
1451 811 1756 877 ἀπειθείας.
1779 813 1843 867 Ol
1867 814 1929 869 δέ

353 919 418 969 γε
447 901 598 964 ὄντες
631 901 819 968 αὐτοῦ,
847 903 943 955 καὶ
983 903 1098 956 ὅσοι
1130 901 1225 956 τοῦ
1266 903 1578 974 πνεύματος
1620 906 1930 978 οἰκειότητα

353 992 454 1061 τὴν
486 991 622 1062 πρὸς
645 992 778 1045 Θεὸν
808 991 1270 1065 πεπλουτηκότες,
1307 995 1402 1049 καὶ
1429 995 1626 1065 ἀγαθοὶ
1649 999 1772 1062 τοὺς
1802 999 1930 1070 τρό-

356 1101 509 1146 πους,
547 1083 683 1154 πρὸς
729 1087 794 1155 τῇ
846 1085 1141 1140 ἀναστάσει
1170 1089 1237 1157 τῇ
1291 1090 1468 1159 κοινῇ,
1509 1089 1606 1142 καὶ
1639 1089 1718 1160 τῷ
1745 1090 1929 1145 παλιν-

355 1176 618 1246 δρομῆσαι
641 1176 779 1247 πρὸς
814 1174 978 1247 ζωὴν,
1029 1179 1208 1250 πάντη
1236 1196 1297 1232 τε
1341 1180 1444 1232 καὶ
1494 1181 1712 1245 πάντως
1743 1181 1926 1248 ἕξουσι

354 1267 420 1320 τά
446 1269 710 1338 ἑπόμενα,
745 1270 1016 1338 τουτέστι,
1041 1271 1111 1324 τὰ
1138 1271 1308 1343 δῶρα,
1333 1271 1441 1336 τὰς
1455 1273 1642 1344 τιμὰς,
1672 1275 1798 1338 τοὺς
1815 1293 1930 1328 στε-

354 1359 572 1427 φάνους,
602 1360 704 1424 τὰς
730 1361 982 1431 ἀμοιϐὰς,
1010 1363 1111 1434 τὴν
1149 1363 1525 1436 λαμπρότητα.
1579 1366 1688 1419 Καὶ
1718 1383 1928 1439 μαρτυ-

353 1450 509 1519 ρήσει
544 1449 720 1518 λέγων
741 1452 770 1503 ὁ
802 1452 1034 1516 Παῦλος,
1062 1471 1081 1505 ι
1116 1453 1248 1507 Ἰδοὺ
1277 1457 1571 1527 μυστήριον
1595 1458 1722 1526 ὑμῖν
1747 1457 1889 1523 λέγω
1909 1477 1923 1491 ·

351 1541 561 1605 Πάντες
596 1543 696 1612 μὲν
723 1544 785 1596 οὺ
823 1543 1300 1616 κοιμηθησόμεθα·
1349 1547 1398 1599 οἱ
1443 1546 1644 1610 πάντες
1678 1548 1736 1602 δὲ
1766 1549 1930 1603 ἀλλα-

349 1631 652 1702 γησόμεθα,
705 1635 764 1687 ἐν
809 1634 1018 1704 ἀτόμῳ,
1077 1636 1135 1688 ἐν
1191 1637 1327 1707 ῥιπῇ
1391 1636 1693 1708 ὀφθαλμοῦ,
1758 1640 1817 1692 ἐν
1855 1641 1924 1709 τῇ

349 1724 554 1796 ἐσχάτῃ
595 1725 875 1794 σάλπιγγι·
911 1727 1163 1780 σαλπίσει
1196 1728 1326 1799 γὰρ,
1350 1728 1444 1780 καὶ
1463 1729 1514 1781 οἱ
1544 1730 1730 1800 νεκροὶ
1765 1731 1926 1800 ἐγερ-

350 1813 606 1885 θήσονται
678 1815 972 1889 ἄφθαρτοι,
1040 1818 1136 1871 καὶ
1183 1820 1342 1889 ἡμεῖς
1397 1818 1837 1890 ἀλλαγησόμεθα.
1898 1839 1920 1873 ι

2035 650 2158 690 nem
2229 642 2285 689 et
2338 631 2570 687 reditum
2628 630 2683 684 in
2721 629 2923 692 vitam,
2974 627 3136 697 plane
3184 626 3638 697 habebuutqute'

2032 733 2454 794 consequuntur,
2511 723 2614 777 hoc
2674 729 2778 786 est,
2830 722 2993 786 dona,
3047 719 3302 787 honores,
3349 734 3606 785 coronas,

2032 815 2514 878 remuneratioues,
2545 812 2851 868 claritatem
2874 850 2889 876 ,
2921 811 3065 881 quod
3108 809 3309 866 Paulus
3350 810 3606 866 testiﬁca-

2032 918 2164 964 tur:
2195 925 2216 960 ι
2263 907 2402 963 Ecce
2466 904 2789 976 mysterium
2846 917 2947 974 ego
2999 903 3156 959 vobis
3204 903 3374 958 dico:
3405 902 3606 958 Omnes

2029 998 2250 1070 quidem
2297 1013 2403 1053 non
2447 998 2799 1064 dormiemus,
2831 1010 3020 1051 omnes
3063 1007 3243 1050 autem
3295 995 3604 1050 immutabi-

2029 1107 2172 1157 mur,
2227 1091 2282 1146 in
2332 1100 2641 1154 momento,
2688 1089 2744 1144 in
2814 1090 2921 1144 ictu
2966 1090 3106 1144 oculi
3139 1128 3154 1153 ,
3195 1089 3248 1143 in
3311 1087 3604 1164 novissima

2031 1184 2156 1238 tuba
2193 1201 2208 1238 :
2237 1192 2399 1238 canet
2429 1183 2576 1236 enim
2610 1181 2762 1245 tuba,
2791 1190 2847 1236 et
2881 1181 3081 1235 mortui
3117 1189 3399 1250 resurgent
3424 1179 3606 1233 incor-

2028 1274 2193 1343 rupti,
2222 1284 2278 1329 et
2303 1288 2406 1328 nos
2440 1273 2851 1328 immutabimur
2870 1273 2948 1325 ⁷.»
2980 1271 3158 1340 lnqnit
3177 1271 3374 1339 igitur:
3403 1270 3607 1323 Ascen-

2029 1364 2156 1418 dent
2198 1365 2267 1420 de
2311 1374 2453 1421 terra
2482 1405 2498 1430 ,
2543 1365 2647 1420 hoc
2685 1374 2803 1427 est,
2855 1371 3164 1418 sanctorum
3201 1362 3366 1414 vitam
3417 1371 3472 1414 et
3506 1360 3604 1428 ipsi

2030 1458 2231 1522 vivent,
2283 1459 2406 1527 quia
2455 1471 2681 1526 magnus
2719 1457 2834 1510 dies
2883 1454 3116 1509 Jezrael.
3201 1453 3420 1521 Magnus
3460 1453 3604 1506 enim

2028 1561 2216 1601 revera
2248 1548 2364 1602 dies
2391 1546 2618 1610 Christi,
2647 1561 2753 1616 quo
2785 1561 2975 1600 omnes
3007 1546 3114 1598 vita
3146 1545 3364 1597 functos
3396 1543 3604 1597 excita-

2027 1639 2126 1695 bit.
2167 1640 2232 1693 Et
2269 1640 2559 1695 descendet
2588 1639 2808 1709 quidem
2853 1641 2920 1692 de
2965 1637 3102 1692 crelo
3125 1676 3141 1702 ,
3176 1635 3389 1691 sedebit
3421 1643 3605 1689 autem

2027 1748 2192 1801 super
2241 1712 2434 1786 throno
2486 1732 2671 1800 gloriae
2726 1745 2860 1794 suae,
2913 1747 2932 1778 ι
2970 1737 3026 1783 et
3075 1718 3265 1781 reddet
3315 1725 3606 1794 unicuique

2023 1823 2174 1892 juxta
2200 1838 2364 1892 opera
2390 1823 2561 1876 suos.»
2595 1823 2747 1888 Quod
2775 1822 2818 1878 si
2847 1821 2972 1890 quis
2999 1835 3095 1890 per
3125 1819 3269 1873 diem
3302 1817 3606 1886 intelligere

361 1905 750 1978 ’Δναϐήσονται
791 1908 1006 1975 τοίνυν,
1067 1909 1223 1978 φησὶ,
1269 1909 1382 1963 ἀπὸ
1439 1909 1538 1979 τῆς
1578 1912 1712 1981 γῆς,
1765 1929 1921 1964 τουτυ

2027 1916 2178 1970 malit
2224 1926 2436 1986 tempus
2480 1917 2766 1979 adventus,
2803 1931 2911 1984 quo
2958 1913 3208 1969 remissio
3256 1920 3604 1982 peccatorum

348 1996 486 2062 ἐστι,
533 1999 632 2069 τὴν
695 1998 804 2052 τῶν
847 2000 1018 2067 ἁγίων
1061 2000 1156 2055 καὶ
1200 2000 1356 2055 αὐτοὶ
1418 2000 1674 2070 ζήσονται
1739 2003 1919 2073 ζωὴν,

345 2091 428 2144 ὅτι
464 2091 672 2162 μεγάλη
703 2093 738 2162 ἡ
767 2092 952 2163 ἡμέρα
983 2091 1076 2146 τοῦ
1120 2093 1380 2163 Ἰεςραέλ.
1417 2094 1644 2164 Μεγάλη
1692 2093 1802 2165 γὰρ
1833 2095 1921 2148 δν-

345 2199 453 2245 τως
480 2183 514 2254 ἡ
544 2183 727 2254 ἡμέρα
754 2183 1015 2253 Χριστοῦ,
1058 2183 1180 2237 καθ’
1210 2185 1276 2256 ἢν
1306 2183 1550 2248 ἅπαντας
1580 2186 1764 2255 ἐγερεῖ
1793 2185 1922 2250 τοὺς

344 2274 590 2344 νεκρούς.
631 2275 741 2328 Καὶ
782 2276 1149 2347 καταϐήσεται
1190 2275 1289 2346 μὲν
1324 2269 1388 2343 εξ
1413 2277 1665 2346 οὐρανοῦ,
1708 2277 1921 2331 καθίσει

2028 2008 2228 2062 tributa
2271 2018 2355 2063 est
2390 2024 2420 2062 a
2465 2008 2687 2064 Christo
2729 2007 2935 2063 Graecis
2963 2015 3020 2062 et
3064 2005 3283 2068 Jndmis,
3319 2013 3374 2058 et
3407 2003 3497 2072 qui
3548 2001 3601 2055 in

2027 2097 2198 2165 ipsum
2243 2108 2636 2166 peccaverunt,
2676 2099 2839 2154 etiam
2882 2098 2973 2152 hic
3019 2113 3047 2151 a
3079 2097 3170 2149 via
3202 2095 3445 2149 veritatis
3495 2108 3602 2146 non

2026 2189 2323 2245 aberrabit.
2376 2190 2510 2244 Nam
2544 2200 2598 2244 et
2628 2191 2796 2244 David
2831 2191 2910 2246 sic
2945 2192 3012 2244 de
3058 2199 3298 2256 tempore
3340 2187 3605 2241 adventus

2026 2281 2250 2349 loquens
2279 2281 2356 2334 ait
2381 2299 2395 2335 :
2423 2300 2439 2331 ι
2469 2280 2594 2336 llaec
2617 2281 2754 2346 dies,
2773 2295 2934 2348 quam
2960 2280 3089 2334 fecit
3113 2280 3394 2344 Dominus,
3424 2276 3604 2331 exsul-

342 2367 402 2421 δὲ
435 2369 526 2420 ἐπὶ
565 2368 754 2439 θρόνου
783 2369 941 2440 δόξης
971 2369 1170 2444 αὐτοῦ..
1195 2389 1214 2421 ‹
1256 2370 1365 2423 Καὶ
1401 2369 1670 2423 ἀποδώσει
1705 2372 1921 2441 ἑκάστῳ

2026 2383 2199 2428 temus
2231 2383 2285 2427 et
2317 2375 2560 2428 Imitemur
2594 2376 2646 2428 in
2675 2375 2787 2428 ea.‘
2814 2393 2834 2427 ι

343 2459 488 2514 κατά
522 2460 592 2514 τὰ
637 2459 774 2530 ἔργα
822 2460 1009 2516 αὐτοῦ.
1063 2480 1082 2514 ι
1150 2462 1212 2515 Εἰ
1254 2461 1312 2514 δὲ
1355 2461 1418 2533 δὴ
1465 2461 1707 2532 βούλοιτό
1754 2479 1837 2526 τις
1899 2464 2112 2534 ἡμέραν
2171 2468 2314 2518 νοεῖν
2367 2465 2458 2518 τὸν
2527 2466 2628 2536 τῆς
2687 2465 2986 2536 ἐπιδημίας
3041 2464 3256 2536 καιρὸν,
3308 2463 3430 2517 καθ’
3459 2461 3518 2514 ὃν
3567 2461 3601 2530 ή

343 2549 540 2619 ἄφεσις
569 2551 679 2604 τῶν
698 2554 1107 2624 ἡμαρτημένων
1129 2555 1309 2608 δέδοτο
1353 2555 1504 2626 παρὰ
1529 2554 1767 2624 Χριστοῦ
1790 2555 2017 2628 Ἕλλησί
2035 2575 2095 2611 τε
2133 2560 2227 2612 καὶ
2267 2558 2561 2624 Ἰουδαίοις,
2592 2561 2687 2612 καὶ
2714 2562 2829 2622 τοῖς
2892 2559 2973 2621 είς
3045 2558 3207 2612 αὐτὸν
3276 2557 3453 2626 πεπλη
3465 2571 3603 2626 μμε-

340 2641 552 2714 ληκόσι,
577 2643 809 2696 κατευθὺ
835 2646 929 2697 καὶ
965 2639 1119 2708 οὗτος
1141 2645 1248 2697 τῶν
1280 2645 1378 2715 τῆς
1417 2645 1674 2714 ἀληθείας
1713 2644 1977 2715 βαδιεῖται
2038 2647 2231 2716 λόγων.
2265 2647 2426 2704 Οὕτω
2487 2649 2581 2702 καὶ
2613 2650 2643 2702 ὁ
2676 2649 2841 2702 Δαϐὶδ
2903 2649 3006 2718 τῆς
3047 2647 3140 2701 τοῦ
3167 2647 3416 2717 Σωτῆρος
3444 2645 3602 2716 ἡμῶν

339 2734 631 2806 ἐπιδημίας
667 2736 760 2790 τὸν
805 2736 996 2806 καιρὸν
1036 2737 1318 2807 ὑποφαίνει
1371 2737 1578 2806 λέγων’
1627 2756 1646 2789 ι
1687 2737 1838 2809 Αὕτη
1876 2741 1911 2811 ή
1950 2740 2132 2812 ἡμέρα
2191 2741 2258 2812 ἣν
2315 2741 2570 2812 ἐποίησεν
2611 2743 2640 2794 ὁ
2701 2739 2928 2812 Κύριος,
2979 2739 3456 2811 ἀγαλλιασώμεθα,
3504 2738 3600 2794 καὶ

340 2829 736 2901 εὐφρανθῶμεν
765 2833 823 2885 ἐν
847 2832 1009 2903 αὐτῇ.
1047 2851 1067 2884 ι

937 2923 1193 2975 ΚΕΦΑΛ.
1246 2922 1320 2974 B'.

406 3010 630 3066 Εῑπατε
677 3010 762 3077 τῷ
791 3010 1042 3080 ἀδελφῷ
1093 3011 1282 3080 ὑμῶν,
1312 3013 1473 3079 Λαός
1505 3031 1648 3082 μου,
1695 3013 1797 3069 καὶ
1842 3013 1920 3084 τῇ

338 3099 577 3170 ἀδελφῇ
604 3099 790 3171 ὑμῶν,
832 3100 1180 3170 Ἠλεημένη.

2026 3104 2192 3157 sorori
2227 3113 2432 3168 vestras,
2469 3101 2889 3154 Miscricordiam
2924 3111 3217 3156 consecuta.

411 3193 470 3246 ι’.
534 3191 872 3259 ’Δναγκαίως
929 3192 1134 3263 σφόδρα
1178 3193 1292 3256 τοῖς
1350 3192 1450 3264 ἤδη
1503 3195 1921 3266 προειρημένοις

2093 3192 2160 3247 Χ.
2194 3193 2362 3247 Dictis
2420 3192 2522 3245 ista
2558 3192 2832 3260 subjicere
2873 3191 3094 3246 omnino
3131 3193 3393 3261 oportuit.
3440 3194 3600 3249 Post-

341 3283 593 3354 ἐπιφέρει
626 3285 720 3337 καὶ
748 3281 937 3361 ταῦτα.
997 3283 1214 3355 Ἐπειδὴ
1246 3283 1356 3356 γὰρ
1389 3284 1631 3357 εἴρηκεν,
1685 3286 1760 3350 ὡς
1815 3288 1921 3341 ὑπὸ

2026 3299 2181 3353 quam
2202 3284 2346 3337 enim
2375 3283 2531 3343 dixit,
2554 3284 2655 3336 sub
2679 3296 2787 3334 uno
2809 3281 3111 3351 principatu
3139 3295 3329 3337 omnes
3360 3282 3600 3351 futuros,

343 3374 475 3445 μίαν
507 3375 722 3429 ἔσονται
755 3376 951 3438 πάντες
967 3376 1164 3447 ἀρχὴν,
1181 3377 1396 3441 οὐδενὸς
1411 3378 1490 3431 ἔτι
1506 3378 1920 3450 διατειχίζοντος

2026 3377 2238 3432 nemine
2292 3374 2343 3427 in
2396 3382 2670 3442 posterum
2712 3372 2780 3424 ad
2828 3371 3152 3426 discordiam
3201 3372 3490 3429 dirimente
3535 3391 3600 3432 ac

339 3469 374 3539 ἢ
388 3466 762 3537 διατέμνοντος
775 3483 797 3518 ε
807 3467 853 3528 ίς
865 3467 1150 3537 διχόνοιαν,
1177 3469 1486 3540 κρατούσης
1499 3470 1558 3522 δὲ
1584 3470 1783 3541 μᾶλλον
1799 3472 1921 3541 ὁμο-

2029 3469 2338 3531 divelleute,
2371 3467 2548 3535 potius
2587 3463 2894 3519 animorum
2927 3464 3284 3520 consensione
3313 3463 3599 3520 dominan-

339 3559 561 3630 ψυχίας,
592 3559 686 3613 καὶ
705 3561 784 3622 εἰς
817 3559 1044 3629 ἑνότητα
1068 3559 1167 3630 τὴν
1185 3561 1244 3614 ἐν
1265 3559 1536 3632 πνεύματι
1553 3560 1921 3631 συλλεγούσης

2026 3573 2103 3624 te,
2143 3571 2196 3614 et
2247 3561 2312 3614 ad
2371 3558 2627 3612 unionem
2675 3556 2728 3610 in
2774 3555 2968 3625 spiritu
3043 3555 3169 3610 ﬁdei
3218 3556 3271 3610 in
3321 3554 3599 3611 Christum

341 3649 589 3711 ἅπαντας
620 3649 718 3719 τῆς
749 3651 829 3712 εἰς
849 3649 1083 3720 Χριστὸν
1114 3649 1370 3715 πίστεως,
1399 3651 1584 3704 λοιπὸν
1607 3653 1920 3721 ἀναγκαίως

2026 3666 2209 3707 onmes
2258 3649 2583 3718 colligente,
2649 3649 2716 3700 de
2766 3657 2961 3701 cwtero
3009 3649 3321 3700 necessario
3374 3647 3598 3716 spiritus

2617 2922 2720 2992 31
2747 2920 2903 2977 CAP.
2945 2920 3008 2976 n.

2097 3011 2259 3065 Vens.
2293 3012 2344 3066 Ι.
2389 3010 2557 3064 Dicite
2601 3011 2760 3079 fratri
2808 3019 2998 3076 vestro,
3044 3007 3279 3076 Populus
3325 3029 3498 3082 meus,
3551 3026 3600 3071 et

340 3740 401 3793 τὸ
421 3738 636 3810 πνεῦμα
659 3739 997 3811 προστέταχε
1022 3743 1135 3804 τοῖς
1151 3741 1251 3812 ἤδη
1279 3741 1378 3813 τὴν
1399 3742 1580 3797 πίστιν
1609 3743 1917 3812 πεπλουτη-

344 3831 586 3893 κόσι,καὶ
613 3829 890 3898 γεγονόσιν
907 3829 1009 3882 ὑπὸ
1032 3829 1274 3900 Χριστῷ,
1293 3831 1490 3902 μηκέτι
1511 3833 1610 3903 τὴν
1627 3832 1762 3902 πρὸς
1775 3834 1920 3884 ὲκεί-

339 3937 467 3984 νους
497 3920 1083 3990 είρήνηνξάποσείεσθαι
1109 3920 1304 3990 φιλεῖν,
1330 3922 1379 3974 οἳ
1399 3922 1623 3986 δικαίως
1655 3923 1919 3992 κέκληντο

351 4012 416 4065 ’Υ
430 4011 556 4075 λαός
585 4029 709 4081 μου,
728 4011 823 4064 καὶ
856 4011 1180 4082 Ἰιλεημένη.
1203 4013 1624 4083 Είσδεδεγμένου
1640 4014 1748 4085 γὰρ
1772 4015 1916 4082 ἅπαξ

339 4106 436 4159 τοῦ
481 4107 716 4177 Ἰσραὴλ,
742 4109 836 4160 καὶ
869 4107 1234 4177 νομισαμένου
1265 4109 1364 4178 τὴν
1393 4109 1608 4175 ἄφεσιν,
1636 4110 1729 4161 καὶ
1757 4125 1918 4178 γεγο-

341 4197 490 4261 νότος
511 4198 616 4251 ὑπὸ
653 4198 895 4271 Χριστῷ,
929 4199 1044 4262 πῶς
1071 4195 1138 4268 ἦν
1184 4199 1476 4254 ἀκόλουθον
1509 4200 1768 4270 διχονοεῖν
1814 4201 1914 4266 ἔτι,

339 4288 434 4340 καὶ
463 4289 584 4358 οὐχὶ
611 4288 674 4360 δὴ
705 4289 903 4358 μᾶλλον
926 4292 982 4341 ἐν
1010 4291 1234 4361 ὁμονοίᾳ
1253 4291 1521 4343 διατελεῖν
1550 4293 1679 4354 τοὺς
1717 4293 1799 4346 ἑνὶ
1840 4291 1918 4363 τῷ

339 4382 438 4449 τῆς
467 4379 739 4442 υἱοθεσίας
784 4379 1050 4450 πνεύματι
1099 4381 1468 4452 κεκλημένους
1510 4385 1590 4446 εἰς
1619 4383 1917 4454 ἀδελφότη-

2015 3744 2197 3813 jussit,
2227 3743 2327 3797 ﬁde
2348 3741 2459 3810 jam
2496 3740 2769 3809 prazditos,
2805 3747 2860 3792 et
2891 3739 2991 3792 sub
3032 3737 3306 3792 Christum
3371 3738 3599 3807 subjun-

2024 3846 2166 3899 ctos,
2191 3850 2295 3890 non
2321 3832 2554 3900 amplius
2572 3831 2809 3887 studium
2837 3829 2987 3898 pacis
3015 3845 3140 3898 erga
3165 3830 3284 3884 illos
3311 3831 3598 3900 repellere,

2021 3928 2111 3997 qui
2149 3928 2272 3997 jure
2314 3925 2491 3979 vocati
2542 3923 2652 3978 sint
2690 3921 2917 3990 populus
2958 3936 3133 3988 meus,
3175 3932 3244 3977 et-
3283 3925 3596 3979 misericor-

2019 4020 2162 4073 diam
2193 4025 2512 4072 consecuta.
2547 4015 2840 4082 Postquam
2872 4013 3015 4067 enim
3056 4015 3222 4069 semel
3271 4012 3432 4068 Israel
3478 4031 3598 4070 sus-

2020 4121 2208 4177 ceptus
2235 4117 2341 4173 est,
2371 4106 2861 4172 remissionemque
2892 4105 3226 4173 impetravit,
3254 4115 3308 4158 et
3340 4105 3405 4159 ad
3437 4106 3597 4160 Chri-

2022 4212 2161 4255 stum
2205 4215 2263 4254 se
2312 4198 2592 4267 adjunxit,
2630 4211 2739 4265 quo
2787 4204 2946 4266 pacto
2981 4196 3156 4249 adhuc
3199 4196 3494 4260 dissidere,
3543 4205 3596 4250 et

2019 4307 2126 4345 non
2173 4292 2351 4358 potius
2386 4291 2440 4343 in
2484 4287 2778 4344 concordia
2825 4296 3104 4356 perstare,
3160 4288 3212 4340 in
3253 4302 3359 4339 uno
3408 4288 3596 4354 spiritu

2021 4382 2329 4451 adoptionis
2385 4381 2616 4434 ﬁliorum
2671 4378 2764 4432 Dei
2811 4378 2878 4432 ad
2931 4376 3325 4430 fraternitatem
3378 4387 3596 4432 vocatos

336 4487 444 4536 τας
477 4466 549 4523 Ὠ
576 4472 777 4538 τοίνυν,
801 4473 985 4543 φησὶν,
1017 4475 1065 4526 οἱ
1103 4473 1282 4527 πίστει
1303 4476 1368 4545 τῇ
1405 4477 1485 4537 εἰς
1503 4471 1735 4545 Χριστὸν
1761 4475 1915 4528 ἐκλε-

2026 4480 2443 4526 consentaneum
2506 4469 2646 4523 fuit?
2693 4467 2871 4536 lnquit
2924 4481 3055 4535 ergo
3095 4484 3108 4520 :
3152 4467 3196 4520 Ο
3239 4467 3329 4535 qui
3384 4466 3486 4521 ﬁde
3542 4467 3594 4520 iu

338 4561 778 4634 λαμπρυσμένοι,
806 4563 901 4616 καὶ
924 4563 993 4616 τὰ
1023 4565 1120 4634 τῆς
1141 4565 1494 4635 γνησιότητος
1537 4565 1790 4635 λαχόντες
1815 4567 1915 4619 αὐ-

341 4655 586 4725 χήματα,
623 4655 702 4726 τῷ
743 4654 956 4726 ἀδελφῷ
1009 4656 1183 4726 ὑμῶν,
1249 4655 1329 4726 τῷ
1375 4657 1543 4709 πάλαι
1575 4657 1797 4721 δικαίως
1840 4657 1914 4710 Οὐ

343 4746 469 4809 λαός
498 4763 600 4816 μου
631 4745 974 4818 κεκλημένῳ,
987 4747 1172 4816 λέγετε
1193 4747 1377 4802 λοιπὸν
1400 4749 1473 4801 Τὸ
1495 4749 1621 4812 λαός
1653 4766 1752 4818 μου
1773 4766 1787 4780 ·
1818 4750 1915 4803 καὶ

339 4841 406 4909 τῇ
467 4838 666 4910 ἀδελφῇ
709 4840 883 4909 ὑμῶν,
954 4843 1018 4911 τῇ
1074 4841 1187 4893 Οὐκ
1229 4840 1529 4913 ὴλεημένῃ,
1592 4841 1777 4910 λέγετε
1833 4841 1916 4907 τὸ,

344 4930 655 5002 Ηλεημένη.
681 4933 792 4984 Καὶ
821 4933 930 5002 γὰρ
956 4934 1103 4984 ἐστιν
1145 4933 1462 5000 ἀναγκαῖον,
1499 4933 1814 5005 σύμφρονας
1840 4932 1919 5003 τῷ

341 5022 586 5093 Δεσπότῃ
619 5025 743 5086 τοὺς
774 5023 878 5075 ὑπὸ
899 5027 1055 5095 χεῖρα
1086 5024 1372 5092 φαίνεσθαι
1405 5025 1586 5088 λαοὺς,
1615 5026 1708 5079 καὶ
1746 5025 1918 5079 ταύτὰ

344 5111 629 5184 βούλεσθαι
660 5114 736 5182 τῷ
775 5116 964 5186 πατρὶ,
1004 5116 1130 5178 τοὺς
1171 5117 1252 5178 εἰς
1286 5116 1512 5186 ἑνότητα
1548 5116 1918 5186 κεκλημένους

340 5206 430 5259 διὰ
456 5207 556 5275 τῆς
592 5207 845 5277 χάριτοςσ
887 5207 1111 5277 ἥδεσθαί
1155 5225 1213 5260 τε
1257 5209 1476 5279 μᾶλλον,
1519 5209 1600 5262 ὅτι
1648 5209 1916 5262 σέσωσται

339 5300 402 5352 τὸ
425 5301 771 5371 κατάλειμμα
821 5301 926 5353 τῶν
972 5300 1031 5365 ἐξ
1076 5301 1310 5372 Ἰσραὴλ,
1360 5301 1456 5354 καὶ
1506 5303 1554 5353 οἱ
1605 5300 1772 5353 πάλαι
1831 5299 1919 5353 διὰ

344 5390 543 5460 πολλὴν
576 5391 859 5445 ἀπείθειαν
882 5393 1280 5463 ἀπερριμμένοι
1317 5391 1410 5445 νῦν
1436 5391 1691 5460 γεγόνασι
1713 5391 1914 5452 δεκτοὶ,

343 5485 438 5535 καὶ
473 5484 786 5553 ἡγιασμένοι
827 5485 1010 5537 λοιπὸν
1055 5485 1113 5539 ἐν
1154 5484 1396 5555 Χριστῷ,
1443 5483 1509 5536 δι⁸
1538 5479 1618 5545 οὗ.
1662 5484 1757 5536 καὶ
1799 5483 1917 5553 μεθ’

342 5566 404 5626 οὗ
426 5574 502 5644 τῷ
529 5575 646 5645 Θεῷ
667 5579 760 5628 καὶ
803 5576 976 5645 Πατρὶ
1013 5578 1045 5645 ἡ
1092 5576 1236 5642 δόξα,
1300 5576 1397 5628 σὺν
1446 5574 1523 5644 τῷ
1561 5575 1702 5644 ἁγίῳ
1750 5574 1920 5628 Πνεύ-

349 5684 496 5737 ματι,
519 5671 599 5731 είς
620 5671 746 5731 τοὺς
776 5669 978 5732 αίῶνας
1004 5669 1112 5721 τῶν
1149 5670 1382 5721 αἰώνων.
1423 5669 1614 5739 Ἀμήν.

417 5870 436 5900 ⁷
465 5869 484 5924 1
511 5871 632 5926 Cor.
660 5887 746 5937 xv,
775 5872 860 5935 51,
904 5871 991 5928 5‘2.
1071 5872 1091 5904 ⁸
1130 5870 1316 5927 Matth.
1353 5887 1459 5935 xvr,
1492 5871 1579 5924 ‘27.

2022 4565 2296 4620 Clu-istum
2346 4561 2634 4615 illuminati
2677 4571 3170 4629 germanorumque
3214 4558 3446 4612 ﬁliorum
3477 4559 3592 4629 glo-

2024 4659 2160 4711 riam
2192 4656 2366 4709 sortiti
2410 4654 2567 4716 estis,
2599 4651 2749 4704 fratri
2784 4660 2986 4714 vestro,
3025 4651 3117 4719 qui
3170 4652 3440 4719 quondam
3483 4667 3593 4708 me-

2027 4747 2149 4813 rito,
2186 4745 2300 4800 Non
2319 4744 2545 4815 populus
2580 4757 2752 4805 meus,
2788 4743 3102 4807 vocabatur,
3129 4743 3290 4797 dicite
3339 4744 3592 4798 tandem:

2027 4837 2260 4906 Populus
2298 4850 2482 4902 mens;
2517 4843 2572 4889 et
2610 4834 2784 4888 sorori
2822 4843 3036 4896 vestras,
3078 4848 3197 4900 quae
3226 4832 3340 4887 Non
3387 4833 3594 4887 miseri-

2025 4930 2264 4984 cordiam
2311 4935 2634 4990 consecuta,
2680 4924 2841 4978 dicite
2872 4941 2884 4977 :
2915 4921 3348 4976 Misericordiam
3407 4938 3592 4976 conse-

2024 5033 2167 5075 cuta.
2218 5019 2456 5088 Subjecti
2501 5019 2644 5073 enim
2691 5033 2814 5071 cum
2861 5015 3092 5070 Domino
3133 5015 3418 5070 sententiis
3462 5029 3592 5069 con-

2025 5126 2217 5180 gruere
2247 5114 2527 5166 videantur
2565 5123 2787 5164 necesse
2833 5116 2953 5173 est,
2989 5117 3043 5160 et
3074 5107 3261 5161 eadem
3309 5105 3446 5159 velle
3481 5121 3592 5172 qum

2026 5213 2198 5273 pater,
2232 5201 2289 5266 ii,
2321 5200 2412 5271 qui
2443 5199 2496 5252 in
2527 5199 2786 5252 unitatem
2829 5197 3061 5251 ﬁliorum
3107 5211 3203 5265 per
3233 5195 3461 5264 gratiam
3501 5209 3593 5245 vo-

2024 5295 2131 5349 cati
2166 5302 2315 5358 sunt;
2347 5301 2400 5346 et
2445 5291 2616 5346 laetari
2649 5288 2855 5359 magis,
2892 5288 3128 5343 salvatas
3167 5302 3288 5342 esse
3339 5287 3594 5354 reliquias

2025 5388 2214 5451 Israel,
2249 5396 2302 5440 et
2331 5387 2419 5455 qui
2453 5385 2579 5438 olim
2609 5392 2830 5453 promer
2862 5396 3115 5452 magnam
3153 5377 3595 5432 incredulitatem

2030 5477 2210 5544 reiecti
2243 5475 2474 5540 fuerant,
2499 5488 2641 5528 nunc
2672 5472 2964 5537 admissos,
2987 5480 3044 5525 et
3070 5474 3137 5524 de
3160 5478 3358 5524 caztero
3387 5470 3594 5522 sane-ti-

2030 5569 2216 5622 ﬁcatos
2244 5581 2363 5622 esse
2397 5568 2451 5622 in
2479 5569 2726 5631 Christo,
2760 5581 2858 5636 per
2889 5579 3074 5633 quem,
3119 5570 3175 5616 et
3203 5576 3324 5615 cum
3358 5576 3463 5629 quo
3496 5562 3595 5613 ltro

2029 5669 2084 5711 et
2118 5657 2262 5711 Patri
2291 5660 2481 5728 gloria,
2510 5675 2632 5716 cum
2659 5667 2848 5716 sancto
2875 5656 3076 5727 Spiritu
3108 5654 3163 5710 in
3197 5653 3388 5711 smcnla
3423 5668 3593 5707 Sil'ﬂll-

2030 5754 2224 5806 lorum.
2267 5751 2459 5806 Amen.

1657 5872 1676 5901 ⁹
1713 5869 1853 5924 Psal.
1877 5886 2044 5936 ωιτη,
2078 5870 2166 5924 2i.
