4046 6376
457 404 527 462 59
1483 401 1542 457 s.
1583 373 1860 459 cmeu
1898 405 2376 462 ALEXANDRINI
2412 403 2733 462 ARCHIEP.
3647 415 3739 472 θα

681 552 1085 644 TOMUS
1158 553 1816 649 SECUNDUS.

527 761 690 819 Vens.
733 766 786 819 2.
833 765 1055 835 Litigate
1083 784 1198 821 cum
1235 781 1400 824 matre
1427 782 1627 836 uestra,
1662 774 1883 843 litigalc,
1907 775 2033 842 quia

453 853 566 922 ipsa
596 873 696 909 non
731 873 864 910 uxor
897 875 1033 924 mea,
1058 871 1105 912 et
1132 876 1224 930 ego
1260 877 1362 914 non
1393 863 1472 914 uir
1504 863 1641 932 ejus.

526 1006 616 1062 XI.
659 1007 788 1062 Cum
828 1011 979 1078 prius
1013 1009 1261 1077 dixisset,
1302 1012 1561 1082 rejectum
1599 1016 1666 1071 iri
1708 1017 1899 1084 Israel,
1929 1037 2032 1078 nec

453 1099 755 1165 immerito,
794 1111 849 1156 et
883 1103 1102 1173 insuper
1148 1115 1396 1160 vocatum
1462 1107 1527 1162 iri
1589 1125 1692 1165 non
1753 1112 2028 1180 papulum,

451 1193 744 1259 quinetiam
829 1195 1229 1251 multitudinem
1311 1197 1526 1255 Domini
1608 1202 2028 1262 interfectricem

451 1283 568 1338 fore
613 1286 833 1339 omnino
884 1289 1088 1356 absque
1153 1290 1552 1356 misericordia,
1601 1304 1657 1347 et
1705 1295 1828 1363 jure
1882 1301 2027 1368 opti-

450 1392 594 1445 mo;
649 1380 841 1435 deinde
893 1381 1074 1434 statim
1137 1383 1529 1451 subjunxisset,
1588 1386 1792 1442 ultimis
1842 1393 2025 1447 saeculi

451 1471 788 1537 temporibus
843 1472 1078 1527 futuram
1128 1479 1538 1533 conversionem
1594 1495 1695 1548 per
1752 1480 1911 1537 fidem
1971 1486 2024 1540 in

449 1561 758 1628 Christum,
798 1580 919 1617 cum
949 1565 1197 1624 diceret:
1237 1587 1257 1620 ι
1295 1571 1362 1624 Ει
1404 1576 1880 1642 congregabuntur
1927 1579 2024 1633 lilii

446 1653 620 1721 Juda,
685 1664 739 1710 et
794 1656 887 1710 lilii
940 1657 1105 1712 Israel
1158 1661 1344 1727 simul,
1403 1675 1458 1717 et
1515 1667 1845 1722 constituent
1921 1670 2024 1725 sibi

447 1746 810 1816 principatum
858 1766 1024 1804 unnm
1053 1752 1118 1817 ³ο,
1181 1771 1200 1805 ι
1241 1763 1520 1825 totamque
1560 1773 1588 1810 a
1638 1760 1904 1829 principio
1935 1778 2024 1818 us-

444 1854 552 1908 que
579 1841 643 1894 ad
692 1841 850 1896 finem
879 1845 1238 1900 teconomiam
1286 1860 1628 1905 enarrasset:
1663 1854 1856 1907 transit
1898 1853 2012 1921 jam
2053 1872 2096 1925 Β

446 1927 500 1982 in
537 1929 621 1984 his
650 1932 716 1983 ad
755 1933 1052 2001 detegenda
1097 1935 1328 1990 crimina
1373 1953 1584 2006 eorum,
1613 1940 1720 2012 32
1747 1944 1837 2010 qui
1878 1944 2026 2014 juste

447 2020 632 2088 rejecti
672 2022 908 2090 fuerunt,
939 2036 993 2080 et
1020 2041 1250 2096 quorum
1278 2044 1443 2084 causa
1478 2046 1541 2086 ea
1579 2036 1687 2100 pati
1720 2035 1864 2104 ipsos
1895 2053 2024 2092 con-

449 2112 652 2182 tigerit,
701 2116 754 2170 in
792 2119 1029 2172 medium
1071 2121 1354 2190 perspicue
1387 2123 1627 2182 adducit.
1677 2125 1913 2184 Proinde
1947 2130 2025 2185 ait

446 2203 514 2256 ad
550 2202 981 2262 misericordiam
1009 2223 1351 2278 consecutos,
1387 2221 1440 2266 et
1469 2225 1738 2282 receptos,
1764 2227 1819 2272 et
1857 2233 2026 2289 popu-

447 2292 555 2347 lum
591 2294 683 2350 Dei
719 2295 915 2358 factos.
950 2300 1303 2356 nihilominus
1338 2318 1402 2356 ex
1437 2299 1725 2376 Synagoga
1768 2316 2022 2376 tanquam

445 2401 512 2439 ex
547 2387 838 2444 fornicaria
877 2392 1108 2461 quadam
1158 2404 1338 2458 natos,
1403 2394 1636 2466 Litigate
1682 2413 1805 2452 cum
1852 2413 2026 2456 matre

446 2488 654 2543 vestra,
701 2481 926 2552 litigale.
977 2503 997 2536 ›
1047 2484 1106 2540 Si
1159 2487 1305 2541 enim
1350 2503 1570 2543 causam
1633 2490 1794 2545 vultis
1841 2508 2021 2557 nosse,

447 2568 645 2640 inquit,
675 2589 844 2643 quare
879 2572 994 2630 Non
1022 2577 1251 2646 populus
1277 2595 1446 2645 meus,
1477 2589 1532 2635 ct
1559 2580 1778 2650 Absque
1806 2584 2023 2639 miseri-

446 2663 630 2718 cordia
677 2664 890 2722 fueritis
951 2677 1006 2722 et
1043 2673 1220 2724 vocati
1253 2671 1375 2726 sitis
1420 2681 1548 2726 ante
1583 2675 2020 2740 conversionem,

448 2766 555 2806 non
603 2769 689 2810 me
733 2756 786 2810 in
846 2773 941 2812 vos
981 2759 1360 2816 inclementem
1411 2772 1463 2816 et
1507 2764 1574 2817 ab
1622 2779 1808 2819 amore
1857 2768 2022 2820 vestri

446 2844 834 2900 abhorrentem
869 2847 1182 2903 invenietis.
1215 2851 1450 2922 Litigate
1482 2864 1660 2907 autem
1689 2871 1811 2910 cum
1851 2867 2026 2911 matre

447 2945 652 3002 vestra,
677 2939 932 3006 quoniam
961 2955 1272 3009 germanam
1305 2959 1428 3015 erga
1461 2962 1545 3000 me
1571 2948 1891 3003 charilatem
1918 2967 2022 3005 non

448 3026 706 3091 servavit,
759 3035 812 3080 ct
885 3030 1312 3089 familiaritatem
1372 3036 1679 3106 abnegavit,
1743 3050 1798 3094 et
1878 3043 2022 3111 puri—

450 3126 614 3171 tatem
715 3121 1015 3190 spiritualis
1102 3141 1312 3180 mecum
1396 3132 1792 3189 communionis
1865 3135 2024 3188 mini-

2063 531 2111 586 Α

2396 553 2778 640 ΤΟΜοΣ
2860 550 3420 641 ΔΕΥΤΕΡΟΣ

2205 769 2458 838 Κρίθητε
2487 767 2636 838 πρὸς
2661 767 2778 835 τὴν
2822 769 3044 837 μητέρα
3084 769 3274 838 ὑμῶν,
3324 769 3584 836 κρίθητε,
3627 769 3719 824 ὅτι

2134 860 2286 928 αὕτη
2315 861 2389 914 οὐ
2437 860 2590 929 γυνή
2636 879 2778 930 μου,
2819 861 2919 915 καὶ
2951 859 3067 932 ἐγὼ
3093 863 3206 915 οὐκ
3240 859 3398 928 ἀνὴρ
3429 860 3642 931 αὐτῆς.

2203 1018 2307 1072 IA'.
2349 1016 2722 1089 Προειρηκὼς,
2752 1019 2833 1072 ὅτι
2865 1017 2960 1072 καὶ
2985 1017 3292 1088 ἀπόϐλητος
3313 1018 3465 1072 ἔσται
3495 1019 3718 1082 δικαίως

2131 1109 2160 1161 ὁ
2199 1108 2434 1181 Ἰσραὴλ,
2460 1109 2786 1179 κεκλήσεται
2832 1111 2888 1163 δὲ
2929 1110 3066 1182 πρὸς
3105 1112 3281 1181 τούτῳ
3315 1113 3407 1164 καὶ
3437 1113 3498 1164 οὐ
3547 1112 3674 1174 λαός
3699 1131 3712 1144 ο

2132 1198 2224 1250 καὶ
2261 1198 2365 1267 μὴν
2387 1199 2468 1251 ὅτι
2496 1199 2644 1269 καὶὴ
2678 1198 2888 1269 πληθὺς
2921 1201 2954 1270 ή
2984 1201 3334 1270 κυριοκτόνος
3367 1199 3520 1253 ἔσται
3543 1201 3715 1272 δήπου

2130 1289 2348 1353 πάντως
2403 1289 2503 1342 ούκ
2561 1289 2861 1360 ήλεημένη,
2903 1291 2998 1344 καὶ
3059 1291 3265 1362 σφόδρα
3297 1292 3526 1355 εἰκότως
3551 1309 3564 1321 ο
3597 1288 3717 1345 εἶτα

2127 1381 2337 1442 τούτοις
2365 1371 2698 1450 ἐπενεγκὼν,
2724 1383 2819 1435 καί
2847 1383 2952 1434 οὐκ
2975 1383 3056 1444 είς
3089 1382 3328 1453 μακρὰν,
3357 1382 3455 1454 τὴν
3480 1385 3538 1436 ἐν
3563 1385 3718 1453 ἐσχά-

2127 1490 2240 1536 τοις
2286 1473 2380 1525 τοῦ
2425 1473 2619 1536 αἰῶνος
2671 1476 2886 1544 καιροῖς
2932 1475 3199 1546 ἐσομένην
3248 1476 3584 1544 ἐπιστροφὴν
3626 1475 3718 1530 διὰ

2127 1564 2364 1627 πίστεως
2405 1567 2486 1627 εἰς
2515 1564 2770 1635 Χριστὸν,
2802 1565 2889 1619 διά
2932 1581 2995 1632 γε
3038 1564 3134 1618 τοῦ
3161 1565 3346 1634 φάναι,
3376 1584 3394 1616 ι
3436 1567 3546 1620 Καὶ
3587 1561 3714 1620 συν-

2127 1655 2452 1728 αχθήσονται
2478 1659 2525 1710 οί
2548 1658 2653 1710 υίοὶ
2682 1657 2870 1721 Ἰούδα,
2889 1657 2982 1710 καὶ
2997 1659 3044 1711 οἱ
3061 1657 3166 1710 υίοὶ⁸
3181 1657 3396 1729 Ἰσραὴλ
3407 1659 3714 1725 ὲπιτοαυτὸ,

2127 1751 2220 1802 καὶ
2266 1748 2520 1821 θήσονται
2558 1752 2794 1814 ἑαυτοῖς
2829 1749 3004 1828 ἀρχὴν
3029 1749 3179 1821 μίαν,
3217 1769 3235 1801 ι
3265 1751 3484 1805 ἅπασάν
3509 1768 3568 1804 τε
3619 1753 3714 1805 ἀπ’

2127 1842 2302 1914 ἀρχῆς
2338 1842 2498 1914 μέχρι
2529 1843 2716 1906 τέλους
2763 1843 2863 1912 τὴν
2911 1843 3226 1913 οἰκονομίαν
3256 1843 3710 1914 ἀφηγησάμενος,

2129 1934 2347 2006 μέτεισι
2367 1936 2548 1989 λοιπὸν
2575 1937 2630 1988 έν
2656 1933 2868 1998 τούτοις
2906 1935 2999 1987 ἐπὶ
3029 1936 3090 1988 τὸ
3136 1935 3378 2006 γυμνοῦν
3417 1935 3487 1989 τὰ
3511 1936 3714 2008 ἐγκλή-

2129 2043 2275 2096 ματα
2297 2027 2406 2079 τῶν
2455 2026 2616 2088 ὁσίως
2655 2025 3140 2094 άποὸεὸλημένων,
3173 2028 3268 2080 καὶ
3286 2026 3354 2080 τά
3381 2029 3466 2096 ἐφ’
3501 2021 3580 2091 οἷς
3613 2028 3713 2081 αύ-

2125 2119 2251 2182 τοὺς
2279 2120 2462 2172 ἐκεῖνα
2501 2118 2696 2172 παθεῖν
2749 2117 3123 2189 συμϐέϐηκεν,
3149 2119 3228 2180 είς
3261 2118 3423 2188 μέσον
3452 2119 3573 2186 ἄγει
3618 2136 3716 2172 σα-

2127 2209 2262 2278 φῶς.
2314 2210 2623 2282 Τοίγαρτοί,
2666 2227 2826 2282 φησι,
2860 2209 2998 2282 πρὸς
3035 2211 3162 2273 τοὺς
3204 2209 3539 2280 ήλεημένους
3591 2211 3710 2280 μὲν,

2128 2275 2220 2355 καὶ
2269 2275 2743 2372 εἰσδεδεγμένουςῆ
2783 2300 2879 2355 καί
2907 2275 3005 2364 ἐις
3053 2301 3184 2355 λαὸν
3226 2275 3518 2370 γεγονότας
3555 2275 3712 2368 Θ-εοῦ,

2127 2392 2264 2464 πλὴν
2291 2389 2381 2447 οἷά
2411 2411 2554 2458 τινος
2581 2394 2786 2465 πόρνης
2813 2393 3196 2462 ὲκπεφυκότας
3223 2391 3323 2462 τῆς
3361 2394 3709 2463 Συναγωγῆς,

2126 2485 2366 2557 Κρίθητε
2409 2486 2544 2556 πρὸς
2599 2485 2698 2555 τὴν
2747 2481 3171 2556 μητέραὺμῶν,
3219 2484 3466 2556 κρίθητε.
3510 2487 3573 2539 El
3607 2486 3714 2557 γὰρ

2124 2578 2188 2649 δὴ
2219 2576 2492 2649 βούλεσθε,
2544 2577 2732 2646 φησὶν,
2789 2574 3089 2645 άναμαθεῖν
3137 2575 3237 2639 τὰς
3269 2576 3466 2640 αίτίας,
3511 2577 3598 2645 ἐφ’
3625 2574 3714 2641 αἷς

2126 2671 2188 2723 οὐ
2247 2669 2372 2733 λαός
2405 2687 2530 2740 μου,
2565 2669 2658 2722 καὶ
2703 2668 2804 2722 ούκ
2852 2666 3131 2739 ήλεημένη
3180 2668 3442 2737 γεγόνατέ
3491 2685 3550 2720 τε
3619 2669 3714 2722 καὶ

2127 2761 2392 2833 κέκλησθε
2419 2762 2563 2816 κατά
2588 2778 2652 2828 γε
2677 2761 2804 2824 τοὺς
2843 2759 3070 2831 χρόνους
3113 2760 3240 2822 τοὺς
3293 2759 3401 2830 πρὸ
3446 2761 3546 2830 τῆς
3604 2762 3715 2813 ὲπι.

2129 2856 2389 2926 στροφῆς,
2450 2853 2550 2907 οὐκ
2579 2853 2679 2922 ἐμὲ
2717 2853 2978 2920 γεγονότα
3015 2851 3145 2921 περὶ
3193 2851 3338 2921 ὑμᾶς
3383 2851 3566 2922 ἀπηνῆ
3621 2852 3715 2904 καῖ

2126 2949 2388 3019 ὀλίγωρον
2435 2948 2515 3009 είς
2568 2946 2954 3016 φιλοστοργίαν
3027 2945 3310 3016 εὑρήσετε.
3367 2943 3608 3016 Κρίθητε
3655 2943 3714 2996 δὲ

2127 3039 2264 3108 πρδς
2309 3039 2408 3108 τὴν
2457 3037 2667 3090 ἑαυτῶν
2711 3036 2944 3108 μητέρα,
2981 3039 3061 3090 ὅτι
3105 3036 3178 3106 μὴ
3221 3036 3463 3090 σέσωκεν
3495 3035 3717 3105 ἀγάπης

2126 3131 2224 3201 τῆς
2246 3130 2326 3192 εἰς
2352 3128 2452 3199 ἐμὲ
2472 3129 2532 3182 τὸ
2555 3129 2799 3199 γνήσιον,
2839 3130 3116 3200 ἠρνήσατο
3140 3128 3196 3181 δὲ
3226 3129 3327 3200 τὴν
3357 3128 3680 3198 οἰκειότητα·
3696 3167 3710 3188 ,

451 3206 521 3260 mi
583 3209 770 3276 duxit,
824 3226 922 3267 nec
1002 3213 1169 3268 voluit
1235 3217 1568 3274 voluntatum
1615 3238 1856 3278 mearum
1915 3225 2025 3278 fru-

2129 3223 2222 3275 καὶ
2271 3219 2452 3288 ὀλίγου
2483 3236 2585 3272 που
2635 3219 2914 3283 παντελῶς
2959 3219 3160 3290 ἠξίωσε
3198 3219 3357 3287 λόγου
3429 3219 3531 3291 τῆς
3577 3219 3716 3288 πρὸς

449 3307 570 3354 ctus
641 3315 852 3368 parere.
895 3303 1015 3374 ipsa
1086 3323 1192 3362 non
1272 3309 1375 3363 fuit
1418 3327 1554 3366 uxor
1629 3330 1778 3382 mea,
1829 3325 1882 3370 et
1925 3332 2024 3386 ego

447 3389 703 3460 deinceps
745 3409 851 3447 non
894 3396 977 3448 vir
1002 3396 1138 3466 ejus.
1165 3397 1282 3455 Non
1318 3403 1405 3455 illa
1452 3417 1548 3458 vos
1588 3405 1743 3469 mihi,
1775 3407 1870 3462 sed
1904 3407 2024 3462 aliis

449 3485 677 3553 peperit.
709 3485 867 3544 Certe
893 3489 1038 3544 enim
1070 3494 1409 3561 agnovissem
1440 3510 1609 3553 meos.
1650 3496 1767 3552 Non
1806 3510 1891 3554 est
1917 3510 2026 3554 tar-

450 3576 550 3630 dus
581 3576 650 3631 ad
688 3580 1050 3637 miserendum
1081 3593 1274 3640 natura
1303 3598 1485 3657 pater;
1515 3599 1571 3643 at
1604 3590 1654 3644 in
1689 3593 1889 3658 prolem
1916 3610 2023 3649 non

453 3667 748 3736 legitimam
775 3677 1124 3730 cunctantior
1157 3677 1277 3748 ejus
1311 3680 1525 3736 lenitas.
1573 3683 1750 3754 Atque
1779 3686 1880 3739 ista
1915 3685 2025 3741 for-

449 3757 588 3811 sitan
634 3769 888 3830 tanquam
918 3781 985 3819 ex
1029 3781 1257 3834 persona
1305 3768 1398 3823 Dei
1430 3771 1705 3826 dicuntur.
1752 3775 2024 3844 Cogitabit

451 3849 716 3918 quispiam
769 3864 824 3908 et
854 3856 1038 3910 animo
1059 3857 1238 3913 volvet
1268 3875 1502 3928 rursum,
1531 3864 1692 3932 idque
1724 3882 1830 3920 non
1861 3868 2021 3936 male,

451 3940 734 4014 Synagoga
770 3945 837 3999 ad
883 3947 1240 4005 defectionem
1283 3966 1314 4004 a
1365 3951 1475 4008 Deo
1514 3971 1796 4024 conversa,
1830 3970 1884 4015 et
1915 3962 2025 4016 dae-

450 4047 666 4086 monum
696 4035 842 4090 cultu
887 4051 1161 4109 suscepto,
1198 4045 1252 4096 et
1285 4043 1390 4098 illis
1433 4055 1640 4100 tantum
1686 4065 1794 4103 non
1847 4068 2022 4108 mere-

449 4124 603 4179 tricis
630 4127 800 4182 instar
831 4131 1085 4186 crurilms
1111 4135 1444 4199 divaricatis,
1473 4148 1626 4192 natos
1659 4154 1724 4193 ex
1752 4157 1815 4196 ea
1849 4159 2024 4214 neque

447 4221 662 4276 sincere
724 4233 888 4294 atque
942 4239 1259 4283 constanter
1314 4230 1482 4284 Deum
1539 4251 1784 4302 amasse,
1847 4255 2024 4310 neque

449 4313 604 4368 bonis
645 4318 884 4372 moribus
918 4317 1111 4384 fuisse;
1155 4321 1283 4390 quin
1323 4325 1504 4391 potius
1537 4339 1816 4392 parentum
1852 4333 2021 4385 mori-

447 4403 547 4457 bus
594 4406 874 4466 educatos.
915 4411 1032 4464 sine
1068 4413 1273 4480 pudore
1313 4414 1422 4469 Deo
1467 4418 1807 4486 displicentia
1861 4421 2021 4478 facti-

2127 3314 2227 3382 ὲμὲ
2278 3312 2658 3383 πνευματικῆς
2722 3311 3008 3376 κοινωνίας
3053 3313 3152 3385 τὴν
3201 3312 3584 3384 καθαρότητα,
3615 3313 3717 3366 οὐκ

2125 3405 2360 3476 ἠθέλησέ
2385 3423 2445 3458 τε
2469 3405 2597 3468 τοὺς
2627 3403 2735 3457 τῶν
2774 3404 2923 3475 ὲμῶν
2972 3404 3292 3476 θελημάτων
3322 3404 3535 3459 ὠδίνειν
3579 3419 3716 3475 καρ-

2128 3496 2282 3559 πούς.
2313 3496 2461 3566 Αὕτη
2491 3497 2712 3566 γέγονεν
2757 3497 2818 3550 ού
2852 3497 2988 3567 γυνή
3038 3514 3163 3568 μου,
3218 3495 3374 3566 κάγὼ
3419 3497 3507 3550 διὰ
3553 3495 3716 3549 τοῦτο

2127 3587 2310 3641 λοιπὸν
2339 3588 2441 3641 οὐκ
2473 3588 2612 3659 ἀνὴρ
2651 3587 2841 3658 αὐτῆς.
2867 3587 2986 3641 Οὐκ
3010 3587 3135 3658 ἐμοὶ
3156 3588 3383 3642 τέτοκεν
3408 3589 3576 3658 ὑμᾶς,
3597 3586 3714 3641 ἀλλ’

2128 3680 2354 3751 ἑτέροις.
2400 3682 2472 3733 Ἦ
2502 3680 2611 3751 γὰρ
2638 3681 2702 3734 ἂν
2753 3680 3000 3750 ὲπέγνων
3029 3682 3154 3744 τοὺς
3187 3678 3374 3749 ἐμούς.
3411 3681 3484 3733 υύ
3512 3678 3715 3750 βραδὺς

2127 3775 2206 3835 εἰς
2235 3771 2383 3825 έλεον
2409 3773 2436 3824 ό
2461 3772 2620 3841 φύσει
2648 3772 2831 3844 πατήρ
2851 3789 2866 3802 ο
2910 3773 3060 3824 ὀκνεί
3091 3772 3146 3824 δὲ
3177 3767 3315 3824 εἶναι
3347 3771 3581 3842 χρηστὸς
3615 3771 3710 3824 ἐπὶ

2125 3863 2254 3934 νόθῃ
2303 3865 2452 3934 γονῇ.
2486 3864 2596 3917 Καὶ
2621 3863 2799 3917 ταῦτα·
2841 3863 2940 3934 μὲν
2992 3861 3121 3927 ἴσως
3160 3863 3292 3934 φαίη
3323 3881 3408 3927 τις
3442 3863 3507 3916 ἂν
3539 3862 3614 3926 ὡς
3645 3863 3714 3916 ὲκ

2127 3956 2418 4026 προσώπου
2441 3954 2535 4008 τοῦ
2570 3955 2726 4008 Θεοῦ.
2759 3956 3035 4023 Λογιεῖται
3055 3955 3111 4007 δὲ
3145 3950 3210 4008 αὗ
3274 3956 3367 4008 καὶ
3396 3957 3710 4026 περινοήσει

2125 4048 2328 4111 καλῶς,
2351 4049 2434 4100 ὅτι
2456 4047 2841 4118 τετραμμένης
2870 4047 2971 4117 τῆς
2996 4044 3325 4116 Συναγωγῆς
3357 4049 3437 4110 είς
3467 4049 3708 4100 ἀποστα-

2127 4142 2247 4194 σίαν
2270 4141 2368 4212 τὴν
2415 4140 2523 4194 ἀπὸ
2555 4139 2712 4201 Θεοῦ,
2755 4140 2850 4192 καὶ
2876 4139 2975 4210 τὴν
3017 4139 3126 4193 τῶν
3151 4139 3421 4208 δαιμόνων
3456 4135 3710 4207 λατρείαν

2125 4233 2496 4305 ἀνῃρημένης,
2542 4233 2702 4303 μόνον
2733 4232 2790 4284 δὲ
2837 4232 2965 4302 οὐχὶ·
2987 4232 3194 4301 πόρνης
3237 4231 3394 4300 δίκην
3433 4230 3714 4301 ἁπλούσης

2125 4326 2308 4388 αὐτοῖς
2338 4325 2406 4376 τά
2439 4324 2628 4394 σκέλη,
2662 4323 2951 4392 γεγόνασιν
2974 4323 3024 4375 οἱ
3053 4322 3303 4388 ἐξαυτῆς
3330 4321 3453 4375 οὔτε
3475 4321 3719 4391 φιλόθεοι

2125 4415 2381 4486 καθαρῶς
2427 4416 2522 4468 καὶ
2541 4414 2969 4487 ὲρηρεισμένως,
2997 4412 3121 4467 οὒτε
3166 4413 3273 4484 μὴν
3301 4415 3562 4477 ἐπιεικεῖς
3585 4415 3710 4477 τοὺς

449 4505 611 4562 tasse,
649 4499 840 4566 partim
889 4499 1020 4555 Baal
1063 4511 1117 4557 et
1163 4505 1346 4561 vitulis
1391 4511 1572 4564 aureis
1621 4512 2016 4582 sacrificantes,

2127 4508 2390 4580 τρόπους·
2440 4506 2870 4578 ὲντεθραμμένοι
2900 4506 2956 4559 δὲ
3005 4506 3204 4576 μᾶλλον
3255 4509 3367 4568 τοῖς
3399 4506 3555 4576 ἤθεσι
3599 4505 3718 4558 τῶν-

447 4588 642 4656 partim
666 4591 828 4644 etiam
859 4593 910 4646 in
935 4608 1095 4649 omne
1116 4611 1282 4665 genus
1307 4597 1633 4666 impuritalis
1660 4618 1754 4671 per
1777 4619 2016 4674 praeceps

444 4680 730 4735 abeuntes.
764 4681 1072 4739 Justissime
1107 4695 1287 4740 autem
1330 4699 1558 4743 matrem
1608 4706 1759 4745 suam
1800 4708 2023 4748 accusa-

2129 4599 2558 4670 γεγεννηκότων,
2600 4598 2927 4667 ἀφυλάκτως
2973 4598 3143 4669 ᾔεσαν
3177 4597 3270 4651 ἐπὶ
3310 4597 3381 4650 τὰ
3438 4596 3719 4651 λυποῦντα

2119 4695 2288 4748 Θεόν·
2328 4693 2489 4746 τοῦτο
2517 4693 2618 4764 μὲν
2657 4692 2874 4755 θύοντες
2905 4691 2983 4762 τῷ
3019 4691 3187 4752 Βάαλ,
3235 4691 3331 4743 καὶ
3369 4693 3492 4752 ταῖς
3537 4690 3710 4761 δαμά-

446 4771 584 4825 bunt
623 4774 812 4840 magis,
856 4791 1016 4844 quam
1064 4779 1283 4833 virtutis
1326 4790 1599 4836 amantem
1655 4799 1888 4854 vereque
1935 4802 2023 4840 ca-

2127 4786 2237 4839 >.εσι
2285 4788 2407 4849 ταῖς
2449 4787 2675 4856 χρυσαῖς
2698 4827 2712 4850 ,
2746 4784 2902 4838 τοῦτο
2927 4783 2984 4836 δὲ
3019 4786 3110 4836 καὶ
3140 4783 3220 4846 εἰς
3252 4784 3360 4835 πᾶν
3395 4778 3535 4843 εἶδος
3575 4783 3710 4834 ἀκα-

447 4865 744 4919 etissimum
777 4867 1192 4940 Dominum,qui
1216 4870 1573 4930 fornicatione
1597 4879 2020 4933 contaminatam

2127 4877 2347 4947 θαρσίας
2383 4876 2804 4948 ἀπερισκέπτως
2855 4877 3180 4938 διάττοντες.
3243 4875 3589 4928 Αίτιάσονται
3628 4875 3712 4937 δὲ,

445 4954 888 5010 contubernalem
923 4958 1032 5026 pati
1064 4959 1281 5028 refugit.
1317 4961 1413 5015 Est
1445 4978 1606 5032 porro
1638 4966 1828 5020 modus
1855 4965 2022 5021 forni-

447 5045 684 5100 cationis
720 5047 1020 5116 spiritualis
1065 5051 1243 5120 plane,
1275 5055 1526 5122 quamvis
1562 5065 1622 5110 ut
1653 5059 1721 5111 de
1762 5073 2022 5126 corporea

447 5150 629 5190 sermo
659 5137 942 5194 habeatur.

2129 4970 2226 5023 καὶ
2263 4969 2469 5040 σφόδρα
2499 4969 2742 5032 εἰκότως,
2768 4968 2868 5040 τὴν
2897 4967 3106 5021 ἑαυτῶν
3131 4967 3360 5038 μητέρα,
3385 4968 3478 5019 καὶ
3502 4967 3621 5035 οὐχὶ
3644 4965 3717 5035 δὴ

2131 5061 2331 5130 μᾶλλον
2362 5062 2453 5114 τὸν
2488 5061 2774 5131 φιλάρετόν
2824 5077 2885 5113 τε
2919 5060 3014 5113 καὶ
3056 5060 3330 5126 πάναγνον
3360 5058 3576 5128 ἀληθῶς
3597 5058 3680 5126 [As

2137 5153 2362 5224 σπότην,
2393 5153 2452 5217 ὃς
2483 5153 2728 5206 σύνοικον
2759 5153 2903 5222 ἔχειν
2944 5152 3044 5204 οὐκ
3085 5153 3228 5217 ἀξιοῖ
3271 5151 3372 5220 τὴν
3413 5164 3712 5218 πεπορνευ-

451 5231 638 5302 μένην.
667 5231 890 5303 Νοητῶς
945 5235 1002 5288 δὲ
1052 5236 1266 5301 πάντως
1299 5239 1396 5309 τῆς
1436 5240 1691 5310 πορνείας
1718 5241 1746 5293 ό
1771 5243 1988 5312 τρόπος,
2030 5245 2132 5297 κᾶν
2163 5248 2211 5299 εί
2263 5246 2474 5300 λαλοῑτο
2499 5247 2848 5316 σωματικῶς.

524 5368 684 5423 Vens.
726 5371 780 5425 5.
805 5369 874 5424 Et
935 5375 1177 5442 auferam
1229 5377 1630 5445 fornicationem
1675 5379 1788 5447 ejus
1823 5397 1856 5432 a
1891 5380 2024 5448 {acie

449 5477 566 5515 mea
585 5503 598 5525 ,
640 5473 688 5516 et
716 5464 1034 5520 adulterium
1077 5467 1192 5536 ejus
1224 5470 1288 5523 de
1315 5471 1485 5524 medio
1514 5473 1731 5524 uberum
1760 5472 1934 5538 illius,
1970 5484 2024 5527 ut

451 5571 642 5609 cauam
671 5573 784 5610 eam
819 5561 1036 5629 nudam,
1067 5572 1116 5615 et
1149 5563 1418 5617 restituam
1451 5579 1564 5618 eam
1600 5564 1734 5618 sicut
1778 5567 1887 5620 dies
1925 5582 2023 5620 na—

451 5645 668 5700 tivitatis
699 5649 834 5718 ejus.

531 5869 574 5900 ιο
603 5869 666 5923 1v
711 5871 842 5944 Reg.
880 5889 991 5941 χιχ,
1033 5875 1125 5933 2|.

2209 5376 2315 5430 Καὶ
2344 5375 2538 5445 ἐξαρῶ
2567 5375 2680 5443 τὴν
2721 5375 3008 5443 πορνείαν
3054 5371 3244 5440 αὐτῆς
3279 5372 3346 5424 ἐκ
3387 5369 3713 5438 προσώπου

2131 5487 2268 5540 μου,
2304 5469 2404 5523 καὶ
2449 5468 2564 5536 τὴν
2595 5467 2874 5536 μοιχείαν
2919 5465 3109 5532 αὐτῆς
3145 5465 3214 5518 ἐκ
3241 5464 3435 5532 μέσου
3461 5458 3716 5530 μαστῶν

2133 5560 2342 5628 αὐτῆς,
2379 5559 2539 5624 ὅπως
2566 5557 2642 5612 ἂν
2669 5557 2905 5612 ἑκδύσω
2925 5556 3119 5623 αὐτὴν
3148 5554 3405 5626 γυμνὴν,
3439 5554 3536 5607 καί
3567 5554 3714 5607 ἀπο-

2133 5652 2490 5721 καταστήσω
2514 5651 2708 5718 αὐτὴν
2739 5651 2932 5717 καθὼς
2954 5649 3163 5720 ἡμέραι
3193 5646 3485 5717 γενέσεως
3499 5644 3714 5713 αὐτῆς.
