4046 6376
238 464 301 519 61
1169 456 1724 514 COMMENTARIUS
1764 455 1835 510 ΙΝ
1870 457 2103 512 OSEAM
2138 448 2613 513 moramur;
3443 457 3512 515 6‘2

308 579 406 633 lB'.
428 578 552 640 Τοῖς
582 577 691 629 ἀπὸ
729 575 955 647 γνώμης
979 575 1115 640 ἰδίας
1140 577 1241 631 οὐκ
1266 579 1654 649 ἐπιστρέφουσι
1682 580 1817 650 πρὸς

1994 578 2217 645 Xll.Qui
2236 594 2265 633 a
2284 579 2562 633 voluntate
2580 592 2674 633 sua
2693 577 2759 632 ad
2783 578 2949 632 Deum
2968 592 3026 634 se
3040 593 3143 633 non
3162 587 3510 647 convertunt,

237 670 387 733 Θεὸν,
445 667 571 722 οὔτε
635 668 741 739 μὴν
809 668 1159 738 ἀνεχομένοις
1218 670 1289 723 τὰ
1350 671 1498 741 αὐτῷ
1565 672 1826 725 δοκοῦντα

242 761 501 831 πληροῦν,
569 760 706 815 ἀλλά
756 763 889 824 τοῖς,
927 761 1027 813 οὐκ
1091 758 1186 814 οἷδ’
1246 763 1393 826 ὅπως
1457 763 1826 833 τετιμημένης

238 856 417 917 αὐτοῖς
448 852 781 924 φαυλότητος
815 852 986 923 ἀπρὶξ
1023 852 1308 923 ἡμμένοις,
1342 853 1501 925 ποινὴ
1534 855 1629 907 καὶ
1668 854 1831 908 κόλα-

236 964 323 1009 σις
359 947 674 998 ἐπινοεῖται.
714 944 839 1009 Τίς;
875 945 993 1013 Ἐφ’
1023 946 1160 1016 ὅπερ
1204 942 1271 1017 ῆν
1322 946 1548 1015 ἄμεινον
1587 945 1645 1011 ἐξ
1693 947 1830 1011 ίδίας

238 1037 503 1108 φέρεσθαι
534 1035 779 1105 γνώμης,
833 1037 918 1088 ἐπ’
952 1036 1084 1089 αὐτὸ
1128 1036 1192 1107 δὴ
1244 1036 1402 1090 τοῦτο
1471 1038 1830 1109 μετατεθῆναι

237 1127 444 1191 λοιπὸν,
472 1125 544 1189 ὡς
573 1126 631 1191 ἐξ
663 1125 931 1196 ἀνάγκης,
959 1126 1053 1179 καὶ
1100 1126 1287 1195 φόϐου.
1324 1126 1535 1198 Ὄνπερ
1574 1128 1681 1202 γὰρ
1708 1130 1830 1199 τρό-

239 1237 344 1272 πον
374 1218 481 1271 τῶν
515 1220 573 1270 ὲν
630 1220 744 1280 τοῖς
772 1216 988 1287 σώμασι
1016 1218 1346 1287 τραυμάτων
1378 1218 1447 1271 τὰ
1472 1219 1710 1290 δυσχερῆ
1741 1220 1833 1273 καὶ

241 1308 768 1381 δυσμεταχείριστα,
816 1309 921 1363 κᾶν
961 1312 1010 1362 εί
1073 1309 1147 1380 μὴ
1200 1312 1323 1372 ταῖς
1367 1310 1475 1361 τῶν
1523 1309 1833 1379 φαρμάκων

241 1402 536 1471 δυνάμεσιν
562 1401 781 1456 εἴκοντα
820 1400 1060 1471 δέχοιντό
1095 1418 1217 1455 τινα
1256 1400 1355 1471 τὴν
1400 1402 1480 1463 είς
1522 1400 1582 1453 τὸ
1612 1402 1834 1471 ἄμεινον

245 1494 663 1566 μετατροπὴν,ἦ
695 1493 899 1563 σιδήρῳ
931 1492 1209 1563 τέμνεται,
1237 1495 1336 1564 τῆς
1367 1492 1478 1545 τῶν
1504 1493 1703 1563 ἰατρῶν
1744 1496 1837 1563 έμ-

241 1587 462 1656 πειρίας
513 1588 593 1648 είς
652 1584 840 1638 τοῦτον
892 1582 1166 1653 καλούσης
1221 1585 1319 1652 τῆς
1380 1584 1698 1656 ἐπικουρίας
1743 1587 1836 1638 τὸν

240 1678 463 1748 τρόπον,
504 1678 671 1747 ῆγουν
728 1678 943 1730 νικᾶται
1004 1677 1176 1748 πυρί·
1220 1676 1362 1731 οὕτω
1412 1678 1505 1730 καὶ
1547 1677 1834 1749 ἀνθρώπου

240 1770 391 1841 ψυχὴ
433 1770 570 1823 πολὺ
595 1769 925 1823 διανεύσασα
968 1768 1105 1840 πρὸς
1144 1770 1445 1823 ἀπόστασιν
1486 1770 1585 1841 τὴν
1610 1769 1668 1836 ἐξ
1703 1770 1838 1838 ἁγα-

243 1863 375 1923 θῶν,
406 1863 509 1915 κᾶν
541 1864 589 1914 εἰ
620 1862 696 1930 μὴ
727 1864 846 1924 ταῖς
874 1861 985 1913 τῶν
1018 1860 1414 1915 νουθετούντων
1441 1863 1580 1915 εἴκοι
1608 1865 1832 1931 φωναῖς,

247 1956 389 2025 μήτε
433 1953 542 2026 μὴν
585 1954 761 2006 ’ἐλοιτο
800 1954 1133 2024 μεταφοιτᾷν
1167 1954 1232 2006 ἐκ
1261 1953 1369 2007 τῶν
1415 1954 1705 2024 αἰσχιόνων
1741 1954 1835 2008 ἐπὶ
1869 1939 1907 1991 Β

242 2044 307 2099 τὸ
338 2045 583 2115 ἄμεινον,
618 2047 839 2099 νικᾶται
884 2048 1006 2110 ταῖς
1048 2046 1245 2111 δίκαις,
1279 2048 1374 2100 καὶ
1410 2049 1525 2110 τοῖς
1551 2049 1652 2118 τῆς
1677 2048 1836 2102 κολά-

247 2153 386 2200 σεως
444 2137 707 2191 ὲναλοῦσα
763 2137 1015 2209 βρόχοις,
1074 2140 1382 2207 ἀναγκαίαν
1439 2144 1675 2195 ποιεῖται
1736 2142 1836 2212 τὴν

245 2229 605 2301 ἐπιστροφήν.
649 2229 859 2284 Ὀποῖόν
904 2232 1020 2284 ἐστι
1074 2231 1136 2285 τὸ
1192 2231 1278 2286 διὰ
1314 2234 1496 2305 φωνῆς
1528 2234 1792 2305 Ἰερεμίου
1818 2253 1833 2268 ο

178 2336 188 2343 ·
254 2339 275 2373 σ
302 2320 457 2390 Πόνῳ
473 2321 565 2373 καὶ
586 2321 811 2391 μάστιγι
836 2322 1213 2396 παιδευθείσῃ,
1242 2324 1619 2397 Ἰερουσαλήμ.
1648 2346 1665 2378 ι
1695 2327 1838 2381 Ψάλ-

247 2410 334 2462 λει
365 2410 424 2463 δέ
454 2428 507 2464 τι
535 2413 777 2466 τοιοῦτον
806 2415 899 2467 καὶ
938 2416 966 2467 ό
1018 2413 1303 2479 θεσπέσιος
1346 2417 1530 2481 Δαϐὶδ,
1569 2417 1696 2490 περὶ
1731 2419 1838 2473 τῶν

248 2503 619 2573 ἡγαπηκότων
646 2504 707 2557 τὸ
739 2505 871 2558 πολὺ
896 2506 959 2576 δὴ
990 2506 1110 2559 λίαν
1141 2508 1370 2576 ἄγεσθαι
1403 2509 1539 2580 πρὸς
1560 2509 1621 2563 τὸ
1656 2510 1839 2582 πλημ-

253 2594 471 2665 μελεῖν·
513 2615 531 2647 ι
569 2595 657 2647 Ἐν
689 2596 856 2667 κημῷ
900 2599 995 2651 καὶ
1022 2599 1226 2671 χαλινῷ
1251 2600 1352 2664 τὰς
1371 2603 1625 2670 σιαγόνας
1658 2602 1840 2657 αὐτῶν

250 2688 446 2755 ἄγξαις
503 2686 613 2740 τῶν
650 2689 724 2759 μὴ
775 2691 1107 2758 ἐγγιζόντων
1135 2693 1272 2763 πρὸς
1305 2694 1383 2747 σέ.
1418 2715 1436 2747 ι
1492 2696 1573 2749 Τὰ
1614 2696 1723 2767 γάρ
1758 2713 1840 2749 τοι

255 2776 469 2849 σκληρά
500 2795 557 2831 τε
613 2781 708 2832 καὶ
739 2780 1100 2850 ἀστοιχείωτα
1138 2781 1247 2834 τῶν
1272 2783 1483 2852 ἀλόγων
1512 2782 1665 2849 ζώων
1694 2785 1842 2855 χαλι-

252 2871 364 2932 νοῖς
418 2870 836 2941 περιτρέπουσιν
864 2873 943 2935 εἰς
970 2871 1031 2924 τὺ
1060 2868 1119 2926 εῦ
1172 2873 1317 2944 ἔχειν
1343 2873 1534 2927 δοκοῦν
1576 2876 1625 2927 οί
1669 2875 1843 2929 πωλο-

250 2959 478 3031 δαμνεῖν
507 2962 760 3025 εἰωθότες
779 2979 792 2993 ·
818 2961 960 3017 οὓτω
991 2964 1087 3018 καὶ
1116 2964 1250 3029 Θεὸς
1275 2967 1561 3038 χρησίμως
1598 2967 1841 3039 προσφέ-

256 3069 414 3123 ρεται
470 3056 581 3118 τοῖς
634 3054 1131 3127 φιλαμαρτήμοσιν.
1187 3057 1395 3111 Οὐκοῦν
1459 3058 1843 3113 συνεϐούλευον

1940 686 2039 725 nec
2063 669 2256 724 adduci
2283 678 2538 740 possunt,
2562 678 2761 737 utqnae
2788 668 2861 722 illi
2885 669 3099 739 placent
3122 678 3510 737 exsequantur,

1935 778 2121 817 verum
2154 763 2205 816 in
2240 762 2460 831 ﬂagitiis
2490 762 2604 816 suis
2632 762 2773 830 (qua:
2816 762 2997 817 nescio
3032 761 3302 831 quomodo
3338 763 3514 840 s‘uspi-

1932 855 2108 922 ciunt)
2133 853 2486 923 pertinaciter
2514 852 2744 914 luerent,
2778 851 2843 904 iis
2879 867 3037 919 pmna
3085 853 3516 923 suppliciumque

1932 946 2276 1018 pr0ponitur.
2314 944 2598 1013 Quodnam
2635 945 2802 998 illml?
2831 944 2903 999 Ut
2946 948 3010 997 ad
3043 948 3183 1013 quod
3228 961 3284 998 se
3323 956 3515 1015 Sponte

1934 1056 2029 1095 sua
2054 1041 2471 1094 accommodare
2500 1037 2606 1108 33
2634 1037 2825 1091 melius
2854 1037 3052 1103 fuerat,
3090 1021 3154 1090 ad
3185 1039 3284 1092 hoc
3316 1039 3512 1106 ipsum,

1935 1144 2193 1201 tanquam
2238 1145 2305 1185 ex
2362 1132 2693 1185 necessitate
2745 1140 2799 1183 et
2830 1130 3023 1183 timore
3062 1145 3121 1182 se
3166 1132 3512 1186 transferant.

1937 1221 2092 1278 Sicut
2141 1221 2288 1276 enim
2337 1220 2561 1275 vulnera
2610 1235 2899 1289 corporum
2951 1233 3141 1274 sanatu
3188 1222 3417 1276 dillicilia
3464 1231 3517 1275 et

1937 1312 2328 1378 intractabilia,
2358 1312 2463 1367 nisi
2498 1313 3020 1367 medicamentorum
3053 1314 3240 1365 virtuti
3271 1314 3516 1366 cedentia

1938 1408 2289 1462 mutationem
2354 1406 2421 1459 ad
2475 1405 2773 1459 sanitatem
2827 1404 3153 1466 admittant,
3216 1417 3309 1457 ant
3375 1404 3519 1459 ferro

1938 1509 2212 1563 secantur,
2262 1497 2455 1567 peritia
2504 1496 2834 1549 medicorum
2877 1496 3021 1548 ltunc
3063 1495 3247 1547 auxilii
3301 1496 3515 1547 modum

1937 1592 2227 1656 suadente,
2268 1599 2359 1644 aut
2395 1597 2542 1644 certe
2582 1588 2688 1658 igni
2724 1590 3015 1641 vincuntur
3038 1629 3052 1652 ,
3096 1589 3164 1640 ita
3200 1598 3254 1641 et
3286 1588 3518 1640 hominis

1938 1686 2143 1749 anima,
2162 1685 2227 1738 ad
2254 1682 2664 1738 desciscendutn
2694 1696 2720 1731 ιι
2748 1681 3022 1749 probitate
3044 1695 3301 1749 perquam
3329 1696 3518 1747 prona,

1938 1776 2043 1831 nisi
2087 1775 2312 1829 vocibus
2363 1772 2772 1827 admonentium
2825 1772 3002 1826 locum
3047 1773 3360 1841 reliquerit,
3400 1784 3451 1825 et
3490 1789 3516 1823 a

1942 1866 2276 1937 turpitudine
2306 1865 2372 1918 ad
2404 1864 2743 1918 honestatem
2785 1865 3021 1918 transire
3053 1864 3372 1927 instituerit,
3407 1878 3520 1931 pte-

1940 1960 2023 2014 nis
2056 1960 2315 2020 vincitur,
2357 1966 2411 2010 et
2464 1955 2713 2024 supplicii
2771 1956 2982 2024 laqueis
3032 1956 3338 2026 implicata,
3396 1956 3521 2009 velit

1938 2052 2071 2106 nolit
2108 2051 2469 2106 convertitur.
2511 2050 2683 2115 Quale
2726 2060 2813 2104 est
2853 2050 2997 2118 quod
3041 2050 3180 2117 apud
3228 2048 3516 2103 Jercmiam

1938 2141 2165 2210 legimus
2191 2156 2235 2195 :t
2264 2141 2453 2196 Dolore
2474 2154 2524 2196 et
2550 2141 2763 2211 ﬂagello
2785 2142 3074 2203 erndieris,
3099 2140 3397 2195 Jerusalem
3417 2142 3480 2195 ¹¹.
3498 2160 3516 2194 ι

1940 2235 2130 2291 Simile
2156 2235 2283 2304 quid
2335 2234 2513 2303 psallit
2560 2243 2615 2288 et
2646 2235 2836 2288 beatus
2880 2232 3049 2286 David
3097 2233 3162 2287 de
3200 2234 3289 2297 iis,
3326 2234 3523 2302 quibus

1938 2327 2133 2398 volupe
2178 2336 2261 2382 est
2304 2330 2356 2382 in
2404 2336 2623 2397 peccata
2671 2342 2831 2381 ruere
2869 2350 2879 2383 :
2917 2346 2935 2377 ι
2970 2327 3023 2379 in
3055 2342 3212 2381 camo
3257 2336 3311 2380 et
3363 2327 3519 2381 freno

1941 2418 2190 2474 maxillas
2210 2435 2397 2475 eorum
2423 2420 2760 2489 constringe,
2794 2419 2884 2488 qui
2917 2434 3020 2472 non
3050 2419 3430 2487 approximant
3455 2419 3521 2470 ad

1942 2521 1995 2568 te
2018 2512 2083 2565 ¹’.
2123 2531 2142 2565 ι
2180 2511 2413 2581 Asperas
2454 2513 2599 2567 enim
2681 2522 2737 2566 et
2788 2512 2965 2565 adlmc
3018 2511 3178 2565 rudes
3218 2509 3524 2563 animantes

1940 2617 2041 2672 pro
2101 2601 2329 2656 arbitrio
2376 2616 2476 2655 suo
2528 2601 2827 2656 domitores
2893 2600 3061 2654 frenis
3111 2600 3521 2665 circumagunt;

1944 2694 2196 2748 similiter
2224 2696 2465 2759 peccatis
2494 2693 2707 2747 deditos
2742 2693 2882 2748 Deus
2916 2694 2982 2747 ad
3018 2707 3203 2746 eorum
3237 2690 3522 2744 utilitatem

1945 2793 2163 2840 tractat.
2208 2785 2471 2851 Quocirca
2512 2784 2797 2839 consilium
2838 2784 3038 2838 dabant
3075 2784 3370 2855 Synagogte
3400 2797 3525 2852 pro-

1945 2879 2120 2947 pheta:
2148 2889 2204 2932 et
2234 2876 2390 2944 justi,
2419 2876 2494 2929 uti
2533 2890 2591 2929 se
2620 2877 2688 2930 ab
2715 2875 2984 2929 idolorum
3020 2874 3167 2927 cultu
3198 2884 3525 2935 removeret,

1943 2975 1999 3019 et
2029 2965 2098 3021 ab
2123 2982 2334 3031 errore,
2370 2966 2553 3020 nescio
2581 2966 2720 3019 unde
2749 2964 2971 3018 invento
3001 2974 3057 3019 et
3099 2963 3434 3026 introducto,
3467 2977 3527 3017 se

1945 3059 2274 3116 contineret.
2317 3057 2506 3127 Neque
2542 3058 2595 3112 bi
2631 3065 2862 3120 tantum,
2905 3057 2997 3112 sed
3033 3055 3198 3110 etiam
3239 3055 3354 3124 ipse
3386 3054 3525 3108 Deus

258 3146 359 3219 μὲν
402 3150 466 3218 τῇ
502 3148 796 3219 Συναγωγῇ
848 3149 1123 3219 προφῆται
1170 3151 1266 3204 καὶ
1318 3150 1536 3217 δίκαιοι,
1590 3151 1692 3220 τῆς
1733 3152 1841 3205 τῶν

1953 3149 2282 3216 minabatur,
2333 3150 2650 3205 faadissimis
2684 3164 2777 3204 eos
2810 3165 2868 3203 se
2907 3149 3064 3202 malis
3103 3149 3523 3215 exagitatnrnm,

254 3236 490 3291 εἰδώλων
520 3240 885 3311 ἀποφοιτῆσαι
916 3242 1190 3312 λατρείας,
1216 3245 1309 3296 καὶ
1333 3244 1430 3314 τῆς
1453 3244 1553 3297 οὑκ
1600 3240 1696 3298 οἷδ’
1725 3245 1848 3299 ὅθεν

255 3327 639 3401 εξηυρημένης
672 3332 1006 3403 ἀποσχέσθαι
1034 3335 1266 3404 πλάνης.
1310 3335 1420 3389 Καὶ
1442 3336 1501 3388 ού
1536 3337 1697 3407 μέχρι
1722 3338 1846 3391 τού-

254 3440 368 3475 των
397 3438 411 3451 ⁸
443 3423 579 3476 ἀλλά
610 3427 705 3476 καὶ
730 3425 893 3489 αὐτὸς
920 3427 1133 3495 ἠπείλει
1173 3427 1306 3492 Θεὸς
1348 3429 1630 3500 ἐπιθήσειν
1668 3432 1851 3496 αὐτοῖς

255 3516 330 3568 τὰ
356 3515 573 3570 πάντων
595 3518 851 3588 αἴσχιστα
884 3519 992 3571 τῶν
1018 3519 1225 3583 κακῶν,
1248 3523 1296 3573 εί
1328 3521 1400 3593 μὴ
1426 3522 1630 3577 ἓλοιντο
1654 3522 1849 3577 παλιν-

256 3606 484 3678 δρομεῖν
503 3610 584 3671 είς
607 3609 668 3661 τὸ
700 3612 917 3679 φρονεῖν
938 3629 1019 3676 τε,
1039 3614 1133 3665 καὶ
1157 3613 1290 3684 δρᾷν
1308 3613 1376 3667 τά
1398 3614 1546 3685 αὐτῷ
1566 3614 1846 3681 δοκοῦντα,

259 3700 358 3752 καὶ
393 3699 538 3769 φίλα.
582 3702 645 3753 Di
678 3699 901 3773 δεῆσαν
936 3702 1016 3755 ἔτι
1066 3704 1228 3757 δεινοί
1274 3723 1332 3759 τε
1364 3708 1457 3759 καὶ
1518 3710 1851 3780 ἀτεράμονες

260 3791 359 3843 καὶ
406 3791 504 3862 τὴν
566 3792 807 3847 διάνοιαν
857 3796 1155 3862 ἁκαμπεῖς.
1207 3798 1473 3871 Ταύτῃτοι
1524 3799 1850 3871 δορύληπτοι

260 3884 570 3950 γεγονότες,
625 3887 705 3948 είς
767 3886 1086 3958 Ἀσσυρίους
1168 3890 1263 3942 καὶ
1325 3891 1544 3962 Μήδους
1608 3894 1852 3964 μακροὺς

259 3974 671 4029 διατετελέκασι
707 3976 950 4049 χρόνους.
1002 3971 1078 4031 Οὗ
1133 3982 1442 4049 γεγονότες,
1498 3983 1593 4036 καὶ
1638 3983 1715 4054 τῷ
1748 3984 1851 4054 τῆς

259 4065 506 4130 δουλείας
540 4066 967 4138 κατηχθισμένοι
1002 4069 1171 4137 ζυγῷ,
1208 4071 1364 4125 ἔθυον
1403 4072 1501 4143 μὲν
1528 4076 1646 4137 ταῖς
1678 4075 1854 4146 δαμά-

258 4159 409 4211 λεσιν
463 4159 675 4212 ούκέτι·
736 4160 854 4224 πῶς
909 4160 1036 4234 γὰρ,
1098 4162 1130 4233 ἢ
1196 4164 1381 4229 πόθεν,
1433 4167 1482 4219 οί
1518 4166 1573 4219 δὲ
1611 4162 1752 4237 ἦσαν
1795 4169 1853 4220 ἐν

260 4250 529 4319 ἀφύκτοις
570 4254 794 4319 κακοῖς;
844 4251 960 4307 ἀλλ’
1002 4254 1121 4307 οὐδὲ
1157 4256 1317 4309 αὐτὸν
1353 4257 1716 4311 ἐπεκαλοῦντο
1762 4258 1853 4313 τόν

261 4341 434 4405 Βάαλ,
462 4342 736 4396 διετέλουν
768 4343 825 4396 δὲ
856 4344 1055 4415 μᾶλλον
1098 4346 1199 4409 τὰς
1224 4348 1432 4401 ἑαυτῶν
1462 4350 1853 4420 ἀνοιμώζοντες

263 4436 573 4506 ουμφοράς.
624 4436 797 4488 Τοῦτό
838 4437 922 4489 τοί
965 4455 1129 4509 φησιν
1155 4442 1181 4492 ό
1212 4439 1320 4493 τῶν
1371 4441 1507 4495 ὅλων
1533 4443 1849 4514 Δεσπότηςο

1954 3241 2054 3296 nisi
2095 3252 2300 3295 mutata
2351 3251 2553 3309 mente,
2601 3245 2666 3297 ad
2706 3242 2990 3310 cogitanda
3031 3251 3085 3295 et
3131 3241 3375 3294 facienda
3411 3254 3529 3309 quae

1952 3334 2053 3402 ipsi
2088 3342 2239 3403 grata
2299 3344 2353 3388 et
2377 3335 2546 3389 amica
2575 3343 2780 3400 essent,
2824 3333 3258 3404 regrederentur.
3300 3332 3373 3384 llli
3401 3346 3530 3386 vero

1952 3426 2129 3481 adhuc
2158 3426 2332 3494 asperi
2360 3436 2416 3480 et
2443 3426 2715 3490 indomiti,
2740 3436 2795 3480 et
2823 3426 3006 3479 animo
3040 3424 3323 3493 praefracto
3351 3433 3526 3477 erant.

1953 3519 2133 3587 Quare
2168 3518 2310 3573 bello
2355 3520 2498 3586 capti
2547 3520 2687 3588 apud
2721 3519 2974 3588 Assyrios
3008 3527 3063 3571 et
3110 3516 3293 3571 Medos
3341 3517 3527 3585 perdiu

1953 3613 2222 3666 vixerunt.
2265 3610 2367 3667 Ubi
2409 3626 2532 3665 cum
2567 3621 2787 3675 essent,
2831 3622 2885 3664 et
2928 3609 3058 3680 jugo
3092 3609 3369 3663 servitutis
3404 3624 3528 3673 gra-

1952 3716 2232 3773 varentur,
2270 3705 2456 3760 vitulis
2486 3704 2559 3758 illi
2592 3705 2809 3774 quidem
2849 3719 2953 3757 non
2985 3702 3217 3771 amplius
3253 3718 3364 3755 rem
3396 3701 3532 3754 divi-

1955 3811 2080 3850 nam
2128 3796 2408 3851 faciebant
2451 3796 2566 3865 (qui
2610 3795 2787 3857 enim,
2818 3804 2909 3847 aut
2946 3795 3088 3847 unde
3132 3792 3398 3858 facerent,
3441 3791 3531 3861 qui

1955 3887 2114 3941 malis
2186 3887 2574 3957 premebantur
2647 3884 3290 3959 inevitabilibus?),sed
3361 3899 3535 3953 neque

1954 3980 2128 4049 ipsius
2175 3979 2305 4033 Baal
2358 3993 2513 4048 opem
2561 3977 2955 4048 implorabant;
3002 3978 3130 4046 quin
3180 3991 3306 4031 suas
3354 3974 3534 4044 potius

1955 4071 2294 4126 calamitates
2322 4070 2541 4124 assiduo
2573 4068 3033 4123 lamentabantur.
3078 4067 3189 4122 lloc
3232 4068 3394 4137 igitur
3427 4075 3531 4129 est,

1954 4162 2098 4231 quod
2133 4161 2513 4215 universorum
2587 4159 2850 4213 Dominus
2884 4159 3003 4213 ait:
3057 4158 3314 4213 Auferam
3364 4157 3533 4211 forni-

1956 4252 2225 4307 cationem
2280 4255 2396 4319 ejus
2428 4268 2456 4305 a
2492 4250 2628 4305 facie
2673 4265 2815 4315 mea,
2851 4262 2917 4305 et
2950 4251 3273 4305 adulterium
3316 4250 3434 4319 ejus
3472 4252 3537 4304 de

1956 4347 2135 4401 medio
2174 4346 2398 4400 uberum
2434 4345 2569 4412 ejus.
2620 4344 2807 4397 Abihit
2869 4344 3015 4398 enim
3067 4344 3305 4411 captiva,
3340 4341 3536 4411 inquit,

1956 4452 2057 4493 nec
2096 4438 2291 4493 videbo
2342 4439 2394 4491 in
2447 4446 2723 4507 posterum
2776 4436 3179 4490 sacrificantem
3231 4433 3393 4498 Baal,
3440 4449 3537 4488 nec

262 4528 376 4580 Καὶ
413 4526 592 4598 ὲξαρῶ
620 4527 716 4597 τὴν
757 4528 1015 4598 πορνείαν
1053 4530 1223 4602 αὐτῆς
1259 4533 1323 4584 ὲκ
1372 4532 1667 4604 προσώπου
1718 4552 1843 4605 μου,

1950 4529 2131 4583 vitulis
2180 4530 2360 4584 attreis
2404 4530 2546 4583 ultra
2596 4528 2910 4583 offerentem
2949 4527 3302 4591 holocausta,
3340 4537 3395 4580 et
3429 4542 3538 4594 pra:

262 4617 361 4669 καὶ
391 4617 486 4687 τὴν
534 4617 782 4687 μοιχείαν
856 4618 1029 4689 αὐτῆς
1085 4621 1150 4673 ὲκ
1182 4621 1346 4691 μέσου
1401 4623 1622 4694 μαστῶν
1658 4626 1847 4696 αὐτῆς.

261 4710 559 4779 Οἰχήσεται
602 4709 711 4780 γὰρ
747 4710 1112 4780 αἰχμάλωτος,
1167 4712 1324 4783 φησὶ,
1372 4716 1467 4767 καὶ
1504 4716 1603 4768 οὐκ
1653 4715 1853 4788 ὂψομαι

262 4801 499 4855 θύουσαν
519 4802 599 4854 ἔτι
624 4802 703 4871 τῷ
734 4804 881 4857 Βάαλ
900 4843 915 4865 ,
958 4803 1080 4857 οὕτε
1113 4808 1236 4868 ταῖς
1266 4808 1530 4877 δαμάλεσι
1572 4814 1692 4873 ταῖς
1720 4829 1851 4882 χρυ-

264 4895 387 4955 σαῖς
436 4893 516 4945 ἔτι
571 4893 830 4946 τελοῦσαν
875 4893 1304 4965 ὁλοκαυτώματα
1325 4938 1341 4962 ,
1399 4898 1492 4951 καὶ
1542 4901 1607 4951 ἐκ
1653 4899 1852 4971 πολλῆς

260 4983 404 5050 ἄγαν
451 4984 762 5053 ἀγερωχίας
808 4986 1092 5055 μονονουχὶ
1139 4987 1233 5039 καὶ
1277 4988 1702 5058 ἀπογυμνοῦσαν
1739 4995 1852 5056 τοῖς

264 5074 420 5136 ξδίοις
449 5075 708 5143 ἐρασταῖς
738 5076 863 5137 τοὺς
888 5073 1145 5144 μαστούς.
1191 5075 1599 5148 Ἐφησθήσομαι
1626 5078 1683 5131 δὲ
1717 5079 1852 5148 μᾶλ-

259 5168 356 5219 λον
388 5164 626 5237 ἀλυούσῃ
654 5183 736 5229 τε,
772 5168 868 5220 καὶ
888 5166 1398 5238 ταλαιπωρουμένῃ,
1436 5169 1529 5222 καὶ
1552 5171 1853 5239 ἀνήκεστον

262 5253 467 5326 ἐχούσῃ
493 5255 797 5325 συμφορὰν,
848 5256 906 5310 ἐν
948 5259 1016 5327 γῇ
1063 5256 1164 5309 οὐκ
1217 5257 1342 5329 ἰδία,
1374 5260 1468 5313 καὶ
1501 5260 1606 5312 ὑπὸ
1663 5262 1855 5327 δεινοῖς

264 5347 361 5399 καὶ
392 5349 609 5418 πικροῖς
630 5349 969 5421 γεγενημένῃ
991 5350 1299 5414 δεσπόταις.
1319 5350 1554 5405 Ἐποίσω
1584 5353 1640 5405 δὲ
1661 5354 1853 5418 ταῦτα,

262 5441 365 5511 τῆς
392 5441 530 5511 ἐμῆς
552 5441 874 5512 ἐπικουρίας
899 5443 1304 5513 ἀπογυμνώσας
1332 5443 1521 5515 αὐτὴν,
1557 5445 1650 5498 καὶ
1685 5447 1857 5517 ἀσχή-

268 5549 408 5603 μονα
439 5531 870 5599 καταλελοιπὼς,
898 5533 974 5596 ώς
995 5534 1055 5587 ὲν
1088 5528 1169 5598 οἷς
1203 5531 1271 5606 ἦν
1300 5536 1358 5587 ὲν
1392 5536 1587 5606 ἀρχαῖς
1624 5538 1856 5608 ὁρᾶσθαι

267 5625 667 5697 γεγενημένην,
734 5626 825 5679 ὅτε
885 5626 976 5680 τὸν
1022 5629 1121 5695 τῆς
1174 5627 1492 5696 Αἰγυπτίων
1542 5629 1856 5695 πλεονεξίας

266 5718 647 5791 ἀχθοφοροῦσα
686 5720 874 5787 ξυνὸν,
904 5723 1088 5793 γυμνὴ
1139 5721 1364 5775 διετέλει
1408 5722 1508 5794 τῆς
1549 5724 1680 5795 παρ’
1719 5724 1854 5795 ἐμοῦ

344 5902 386 5934 ³¹
419 5898 531 5955 Jer.
574 5916 648 5967 vr,
687 5899 741 5955 8.
822 5902 865 5933 "
899 5900 1040 5956 Psal.
1084 5917 1239 5969 uxr,
1280 5901 1333 5956 9.

1960 4623 2128 4677 multa
2164 4622 2415 4689 superbia
2461 4631 2669 4675 tantum
2707 4638 2810 4677 non
2854 4621 3019 4675 etiam
3056 4622 3390 4674 amatoribus
3428 4620 3539 4674 suis

1961 4714 2127 4769 ubera
2170 4716 2480 4769 nudantem.
2516 4713 2767 4769 Laetabor
2809 4713 2989 4783 potius
3028 4728 3190 4783 super
3235 4721 3448 4779 moesta,
3486 4721 3538 4767 et

1961 4807 2178 4874 alllicta,
2204 4818 2257 4862 et
2277 4808 2532 4862 aerumnis
2558 4808 2928 4862 circumventa
2955 4807 3289 4876 gravissimis
3314 4807 3366 4859 in
3395 4816 3538 4859 terra

1959 4917 2065 4955 non
2098 4916 2214 4964 sua,
2239 4901 2619 4970 feroeihusque
2648 4909 2703 4954 et
2734 4899 2947 4953 acerbis
2979 4899 3214 4953 dominis
3246 4899 3536 4953 serviente.

1957 4994 2067 5067 34
2101 4993 2333 5048 Inferam
2383 5002 2561 5048 autem
2605 4993 2720 5048 haac
2758 4993 2981 5063 privata:
3025 4992 3243 5047 auxiliis
3289 4993 3447 5051 meis.
3487 5001 3540 5045 et

1961 5087 2164 5140 relicta:
2191 5085 2242 5138 in
2283 5085 2640 5153 turpitudine,
2675 5094 2734 5139 ut
2771 5085 2952 5139 videre
2990 5084 3152 5138 liceat
3185 5083 3535 5138 constitutam

1960 5177 2014 5230 in
2049 5178 2148 5242 iis,
2197 5178 2249 5230 in
2295 5178 2493 5247 quibus
2540 5176 2641 5231 fuit
2671 5194 2699 5231 a
2735 5177 3036 5248 principio,
3086 5176 3305 5245 quando
3353 5175 3539 5243 jugmn

1958 5268 2228 5339 Egyptian
2264 5269 2569 5339 tyrannidis
2604 5281 2849 5338 portans,
2889 5269 3062 5339 gratia
3100 5282 3241 5331 mea,
3282 5278 3338 5319 et
3404 5266 3540 5318 dile-

1959 5361 2161 5427 ctione,
2201 5373 2256 5415 et
2288 5362 2444 5430 legali
2480 5363 2746 5431 sapientia
2780 5364 3035 5416 destituta
3066 5360 3338 5413 manebat.
3360 5357 3542 5427 Itaque

1962 5458 2111 5507 velut
2146 5460 2291 5508 retro
2330 5469 2574 5523 regressa
2609 5454 2917 5524 Synagoga,
2954 5467 3169 5506 rursum
3204 5450 3304 5504 fuit
3333 5452 3384 5505 in
3419 5454 3543 5521 qni-

1962 5547 2064 5601 bns
2098 5545 2297 5610 fuerat,
2324 5547 2483 5601 medii
2517 5545 2775 5615 temporis
2797 5547 3003 5599 honore
3030 5552 3085 5598 et
3110 5543 3284 5612 gloria
3315 5555 3537 5612 propter

1963 5652 2117 5692 suam
2152 5637 2436 5691 stultitiam
2488 5635 2736 5690 multata.
2769 5633 2883 5688 Hoc
2926 5648 3023 5688 nos
3054 5640 3109 5687 et
3144 5633 3258 5700 ipse
3291 5631 3542 5685 Salvator

1964 5728 2215 5797 docebat,
2250 5744 2370 5784 cum
2420 5729 2670 5785 diceret:
2703 5746 2724 5780 ι
2764 5725 2900 5782 Cum
2955 5726 3266 5781 immundus
3318 5723 3542 5796 spiritus
