4046 6376
592 397 663 454 63
1619 417 1678 478 S.
1715 422 1992 481 CYRILLI
2037 431 2512 493 ALEXANDRINI
2550 440 2876 502 ARCIIIEP.
3784 465 3851 526 64

2145 855 2161 881 ,
2266 823 2542 891 καὶδόξαν
2574 830 2634 894 ἐξ
2665 833 2904 902 ἀμαθίας
2936 835 3297 913 ζημιουμένη.
3343 831 3512 900 Τοῦτο
3565 823 3658 904 καί⁵
3686 823 3851 918 αὐτὸς

582 888 637 931 et
677 879 906 936 assumit
951 894 1156 953 septem
1205 887 1339 944 alios
1382 894 1604 962 spiritus
1652 901 1944 970 nequiores
1979 921 2070 972 se,
2106 919 2164 964 et

581 971 812 1041 ingressi
858 975 1105 1034 habitant
1145 979 1253 1046 ibi,
1296 992 1349 1037 et
1393 985 1529 1040 fiunt
1577 991 1872 1049 novissima
1923 997 2160 1056 hominis

578 1057 724 1116 iIIius
775 1061 958 1132 pejora
1004 1066 1298 1137 prioribus.
1352 1072 1443 1128 Sic
1490 1077 1594 1131 erit
1643 1085 1981 1150 generationi
2032 1087 2158 1145 huic

2263 915 2411 986 ἡμᾶς
2471 920 2749 977 ἐδίδασκεν
2807 925 2835 978 ὁ
2882 929 3094 1000 Σωτὴρ,
3129 932 3336 1001 λέγων’
3405 956 3424 988 t
3454 941 3624 996 Ὅταν
3674 945 3729 998 δὲ
3787 915 3849 1000 τδ

2261 1006 2572 1081 ἀκάθαρτον
2605 1015 2823 1087 πνεῦμα
2853 1018 3044 1093 ἐξέλθῃ
3072 1024 3182 1077 ἀπὸ
3213 1025 3306 1079 τοῦ
3343 1029 3657 1100 ἀνθρώπου,
3695 1035 3845 1106 διέρ-

2259 1115 2411 1167 χεται
2436 1100 2506 1154 δι’
2534 1103 2780 1178 ἀνύδρων
2809 1109 3010 1176 τόπων,
3035 1112 3234 1186 ζητοῦν
3267 1119 3592 1186 ἀνάπαυσιν,
3617 1128 3711 1180 καὶ
3744 1100 3842 1201 οθχ

577 1154 826 1219 pessima:
853 1156 953 1212 ¹³.›
979 1158 1169 1216 Adhuc
1186 1163 1330 1217 enim
1364 1164 1413 1218 in
1442 1166 1680 1241 A'ngpm
1698 1179 2114 1235 commoranlibu

577 1241 832 1286 leraplilic
856 1249 1077 1286 cniritne
1103 1267 1331 1286 ηοω-ειη.
1366 1257 1418 1286 ς..
1454 1260 1584 1286 :....:..
1647 1265 1938 1286 -..μμ-Α.-.
1978 1270 1991 1282 ι
2057 1272 2070 1286 ι

2541 1154 2552 1156 -
2581 1154 2660 1158 -,-
2707 1154 2773 1160 ..,
2819 1154 3010 1176 "ne",
3075 1154 3086 1166 .
3117 1154 3232 1170 ,νυν
3267 1154 3592 1186 “Iuntl-vostr,
3619 1154 3711 1180 παι
3744 1154 3804 1182 ου

2256 1154 2521 1258 ἓὺρίσκει.
2555 1154 2695 1248 Τότε
2723 1195 2894 1266 λέγει,
2935 1154 3283 1276 Ἐπῖιέτρέψω
3305 1211 3386 1273 είς
3416 1212 3509 1264 τὸν
3549 1209 3700 1268 οἶκόν
3737 1154 3841 1286 poi

572 1241 832 1300 Israelitis
856 1249 1080 1316 spiritus
1103 1267 1332 1324 nequam
1365 1257 1418 1312 in
1453 1260 1606 1328 ipsis,
1647 1265 2023 1326 utidololairis
2056 1272 2114 1326 1,3

575 1336 775 1372 ΙιῖΙθὶιιαΙ
846 1339 952 1372 cmi
987 1341 1189 1372 “hac..-
1232 1357 1309 1372 Α...
1341 1359 1519 1372 ...ηιμ
1548 1371 1558 1372 ,
1598 1369 1690 1372 μη
1740 1357 1789 1372 ι.
2079 1365 2090 1372 .

2324 1241 2335 1258 ι
2569 1241 2688 1248 --η
2723 1241 2894 1266 -.-μη
2951 1241 3092 1255 ...ην
3109 1241 3382 1276 Ψεγωςις
3416 1241 3509 1264 wv
3549 1241 3700 1268 υικυν
3737 1241 3840 1286 μου

2253 1278 2373 1332 ὅθεν
2394 1281 2639 1350 ἐξῆλθον·
2683 1289 2778 1342 καὶ
2807 1291 2960 1346 ὲλθὺν
2989 1296 3236 1366 εὑρίσκει
3273 1301 3622 1372 σχολάζοντα,
3668 1327 3840 1363 σεσα-

574 1336 800 1392 bitabat.
845 1339 952 1395 Sed
986 1341 1191 1411 ejectus
1229 1357 1312 1402 est
1341 1359 1563 1421 postea;
1595 1369 1695 1425 per
1739 1357 1960 1430 Moysen
2005 1365 2148 1420 enim
2254 1336 2517 1440 ρωμένον,

567 1611 928 1681 strinxerunt,
954 1615 1099 1672 facta
1129 1630 1256 1684 sunt
1284 1621 1390 1678 illis
1415 1627 1706 1683 novissima
1737 1632 2144 1706 pejorapriori-

566 1699 688 1764 bus,
721 1716 825 1756 non
853 1717 969 1758 uno
1009 1714 1243 1777 tantum,
1287 1713 1380 1767 sed
1425 1729 1588 1786 grege
1627 1715 1940 1777 dzemonum
1996 1725 2112 1796 ipso

569 1791 910 1833 inlmhilanln
969 1796 1154 1833 Anima
1188 1802 1332 1833 οηςηη
1363 1818 1483 1833 ιιι-..ι
1518 1807 1756 1833 ΑΜῘΛι-ιξ-
1794 1815 1970 1833 -⁴Α.εη

2309 1699 2340 1715 ἢ
2418 1699 2446 1702 ν-
2487 1699 2565 1703 --ν
2605 1699 2891 1726 ν-ννΙ-υ-υι-νν
2923 1699 3131 1715 νηυυνυυ
3163 1699 3383 1736 λειρυνυο
3430 1699 3539 1723 -ιων
3580 1699 3833 1741 πρωτων.

2248 1734 2436 1802 Οὕτως
2463 1739 2617 1795 ἔσται
2641 1748 2884 1818 τῇγενεᾷ
2913 1749 3087 1824 ταύτῃ
3116 1756 3182 1825 τῇ
3221 1759 3457 1829 πονηρᾷ.
3491 1779 3510 1811 ι
3572 1763 3696 1816 Ἔτι
3735 1763 3836 1833 μὲν

569 1791 931 1850 inhabitante.
963 1796 1156 1854 Anima
1187 1802 1333 1855 enim
1363 1818 1484 1859 cum
1516 1807 1758 1865 cmlestis
1791 1815 1978 1882 gratia:
2019 1833 2140 1872 mu-

562 1881 860 1939 nimentum
900 1888 1183 1958 abjecerit,
1215 1891 1476 1952 facillime
1512 1913 1541 1952 a
1573 1898 1774 1955 Satana
1800 1881 2063 1973 capietur.

2242 1825 2349 1896 γὰρ
2377 1828 2435 1880 ἐν
2465 1830 2728 1905 Αἰγύπτῳ
2776 1837 3114 1908 διατρίϐουσι
3155 1845 3269 1907 τοῖς
3449 1848 3687 1919 Ἰσραὴλ,
3735 1825 3834 1904 *ὲν-

2164 1911 2208 1966 Β
2236 1915 2456 1991 ῴκησεν
2486 1924 2563 1988 ὡς
2590 1927 3007 2004 εἰδωλολάτραις
3040 1935 3100 1988 τὸ
3129 1937 3417 2010 πνεῦματὸ
3433 1911 3690 2016 πον-ηρδν,
3715 1944 3831 1999 ἀλλ’

558 1975 881 2050 ὲκϐέϐληται
927 1981 1164 2052 μεταξύ·
1215 1986 1509 2060 κέκληνται
1551 1993 1660 2066 γὰρ
1705 1997 1789 2060 εἰς
1842 1997 2174 2068 θεογνωσίαν
2213 1975 2301 2064 διὰ

560 2067 773 2137 μυρίοις
803 2073 1144 2146 ἐγκλήμασιν
1161 2077 1357 2152 ἔνοχοι,
1379 2083 1604 2151 γέγονεν
1628 2089 1814 2154 αὐτοῖς
1835 2091 1904 2145 τά
1969 2094 2174 2166 ἔσχατα

2363 2016 2629 2082 Μωσέως.
2669 2021 2886 2096 Ἐπειδὴ
2926 2025 2983 2078 δὲ
3026 2029 3284 2098 γεγόνασι
3325 2035 3686 2105 κυριοκτόνοι,
3736 2030 3831 2089 καὶ

2213 2104 2434 2176 χείρονα
2472 2112 2582 2165 τῶν
2630 2115 2884 2186 πρώτων,
2925 2119 3220 2192 δαιμονίων
3291 2104 3515 2198 ἀγέλης,
3566 2129 3665 2200 οὐχ
3713 2129 3830 2191 ἑνὸς

2033 2159 2060 2166 Γ
2213 2159 2244 2173 η
2301 2159 2312 2176 Ι
2376 2159 2431 2162 ⁷“’
2485 2159 2575 2165 ’⁷⁷⁷
2637 2159 2884 2186 "r‘-'w"
2926 2159 3219 2192 Vw'r'v'5w'
3291 2159 3515 2198 Ἇξιηιμυ,
3566 2159 3665 2200 υυχ
3713 2159 3826 2191 ινυδ

555 2159 634 2213 ἔτι
671 2163 834 2232 μόνου
869 2171 1231 2244 κατοικούσης
1258 2178 1316 2230 ὲν
1349 2178 1553 2244 αὐτοῖς.
1620 2183 1733 2254 Τῆς
1777 2185 1885 2257 γὰρ
1922 2189 2175 2261 οὐρανίου
2249 2201 2471 2274 χάριτος
2511 2208 2613 2280 τὴν
2652 2214 2978 2286 περιστολὴν
3030 2217 3380 2274 ἀποϐαλοῦσα
3426 2221 3596 2293 ψυχὴ,
3649 2222 3826 2294 πάντη

555 2269 612 2294 τε
645 2256 732 2294 νηῒ
769 2257 983 2294 enimn-mp
1011 2263 1282 2294 9343...---
1316 2267 1462 2294 2----
1491 2271 1560 2294 __~.
1597 2274 1812 2294 n_,,,,,,~o,

552 2269 613 2305 τε
645 2256 738 2309 καὶ
769 2257 983 2325 πάντως
1009 2263 1282 2331 εὐάλωτος
1315 2267 1467 2324 ἔσται
1488 2271 1566 2344 τῷ
1596 2274 1831 2347 Σατανᾷ.

624 2348 786 2408 Vens.
819 2355 874 2410 4.
903 2355 970 2408 Ει
1020 2375 1210 2426 ponam
1239 2380 1357 2418 eam
1393 2365 1448 2420 in
1472 2367 1758 2437 desertum,
1806 2383 1857 2428 et
1905 2386 2137 2434 statuant

549 2459 660 2496 eam
684 2446 816 2500 sicut
852 2459 1046 2504 terram
1069 2454 1181 2509 sine
1201 2472 1362 2525 aqua,
1389 2469 1438 2513 et
1473 2462 1712 2518 occidam
1759 2466 1909 2521 illam
1935 2471 1991 2524 in
2026 2474 2138 2538 siti;

549 2546 595 2586 et
629 2535 861 2602 ﬁliorum
892 2539 1004 2609 ejus
1031 2558 1134 2598 non
1157 2546 1458 2618 miserebor,
1485 2553 1610 2622 quia
1644 2555 1747 2624 filii
1771 2557 2139 2626 fornicationis

546 2637 704 2692 smn;
732 2629 856 2698 quia
883 2630 1145 2693 fornicata
1183 2647 1260 2692 est
1304 2652 1475 2696 mater
1496 2645 1748 2713 ipsorum,
1773 2661 1819 2704 et
1838 2651 2127 2709 dedecora-

546 2715 616 2768 vit
639 2732 723 2770 eos
755 2735 873 2787 quae
894 2725 1091 2790 peperit
1117 2743 1226 2785 eos.

614 2805 750 2860 XIII.
808 2809 1057 2869 Sterilem
1113 2815 1228 2872 fore
1278 2820 1355 2876 ait
1399 2821 1826 2897 fornicatricem,
1890 2833 2120 2900 aridam,

545 2898 728 2966 spinas
759 2903 1080 2974 parientem,
1111 2909 1448 2970 siticulosam
1475 2927 1531 2971 et
1565 2919 1910 2991 inaquosam,
1973 2928 2120 2986 haud

547 2991 801 3057 terrenis,
837 2997 1024 3061 credo,
1065 3005 1220 3070 aquis
1241 3005 1548 3075 spoliatam,
1589 3013 1684 3066 sed
1726 3029 1956 3084 superna
2002 3035 2120 3075 coe-

546 3081 776 3153 Iestique
835 3088 1189 3160 pinguedine,
1219 3096 1320 3153 hoc
1347 3109 1452 3166 est,
1487 3081 1807 3174 erogatione—
1853 3111 2118 3168 donorum
2149 3114 2190 3170 C

543 3188 640 3241 per
672 3175 957 3246 Spiritum,
1003 3198 1124 3253 qua:
1147 3185 1200 3240 in
1229 3191 1530 3257 quamlibet
1561 3195 1796 3252 animam
1820 3202 2116 3271 sapientem

541 3282 605 3322 ac
658 3269 852 3325 bonam
906 3275 1133 3332 confert.
1179 3279 1365 3337 Psallit
1405 3285 1549 3339 enim
1599 3290 1831 3358 quodam
1881 3269 2001 3350 loco
2051 3298 2117 3351 ad

542 3357 825 3416 Dominum
851 3364 1040 3423 beatus
1065 3367 1257 3439 David,
1279 3383 1334 3428 et
1372 3376 1448 3430 ait
1476 3395 1490 3430 :
1529 3397 1549 3430 ι
1573 3357 1696 3436 Filii
1727 3396 1908 3439 autem
1946 3387 2116 3445 homi-

541 3467 665 3504 num
698 3454 750 3507 in
778 3459 1011 3526 tegmine
1048 3461 1253 3517 alarum
1280 3475 1490 3523 tuarum
1523 3473 1843 3540 sperabunt.
1876 3479 2117 3537 Inebria-

538 3541 822 3600 hunturab
847 3547 1092 3607 ubertate
1132 3553 1323 3611 domus
1376 3566 1498 3628 tuae,
1555 3573 1609 3619 et
1671 3575 1908 3626 torrente
1958 3573 2113 3627 volu-

537 3637 701 3704 ptatis
743 3649 845 3692 tuae
871 3644 1080 3710 potabis
1128 3661 1243 3713 eos,
1272 3652 1530 3719 quoniam
1571 3661 1712 3726 apud
1749 3670 1801 3715 te
1853 3674 1935 3717 est
1991 3665 2112 3722 fons

535 3727 657 3781 vine
677 3729 740 3782 ιδ.
764 3748 782 3780 ι
817 3732 964 3788 Adeo
986 3745 1164 3791 autem
1190 3745 1518 3811 veneranda,
1541 3755 1596 3802 et
1624 3749 1768 3821 larga
1801 3760 2113 3825 erogatione

534 3820 677 3889 digni
717 3825 922 3880 censeri
957 3826 1151 3883 debent
1176 3836 1416 3898 germani
1451 3837 1566 3903 filii,
1595 3820 1853 3909 quicum
1882 3820 2109 3918 integri-

533 3918 642 3966 tate
679 3912 944 3982 vixerunt,
979 3917 1284 3990 divinaeque
1322 3925 1573 3983 charitati
1606 3931 1740 3986 nihil
1799 3951 2108 4008 praeposue-

530 4012 678 4056 runt.
714 4003 1087 4063 Fornicariam
1133 4023 1314 4068 autem
1343 4015 1655 4088 inaquosam
1686 4023 1903 4094 factam,
1945 4043 2000 4084 et
2053 4033 2106 4088 in

527 4091 616 4144 siti
644 4092 750 4162 35
781 4097 1096 4152 morituram
1129 4101 1375 4159 aIlirmat.
1417 4109 1597 4178 Atque
1645 4112 1769 4180 hoc,
1821 4091 1897 4171 ni'
1927 4118 2102 4184 fallor,

526 4194 628 4251 est,
658 4187 797 4254 quod
826 4203 919 4256 per
947 4189 1082 4246 alios
1109 4196 1400 4264 praphetas
1437 4199 1504 4255 de
1539 4203 1650 4271 ipsa
1689 4207 1910 4262 dicitur.
1969 4211 2102 4278 Qui-

525 4276 648 4331 dam
674 4280 817 4333 enim
848 4283 962 4338 sic:
992 4305 1010 4337 ‹
1036 4285 1175 4342 Ecce
1237 4289 1353 4345 dies
1385 4293 1623 4362 venient,
1658 4297 1787 4353 dicit
1824 4301 2100 4374 Dominus,

523 4378 578 4422 et
601 4372 842 4426 emittam
869 4373 1065 4431 famem
1086 4394 1249 4450 super
1280 4390 1501 4452 terram,
1553 4402 1658 4442 non
1686 4387 1884 4447 famem
1921 4398 2098 4464 panis,

2306 2386 2416 2440 Kal
2438 2387 2698 2458 θήσομαι
2728 2393 2925 2462 αὐτὴν
2947 2397 3034 2462 εις
3054 2395 3298 2466 ἔρημον,
3325 2397 3428 2453 καὶ
3450 2401 3609 2464 τάξω
3631 2405 3827 2473 αὐτὴν

2234 2473 2315 2542 ὡς
2335 2474 2452 2546 γῆν
2481 2480 2768 2551 ἄνυδρον,
2817 2486 2916 2539 καὶ
2941 2486 3256 2542 ἀποκτενῶ
3287 2490 3484 2560 αὐτὴν
3521 2493 3593 2547 ἐν
3633 2495 3820 2565 δίψει,

2234 2568 2334 2621 καὶ
2376 2571 2450 2624 τὰ
2493 2573 2676 2628 τέκνα
2720 2576 2912 2647 αὐτῆς
2963 2581 3034 2634 οὐ
3071 2579 3158 2649 μὴ
3196 2581 3450 2650 ἐλεήσω,
3507 2584 3598 2640 ὅτι
3641 2588 3831 2644 τέκνα·

2234 2662 2520 2729 πορνείας
2595 2665 2767 2720 ἐστίν
2786 2683 2802 2698 ’
2875 2668 2966 2723 ὅτι
3024 2670 3470 2740 ἐξεπόρνευσεν
3522 2677 3562 2745 ἠ
3621 2677 3823 2748 μήτηρ

2231 2753 2452 2819 αὐτῶν,
2489 2756 2590 2810 καὶ
2621 2760 3014 2829 κατῄσχυνεν
3041 2764 3081 2832 ἠ
3110 2764 3376 2819 τεκοῦσα
3395 2767 3567 2822 αὑτά.

2302 2843 2399 2898 ll".
2434 2844 2718 2918 Ἀκαρπον
2766 2850 2986 2905 ἔσεσθαί
3030 2870 3162 2924 φησι
3200 2855 3299 2929 τὴν
3344 2861 3818 2932 πεπορνευμένην,

2229 2933 2400 3005 ξηρὰν
2462 2939 2559 2992 καὶ
2600 2940 3001 3009 ἀκανὼτόκον,
3043 2945 3240 3016 διψάδα
3291 2950 3387 3004 καὶ
3430 2951 3680 3023 ἄνυδρον,
3720 2955 3818 3023 οὐχ

2229 3024 2439 3080 ὑδάτων
2493 3028 2635 3100 τάχα
2696 3049 2800 3085 που
2851 3033 2960 3088 τῶν
2994 3036 3199 3107 γηΐνων
3243 3039 3638 3114 ἐστερημένην,
3681 3044 3826 3099 ἀλλά

2223 3115 2326 3186 τῆς
2357 3119 2562 3174 ἄνωθεν
2611 3123 2671 3188 ἐξ
2699 3124 2932 3196 οὐρανοῦ
2964 3130 3242 3202 πιότητος,
3272 3134 3541 3200 τουτέστι,
3574 3136 3673 3206 τῆς
3723 3138 3823 3192 διὰ

2225 3208 2319 3261 τοῦ
2347 3210 2659 3281 Πνεύματος
2702 3217 2987 3288 χορηγίας.
3033 3219 3101 3290 ὴν
3152 3221 3357 3295 ἑκάστῃ
3424 3228 3561 3296 σοφῇ
3613 3244 3674 3279 τε
3721 3229 3816 3282 καὶ

2225 3299 2403 3372 ἀγαθῇ
2446 3301 2693 3375 διανέμει
2738 3307 2906 3380 ψυχῇ.
2947 3310 3155 3366 Ψάλλει
3187 3314 3296 3386 γάρ
3347 3333 3451 3370 που
3487 3318 3628 3390 πρὸς
3659 3320 3812 3388 Θεὸν,

2224 3390 2317 3443 καί
2345 3410 2509 3464 φησιν
2540 3397 2570 3449 ὁ
2605 3398 2875 3470 μακάριος
2899 3403 3087 3457 Δαϐίδο
3125 3425 3144 3456 ι
3164 3407 3226 3460 Οἱ
3255 3407 3311 3460 δὲ
3335 3408 3442 3462 υἱοὶ
3465 3408 3576 3465 τῶν
3604 3411 3812 3485 ἀνθρώ-

2223 3496 2342 3552 πων
2364 3483 2421 3536 ἐν
2455 3483 2633 3558 σκέπῃ
2657 3489 2767 3541 τῶν
2793 3491 3078 3562 πτερύγων
3111 3511 3204 3547 σου
3226 3495 3494 3555 ὲλπιοῦσι.
3526 3483 3811 3572 Μεθυσθή-

2223 3589 2406 3628 σονται
2434 3571 2829 3652 ἁπδπιότητος
2867 3583 3018 3638 οἴκου
3055 3603 3172 3641 σου.
3219 3589 3332 3643 Καὶ
3359 3589 3448 3644 τὸν
3474 3591 3814 3664 χειμάρρουν

2219 3666 2319 3736 τῆς
2358 3669 2571 3739 τρυφῆς
2600 3688 2696 3725 σου
2728 3677 2932 3737 ποτιεῖς
2963 3677 3182 3742 αὐτοὺς,
3222 3680 3304 3734 ὅτι
3348 3682 3501 3753 παρὰ
3541 3685 3625 3737 σοὶ
3658 3685 3806 3757 πηγὴ

2218 3753 2386 3828 ζωῆς.
2415 3777 2433 3809 ι
2474 3762 2648 3828 Ἀξιοι
2700 3764 2756 3817 δὲ
2813 3765 2913 3836 τῆς
2955 3767 3098 3822 οὕτω
3142 3772 3349 3842 σεπτῆς
3421 3775 3516 3827 καὶ
3564 3753 3805 3846 ἀμφιλαέ

2218 3848 2353 3916 (po-3;
2385 3854 2648 3922 χορηγίας
2693 3850 2803 3910 εἷεν
2845 3858 2911 3910 ἂν
2963 3859 3013 3912 οἱ
3045 3862 3289 3931 γνήσιοι,
3344 3864 3438 3918 καὶ
3482 3865 3806 3934 βεϐιωκότες

2215 3942 2410 4011 ὀρθῶς,
2450 3946 2545 3999 καὶ
2580 3947 2805 4019 ἀγάπης
2849 3951 2949 4022 τῆς
2995 3953 3075 4015 είς
3114 3953 3248 4007 Θεὸν
3293 3955 3588 4026 προθέντες
3627 3958 3803 4014 οὐδέν.

2216 4031 2327 4105 Τὴν
2354 4035 2412 4089 δέ
2442 4053 2507 4105 γε
2551 4043 2999 4114 πεπορνευμένην
3043 4046 3268 4117 ἄνυδρον
3306 4048 3656 4119 γεγενῆσθαι,
3709 4052 3805 4105 καὶ

2216 4124 2323 4194 μὴν
2348 4126 2441 4179 καὶ
2475 4128 2533 4180 ὲν
2560 4128 2688 4202 δίψῃ
2712 4131 3064 4204 τεθνήξεσθαι
3085 4136 3268 4206 λέγει’
3299 4140 3594 4206 καὶτοῦτο,
3623 4137 3797 4214 οἶμαι,

2211 4217 2330 4271 ἐστὶ
2374 4223 2437 4272 τὸ
2484 4221 2572 4274 διὰ
2620 4224 2808 4295 φωνῆς
2860 4228 3063 4299 ἐτέρων
3113 4233 3410 4304 προφητῶν
3452 4237 3580 4307 περὶ
3628 4240 3811 4310 αὐτῆς

2210 4310 2517 4380 εἰρημένον.
2591 4312 2648 4368 '0
2705 4317 2805 4386 μὲν
2840 4319 2972 4391 -γάρ
3033 4319 3292 4389 ἔφασκεν,
3352 4343 3371 4377 ι
3405 4325 3535 4380 Ἰδοὺ
3594 4329 3810 4400 ἡμέραι,

2210 4399 2480 4471 ἔρχονται,
2517 4405 2664 4474 λέγει
2699 4408 2927 4479 Κύριος,
2969 4412 3065 4464 καὶ
3103 4411 3449 4477 ἐξαποστελῶ
3497 4417 3653 4483 λιμὸν
3698 4422 3799 4474 ἐπὶ

523 4476 696 4530 neque
725 4465 869 4518 sitim
896 4483 1050 4538 aquae
1071 4510 1086 4534 ,
1121 4473 1215 4526 sed
1238 4471 1438 4531 famem
1463 4479 1716 4536 audiendi
1744 4486 1966 4541 verbum
1992 4489 2097 4544 Do-

2333 4465 2475 4563 γῆνέ
2515 4465 3000 4568 οὐΙλιμὸνιᾶρτου,
3039 4465 3613 4570 οὐδέ-δίψανὴῦδατοςῄ,
3659 4505 3800 4559 ἀλλὰ

521 4551 674 4606 mini.
713 4553 778 4607 Et
809 4555 876 4610 ab
897 4559 1104 4614 oriente
1128 4576 1300 4631 usque
1318 4564 1386 4619 ad
1411 4567 1747 4625 occidentem
1769 4574 2094 4632 circumcur-

520 4642 1051 4713 sabunt,qua2rentes
1074 4653 1299 4708 verbum
1327 4653 1563 4724 Domini,
1601 4672 1778 4718 etnon
1813 4665 2096 4725 invenient

522 4734 584 4788 ³⁸.
613 4753 631 4785 ι
671 4736 1040 4807 EtJeremias,
1067 4744 1221 4811 quasi
1247 4759 1316 4800 ex
1343 4760 1576 4815 persona
1636 4751 1732 4808 Dei
1767 4772 1780 4809 :
1844 4775 1862 4808 ‹
1901 4759 2093 4816 Dolore

519 4835 569 4878 et
585 4823 796 4891 ﬂagello
819 4831 1438 4902 erudieris,JerusaIem,
1457 4855 1525 4895 ne
1547 4845 1761 4898 recedat
1776 4849 1952 4903 anima
1973 4865 2087 4905 mea

517 4929 543 4964 a
578 4923 648 4976 te,
677 4931 742 4968 ne
767 4917 958 4971 faciam
1003 4930 1054 4974 te
1080 4933 1278 4977 terram
1308 4925 1530 4994 inviam,
1562 4945 1683 5002 qua:
1717 4950 1822 4990 non
1878 4938 2091 4994 habita-

516 5006 660 5060 bitur
697 5007 758 5061 ³⁸.
788 5027 806 5060 ›
836 5009 1137 5082 Unicuique
1161 5017 1304 5070 enim
1339 5030 1607 5088 nostrum,
1640 5035 1697 5078 ut
1724 5027 2082 5092 dixi,sermo-

512 5113 606 5152 nes
644 5116 740 5169 per
769 5102 1027 5170 Spiritum
1052 5107 1292 5164 immittit
1317 5109 1480 5179 Deus,
1510 5117 1604 5183 qui
1663 5130 1888 5186 possunt
1945 5123 2090 5178 alere

510 5193 718 5248 animos
748 5197 813 5246 ad
846 5196 1010 5250 vitam
1055 5209 1336 5270 aeternam,
1405 5217 1503 5261 aut
1561 5209 1730 5264 etiam
1766 5227 1863 5281 per
1926 5228 2088 5272 voces

508 5295 818 5341 sanctorum
847 5289 1043 5359 saepius
1070 5293 1416 5360 pinguefacit.
1439 5299 1572 5354 Cum
1597 5301 1890 5360 fornicaria
1921 5306 2089 5377 igitur

506 5388 679 5431 matre
710 5379 846 5434 filios
880 5397 984 5434 una
1013 5384 1138 5438 sine
1192 5388 1566 5447 misericordia
1614 5396 1887 5464 perituros
1932 5401 2082 5458 dicit.

502 5469 672 5534 Quam
693 5471 760 5525 ob
788 5488 1006 5528 causam
1035 5475 1058 5529 ?
1083 5477 1218 5543 Quia
1260 5480 1352 5535 filii
1385 5481 1758 5542 fornicationis
1801 5499 1945 5544 sunt.
1980 5492 2090 5548 Nec

501 5573 634 5612 sane
663 5560 891 5617 dicimus
927 5567 1152 5620 materni
1221 5571 1430 5639 peccati
1487 5587 1648 5629 reum.
1714 5590 1834 5632 esse
1890 5579 2083 5635 filium.

502 5647 752 5707 Occurrit
783 5655 924 5710 enim
951 5659 1128 5725 nobis,
1157 5663 1300 5730 quod
1332 5663 1533 5720 alicubi
1573 5677 1755 5725 exstat
1783 5673 1922 5740 apud
1957 5673 2088 5728 Eze-

2194 4581 2353 4654 λιμὸν
2379 4585 2472 4639 τοῦ
2507 4587 2741 4642 ἀκοῦσαι
2773 4589 2928 4658 λόγον
2954 4592 3163 4663 Κυρίου
3183 4612 3197 4625 ·
3242 4594 3338 4648 καὶ
3376 4595 3484 4650 ἀπὸ
3511 4596 3791 4652 ἀνατολῶν

2193 4668 2299 4732 ἕως
2351 4671 2573 4742 δυσμῶν
2622 4677 3103 4749 περιδραμοῦνται,
3150 4681 3444 4753 ζητοῦντες
3492 4685 3580 4740 τὸν
3631 4687 3794 4757 λόγον

2189 4762 2416 4833 Κυρίου,
2454 4767 2548 4818 καὶ
2574 4769 2635 4820 οὺ
2667 4770 2742 4838 μὴ
2775 4770 3028 4841 εὕρωσιν.
3060 4794 3079 4827 ι
3137 4773 3404 4847 Ἱερεμίας
3439 4777 3496 4830 δὲ
3526 4779 3690 4833 πάλιν
3711 4781 3790 4845 ὡς

2197 4855 2262 4907 ἐκ
2290 4857 2582 4928 προσώπου
2607 4860 2701 4914 τοῦ
2731 4862 2890 4916 Θεοῦ*
2939 4884 2959 4916 ι
2985 4867 3140 4938 Πόνῳ
3168 4868 3262 4922 καὶ
3293 4868 3519 4938 μάστιγι
3565 4871 3795 4924 παιδευ-

2197 4946 2357 5019 θήσῃ,
2397 4948 2753 5025 Ἰερουσαλὴμ
2781 4957 2856 5028 μὴ
2888 4957 3099 5030 ἀποστῇ
3131 4961 3164 5031 ἡ
3203 4960 3348 5031 ψυχή
3393 4979 3494 5032 μου
3528 4963 3636 5016 ἀπὸ
3669 4962 3790 5028 σοῦ,

2201 5037 2274 5109 μὴ
2304 5043 2516 5112 ποιήσω
2546 5061 2604 5096 σε
2639 5045 2840 5102 ἄϐατον
2865 5049 2988 5120 γῆν,
3016 5050 3141 5120 ἥτις
3169 5052 3229 5106 οὐ
3255 5054 3733 5125 κατοικηθὴσεται.
3763 5073 3783 5106 ι

2207 5130 2454 5203 Ἑκάστῳ
2494 5135 2604 5206 γὰρ
2635 5138 2815 5208 ἡμῶν,
2844 5138 2921 5204 ὠς
2953 5139 3112 5211 ἔφην,
3156 5142 3348 5211 λόγους
3391 5145 3473 5208 είς
3507 5144 3629 5198 νοῦν
3659 5147 3788 5211 τοὺς

2193 5219 2280 5274 διὰ
2307 5222 2400 5276 τοῦ
2436 5225 2754 5298 Πνεύματος
2775 5230 2948 5298 ἐνίησι
2968 5233 3120 5299 Θεὸς,
3146 5234 3478 5306 ἀποτρέψειν
3506 5235 3786 5307 ἰσχύοντας

2186 5315 2266 5377 εἰς
2319 5315 2464 5387 ζωὴν
2509 5317 2746 5384 αἰώνιον,
2789 5321 2822 5392 ἦ
2873 5322 2968 5376 καὶ
3023 5323 3112 5378 διά
3164 5326 3350 5396 φωνῆς
3403 5327 3573 5396 ἁγίων
3620 5345 3786 5383 κατα-

2188 5405 2392 5458 πιαίνει
2412 5407 2693 5473 πολλάκις.
2728 5411 3128 5468 Συνδιολεῖσθαι
3160 5415 3224 5487 δὴ
3249 5412 3342 5470 οὖν
3369 5419 3435 5488 τῇ
3477 5435 3785 5488 πεπορνευ-

2190 5498 2330 5572 μένῃ
2364 5501 2532 5572 μητρὶ
2560 5503 2628 5556 τὰ
2660 5505 2828 5559 τέκνα
2861 5489 2972 5560 δεῖν
3008 5507 3138 5579 ἔφη,
3175 5511 3271 5564 καὶ
3303 5511 3606 5582 οἰκτιρμῶν
3638 5512 3782 5584 δίχα.

2187 5590 2286 5644 Διά
2311 5591 2470 5646 ποίαν
2485 5594 2695 5660 αἰτίαν;
2728 5597 2849 5651 Ὅτι
2872 5598 3038 5653 τέκνα
3063 5602 3320 5673 πορνείας
3348 5603 3477 5657 είσί.
3495 5605 3604 5657 Καὶ
3632 5606 3693 5658 οὐ
3721 5604 3783 5674 δή

2191 5682 2291 5735 πού
2319 5701 2498 5756 φαμεν
2525 5686 2608 5741 ὅτι
2640 5690 2739 5762 τῆς
2759 5691 2965 5764 μητρὸς
2991 5693 3467 5766 πλημμελήμασιν
3488 5695 3781 5751 ὑπόκειται

581 5826 624 5860 ⁸³
654 5829 839 5885 Matth.
867 5849 962 5901 xu,
1004 5837 1206 5895 43-45.
1287 5842 1330 5874 “
1355 5843 1495 5902 Psal.
1529 5863 1690 5915 xxxv,
1741 5849 1885 5906 8-I0.
1970 5853 2012 5884 ¹⁸
2050 5855 2236 5913 Amos.
2268 5873 2383 5926 vm,
2417 5861 2502 5927 II,
2535 5863 2599 5918 l9.
2675 5865 2718 5896 ¹⁶
2747 5865 2861 5924 Jer.
2893 5883 2965 5936 vr,
2997 5869 3052 5925 8.
