4046 6376
242 348 311 405 63
1159 342 1715 402 COMMENTARIUS
1758 341 1819 395 IN
1865 344 2091 396 ossam
2144 340 2588 395 l’ROPllETAM.
3446 341 3513 395 δῦ

244 462 455 517 τέκνον·
503 460 764 531 βαδιεῖται
792 460 900 531 γὰρ
939 461 1069 530 ἡμῖν
1100 460 1223 513 ὅποι
1269 461 1400 513 ποτέ
1438 460 1499 514 τὸ
1531 460 1617 514 διά
1648 464 1827 531 φωνῆς

1943 456 2163 513 cliielem
2194 477 2205 512 :
2244 478 2261 509 ι
2284 458 2399 511 Non
2432 455 2731 509 morientur
2789 460 2971 523 patres
3002 468 3099 524 pro
3133 455 3279 521 ﬁliis,
3338 470 3516 525 neque

254 553 550 623 Ίεξεχιήλ⁸
632 552 799 607 (Οὐκ
886 551 1283 606 ἀποθανοῦνται
1379 553 1610 624 πατέρες
1689 553 1829 623 ὑπὲρ

243 645 450 699 τέκνων
476 687 491 711 ,
528 643 649 696 οὐδέ
678 643 845 696 τέκνα
872 643 1014 715 ὐπέρ
1047 643 1330 715 πατέρων’
1373 645 1604 707 ἕκαστος
1728 644 1830 714 ἰδίᾳ

247 734 494 805 ἁμαρτίᾳ
534 733 911 789 ἀποθανεῖται.
935 752 954 786 ι
1010 734 1206 787 Ἱστέον
1242 734 1299 787 δὲ
1343 735 1561 806 μᾶλλον,
1603 736 1684 788 ὅτι
1729 735 1831 787 κᾶν

244 827 528 896 ἐπινοῆται
577 825 867 894 πρόσωπον
917 824 1285 894 πορνευούσης
1344 824 1579 897 μητρὸς,
1652 826 1730 888 ὡς
1776 826 1832 877 ἐν

242 918 403 987 τύπῳ
436 918 534 987 τῆς
571 917 921 986 Συναγωγῆς,
968 916 1082 969 ἀλλ’
1113 917 1265 969 οὐδὲν
1286 911 1448 988 ἧττον
1489 917 1642 969 αὐτοὶ
1672 916 1833 969 πάλιν

244 1011 313 1063 ἂν
349 1007 458 1061 εἶεν
488 1010 535 1061 οἱ
576 1008 634 1072 ἐξ
682 1008 871 1077 αὐτῆς.
924 1007 1115 1076 Λέγων
1165 1008 1243 1070 δὲ,
1300 1009 1382 1061 ὅτι
1432 1008 1688 1079 πορνείας
1729 1008 1835 1061 είσῒ⁵

242 1101 435 1163 τέκνα,
462 1099 779 1168 παρέδειξεν
810 1099 1073 1170 ἐναργῶς,
1100 1100 1182 1152 ὅτι
1200 1102 1314 1163 τοῖς
1340 1101 1439 1170 τῆς
1467 1100 1663 1171 νοητῆς
1702 1116 1836 1169 πορ-

245 1192 397 1253 νείας
421 1192 760 1261 ἐγκλήμασιν
787 1191 961 1261 ἔνοχοι
1003 1190 1403 1262 καθεστήκασι,
1457 1192 1553 1245 καὶ
1590 1192 1746 1245 τοῦτο
1777 1191 1838 1255 ἐξ

249 1283 428 1337 αὐτῶν
477 1283 647 1335 οἱονεὶ
719 1285 1047 1353 σπαργάνων
1104 1284 1198 1336 καὶ
1251 1284 1469 1355 μήτρας
1522 1282 1839 1352 δεδυσσεϐη-

246 1376 426 1439 κότες,
478 1375 574 1428 καὶ
612 1374 734 1427 οὐδέ
780 1374 1002 1428 πώποτε
1045 1376 1154 1429 τῶν
1206 1377 1287 1439 εἰς
1330 1375 1612 1428 εὐσέϐειαν
1662 1374 1839 1445 ἔργων

247 1466 542 1537 ἁψάμενοι,
604 1467 1021 1537 ἀνεπιτήδευτον
1064 1467 1122 1520 δέ
1178 1466 1457 1529 παντελῶς
1499 1465 1599 1537 τὴν
1640 1464 1839 1538 ἀρετὴν

247 1560 563 1630 ἐσχηκότες,
595 1559 696 1629 τὴν
728 1558 1055 1612 ἀνδάνουσαν
1092 1559 1172 1631 τῷ
1207 1558 1328 1629 Θεῷ
1368 1558 1552 1631 τρίϐον
1594 1560 1656 1611 οὐ
1694 1572 1841 1611 τετι-

250 1653 507 1722 μηκότες.
544 1649 702 1704 Οὐτω
732 1652 828 1704 καὶ
854 1652 882 1703 ὁ
908 1650 1139 1705 Ψάλ).ων
1170 1652 1356 1722 φησὶν,
1406 1669 1424 1701 ι
1450 1650 1840 1723 ’Λπηλλοτριώ-

247 1744 424 1813 θησαν
466 1744 516 1795 oi
561 1742 877 1812 ἁμαρτωλοὶ
904 1742 1012 1795 ἀπὸ
1044 1744 1273 1814 μήτρας,
1320 1742 1700 1813 ἐπλανήθησαν
1735 1742 1842 1796 ἀπὸ

1933 551 2028 605 ﬁlii
2055 566 2154 620 pro
2179 551 2463 619 patribus;
2491 546 2865 615 unusquisque
2900 545 2954 600 in
2984 557 3207 615 peccato
3266 560 3365 600 suo
3395 562 3515 599 mo-

1934 644 2105 697 rietur
2134 643 2199 698 ’⁷.
2234 662 2253 695 ι
2282 640 2597 695 Tenendum
2652 640 2854 707 potius,
2906 639 3151 708 quamvis
3205 640 3512 707 excogitata

1932 737 2004 791 sit
2067 748 2295 804 persona
2346 732 2663 787 fornicantis
2711 732 2921 796 matris,
2977 742 3033 785 ut
3092 742 3249 802 typus
3294 731 3511 800 quidam

1935 826 2233 897 Synagogze
2271 864 2286 889 ,
2345 823 2704 879 nihilominus
2784 838 2937 892 mque
2992 823 3316 877 fornicarios
3370 837 3510 883 esse,

1934 922 2026 989 qui
2057 933 2123 973 ex
2180 932 2241 970 ea
2278 917 2624 971 exstiterunt.
2655 915 2791 970 Cum
2818 925 2996 967 autem
3028 914 3159 967 dicit
3202 928 3322 968 esse
3376 913 3514 966 ﬁlios

1936 1009 2323 1073 fornicationis,
2352 1006 2637 1061 manifeste
2697 1004 3343 1071 ostendit,fornicatinnis
3393 1019 3513 1074 qua:

1937 1102 2287 1173 intelligentia
2318 1099 2616 1170 percipitur
2641 1097 2869 1153 crimine
2903 1098 3071 1151 teneri
3101 1111 3117 1150 :
3145 1108 3198 1152 et
3232 1099 3332 1151 hoc
3377 1113 3511 1166 qua-

1938 1196 1982 1250 si
2020 1197 2087 1249 ab
2117 1193 2247 1263 ipsis
2277 1191 2458 1247 fasciis
2488 1200 2542 1245 et
2575 1200 2729 1244 utero
2782 1189 2929 1257 impii
2985 1187 3206 1253 fuerint,
3264 1204 3364 1243 nec
3414 1205 3513 1242 un-

1938 1300 2098 1355 quam
2138 1297 2299 1352 opera
2346 1281 2559 1350 pietatis
2591 1281 2888 1348 attigerint,
2959 1279 3271 1348 nullamque
3326 1278 3511 1334 virtuti

1938 1391 2152 1445 operam
2189 1375 2433 1429 dederint
2462 1413 2478 1438 ,
2513 1387 2611 1428 nec
2668 1373 2809 1426 viam
2835 1372 2943 1425 Deo
2979 1371 3282 1440 placentem
3336 1371 3511 1439 magni

1939 1467 2187 1523 fecerint.
2215 1467 2360 1521 Idem
2384 1465 2634 1520 Psaltes:
2677 1482 2696 1516 ι
2734 1464 2965 1518 Alienati
3012 1474 3139 1519 sunt
3202 1473 3513 1533 peccatores

1941 1574 1970 1613 a
1994 1559 2172 1624 vulva,
2208 1566 2529 1614 erraverunt
2554 1559 2622 1611 ab
2653 1566 2829 1620 utero,
2857 1556 3014 1610 locuti
3046 1565 3173 1609 sunt
3228 1556 3356 1609 falsa
3385 1556 3449 1621 ⁸⁸,
3488 1574 3507 1607 ι
3574 1596 3589 1607 ,

1942 1666 2062 1706 cum
2092 1660 2280 1705 contra
2306 1650 2525 1720 quilibet
2546 1650 2664 1720 pius
2691 1648 3255 1716 etoperibusjustitite
3281 1650 3514 1704 innutri-

1947 1752 2029 1796 tus
2049 1742 2355 1797 exclamare
2379 1743 2442 1795 ad
2461 1742 2629 1796 Deum
2654 1741 2922 1796 luculente
2952 1743 3151 1812 possit:
3182 1761 3200 1794 ι
3238 1743 3290 1796 ln
3321 1752 3371 1797 te
3390 1758 3515 1811 pro-

250 1833 508 1905 γαστρὸς,
540 1834 806 1904 ἐλάλησαν
825 1833 992 1905 ψευδῆ
1020 1851 1034 1864 ⁸
1063 1855 1083 1888 ι
1114 1834 1295 1889 καίτοι
1322 1834 1523 1898 παντὸς
1546 1833 1822 1900 εὐσεϐοῦς,

1949 1841 2099 1886 ectus
2120 1847 2238 1885 sum
2265 1846 2330 1885 ex
2365 1840 2553 1899 utero;
2582 1835 2647 1886 de
2662 1840 2847 1886 ventre
2860 1832 3193 1886 matrismeze
3210 1833 3515 1888 Deusmeus

254 1926 351 1981 καὶ
411 1928 525 1989 τοῖς
578 1926 680 1995 τῆς
733 1924 1080 1997 δικαιοσύνης
1124 1926 1305 1997 ἔργοις
1365 1926 1823 1999 ἐντεθραμμένου,

249 2017 517 2090 λαμπρῶς
544 2018 843 2086 ἀναφωνεῖν
878 2018 1174 2089 δυναμένου
1206 2018 1342 2089 πρὸς
1368 2018 1522 2083 Θεὸν,
1546 2036 1565 2069 ι
1608 2017 1732 2071 Ἐπὶ
1778 2017 1839 2070 σὲ

257 2110 565 2181 ἐπερρίφην
610 2109 675 2162 ἐκ
725 2110 971 2180 μήτραςο
1028 2110 1138 2163 ἀπὸ
1186 2109 1427 2179 γαστρὸς
1480 2108 1688 2180 μητρός
1732 2125 1834 2179 μου

255 2200 391 2264 Θεός
447 2218 550 2271 μου
591 2195 643 2252 εἷ
697 2200 782 2253 σύ.
811 2220 829 2252 ι
884 2201 1096 2271 Ὠσπερ
1145 2201 1201 2254 δὲ
1228 2200 1336 2253 εἰσὶ
1368 2200 1562 2268 φωτὸς,
1598 2199 1694 2252 καὶ
1728 2199 1834 2251 υἱοὶ

247 2292 464 2363 ¹ήμέρας
491 2292 677 2344 νοοῖντ“
706 2292 772 2345 ἂν
800 2292 1044 2356 εἰκότως,
1074 2293 1124 2345 οί
1152 2292 1227 2356 ὡς
1256 2294 1315 2345 ἐν
1344 2291 1483 2360 φωτὶ
1534 2290 1627 2344 καὶ
1655 2289 1837 2361 ήμέρᾳ

251 2382 661 2453 πολιτευόμενοι
694 2383 964 2455 λαμπρῶς
1014 2402 1073 2437 τε
1120 2385 1213 2437 καὶ
1252 2384 1637 2455 εὐσχημόνως·
1692 2382 1835 2435 οὐτω

249 2475 357 2530 κάν
402 2477 451 2527 εί
488 2474 732 2544 λέγοιντο
780 2476 1036 2547 πορνείας
1082 2476 1249 2529 τέκνα
1288 2475 1453 2541 τινὲς,
1488 2474 1612 2537 τούς
1658 2474 1733 2537 ὡς
1775 2474 1834 2526 ἐν

249 2569 507 2639 πορνείῳ,
536 2568 631 2621 καὶ⁸
649 2570 717 2639 τῇ
746 2568 867 2621 λίαν
891 2568 1249 2639 ἐκτοπωτάτῃ
1273 2566 1384 2639 ζωῇ
1403 2567 1621 2636 νοήσεις
1648 2565 1833 2629 πάλιν,

248 2660 347 2724 οὓς
374 2660 772 2731 κατοικτείρειν
818 2660 921 2713 οὐκ
970 2659 1133 2725 ἀξιοῖ,
1173 2679 1192 2711 ‹
1220 2659 1355 2713 διότι
1398 2657 1766 2728 πεπόρνευκεν
1800 2657 1835 2725 ἡ

250 2752 438 2823 μήτηρ
465 2749 668 2815 αὐτῶν,
697 2750 1041 2823 κατῄσχυνεν
1094 2752 1129 2821 ἡ
1175 2748 1415 2804 τεκοῦσα
1441 2748 1601 2802 αὐτά.
1626 2765 1646 2799 ι
1700 2748 1844 2801 Κατ-

247 2843 451 2915 ῄσχυνε
474 2843 533 2895 δέ
556 2841 753 2915 ἑαυτὴν
778 2844 1043 2914 δηλονότι,
1067 2842 1164 2896 καὶ
1187 2842 1257 2895 τὰ
1278 2840 1338 2906 ἐξ
1366 2838 1538 2909 αὐτῆς
1559 2836 1841 2907 ἀναφύντα

1934 1938 1993 1977 es
2032 1932 2087 1977 tu
2110 1924 2206 1977 ⁸³.)
2229 1923 2685 1989 Quemadmodum
2701 1924 2791 1977 ﬁlii
2819 1924 3039 1990 lucis,et
3072 1924 3162 1977 ﬁlii
3184 1925 3288 1979 diei
3322 1926 3515 1981 merito

1943 2024 2145 2083 queant
2170 2014 2416 2085 intelligi,
2445 2015 2536 2084 qni
2567 2025 2625 2069 ut
2655 2017 2706 2070 in
2756 2017 2876 2071 luce
2921 2026 2976 2070 et
3029 2016 3115 2071 die
3158 2018 3415 2086 praeclare
3461 2028 3517 2073 et

1939 2103 2164 2160 honeste
2206 2106 2367 2159 vitam
2397 2106 2636 2176 degunt;
2674 2108 2745 2160 ita
2770 2110 2933 2161 etiam
2970 2109 3014 2162 si
3067 2110 3159 2179 qui
3196 2109 3289 2163 lilii
3340 2110 3514 2164 forni-

1942 2196 2172 2251 cationis
2215 2197 2483 2263 dicantur,
2541 2197 2807 2266 intelliges
2856 2199 3093 2254 vicissim
3151 2208 3404 2269 tanquam
3459 2201 3513 2255 in

1940 2285 2208 2357 lupanari,
2240 2299 2295 2343 et
2324 2288 2376 2342 in
2424 2304 2623 2357 genere
2668 2292 2793 2345 vita:
2859 2292 3170 2360 turpissimo
3213 2303 3515 2359 versantes,

1941 2394 2078 2447 quos
2134 2380 2503 2435 misericordia
2538 2397 2643 2435 non
2692 2382 2962 2450 dignatur,
3022 2384 3192 2452 «quia
3252 2383 3515 2437 fornicata

1940 2478 2024 2523 est
2053 2478 2227 2523 mater
2273 2485 2500 2535 eorum;
2550 2472 2755 2541 pudore
2795 2472 2973 2527 aﬂ‘ecit
3006 2487 3099 2527 eos
3137 2488 3256 2543 quae
3307 2478 3519 2544 peperit

1942 2575 2054 2615 eos.
2093 2579 2112 2611 ι
2151 2560 2430 2617 l‘udefecit
2458 2572 2635 2617 autem
2674 2564 2905 2633 seipsam
2945 2566 3213 2631 videlicet,
3268 2577 3323 2621 et
3378 2568 3520 2623 ﬁlios

1942 2667 2007 2708 ex
2038 2668 2098 2709 se
2122 2664 2298 2710 natos.
2332 2655 2485 2709 Sicut
2523 2656 2665 2710 enim
2692 2656 2838 2723 justo
2864 2672 2960 2712 sua
3003 2660 3176 2712 virtus
3229 2659 3409 2714 decori
3463 2671 3520 2715 et

1941 2756 2280 2811 ornamento,
2320 2747 2391 2800 ita
2416 2747 2587 2802 cuivis
2610 2746 2876 2803 scelerato
2898 2764 2997 2804 sua
3031 2750 3234 2804 scelera
3266 2750 3517 2804 dedecori

1944 2851 2007 2891 ac
2039 2838 2230 2907 pudori
2282 2849 2429 2893 sunt.

248 2936 438 2991 τέκνα.
473 2937 684 3007 Ὠσπερ
710 2936 819 3007 γάρ
847 2938 994 2991 ἐστιν
1023 2936 1081 2989 ἐν
1106 2935 1386 3006 αὐχήμασι
1404 2933 1517 2996 τοῖς
1570 2932 1651 2993 εἰς
1707 2929 1907 3001 ἀρετήν
1943 2931 1973 2983 ό
2018 2930 2257 2994 δίκαιοςο
2324 2930 2497 2994 οὓτως
2546 2933 2605 2985 ἐν
2652 2931 2902 3005 αἰσχύνῃ,
2963 2933 3057 2987 καὶ
3110 2935 3344 3007 ἐντροπῇ
3412 2931 3523 2986 πᾶῖ

244 3028 316 3081 δυ
326 3028 537 3100 σσεϐής.

319 3116 466 3173 Ebur
520 3118 652 3188 γὰρ,
708 3118 1085 3187 Πορεύσομαι
1144 3114 1339 3168 ὀπίσω
1400 3112 1521 3170 τῶν
1570 3108 1838 3180 ἐραστῶν

2013 3109 2123 3180 36
2150 3106 2314 3162 Vens.
2338 3108 2391 3163 5.
2428 3107 2582 3162 Dixit
2642 3111 2821 3165 enim:
2868 3110 3067 3166 Vadam
3129 3115 3199 3167 ad
3256 3128 3518 3173 amatores

249 3227 394 3280 μου,
420 3207 542 3262 τῶν
564 3208 854 3263 διδόντων
883 3226 985 3279 μοι
1022 3207 1165 3274 τοὺς
1207 3207 1427 3275 ἄρτους
1464 3222 1604 3273 μου,
1636 3202 1735 3256 καὶ
1774 3202 1844 3255 τὸ

249 3299 413 3369 ὕδωρ
427 3318 567 3368 μου,
605 3300 705 3353 καὶ
747 3300 819 3354 τὰ
845 3299 1048 3369 ἱμάτιά
1079 3317 1220 3369 μου,
1252 3299 1353 3351 καὶ
1378 3298 1453 3351 τὰ
1474 3295 1680 3350 ὀθόνιά
1702 3312 1842 3365 μου,

250 3392 352 3446 καὶ
381 3392 447 3444 τὸ
476 3391 686 3444 ἔλαιόν
708 3407 848 3460 μου,
879 3389 979 3443 καὶ
1010 3388 1209 3443 πάντα
1231 3387 1348 3441 ὅσα
1370 3405 1472 3457 μοι
1502 3386 1771 3452 καθήκει.

325 3483 424 3536 IA'.
477 3480 745 3551 Ἐραστάς
774 3481 945 3550 αὐτῆς
968 3478 1106 3534 εἶναί
1159 3496 1294 3549 φησι
1329 3479 1456 3544 τοὺς
1499 3477 1844 3549 ἀκαθάρτους

250 3572 536 3643 δαίμονας,
568 3572 697 3644 περὶ
723 3571 818 3636 οὓς
848 3572 1057 3640 λέγοιτο
1103 3571 1133 3623 ό
1180 3572 1283 3642 τῆς
1317 3571 1574 3641 πορνείας
1608 3570 1849 3623 πεποιεῖ-

254 3663 384 3716 σθαι
412 3663 633 3735 τρόπος.
681 3663 757 3716 Τὸ
780 3662 891 3734 γὰρ
918 3664 1040 3726 ταῖς
1064 3662 1289 3716 ἐκείνων
1317 3661 1549 3715 ἕπεσθαι
1577 3660 1843 3730 γνώμαις,

252 3755 353 3807 καὶ
384 3752 453 3806 τά
473 3753 657 3816 αὐτοῖς
683 3752 947 3806 δοκοῦντα
996 3751 1258 3823 πληροῦν,
1296 3750 1474 3815 τοῦτο,
1511 3746 1695 3820 οἶμαι,
1723 3750 1818 3801 ἐστ

252 3843 319 3896 τὸ
338 3844 680 3911 ἀσελγαίνειν
708 3845 1029 3915 ἁμαρτίαις,
1060 3844 1156 3897 καὶ
1180 3842 1420 3896 διαϐιοῦν
1454 3842 1717 3912 αἰσχρῶς,
1752 3840 1846 3893 καὶ

252 3936 356 4005 τῆς
386 3936 625 4005 ἐσχάτης
669 3935 1002 4004 φαυλότητος
1035 3932 1533 4005 ἀναπίμπλασθαι,
1586 3933 1747 4002 μόνον
1789 3932 1844 3985 δὲ

254 4026 382 4096 οὐχὶ
428 4026 526 4079 καὶ⁹
581 4029 640 4079 ἐν
699 4026 885 4080 ὠδῖσιν
926 4026 1071 4097 ἔχειν
1122 4028 1231 4079 πᾶν
1287 4022 1428 4089 εἶδος
1476 4023 1841 4094 ἀκαθαρσίας.

255 4116 472 4190 Ὠσπερ
500 4120 609 4190 γὰρ
635 4120 683 4171 οἱ
712 4120 803 4173 τὸν
836 4119 977 4172 Θεῖον
1010 4118 1291 4181 ὠδίνοντες
1317 4118 1500 4186 φόϐον,
1537 4116 1843 4186 ἀνακεκράο

257 4226 390 4279 γασι
437 4211 574 4283 πρὸς
622 4211 776 4278 Θεὸν,
823 4211 963 4265 «Διά
1022 4210 1114 4263 τὸν
1158 4211 1321 4280 φόϐον
1366 4227 1480 4273 σου,
1534 4208 1726 4279 Κύριε,
1786 4208 1844 4260 ἐν

256 4305 460 4374 γαστρὶ
487 4304 773 4377 ἐλάϐομεν,
830 4307 926 4373 καὶ
981 4306 1342 4376 ὠδινήσαμεν,
1411 4305 1506 4358 καὶ
1561 4304 1840 4372 ἐτέκομεν,

256 4394 482 4463 πνεῦμα
508 4398 779 4467 σωτηρίου
814 4414 906 4450 σου
935 4398 1249 4467 ἐκυήσαμεν
1276 4396 1370 4449 ἐπὶ
1398 4398 1497 4466 τῆς
1525 4396 1645 4465 γῆς·
1663 4413 1680 4444 ›
1704 4393 1845 4447 οὕτω

1946 3202 2221 3269 πισοί,ᾳυὶ
2254 3200 2382 3254 dant
2426 3202 2555 3254 mihi
2584 3217 2743 3269 panes
2804 3220 2965 3271 meos,
3001 3216 3047 3258 et
3086 3224 3279 3278 aquam
3327 3228 3518 3275 meum,

1944 3303 1991 3347 et
2022 3294 2325 3347 vestimenta
2347 3305 2548 3361 mea,et
2580 3294 2738 3348 lintea
2767 3313 2901 3360 mea,
2950 3308 2995 3352 et
3028 3299 3197 3353 oleum
3219 3317 3409 3366 meum,
3471 3314 3519 3358 et

1945 3386 2123 3437 omnia
2149 3399 2471 3453 quaecunque
2504 3385 2633 3439 mihi
2658 3388 2996 3441 conveniunt.

2016 3472 2156 3528 XIV.
2184 3476 2472 3528 Amatores
2500 3474 2632 3543 ejus.
2656 3476 2731 3531 ait
2757 3492 2878 3531 esse
2935 3478 3172 3543 impuros
3226 3482 3519 3544 daemonas.

1944 3581 2065 3621 cum
2090 3566 2289 3636 quibus
2342 3566 2631 3621 fornicatio
2672 3566 3067 3635 quodammodo
3105 3572 3391 3625 commissa
3416 3575 3520 3628 dici

1945 3669 2143 3729 potest.
2174 3659 2386 3713 Illorum
2420 3659 2566 3714 enim
2594 3660 2745 3728 sequi
2776 3660 3128 3725 voluntatem,
3168 3671 3360 3731 etqua:
3392 3664 3522 3732 ipsis

1945 3754 2160 3822 placent
2190 3763 2524 3822 perpetrare,
2562 3753 2665 3808 hoc
2694 3762 2798 3818 est,
2835 3764 2894 3808 ut
2923 3755 3193 3819 existimo,
3218 3759 3522 3824 protervius

1945 3844 2195 3899 lascivire
2222 3843 2273 3896 in
2297 3844 2555 3913 peccatis,
2586 3852 2640 3898 et
2670 3845 2901 3914 turpiter
2921 3846 3123 3910 vivere,
3161 3857 3215 3900 et
3244 3862 3301 3903 se
3340 3860 3524 3905 extre-

1946 3950 2031 3988 ma
2064 3934 2302 4004 nequitia
2341 3934 2694 4004 ingurgitare,
2731 3944 2786 3989 et
2814 3944 3019 3990 tantum
3050 3952 3152 3990 non
3176 3938 3337 3992 etiam
3361 3956 3525 3996 omne

1944 4041 2114 4096 genus
2137 4026 2492 4080 immunditim
2520 4027 2811 4096 parturire.
2845 4027 3305 4093 Quemadmodum
3371 4033 3517 4085 enim

1944 4118 2036 4187 qui
2070 4118 2318 4173 timorem
2349 4118 2587 4173 divinum
2619 4118 2942 4186 parturiunt,
2964 4117 3200 4173 clamant
3235 4124 3300 4175 ad
3332 4123 3521 4178 Deum:

1951 4229 1969 4261 ι
2003 4209 2230 4281 Propter
2264 4210 2508 4265 timorem
2532 4218 2705 4275 tuum,
2738 4209 2983 4275 Domine,
3019 4211 3070 4264 in
3101 4220 3260 4267 utero
3313 4217 3524 4285 accepi-

1947 4319 2087 4370 mus,
2120 4313 2174 4358 et
2195 4304 2600 4372 parturivimus,
2624 4312 2678 4357 et
2701 4304 3009 4373 peperimus
3028 4348 3042 4372 ,
3062 4308 3311 4376 spiritum
3334 4308 3523 4363 salutis

1949 4402 2053 4445 tum
2070 4391 2377 4460 peperimus
2392 4406 2553 4461 super
2583 4401 2781 4446 terram
2812 4396 2888 4459 ²⁰;
2928 4412 2945 4445 ι
2982 4397 3052 4449 ita
3100 4398 3191 4465 qui
3220 4397 3520 4454 daemonum

258 4485 358 4538 καὶ
375 4488 494 4548 ταῖς
521 4486 631 4540 τῶν
658 4487 928 4557 δαιμόνων
988 4487 1307 4558 ἐπιθυμίαις
1336 4485 1555 4549 ἀνέντες
1596 4485 1685 4538 τὸν
1722 4484 1838 4538 νοῦν

1950 4484 2334 4550 cupiditatibus
2358 4485 2577 4549 cedunt,
2612 4484 2755 4540 illico
2803 4495 3035 4540 mentem
3071 4489 3216 4543 omni
3250 4491 3524 4560 impietate

259 4578 483 4648 ἀπάσης
522 4578 687 4643 εὐθὺς
715 4580 969 4645 ἀσεϐείας
1023 4579 1316 4650 ἐπίμεστον
1365 4578 1602 4649 ἔχουσιν,
1647 4579 1696 4629 οἱ
1734 4576 1841 4628 τῶν

260 4669 424 4723 θείων
488 4670 893 4739 ἀποφοιτῶντες
964 4673 1170 4743 νόμων,
1228 4671 1450 4743 ἀπάσης
1507 4669 1843 4739 φαυλότητος

259 4761 631 4831 ἐπιτηδευταί.
674 4764 933 4833 Ἐρασταὶ
962 4764 1027 4835 δὴ
1043 4759 1136 4817 οὖν
1167 4764 1396 4835 πονηροί
1423 4780 1483 4815 τε
1532 4763 1628 4817 καὶ
1656 4762 1841 4832 ἀλιτή-

262 4868 373 4921 ριοι
400 4851 509 4905 τῶν
543 4855 624 4916 είς
669 4854 923 4908 ἀσέϐειαν
957 4856 1398 4909 ἀπονενευκότων
1440 4855 1490 4908 οἱ
1539 4854 1844 4908 ἀποστάται

258 4942 538 5011 δαίμονες,
591 4940 674 5009 οἷς
702 4947 755 4999 ετ
787 4964 872 5009 τις
903 4946 1080 5000 ἐλοιτο
1132 4946 1421 5018 προσέχειν
1456 4946 1621 5009 θεοῖς,
1655 4946 1846 4998 δυσσε-

260 5034 423 5104 ϐήσει
450 5035 659 5099 δεινῶς.
704 5038 1013 5109 ’Δνατίθησι
1050 5040 1160 5111 γὰρ
1198 5040 1382 5103 αὐτοῖς
1410 5038 1504 5091 καὶ
1528 5031 1602 5091 ῶν
1640 5037 1705 5091 ἂν
1732 5037 1843 5106 ἔχοι

259 5123 360 5193 τὴν
386 5122 581 5195 χάριν,
625 5128 719 5180 καὶ
741 5131 863 5192 ταῖς
892 5130 1190 5200 εὐφημίαις
1226 5128 1617 5199 καταγεραίρει
1643 5127 1843 5180 πολλά-

261 5232 371 5277 κις,
422 5217 518 5269 καὶ
560 5219 824 5290 ἀναφέρει
854 5222 923 5274 τά
970 5224 1322 5292 χαριστήρια,
1351 5220 1486 5273 Θεὸν
1516 5219 1609 5272 τὸν
1632 5219 1727 5272 ἐνα
1756 5219 1851 5271 καλ¹

261 5304 427 5373 φύσει
474 5309 900 5376 καταλελοιπὼς,
956 5311 1049 5365 τὸν
1098 5311 1437 5384 χορηγοῦντα
1483 5310 1551 5364 τά
1602 5310 1850 5382 ζωαρκῆ,

262 5395 356 5447 τὸν
396 5392 488 5451 οἷά
523 5416 668 5452 τισιν
696 5402 972 5473 ἐσθήμασι
1019 5402 1497 5474 καταμφιεννύντα
1534 5406 1601 5474 τῇ
1645 5402 1852 5474 χάριτι,

262 5486 362 5538 καὶ
388 5492 507 5553 ταῖς
532 5491 740 5545 ἀνωθεν
805 5496 1142 5568 ἐπικουρίαις
1197 5497 1291 5551 καὶ
1342 5495 1467 5550 νοῦν
1496 5496 1591 5550 καὶ
1630 5495 1854 5565 καρδίαν

262 5586 728 5654 κατασκιάζοντα,
777 5590 870 5643 τὸν
906 5585 995 5646 οἷά
1038 5609 1144 5663 περ
1186 5591 1352 5663 ἐλαίῳ
1403 5591 1851 5656 καταπιαίνοντα,

1950 4574 2205 4630 refertam
2239 4576 2461 4641 habent,
2489 4587 2545 4631 et
2579 4592 2609 4629 a
2664 4578 2862 4631 divinis
2912 4579 3119 4650 legibus
3158 4582 3521 4653 discedentes,

1948 4668 2291 4737 omnigcnam
2324 4668 2723 4736 improbitatem
2751 4680 3151 4726 consectantur.
3183 4673 3381 4729 Eorum
3426 4677 3525 4746 igia

1952 4771 2057 4827 tur,
2109 4760 2199 4828 qui
2239 4760 2305 4814 ad
2350 4762 2677 4829 impietatem
2737 4762 3095 4827 deﬁexerunt,
3157 4768 3395 4835 perversi
3458 4784 3523 4824 ac

1952 4852 2264 4921 pestilentes
2298 4865 2565 4908 amatores
2596 4862 2723 4908 sunt
2751 4856 3024 4913 daemones
3080 4870 3338 4927 apostata:
3363 4876 3378 4924 ;
3406 4862 3526 4930 qui-

1950 4945 2051 5000 bus
2090 4945 2136 4999 si
2172 4945 2292 5013 quis
2314 4954 2567 5015 tanquam
2592 4947 2695 5000 diis
2726 4948 3031 5004 auscultare
3079 4951 3330 5016 voluerit,
3392 4953 3525 5007 insi—

1951 5037 2126 5107 gniter
2158 5037 2355 5105 impius
2395 5039 2605 5095 evadet.
2636 5039 2744 5094 Illis
2782 5041 2925 5095 enim
2960 5054 3180 5112 accepta
3220 5045 3525 5115 refertqna‘.

1952 5128 2150 5195 liabet,
2207 5138 2264 5182 et
2314 5127 2624 5199 frequenter
2674 5146 2768 5187 eos
2807 5135 3052 5189 laudibus
3074 5146 3365 5190 veneratur
3398 5177 3413 5200 ,
3473 5147 3527 5190 et

1949 5220 2148 5275 oblatis
2172 5222 2487 5276 muneribus
2507 5224 2712 5291 gratias
2731 5225 2862 5294 agit,
2892 5225 3077 5279 relicto
3108 5242 3212 5280 uno
3243 5236 3299 5280 et
3323 5236 3514 5280 natura

1952 5312 2211 5381 Deozqui
2238 5313 2361 5366 vitae
2381 5314 2746 5369 sustentanda:
2784 5317 2922 5384 quod
2978 5316 3210 5371 sufficiat
3262 5317 3522 5388 largitur,

1953 5406 2043 5473 qui
2104 5421 2203 5461 nos
2253 5406 2532 5463 beneﬁciis
2591 5409 2755 5464 veluti
2815 5413 3100 5476 convestit,
3171 5422 3226 5467 et
3280 5416 3529 5483 supernis

1952 5494 2169 5550 auxiliis
2198 5506 2252 5549 et
2282 5510 2516 5553 mentem
2538 5510 2591 5553 et
2613 5516 2710 5556 cor
2744 5502 3035 5555 obumbrat
3060 5544 3075 5569 ,
3106 5504 3195 5574 qui
3235 5505 3380 5559 velut
3406 5506 3525 5559 oleo

1953 5586 2333 5657 pinguedinem
2386 5594 2674 5660 conciliat,
2740 5601 2793 5647 ct
2815 5607 2955 5661 pane
2982 5593 3073 5665 qui
3094 5595 3523 5665 subiutelligeu-

343 5764 363 5793 ⁷
392 5764 586 5822 Ezecli.
620 5782 776 5835 xvut,
812 5768 902 5825 20.
984 5770 1028 5803 “
1055 5768 1196 5827 Psal.
1235 5785 1366 5836 t.vn,
1404 5769 1460 5835 4,
1538 5772 1579 5803 ¹⁹
1612 5768 1753 5826 Psal.
1802 5782 1917 5829 ut,
1954 5764 2037 5819 ll.
2116 5765 2161 5797 '°
2187 5763 2289 5820 lsa.
2325 5780 2469 5831 xxvi,
2507 5765 2593 5834 l7,
2627 5767 2708 5822 18.
